4032 6490
1681 493 1872 504 ,α’-οη..

1885 493 2232 504 ’Μ

1681 493 2232 504 αῂ-’Μ

237 487 3502 559 W

1507 663 1678 707 ANNO
1721 660 1955 707 DOMINI
2003 662 2219 706 DCCCL.

1110 833 1750 996 EBBO
1880 929 2058 998 m.
2182 825 2665 990 EBO

1466 1097 1861 1160 BHEMENSIS
1897 1097 2295 1158 EPISCOPUS.

962 1339 1413 1423 NOTITIA
1490 1340 2047 1421 HISTORICA
2123 1340 2232 1420 IN
2312 1335 2823 1418 EBBONEM.

1459 1498 1760 1561 (Flodoard.,
1785 1499 1911 1550 Hist.
1935 1497 2068 1551 Eccl.
2089 1496 2298 1561 Bhem.)

1680 1629 2084 1645 ὴ

313 1693 561 1754 Vulfario
587 1691 850 1748 successit
893 1689 1022 1758 Ero,
1069 1688 1153 1744 vir
1179 1689 1477 1745 industrius
1519 1696 1575 1745 et
1603 1688 1836 1746 liberali-
1859 1697 1914 1756 Α
1940 1708 2040 1747 suo
2094 1689 2377 1760 restitutus
2423 1694 2508 1760 est
2561 1685 2617 1742 in
2668 1701 2894 1760 regnum
2941 1694 2998 1744 et
3036 1688 3298 1746 honorem
3347 1706 3528 1757 suum,

245 1769 346 1824 bus
377 1763 678 1834 disciplinis
718 1762 1002 1834 eruditus,
1039 1761 1218 1834 patria
1261 1760 1722 1834 Transrheneusis
1767 1777 1832 1834 ac

242 1829 624 1898 Germanicus,
678 1829 1055 1903 imperatoris,
1091 1840 1151 1886 ut
1180 1829 1371 1903 fertur,
1414 1830 1672 1903 Ludovici
1719 1833 1831 1888 col-

243 1910 544 1970 lactaneus,
587 1911 642 1960 et
671 1901 1162 1968 conscholasticus,
1194 1901 1286 1972 qui
1318 1901 1505 1956 multis
1532 1901 1833 1957 Ecclesiam

243 1978 458 2034 curavit
486 1975 756 2030 instruere
784 1972 1105 2038 commodis,
1134 1980 1190 2028 et
1214 1972 1482 2041 praecipue
1509 1972 1832 2039 artificibus,

242 2049 444 2120 quibus
471 2045 828 2120 undecunque
865 2042 1291 2120 coliectissedcs
1327 2042 1493 2108 dedit,
1524 2043 1832 2120 et_beneti—

243 2111 350 2173 éiis
378 2116 703 2170 muneravit.
742 2111 1011 2182 Mancipia
1047 2113 1134 2168 vel
1169 2112 1391 2167 colonos
1440 2111 1704 2182 quosdam
1735 2114 1836 2168 Ec-

243 2187 432 2244 clesia:
483 2186 792 2240 desertores
865 2191 974 2236 tam
1028 2198 1126 2253 per
1168 2183 1428 2254 seipsum
1459 2221 1474 2246 ,
1522 2198 1685 2254 quam
1741 2198 1839 2254 per

244 2256 595 2340 Βεάειιριιξιηι
637 2251 1128 2340 νίοεξάρπηίηιεωῖρι
1167 2251 1838 2340 εεειθξξξεξθξίῖρεξιξείῐιιν

247 2327 392 2399 apud
424 2321 636 2399 iudices
673 2324 941 2399 publicos
962 2323 1171 2399 legibus
1195 2322 1532 2399 evinﬁdicatos
1569 2329 1624 2376 et
1640 2321 1842 2376 obten-

247 2390 335 2454 tos
360 2439 375 2463 ,
415 2390 784 2452 ecclesiastico
832 2392 943 2463 juri
997 2390 1254 2448 restituit.
1299 2390 1574 2463 Quasdam
1623 2406 1840 2461 quoque

247 2484 341 2524 res
363 2461 642 2530 Ecclesiae,
675 2461 846 2535 atque
869 2464 1162 2532 mancipia,
1192 2478 1316 2519 cum
1344 2461 1615 2535 aliquibus
1651 2475 1842 2535 perso-

247 2539 337 2594 nis
382 2532 770 2609 prodpartium‘
800 2535 1181 2609 commoditate
1222 2532 1596 2609 commutavit.
1646 2532 1754 2586 Sed
1785 2541 1842 2585 et

171 2624 174 2628 '
251 2603 558 2678 imperialia
595 2621 758 2678 super
794 2604 998 2661 eisdem
1027 2603 1840 2678 commutationibusuprtecepta

251 2671 503 2735 obtinuit.
535 2677 618 2733 Ab
650 2671 975 2746 imperatore
1001 2690 1217 2746 quoque
1240 2673 1514 2746 Ludovico
1542 2671 1752 2726 litteras
1773 2672 1843 2725 ad

252 2749 550 2804 Robertum
612 2744 876 2804 Comitem
943 2744 1042 2804 pro
1106 2744 1602 2801 ecclesiasticarum
1659 2757 1842 2796 rerum

253 2762 550 2804 uouertum
612 2762 876 2804 Comitem
983 2762 1042 2801 ro
1106 2762 1602 2801 eccresrasucarum
1659 2762 1842 2796 rerum

250 2818 569 2893 defensione
590 2858 608 2884 ,
650 2762 1058 2893 quaequigam
1109 2815 1410 2893 pervadere
1427 2812 1842 2893 “moliebantur,

253 2882 600 2963 impetravit.
640 2882 893 2945 Colonias
925 2901 1055 2963 vero
1093 2882 1382 2963 nonnullas
1427 2882 1702 2947 Ecclesiae,
1755 2882 1847 2963 de-

251 2957 470 3030 scriptis
502 2974 600 3029 per
634 2968 888 3015 strenuos
918 2958 1064 3014 viros
1090 2957 1297 3013 colonis
1335 2969 1635 3025 eorumque
1675 2957 1846 3008 servi-

251 3029 381 3094 tiis;
393 3029 683 3086 ordinavit.

326 3099 497 3172 Hujus
521 3100 791 3172 praesulis!
811 3099 1030 3172 hortatu
1055 3097 1404 3172 Halitgarius,
1433 3095 1845 3153 Cameracensis

253 3168 560 3250 episcopus,
585 3187 705 3250 ,δᾳ
730 3170 967 3250 _l_ibellos_
985 3171 1052 3226 de
1076 3168 1350 3250 remediis
1382 3177 1750 3250 peccatorum,
1791 3175 1847 3223 et

255 3239 456 3298 ordine
473 3242 557 3296 vel
577 3239 797 3310 judiciis
822 3241 1157 3312 poenitentiae
1182 3239 1528 3312 conscripsit.

329 3309 791 3394 Hic‘iﬂbo’prazsul
822 3309 1020 3394 papam
1047 3309 1382 3382 Stephanum
1411 3309 1535 3365 eum
1567 3309 1845 3366 Ludovico

257 3395 385 3453 rege
411 3383 636 3438 Rbemis
663 3383 919 3452 suscepit.

330 3450 461 3534 orta
486 3453 717 3536 denique
731 3450 1016 3536 siniultate
1046 3452 1188 3507 inter
1205 3459 1416 3536 patrem
1444 3459 1500 3534 et
1527 3450 1846 3536 ﬁliumLLu-

256 3521 512 3578 dovicum
537 3521 747 3580 scilicet
769 3525 1150 3592 imperatorem
1174 3521 1229 3576 et
1252 3521 1850 3592 Lotharium,partibus

254 3592 357 3648 ﬁlii
387 3591 542 3662 favit,
566 3601 621 3647 et
651 3609 774 3647 cum
801 3591 1013 3646 caeteris
1042 3592 1308 3662 episcopis
1329 3591 1853 3662 corripuit’impera-

257 3671 438 3717 torem
463 3661 799 3715 Ludovicum
824 3675 924 3728 pro
961 3661 1280 3728 quibusdam
1311 3663 1506 3714 erratis
1536 3675 1656 3727 qua:
1682 3661 1731 3713 ei
1759 3661 1854 3713 ob-

249 3730 587 3802 jiciebantur
610 3771 626 3796 ,
656 3728 873 3802 quando
907 3729 1002 3785 lilii
1041 3728 1124 3784 sui
1153 3729 1682 3802 comprehenderunt
1705 3743 1852 3802 eum,

255 3796 318 3857 et
343 3799 636 3857 Lotharius
663 3796 888 3856 adduxit
915 3814 1099 3856 secum
1128 3796 1339 3868 patrem
1365 3798 1434 3852 ad
1462 3796 1853 3868 Compendium

255 3870 544 3943 palatium,
579 3871 672 3943 ubi
702 3886 824 3943 eum
859 3868 1047 3943 afﬂixit
1074 3867 1199 3943 cum
1236 3868 1502 3943 episcopis
1546 3876 1600 3923 et
1641 3867 1856 3922 exteris

252 3938 536 3998 ironnullis
564 3940 915 4012 primatibus,
948 3939 1042 4012 qui
1067 3938 1348 4012 jusserunt
1374 3945 1437 4012 ut
1481 3938 1534 3992 in
1580 3944 1858 4012 monaste:

259 4011 404 4068 rium
422 4005 632 4075 iretfet
664 4020 810 4068 esset
831 4011 905 4067 ibi
932 4005 1143 4067 cunctis
1171 4009 1363 4064 diebus
1388 4008 1514 4064 vitae
1536 4024 1668 4063 suae.
1698 4005 1855 4074 Quod

261 4082 352 4138 ille
384 4083 649 4149 renuens',
693 4097 800 4138 non
839 4081 1114 4138 consensit
1143 4079 1404 4135 voluntati
1443 4094 1654 4149 eorum.
1701 4076 1856 4133 Tunc

261 4168 455 4210 omnes
485 4148 720 4225 episcOpi
759 4153 852 4222 qui
902 4148 1394 4225 aderant__molesti
1441 4149 1492 4206 ei
1529 4148 1696 4225 fuisse
1727 4163 1857 4225 nar-

262 4231 486 4295 rantur,
515 4219 572 4295 et
608 4219 1042 4295 iniproperantes
1091 4220 1166 4276 illi
1203 4228 1424 4295 peccata
1471 4235 1590 4286 sua,
1620 4219 1857 4295 abstule-

263 4303 391 4416 {unt
425 4294 477 4350 ei
517 4289 756 4367 gladium
787 4289 834 4350 'a
887 4293 1092 4350 femore
1122 4289 1222 4348 suo
1244 4331 1260 4358 ,
1290 4291 1577 4348 induentes
1621 4305 1747 4346 eum
1779 4289 1858 4345 ci-

282 4378 409 4416 ICIO.

282 4378 409 4418 ICIO.

333 4431 522 4505 Itaque
566 4443 853 4507 postquam
914 4433 1218 4491 Ludovicus
1283 4433 1352 4489 ab
1413 4433 1691 4505 :equivoco
1738 4429 1850 4487 filio
1875 4423 1922 4486 C

1940 1763 2055 1817 Ebo
2096 1773 2317 1834 propter
2359 1757 2975 1834 hujuscemodiifactum
3018 1760 3294 1834 depositus
3333 1773 3418 1818 est
3462 1764 3530 1818 ab

1942 1828 2263 1904 episcopaiu
2285 1845 2382 1900 pro
2414 1828 2731 1904 infidelitate
2761 1828 3128 1904 imperatoris.

2012 1900 2180 1985 igitur
2204 1903 2322 1985 Ebo
2351 1909 2473 1982 post
2499 1901 2642 1985 banc
2672 1900 3062 1985 depositio‘nem
3090 1916 3242 1956 suam
3273 1902 3328 1985 in
3359 1903 3533 1985 Cisal-

1938 1970 2085 2042 pinis
2115 1973 2288 2029 fertur
2323 1970 2636 2040 regionibus
2661 1980 3014 2042 conversatus
3037 1988 3206 2042 usque
3232 1974 3298 2027 ad
3323 1976 3533 2029 obitum

1938 2041 2199 2100 Ludovici
2233 2042 2576 2112 imperatoris
2601 2081 2616 2105 ,
2651 2041 2744 2110 qui
2786 2041 3012 2112 contigit
3039 2041 3184 2098 anno
3208 2043 3536 2101 incarnatio-

1940 2115 2027 2170 nis
2057 2114 2351 2170 Dominicaz
2370 2111 2495 2166 840.
2525 2111 2643 2179 Quo
2669 2111 2996 2181 imperatore
3021 2113 3294 2178 defuncto,
3333 2115 3533 2170 Lotha—

1941 2187 2057 2240 rius
2085 2187 2151 2239 ab
2176 2184 2331 2239 Italia
2369 2183 2423 2236 in
2463 2181 2750 2237 Franciam
2794 2183 2942 2237 venit
2973 2201 2986 2236 :
3019 2183 3104 2238 cui
3143 2184 3256 2240 Ebo
3278 2186 3345 2240 ad
3373 2185 3531 2241 Wor-

1944 2256 2166 2326 matiam
2213 2255 2488 2326 civitatem
2551 2253 2824 2326 occurrit,
2882 2253 3051 2326 eique
3078 2253 3370 2326 Lotharius
3416 2263 3530 2326 post

1947 2324 2153 2397 aliquot
2211 2325 2327 2397 dies
2373 2324 2556 2397 sedem
2608 2332 2663 2397 et
2704 2323 2986 2397 dioecesim
3030 2325 3393 2382 Rbemensem
3418 2323 3534 2397 ‘per

1945 2392 2183 2448 edictum
2213 2392 2494 2462 imperiale
2524 2394 2779 2448 restituit.

2018 2464 2117 2518 Cui
2147 2463 2504 2527 restitutioni,
2529 2479 2648 2532 qua:
2671 2463 2979 2521 Suessionis
2997 2465 3180 2521 habita
3203 2475 3303 2532 est,
3330 2475 3541 2523 contra-

1945 2535 2084 2590 dixit
2111 2533 2374 2608 synodus,
2415 2549 2670 2608 a_s_serens_
2709 2535 2851 2608 quod
2887 2537 3176 2608 damnatus
3206 2554 3237 2592 a
3268 2554 3346 2602 se,
3379 2548 3542 2608 atque

1947 2621 1979 2659 a
2005 2604 2375 2676 quadraginta
2397 2604 2569 2676 tribus
2590 2605 2878 2676 episcopis,
2919 2622 2949 2660 a
2980 2607 3176 2662 minori
3206 2624 3434 2663 numero
3454 2604 3541 2662 rc-

1945 2673 2101 2731 stitui
2146 2673 2254 2729 non
2295 2673 2480 2729 valuit.
2533 2674 2687 2742 Quod
2725 2673 2958 2730 edictum
3007 2677 3231 2732 Rhemis
3286 2679 3402 2733 Ebo
3458 2695 3544 2733 se-

1949 2762 2071 2800 cum
2099 2746 2311 2809 detulit,
2358 2752 2413 2799 et
2457 2747 2599 2814 apud
2639 2746 2783 2814 ipsos
2824 2755 2878 2816 et
2921 2747 3101 2816 plures
3139 2747 3269 2802 illud
3315 2750 3544 2804 diversa:

1947 2815 2306 2888 professionis
2350 2822 2419 2888 _e_t_
2457 2816 2662 2888 ordinis
2713 2815 3008 2888 divulga’vit
3040 2858 3054 2882 ,
3108 2827 3160 2873 et
3208 2819 3259 2872 iu
3313 2821 3542 2874 ecclesia

1952 2885 2247 2959 Bluemensi
2276 2885 2488 2959 publice
2526 2887 2742 2940 recitari
2774 2885 3029 2959 feci'tslta
3054 2905 3118 2944 eo
3148 2897 3408 2959 tempore,
3436 2904 3545 2957 quo

1951 2957 2244 3029 Lotharius
2263 2956 2515 3029 Caroium
2543 2971 2764 3029 aregnp
2789 2957 3020 3028 expulit,
3069 2967 3124 3013 et
3154 2956 3295 3014 ultra
3339 2956 3545 3029 Sequa-

1873 3057 1922 3118 Β
1954 3043 2079 3082 nam
2093 3027 2351 3118 fugavit:
2507 3027 2690 3118 sedem
2716 3027 3077 3118 R‘beniensem
3089 3040 3224 3118 'post
3239 3027 3544 3118 .sex‘anZIios

1952 3114 2064 3155 suae
2087 3097 2444 3170 depositionis
2478 3098 2682 3167 recepit
2703 3109 2805 3170 ,et
2833 3097 3137 3170 episcopale
3180 3101 3544 3156 ministerium

1953 3184 2115 3242 agere
2144 3169 2344 3242 erepit.
2387 3168 2996 3242 Sicqueordinationes
3017 3168 3341 3236 celebrans,
3383 3187 3546 3242 quos-

1953 3238 2079 3295 dam
2108 3239 2336 3295 clericos
2364 3238 2673 3303 ordinavit,
2699 3248 2763 3310 et
2779 3255 2878 3310 per
2907 3248 3076 3297 totunt
3103 3243 3323 3296 circiter
3343 3238 3545 3297 annum

1950 3311 2071 3394 hoe
2091 3309 2431 3394 episcopium
2466 3310 2639 3391 tenuit
2680 3327 2693 3363 :
2741 3309 2912 3366 donec
2955 3311 3201 3394 Carolus,
3251 3313 3545 3394 resumptis

1949 3379 2178 3445 viribus,
2232 3379 2291 3434 in
2341 3379 2614 3450 Belgicam
2660 3395 2911 3436 reversus
2962 3392 3065 3437 est.
3117 3383 3270 3450 Quod
3322 3379 3548 3438 audiens

1952 3453 2090 3519 Ebo,
2116 3452 2302 3523 relicta
2331 3451 2458 3523 sede
2485 3450 2800 3523 Riiemensi,
2831 3453 2899 3506 ad
2927 3453 3244 3508 Lotliarium
3268 3453 3546 3523 profectus

1951 3533 2059 3589 est,
2094 3531 2151 3577 et
2177 3523 2230 3577 in
2243 3521 2375 3595 eius
2409 3519 2777 3595 familiaribus,
2795 3524 2997 3578 mansit
3017 3519 3293 3595 obsequiis
3331 3543 3342 3578 :
3374 3526 3545 3580 donec

1952 3609 2062 3647 una
2091 3608 2214 3664 cum
2243 3591 2519 3664 Drogone,
2557 3592 2876 3648 Metensium
2915 3591 3185 3664 praesule;
3198 3594 3426 3650 Romam
3456 3610 3550 3664 pe-

1956 3663 2064 3734 tiit,
2107 3663 2197 3734 ubi
2243 3677 2273 3715 a
2311 3661 2531 3734 _Sergio_
2550 3677 2685 3734 papa
2717 3661 3056 3719 reconciliari
3084 3681 3147 3719 ac
3187 3665 3411 3734 pallium
3439 3661 3546 3720 sibi

1956 3731 2122 3784 tribui
2151 3730 2461 3802 postulavit.
2493 3731 2592 3784 Cui
2623 3730 2772 3802 idem
2797 3749 2935 3802 papa
2959 3773 2974 3796 ,
3010 3730 3392 3788 communione
3428 3744 3548 3788 tan-

1957 3808 2074 3856 tum
2103 3813 2385 3862 concessa,
2409 3798 2541 3853 dare
2565 3798 3016 3868 pallium’re'nuit.

2025 3870 2099 3924 At
2125 3868 2238 3925 Eho
2265 3869 2435 3923 Roma
2468 3883 2719 3925 reversus
2739 3910 2754 3935 ,
2795 3871 3070 3927 ab‘batiam
3108 3872 3294 3928 Sancti
3338 3873 3547 3929 Colum—

1954 3940 2083 4015 bani
2131 3939 2187 4015 in
2232 3937 2382 4015 ltaiia
2433 3940 2576 4015 dono
2607 3937 2950 4015 imperatoris
2995 3944 3236 3999 Lotharii
3285 3945 3545 4015 possedit,

1957 4013 2130 4086 donec
2166 4009 2492 4086 legationem
2523 4009 2869 4086 inGraaciam
2899 4014 2967 4069 ab
2996 4015 3186 4086 eodem
3215 4009 3548 4086 imperatore

1956 4082 2058 4153 sibi
2089 4081 2436 4153 commissam
2463 4082 2686 4151 exsequi
2717 4082 3059 4139 detrectavit.
3091 4081 3356 4153 Quocirca
3386 4086 3548 4141 rebus

1957 4152 2061 4208 sibi
2087 4151 2157 4207 ab
2183 4153 2510 4222 imperatore
2535 4167 2656 4222 quae
2684 4153 2824 4209 data:
2851 4153 3068 4210 fuerant
3094 4151 3308 4221 ablatis,
3341 4158 3406 4212 ad
3435 4155 3547 4210 Lu-

1957 4223 2211 4297 dovicum
2240 4238 2426 4297 regem
2450 4222 2756 4297 Germaniae
2782 4225 3120 4297 demigravit.
3158 4226 3204 4282 A
3240 4242 3347 4296 quo
3372 4228 3425 4280 in
3465 4241 3549 4281 re-

1959 4295 2118 4368 gione
2176 4293 2749 4368 saxonitequoddam
2804 4293 3138 4368 episcopium
3194 4293 3543 4367 promeruit:

1959 4364 2053 4419 ubi
2079 4371 2134 4419 et
2158 4364 2448 4436 episc0pali
2476 4365 2730 4435 deinceps
2754 4364 3072 4436 perfuncius
3099 4364 3544 4424 est—ministerio.

883 4661 1391 4740 EPISTOLA
1464 4652 1900 4737 EBBONIS
1957 4657 2089 4734 AD
2166 4657 2925 4737 HALITGABIUM.

1386 4807 1548 4882 (Vide
1575 4807 1812 4876 PatroL,
1835 4816 1961 4864 tom.
1999 4806 2116 4876 CV,
2147 4809 2250 4865 col.
2281 4809 2433 4883 651.)

1141 5055 1916 5175 CONFESSIO
2000 5057 2466 5178 EBBON
2478 5059 2650 5177 IS.

1558 5258 1724 5324 (Apud
1744 5258 2084 5323 Flodoardum,
2106 5261 2250 5325 ibid.)

329 5480 455 5558 Εεο
478 5483 598 5541 Ebo
617 5482 868 5557 indignus
897 5482 1204 5554 episcopus,
1232 5464 1626 5556 recognoscens
1654 5481 1856 5555 fragili-
1881 5491 1933 5551 ι)
1959 5494 2014 5542 et
2059 5501 2248 5556 puram
2284 5485 2432 5560 ipsis
2467 5489 2864 5548 confessionem
2893 5493 3049 5563 dedi,
3079 5511 3330 5568 querens
3369 5515 3549 5563 reme-

268 5585 437 5635 tatem
463 5590 646 5632 meam
674 5585 731 5631 et
749 5575 990 5647 pondera
1016 5585 1363 5646 peccatorum
1391 5591 1660 5644 meorum,
1685 5585 1852 5634 testes

269 5669 614 5731 confessores
631 5685 804 5736 meos,
827 5669 1068 5726 Aiulfum
1088 5670 1339 5727 videlicet
1362 5673 1852 5745 archiepiscopum,

270 5771 328 5820 et
351 5763 693 5820 Badaradum
725 5763 1062 5835 episcopum,
1085 5778 1294 5822 necnon
1340 5773 1396 5821 et
1418 5764 1726 5823 Modoinnm
1748 5767 1856 5838 epi-

269 5867 517 5926 scopum,
545 5854 803 5912 constitui
843 5853 976 5910 mihi
995 5853 1208 5926 iudices
1227 5853 1548 5914 delictorum
1584 5873 1854 5924 meorum,

672 5948 951 6034 Panos.
997 5947 1224 6012 CXVI.

1961 5578 2107 5634 dium
2143 5580 2459 5650 pcenitendi,
2485 5592 2541 5640 et
2566 5585 2797 5642 salutem
2825 5588 3019 5644 anima:
3046 5606 3202 5656 mea,
3239 5600 3297 5647 ut
3323 5597 3548 5654 recede-

1963 5685 2077 5726 rem
2107 5672 2177 5728 ab
2201 5671 2376 5730 ofﬁcio
2407 5682 2462 5731 et
2491 5675 2796 5733 ministerio
2825 5679 3119 5750 pontificali
3143 5721 3160 5747 ,
3189 5698 3296 5753 quo
3337 5701 3423 5741 me
3453 5701 3544 5744 re.

1963 5778 2231 5836 cognosco
2256 5781 2376 5823 esse
2404 5766 2703 5840 indignum,
2732 5778 2787 5825 et
2812 5771 3047 5826 alienum
3075 5789 3161 5828 me
3192 5775 3422 5832 reddens
3445 5793 3543 5848 pro

1965 5859 2204 5916 rentibus
2218 5862 2374 5931 meis,
2391 5862 2443 5918 in
2461 5864 2655 5934 quibus
2669 5880 2922 5936 peccasse
2936 5878 3147 5924 secreto
3171 5869 3302 5941 ipsis
3323 5870 3540 5926 confes-

3067 5962 3098 6022 1
