4032 6448
557 356 617 411 H
1652 354 1941 413 EBBONIS
1980 354 2111 411 ΕΡΙΕ

2221 354 2287 412 Pl
2322 353 2718 415 RHEHENSIS
3761 374 3837 430 l2

536 478 651 521 ‘sus
678 464 927 522 sumne
954 466 1162 524 scilicet
1198 470 1378 535 modo,
1416 476 1477 524 ut
1506 470 1608 541 ipsi
1635 470 1745 526 sint
1766 477 1931 526 testes
1958 469 2125 524 alium
2151 471 2205 534 Α
2227 456 2343 525 lam‘
2387 461 2766 542 repetitionem
2817 476 2911 527 aut
2962 468 3458 544 interpellationem
3503 480 3838 540 auctoritate

553 555 871 613 succedendi
922 567 978 614 et
1025 562 1376 616 consecrandi
1430 562 1867 633 subrogandique
1899 562 1952 615 in
2006 562 2126 617 loco
2235 565 2495 619 canonica
2542 564 2726 619 facere
2775 563 3005 631 valeam,
3037 581 3199 620 manu
3254 568 3473 639 propria
3527 585 3647 626 mea
3698 573 3831 627 sub—

551 662 674 701 meo
698 649 790 717 qui
820 648 978 721 digne
1016 666 1248 721 praeesse
1278 661 1333 706 et
1362 654 1621 723 prodesse
1646 654 1817 724 possit
1848 653 2124 719 Ecclesizc,
2235 657 2479 713 scribens
2499 656 2730 713 ﬁrmavi.
2754 657 2870 714 Ebo
2896 658 3166 729 quondam
3192 661 3483 733 episcopus
3506 666 3830 739 subscripsi.

548 737 637 792 cui
680 737 945 797 hactenus
980 740 1198 813 indigne
1234 743 1443 813 praefui.
1473 744 1540 798 Et
1582 752 1641 799 ut
1679 745 1804 802 inde
1831 745 1970 800 ultra
2009 745 2129 801 nul-

559 904 3817 940 h———————————-—————h—————————h—d—————_—_‘

1254 1063 1847 1179 EBBONIS
1930 1060 2813 1180 APOLOGETIC
2832 1068 3081 1182 UM.

1702 1266 1866 1330 (Apud
1889 1267 2180 1331 Acherium,
2207 1267 2377 1329 Spicil.
2402 1275 2518 1320 tom.
2539 1266 2655 1327 III.)

608 1476 1133 1536 EsoutsRhemensis
1152 1475 1563 1546 archiepiscopi,
1592 1485 1792 1531 sancta:
1814 1473 1958 1528 sedis
1989 1487 2116 1543 apo-
2225 1483 2458 1545 tempus,
2489 1482 2549 1530 ut
2587 1477 2800 1533 meliori
2830 1480 3060 1548 tempori
3087 1494 3146 1535 se
3174 1493 3500 1548 reservaret,
3533 1499 3654 1540 cum
3678 1504 3816 1543 con-

539 1572 740 1627 stoliczc
772 1568 931 1641 legati
965 1581 1064 1638 pro
1108 1566 1459 1620 conversione
1506 1580 1837 1635 paganorum
1871 1564 2115 1633 redemp-
2222 1581 2382 1621 sensu
2411 1567 2788 1638 episcoporum
2825 1569 3123 1639 pontificali
3165 1573 3388 1627 secessit
3424 1591 3454 1626 a
3486 1575 3815 1644 ministerio,

472 6428 837 6445 μ’

537 1666 791 1733 tiouequc
815 1660 1169 1730 captivorum,
1193 1673 1261 1712 ex
1294 1672 1558 1711 consensu
1580 1656 1836 1710 Ludovici
1859 1656 2111 1719 Caesaris,

538 1756 810 1826 totiusque
839 1753 1088 1823 palatium
1109 1750 1388 1821 dignitatis
1417 1747 1533 1817 ejus
1563 1747 1776 1813 directi,
1805 1756 1993 1817 postea
2020 1749 2113 1817 qui

536 1846 930 1921 persecutionis
1005 1854 1243 1912 tempore
1319 1839 1677 1911 plurimorum
1738 1837 2116 1908 episc0porum

537 1949 966 2009 ceterorumque
1004 1935 1262 1991 nobilium
1292 1933 1551 1987 laicorum
1578 1932 1768 1987 exsilia
1809 1945 2110 2001 passorum,

535 2031 824 2086 Rhemensi
874 2030 941 2082 ab
973 2022 1202 2081 ecclesia
1225 2024 1433 2094 pulsus,
1477 2024 1828 2093 septenniquc
1868 2021 2116 2076 custodia

533 2136 772 2194 pressus,
807 2119 934 2175 hinc
974 2116 1301 2173 succedente
1327 2114 1586 2171 Lothario
1611 2114 1854 2184 Augusto
1896 2128 2117 2169 revoca-

532 2226 644 2282 tus,
683 2213 1003 2284 publicaque
1031 2226 1096 2266 ac
1123 2210 1448 2266 auctoritate
1478 2207 1853 2264 ecclesiastica
1896 2207 2116 2263 restitu-

532 2319 641 2375 tus,
667 2304 1048 2364 assistentibus
1075 2303 1163 2360 vel
1191 2300 1612 2358 decernentibus
1638 2298 1849 2371 magnis
1879 2297 2117 2354 consuli-

530 2401 631 2455 bus
665 2400 870 2470 pariter
914 2412 1037 2452 cum
1072 2394 1279 2452 sanctis
1325 2394 1414 2449 hic
1463 2391 1782 2462 subscriptis
1830 2389 2114 2446 catholicis

529 2492 867 2564 praesulibus,
898 2491 1146 2560 Drogoue
1180 2485 1576 2557 archipalatino
1604 2482 1854 2554 praesule,
1898 2490 2115 2537 sancta-

528 2600 636 2654 que
661 2582 1019 2637 unanimitate
1049 2579 1124 2633 illi
1145 2591 1337 2632 omnes
1362 2575 1451 2629 isti
1478 2573 1795 2637 concordes,
1822 2571 2113 2641 Autgarius

529 2673 991 2743 archiepiscopus,
1022 2666 1355 2722 Amalwinus
1406 2663 1873 2733 archiepiscOpus,
1920 2661 2112 2715 Audax

530 2761 985 2831 archiepiscopus,
1028 2756 1185 2812 'Hetti
1234 2753 1697 2824 archiepiscopus,
1744 2750 1944 2821 Joseph
1998 2752 2106 2821 epi-

529 2869 746 2924 scopus,
789 2848 1069 2905 Adalulfus
1093 2848 1401 2917 episcopus,
1442 2844 1612 2899 David
1639 2844 1948 2912 episcopus,
1974 2842 2111 2896 Hro-
2148 2864 2161 2871 -

528 2947 719 3016 dingus
755 2943 1058 3013 episcopus,
1088 2938 1424 2994 Gislebertus
1465 2936 1767 3006 episcopus,
1822 2935 2111 2990 Herminus

529 3036 832 3105 episcopus,
874 3030 1193 3085 Frotharius
1221 3026 1524 3098 episcopus,
1562 3025 1864 3081 Badaratus
1904 3025 2112 3096 episco-

527 3143 646 3197 pus,
683 3125 902 3196 llagano
942 3123 1245 3192 episcopus,
1290 3116 1612 3188 Hrotgarius
1638 3117 1946 3187 episcopus,
1990 3115 2110 3171 Ado

2223 1654 2348 1709 dum
2397 1655 2541 1710 inter
2584 1666 2820 1729 terrores
2883 1669 2939 1714 et
2980 1661 3281 1716 discordias
3329 1666 3469 1718 ratio
3520 1682 3625 1720 non
3683 1670 3819 1725 sinit

2221 1744 2508 1803 immolare
2560 1748 2829 1817 victimas,
2876 1751 3089 1807 dicente
3118 1752 3350 1810 Domino
3380 1774 3392 1808 :
3422 1754 3481 1810 Si
3510 1759 3669 1827 o/fers
3700 1778 3819 1815 mu-

2223 1856 2322 1893 nus
2345 1848 2492 1892 tuum
2531 1841 2601 1893 ad
2631 1840 2822 1907 altare,
2854 1852 2902 1896 et
2940 1845 3246 1900 recordatus
3291 1846 3455 1914 fueris
3479 1850 3604 1919 quia
3645 1851 3818 1920 frater

2216 1940 2344 1983 tuus
2383 1929 2539 1983 habet
2567 1929 2771 2001 aliquid
2807 1932 3087 1987 adversum
3124 1944 3193 1997 te,
3244 1936 3474 2007 relinque
3519 1938 3592 1993 ibi
3616 1957 3815 1996 manus

2219 2028 2389 2083 tuum,
2435 2028 2539 2073 etc.
2603 2018 2818 2090 (Matth.
2862 2028 2918 2087 v,
2976 2021 3094 2095 ‘23.)
3137 2024 3428 2095 Postquam
3474 2042 3604 2084 vero
3666 2028 3816 2086 Deus

2218 2111 2476 2168 Ecclesiae
2502 2126 2612 2168 suae
2638 2116 3015 2185 tranquilliora
3046 2117 3282 2173 reddidit
3306 2128 3574 2191 tempora,
3608 2123 3816 2193 placuit

2216 2204 2557 2277 principibus
2578 2213 2633 2260 et
2661 2208 3069 2276 magistratibus
3100 2210 3510 2279 ecclesiasticis,
3537 2221 3593 2268 ut
3634 2215 3812 2269 isdem

2214 2302 2405 2366 pastor
2434 2296 2501 2349 ad
2538 2295 2778 2353 debitum
2817 2297 2958 2352 ovile
3010 2307 3402 2368 reverteretur,
3424 2308 3478 2359 et
3506 2318 3634 2360 oves
3670 2320 3812 2375 quas

2216 2387 2529 2459 compulsus
2560 2389 2877 2460 reliquerat,
2906 2393 3134 2449 tuendas
3166 2396 3434 2467 reciperet
3466 2398 3685 2455 iterum.

2288 2479 2495 2547 Quibus
2522 2490 2579 2536 et
2596 2482 2980 2562 ecclesiasticis
2999 2485 3199 2541 debitis
3233 2490 3463 2559 negotiis
3497 2506 3600 2562 ego
3629 2492 3811 2547 Theo-

2217 2573 2453 2637 dericus,
2490 2572 2904 2631 Cameracensis
2964 2578 3594 2649 episcopus,‘assensum
3644 2598 3812 2638 cano-

2216 2666 2339 2721 nice
2372 2664 2619 2736 praebens
2646 2684 2659 2720 :
2690 2667 2830 2723 sicut
2856 2668 3007 2739 prius
3040 2670 3106 2725 de
3133 2668 3279 2727 illius
3304 2669 3549 2728 discessu
3581 2689 3808 2745 compa-

2217 2759 2403 2815 tiendo
2425 2758 2590 2824 dolui,
2617 2761 2691 2815 ita
2721 2768 2777 2815 et
2799 2764 2962 2818 modo
2986 2763 3053 2819 de
3069 2761 3215 2820 illius
3240 2766 3553 2822 reversione
3574 2782 3811 2838 congau-

2216 2850 2374 2915 dens,
2399 2851 2821 2907 constitutiones
2845 2854 2945 2907 has
2971 2854 3243 2909 seniorum
3274 2855 3358 2911 vel
3384 2855 3615 2911 fratrum
3641 2859 3806 2912 robo-

2217 2940 2387 2995 rando
2426 2942 2754 3013 subscripsi;
2796 2944 2922 3012 quia
2970 2944 3098 2999 talia
3149 2962 3292 3018 saepe
3333 2946 3626 3021 contigisse
3659 2960 3715 3004 et
3746 2949 3807 3005 in

2217 3029 2339 3086 aliis
2362 3030 2749 3089 ecclesiasticis
2773 3035 2942 3105 gestis
2969 3034 3097 3109 legi.

2290 3120 2616 3181 llrodbadus
2644 3126 3058 3186 Suessionensis
3083 3131 3371 3201 episcopus
3405 3132 3522 3189 hac
3547 3131 3624 3188 ita
3655 3131 3809 3189 simi-

528 3176 834 3290 Episcopi},
857 3176 1075 3274 Samuel
1098 3176 1407 3285 episcopus,
1436 3212 1768 3268 Provocatus
1791 3212 2106 3281 episcopus,
2139 3176 2185 3242 Ο
2217 3211 2340 3269 liter
2372 3215 2644 3270 rohoravi.

532 3312 889 3368 llrambcrtus
955 3308 1280 3380 episcopus,
1327 3304 1749 3360 Rataldus.......
1802 3303 2111 3360 Amalricus

528 3417 754 3464 vocatus
773 3408 1078 3477 episcopus,
1111 3420 1233 3459 eum
1259 3403 1470 3459 ueteris
1494 3401 1742 3472 plurimis
1781 3400 2112 3472 presbyteris

538 3515 603 3554 ac
632 3498 967 3562 diacouihus,
995 3497 1051 3551 in
1078 3495 1441 3567 lugelenheim
1469 3493 1670 3564 palatio
1697 3492 1916 3564 publico
1946 3492 2112 3547 assis-

530 3591 788 3645 tentibus.
820 3588 915 3643 llis
946 3603 1183 3659 namque
1210 3587 1485 3658 explicitis
1507 3585 1784 3641 canonica:
1810 3585 2110 3641 restitutio—

532 3681 635 3744 nis,
680 3679 933 3749 palatinis
987 3676 1215 3734 summis
1274 3675 1526 3747 negotiis,
1576 3673 2112 3745 comprovincialium

535 3769 859 3839 receptionis
885 3767 1200 3825 solemniter
1243 3766 1499 3821 roborata
1522 3779 1617 3819 VIII
1646 3764 1768 3820 ldus
1798 3765 2113 3820 Decembris

531 3862 741 3917 exstitit
787 3860 1072 3931 principali
1121 3860 1174 3913 in
1220 3858 1449 3913 ecclesia
1479 3866 1533 3913 et
1568 3865 1755 3912 sancta
1798 3858 1923 3913 sede
1968 3855 2112 3911 Rbe-

531 3951 725 4015 mensi,
758 3951 973 4005 obviam
1013 3949 1087 4005 ibi
1115 3947 1526 4005 occurrentibus
1564 3948 1774 4004 cunctis
1810 3948 2112 4004 diazccseos

530 4041 851 4115 praesulibus
871 4051 965 4098 aut
985 4042 1188 4108 missis,
1206 4058 1330 4097 cum
1349 4041 1911 4112 concivibusiuclytis,
1938 4040 2113 4096 eccle-

531 4134 751 4190 siastica
772 4133 1089 4203 autpublica
1116 4133 1441 4189 necessitate
1463 4133 1547 4188 vel
1572 4133 1805 4188 utilitate
1825 4133 2107 4203 promotis,

535 4225 733 4297 quibus
772 4222 1023 4279 veniendi
1051 4222 1458 4295 impossibilitas
1494 4224 1605 4280 sola
1641 4241 1745 4280 non
1772 4224 1988 4289 restitit,
2016 4240 2110 4294 ge-

531 4315 704 4373 nerali
726 4324 994 4373 conventu
1011 4316 1469 4388 congratulantes,
1499 4317 1639 4372 hanc
1658 4316 2112 4385 subscriptionem

526 4408 797 4479 publicam
820 4408 1075 4464 concordi
1097 4409 1455 4465 unanimitate
1484 4408 1778 4475 celebrata,
1806 4408 2111 4477 priscorum

2287 3303 2678 3363 Hildemannus
2704 3306 3049 3366 Belvaceusis
3078 3310 3355 3367 similiter.

2290 3393 2525 3466 Symeon
2555 3396 2930 3456 Laudunensis
2958 3401 3231 3456 similiter.

2288 3489 2575 3559 Erpvvinus
2603 3490 3026 3551 Silvanectensis
3056 3494 3324 3553 similiter.
3368 3493 3379 3502 ”

2289 3580 2653 3652 Raginharius
2673 3582 3058 3642 Ambiauensis
3085 3586 3339 3645 similiter

2286 3670 2480 3729 Emmo
2499 3672 2966 3733 Nomiomacensis
3000 3678 3267 3733 similiter.

2287 3762 2598 3819 Folcvrinus
2628 3765 3029 3822 Taravanensis
3063 3767 3331 3822 similiter.

2286 3852 2345 3906 In
2383 3854 2604 3909 nomine
2652 3854 2866 3910 Domini
2906 3857 3078 3913 nostri
3128 3855 3255 3913 Jesu
3284 3858 3489 3916 Christi
3525 3860 3624 3920 Dei
3659 3879 3807 3922 sum-

2214 3943 2313 4010 mi,
2336 3943 2571 4015 glorioso
2596 3946 2901 4016 imperante
2927 3948 3206 4006 Ludovico
3233 3950 3470 4021 Caesare,
3512 3955 3668 4028 cujus
3692 3959 3806 4029 pri-

2212 4050 2304 4090 ma
2356 4043 2601 4106 tempora
2658 4038 2809 4109 regni
2861 4054 3175 4111 quanquam
3228 4043 3386 4100 valde
3420 4056 3805 4105 scoruscarent

2212 4140 2491 4198 prospera,
2519 4128 2708 4183 ultima
2738 4139 2921 4187 tamen
2954 4132 3070 4204 ejus
3098 4148 3359 4191 concussa
3395 4135 3561 4194 nimia
3604 4139 3801 4195 adver-

2215 4215 2376 4271 sitate
2397 4215 2635 4272 divinam
2656 4221 2811 4290 quasi
2830 4220 3257 4294 indignationem
3271 4226 3418 4283 illam
3436 4243 3621 4298 passa,
3637 4245 3803 4299 quam

2216 4310 2282 4365 de
2306 4310 2618 4369 novissimis
2646 4315 2981 4385 temporibus
3014 4318 3097 4373 vis
3137 4334 3352 4391 semper
3376 4330 3546 4377 terret
3568 4336 3804 4394 evange-

2214 4402 2340 4470 lica,
2366 4404 2554 4461 dicens
2582 4424 2597 4461 :
2626 4406 2821 4463 Tradat
2842 4419 3017 4465 autem
3042 4410 3209 4480 frater
3232 4411 3451 4482 fratrem
3478 4414 3533 4468 in
3555 4422 3800 4481 mortem,

525 4499 752 4556 Patrum
801 4501 1063 4571 exemplis
1113 4502 1292 4558 edocti
1343 4500 1741 4558 rationabiliter
1794 4500 2103 4556 ediderunt.
2132 4532 2187 4594 Β
2210 4505 2262 4549 et
2283 4497 2663 4594 ,ψῃ-ξιξεηῆ
3090 4501 3189 4572 ﬁlii
3214 4504 3270 4557 in
3298 4511 3537 4573 parentes
3578 4503 3799 4574 (Matth.

596 4593 725 4650 Haec
759 4593 832 4649 ita
870 4595 1155 4652 scribendo
1196 4611 1387 4652 omnes
1431 4594 1790 4650 subternotati
1834 4595 2107 4651 antistites

526 4686 857 4741 unanimiter
879 4687 1219 4759 praeligentes
1247 4694 1563 4743 sanxerunt.

597 4776 735 4831 Dum
757 4791 864 4831 non
887 4778 1117 4834 habetur
1143 4778 1500 4849 incognitum,
1524 4778 1668 4848 quod
1695 4793 1725 4833 a
1748 4778 1995 4850 pluribus
2021 4781 2106 4836 vi-

526 4866 685 4922 detur
706 4881 824 4921 esse
847 4876 1207 4938 compertum,
1235 4866 1469 4937 qualiter
1488 4866 1732 4923 Ecclesia
1778 4871 1895 4928 haec
1926 4873 2105 4927 maxi-

526 4971 616 5011 ma
669 4954 967 5012 Galliarum
1031 4958 1133 5015 sub
1191 4957 1451 5029 regimine
1489 4958 1828 5017 Francorum
1877 4963 2110 5020 diversis

516 5048 1046 5121 perturbationibus,
1094 5064 1155 5105 ac
1183 5047 1469 5105 discordiis
1496 5051 1804 5124 principum
1854 5053 2102 5124 indigna-

526 5139 675 5195 tione
729 5140 987 5208 violenta,
1049 5142 1134 5197 his
1186 5142 1522 5211 temporibus
1580 5146 1786 5214 agitata
1835 5133 2103 5212 vexatur;

523 5232 671 5287 unde
708 5239 765 5288 et
801 5232 1021 5305 plurimi
1050 5233 1428 5304 episcoporum
1453 5237 1507 5291 vi
1554 5237 1790 5306 propriis
1824 5250 1856 5290 a
1889 5238 2109 5294 sedibus

523 5325 760 5399 expulsi,
815 5338 908 5383 aut
941 5329 1138 5385 timore
1183 5330 1455 5388 derelictis
1483 5333 1753 5403 gregibus,
1788 5333 2019 5391 diversis
2049 5335 2107 5389 in

523 5417 772 5490 partibus
793 5419 1132 5474 exsulantur.
1158 5419 1306 5475 lnter
1332 5437 1468 5491 quos
1491 5422 1659 5476 etiam
1687 5421 1801 5477 Ebo
1831 5423 2105 5493 archiepi-

526 5518 722 5579 scopus
758 5496 1084 5566 Rhcmensis
1115 5511 1378 5578 ecclesiae,
1420 5522 1604 5583 raptus
1632 5530 1665 5568 a
1703 5518 1922 5588 propria
1953 5518 2101 5585 sede,

525 5599 828 5673 principum
872 5601 1241 5673 indignatione
1279 5602 1503 5658 violenti
1535 5605 1727 5661 exsilio
1756 5609 1949 5664 ductus
1997 5620 2099 5665 est.

530 5692 684 5753 Unde
703 5703 757 5749 et
789 5695 1038 5750 reductus
1068 5696 1166 5752 sub
1193 5697 1458 5763 custodia,
1483 5707 1542 5752 ut
1579 5701 1882 5770 periculum
1904 5704 2099 5760 evade-

531 5793 635 5853 ret,
659 5800 714 5841 et
742 5783 951 5851 furores
986 5789 1425 5865 persequentium
1464 5791 1757 5864 mitigaret,
1789 5794 2102 5852 redimendo

2194 4603 2268 4659 ηις,
2298 4587 2412 4661 21).
2444 4588 2594 4645 Multi
2625 4591 2860 4661 denique
2886 4593 3015 4650 hinc
3061 4604 3311 4664 potentes
3336 4594 3545 4665 expulsi
3599 4604 3727 4649 sunt
3767 4610 3801 4649 a
3850 4614 3862 4622 ε

2210 4674 2424 4754 patria;
2457 4684 2696 4755 episcopi
2740 4700 2957 4756 quoque
2985 4687 3101 4753 Dei,
3131 4687 3291 4743 aliive
3335 4687 3569 4742 ministri
3620 4696 3803 4745 custo-

2210 4776 2332 4833 dias
2355 4784 2412 4829 et
2441 4776 2634 4830 exsilia
2672 4779 2853 4847 passi;
2881 4779 3103 4848 quidam
3127 4781 3293 4834 etiam
3323 4780 3609 4851 utriusque
3638 4795 3801 4837 sexus

2216 4865 2425 4923 nobiles
2463 4865 2588 4920 laici
2626 4867 2695 4921 ad
2728 4869 3090 4924 monasticam
3129 4870 3376 4925 habitum
3415 4870 3700 4941 compulsi,
3740 4879 3803 4926 ut

2218 4956 2409 5011 saltem
2454 4956 2538 5012 his
2578 4956 2804 5028 ﬂagellis
2851 4959 3015 5016 celeri
3066 4961 3423 5031 castigatione
3466 4963 3800 5032 compuncti,

2217 5047 2453 5102 remedia
2481 5047 2674 5103 salutis
2692 5040 3023 5122 reciperent;
3049 5053 3175 5121 quia
3199 5067 3336 5123 quos
3357 5053 3553 5109 blanda
3575 5054 3803 5110 vitiave-

2216 5144 2301 5190 rat
2324 5138 2676 5207 prosperitas,
2707 5155 2931 5196 necesse
2953 5148 3149 5196 eratut
3177 5143 3295 5197 dira
3320 5154 3579 5216 purgaret
3602 5145 3800 5200 adver-

2217 5228 2369 5294 sitas,
2402 5245 2471 5285 ne
2498 5230 2565 5284 ad
2598 5238 2887 5287 tartaream
2918 5232 3214 5289 vindictam
3239 5234 3421 5291 divina
3464 5235 3607 5291 ultro
3636 5236 3796 5291 saevi-

2215 5329 2303 5375 ret
2333 5319 2610 5390 maiestas.
2638 5316 2672 5330 ’

2284 5431 2380 5488 liis
2411 5432 2614 5488 etenim
2645 5433 2948 5489 manifestis
2972 5435 3208 5508 cognitis
3226 5435 3501 5507 periculis,
3522 5449 3624 5507 ego
3648 5426 3787 5493 llic-

2211 5527 2414 5582 mensis
2442 5525 2555 5582 Eoo
2580 5526 2832 5598 indignus
2855 5528 3161 5599 quiscepus,
3183 5527 3328 5583 inter
3355 5534 3584 5584 caeteros
3604 5530 3797 5585 anxios

2212 5617 2387 5675 tribus
2439 5617 2676 5674 amictus
2732 5620 3024 5689 pressaris,
3080 5619 3135 5673 id
3183 5628 3289 5685 est,
3345 5619 3575 5676 sublatis
3629 5618 3799 5677 rebus

2208 5709 2482 5776 omnibus,
2509 5709 2561 5764 in
2589 5710 2671 5764 ira
2699 5710 2784 5764 vel
2808 5710 3053 5766 custodia
3081 5726 3374 5781 oppressus
3397 5714 3676 5784 principis,
3704 5712 3793 5766 in-

2208 5812 2371 5869 super
2385 5809 2441 5855 et
2458 5798 2636 5857 fessus
2652 5800 2973 5873 aegritudine
2995 5801 3257 5873 corporis,
3288 5812 3481 5861 sancto
3501 5819 3623 5860 cum
3646 5802 3794 5861 Psal-
