  <div class='ocr_page' id='page_1' title='image "/cluster/home/n/w/nwhite01/storage/ocr_20150623/116/hvd.32044015466881/012.png"; bbox 0 0 4032 6450; ppageno 0'>
   <div class='ocr_carea' id='block_1_1' title="bbox 286 346 2201 421">
    <p class='ocr_par' dir='ltr' id='par_1_1' title="bbox 286 346 2201 421">
     <span class='ocr_line' id='line_1_1' title="bbox 286 346 2201 421; baseline -0.008 -1"><span class='ocrx_word' id='word_1_1' title='bbox 286 360 356 421; x_wconf 80' lang='grc'><strong>15</strong></span> <span class='ocrx_word' id='word_1_2' title='bbox 1642 346 2201 407; x_wconf 69' lang='grc' dir='ltr'><strong>Αεοωριςτιευιι.</strong></span> 
     </span>
    </p>
   </div>
   <div class='ocr_carea' id='block_1_2' title="bbox 3479 343 3561 405">
    <p class='ocr_par' dir='ltr' id='par_1_2' title="bbox 3479 343 3561 405">
     <span class='ocr_line' id='line_1_2' title="bbox 3479 343 3561 405; baseline 0.024 -2"><span class='ocrx_word' id='word_1_3' title='bbox 3479 343 3561 405; x_wconf 73' lang='grc' dir='ltr'><strong>ιι</strong></span> 
     </span>
    </p>
   </div>
   <div class='ocr_carea' id='block_1_3' title="bbox 286 461 3563 542">
    <p class='ocr_par' dir='ltr' id='par_1_3' title="bbox 286 461 3563 542">
     <span class='ocr_line' id='line_1_3' title="bbox 286 461 3563 542; baseline -0.005 -7"><span class='ocrx_word' id='word_1_4' title='bbox 286 477 449 535; x_wconf 84' lang='lat' dir='ltr'><strong>mista</strong></span> <span class='ocrx_word' id='word_1_5' title='bbox 482 474 666 532; x_wconf 82' lang='lat' dir='ltr'><strong>dicere</strong></span> <span class='ocrx_word' id='word_1_6' title='bbox 691 487 799 529; x_wconf 90' lang='lat' dir='ltr'><strong>non</strong></span> <span class='ocrx_word' id='word_1_7' title='bbox 834 468 1063 529; x_wconf 81' lang='lat' dir='ltr'><strong>erubui:</strong></span> <span class='ocrx_word' id='word_1_8' title='bbox 1097 468 1434 542; x_wconf 81' lang='lat' dir='ltr'><strong>Iniquitatem</strong></span> <span class='ocrx_word' id='word_1_9' title='bbox 1461 482 1632 524; x_wconf 82' lang='lat' dir='ltr'><strong>meant</strong></span> <span class='ocrx_word' id='word_1_10' title='bbox 1660 482 1868 521; x_wconf 81' lang='lat' dir='ltr'><strong>annun-</strong></span> <span class='ocrx_word' id='word_1_11' title='bbox 1891 469 1947 528; x_wconf 73' lang='grc' dir='ltr'>Α</span> <span class='ocrx_word' id='word_1_12' title='bbox 1967 479 2130 535; x_wconf 88' lang='lat' dir='ltr'><strong>quam</strong></span> <span class='ocrx_word' id='word_1_13' title='bbox 2184 461 2539 519; x_wconf 78' lang='lat' dir='ltr'><strong>homicidium</strong></span> <span class='ocrx_word' id='word_1_14' title='bbox 2588 462 2868 521; x_wconf 83' lang='lat' dir='ltr'><strong>exsecravi</strong></span> <span class='ocrx_word' id='word_1_15' title='bbox 2893 502 2911 529; x_wconf 92' lang='lat'><strong>,</strong></span> <span class='ocrx_word' id='word_1_16' title='bbox 2961 469 3195 519; x_wconf 87' lang='lat' dir='ltr'><strong>testante</strong></span> <span class='ocrx_word' id='word_1_17' title='bbox 3250 462 3497 532; x_wconf 78' lang='lat' dir='ltr'><strong>apostolo</strong></span> <span class='ocrx_word' id='word_1_18' title='bbox 3531 482 3563 527; x_wconf 64' lang='grc' dir='ltr'>ει</span> 
     </span>
    </p>
   </div>
   <div class='ocr_carea' id='block_1_4' title="bbox 285 559 1861 638">
    <p class='ocr_par' dir='ltr' id='par_1_4' title="bbox 285 559 1861 638">
     <span class='ocr_line' id='line_1_4' title="bbox 285 559 1861 638; baseline -0.008 -13"><span class='ocrx_word' id='word_1_19' title='bbox 285 572 448 632; x_wconf 86' lang='lat' dir='ltr'><strong>tiabo,</strong></span> <span class='ocrx_word' id='word_1_20' title='bbox 474 578 522 623; x_wconf 91' lang='lat' dir='ltr'><strong>et</strong></span> <span class='ocrx_word' id='word_1_21' title='bbox 548 566 785 638; x_wconf 78' lang='lat' dir='ltr'><strong>cogitabo</strong></span> <span class='ocrx_word' id='word_1_22' title='bbox 802 580 896 636; x_wconf 88' lang='lat' dir='ltr'><strong>pro</strong></span> <span class='ocrx_word' id='word_1_23' title='bbox 924 571 1133 635; x_wconf 81' lang='lat' dir='ltr'><strong>peccato</strong></span> <span class='ocrx_word' id='word_1_24' title='bbox 1160 576 1273 618; x_wconf 86' lang='lat' dir='ltr'><strong>meo</strong></span> <span class='ocrx_word' id='word_1_25' title='bbox 1299 559 1473 634; x_wconf 89' lang='lat' dir='ltr'><strong>(Psal.</strong></span> <span class='ocrx_word' id='word_1_26' title='bbox 1518 575 1730 625; x_wconf 81' lang='lat' dir='ltr'><strong>xxxvn,</strong></span> <span class='ocrx_word' id='word_1_27' title='bbox 1752 559 1861 629; x_wconf 80' lang='lat' dir='ltr'><strong>l9);</strong></span> 
     </span>
    </p>
   </div>
   <div class='ocr_carea' id='block_1_5' title="bbox 285 652 1866 732">
    <p class='ocr_par' dir='ltr' id='par_1_5' title="bbox 285 652 1866 732">
     <span class='ocr_line' id='line_1_5' title="bbox 285 652 1866 732; baseline -0.011 -9"><span class='ocrx_word' id='word_1_28' title='bbox 285 663 487 723; x_wconf 81' lang='lat' dir='ltr'><strong>divinis</strong></span> <span class='ocrx_word' id='word_1_29' title='bbox 510 660 737 732; x_wconf 78' lang='lat' dir='ltr'><strong>ﬂagellis</strong></span> <span class='ocrx_word' id='word_1_30' title='bbox 762 659 1001 714; x_wconf 87' lang='lat' dir='ltr'><strong>monitus</strong></span> <span class='ocrx_word' id='word_1_31' title='bbox 1024 657 1071 714; x_wconf 94' lang='lat' dir='ltr'><strong>si</strong></span> <span class='ocrx_word' id='word_1_32' title='bbox 1101 656 1155 713; x_wconf 92' lang='lat' dir='ltr'><strong>in</strong></span> <span class='ocrx_word' id='word_1_33' title='bbox 1174 656 1447 728; x_wconf 84' lang='lat' dir='ltr'><strong>prosperis</strong></span> <span class='ocrx_word' id='word_1_34' title='bbox 1475 656 1647 727; x_wconf 92' lang='lat' dir='ltr'><strong>legem</strong></span> <span class='ocrx_word' id='word_1_35' title='bbox 1681 652 1866 708; x_wconf 86' lang='lat' dir='ltr'><strong>Domi-&#39;-</strong></span> 
     </span>
    </p>
   </div>
   <div class='ocr_carea' id='block_1_6' title="bbox 284 745 1866 825">
    <p class='ocr_par' dir='ltr' id='par_1_6' title="bbox 284 745 1866 825">
     <span class='ocr_line' id='line_1_6' title="bbox 284 745 1866 825; baseline -0.006 -15"><span class='ocrx_word' id='word_1_36' title='bbox 284 754 342 811; x_wconf 84' lang='lat' dir='ltr'><strong>ni</strong></span> <span class='ocrx_word' id='word_1_37' title='bbox 395 752 629 825; x_wconf 79' lang='lat' dir='ltr'><strong>neglexi,</strong></span> <span class='ocrx_word' id='word_1_38' title='bbox 659 751 729 807; x_wconf 88' lang='lat' dir='ltr'><strong>ad</strong></span> <span class='ocrx_word' id='word_1_39' title='bbox 760 750 933 822; x_wconf 86' lang='lat' dir='ltr'><strong>ipsam</strong></span> <span class='ocrx_word' id='word_1_40' title='bbox 964 748 1018 804; x_wconf 92' lang='lat' dir='ltr'><strong>in</strong></span> <span class='ocrx_word' id='word_1_41' title='bbox 1046 748 1293 804; x_wconf 87' lang='lat' dir='ltr'><strong>adversis</strong></span> <span class='ocrx_word' id='word_1_42' title='bbox 1340 746 1631 816; x_wconf 86' lang='lat' dir='ltr'><strong>confugere</strong></span> <span class='ocrx_word' id='word_1_43' title='bbox 1676 745 1866 811; x_wconf 85' lang='lat' dir='ltr'><strong>debui;</strong></span> 
     </span>
    </p>
   </div>
   <div class='ocr_carea' id='block_1_7' title="bbox 284 830 1865 914">
    <p class='ocr_par' dir='ltr' id='par_1_7' title="bbox 284 830 1865 914">
     <span class='ocr_line' id='line_1_7' title="bbox 284 830 1865 914; baseline -0.006 -14"><span class='ocrx_word' id='word_1_44' title='bbox 284 843 360 900; x_wconf 87' lang='lat' dir='ltr'><strong>ita</strong></span> <span class='ocrx_word' id='word_1_45' title='bbox 392 855 468 909; x_wconf 91' lang='lat' dir='ltr'><strong>ut,</strong></span> <span class='ocrx_word' id='word_1_46' title='bbox 499 830 733 914; x_wconf 77' lang='lat' dir='ltr'><strong>siquem</strong></span> <span class='ocrx_word' id='word_1_47' title='bbox 762 857 859 913; x_wconf 88' lang='lat' dir='ltr'><strong>per</strong></span> <span class='ocrx_word' id='word_1_48' title='bbox 882 841 1179 913; x_wconf 84' lang='lat' dir='ltr'><strong>potentiam</strong></span> <span class='ocrx_word' id='word_1_49' title='bbox 1205 841 1477 911; x_wconf 89' lang='lat' dir='ltr'><strong>quondam</strong></span> <span class='ocrx_word' id='word_1_50' title='bbox 1509 838 1708 908; x_wconf 85' lang='lat' dir='ltr'><strong>injuste</strong></span> <span class='ocrx_word' id='word_1_51' title='bbox 1732 836 1865 900; x_wconf 64' lang='lat' dir='ltr'><strong>laesi,</strong></span> 
     </span>
    </p>
   </div>
   <div class='ocr_carea' id='block_1_8' title="bbox 283 930 1870 1005">
    <p class='ocr_par' dir='ltr' id='par_1_8' title="bbox 283 930 1870 1005">
     <span class='ocr_line' id='line_1_8' title="bbox 283 930 1870 1005; baseline -0.004 -14"><span class='ocrx_word' id='word_1_52' title='bbox 283 936 414 992; x_wconf 78' lang='lat' dir='ltr'><strong>hinc</strong></span> <span class='ocrx_word' id='word_1_53' title='bbox 459 936 512 991; x_wconf 89' lang='lat' dir='ltr'><strong>in</strong></span> <span class='ocrx_word' id='word_1_54' title='bbox 544 934 808 1005; x_wconf 84' lang='lat' dir='ltr'><strong>angustiis</strong></span> <span class='ocrx_word' id='word_1_55' title='bbox 836 949 924 990; x_wconf 88' lang='lat' dir='ltr'><strong>me</strong></span> <span class='ocrx_word' id='word_1_56' title='bbox 972 932 1259 988; x_wconf 61' lang='lat' dir='ltr'><strong>laedentem</strong></span> <span class='ocrx_word' id='word_1_57' title='bbox 1290 932 1435 988; x_wconf 89' lang='lat' dir='ltr'><strong>ferre</strong></span> <span class='ocrx_word' id='word_1_58' title='bbox 1484 931 1752 1002; x_wconf 86' lang='lat' dir='ltr'><strong>patienter</strong></span> <span class='ocrx_word' id='word_1_59' title='bbox 1778 930 1870 984; x_wconf 78' lang='lat' dir='ltr'><strong>de-</strong></span> 
     </span>
    </p>
   </div>
   <div class='ocr_carea' id='block_1_9' title="bbox 284 1020 1870 1095">
    <p class='ocr_par' dir='ltr' id='par_1_9' title="bbox 284 1020 1870 1095">
     <span class='ocr_line' id='line_1_9' title="bbox 284 1020 1870 1095; baseline -0.004 -14"><span class='ocrx_word' id='word_1_60' title='bbox 284 1029 431 1082; x_wconf 89' lang='lat' dir='ltr'><strong>vovi.</strong></span> <span class='ocrx_word' id='word_1_61' title='bbox 482 1025 540 1083; x_wconf 89' lang='lat' dir='ltr'><strong>Si</strong></span> <span class='ocrx_word' id='word_1_62' title='bbox 570 1026 657 1083; x_wconf 91' lang='lat' dir='ltr'><strong>cui</strong></span> <span class='ocrx_word' id='word_1_63' title='bbox 690 1026 857 1082; x_wconf 90' lang='lat' dir='ltr'><strong>etiam</strong></span> <span class='ocrx_word' id='word_1_64' title='bbox 901 1023 1107 1095; x_wconf 91' lang='lat' dir='ltr'><strong>aliquid</strong></span> <span class='ocrx_word' id='word_1_65' title='bbox 1134 1024 1375 1079; x_wconf 89' lang='lat' dir='ltr'><strong>iudebite</strong></span> <span class='ocrx_word' id='word_1_66' title='bbox 1421 1022 1641 1087; x_wconf 88' lang='lat' dir='ltr'><strong>abstuli,</strong></span> <span class='ocrx_word' id='word_1_67' title='bbox 1677 1020 1870 1077; x_wconf 87' lang='lat' dir='ltr'><strong>ablatis</strong></span> 
     </span>
    </p>
   </div>
   <div class='ocr_carea' id='block_1_10' title="bbox 284 1112 1872 1181">
    <p class='ocr_par' dir='ltr' id='par_1_10' title="bbox 284 1112 1872 1181">
     <span class='ocr_line' id='line_1_10' title="bbox 284 1112 1872 1181; baseline -0.004 -7"><span class='ocrx_word' id='word_1_68' title='bbox 284 1118 420 1175; x_wconf 88' lang='lat' dir='ltr'><strong>mihi</strong></span> <span class='ocrx_word' id='word_1_69' title='bbox 468 1118 719 1174; x_wconf 91' lang='lat' dir='ltr'><strong>omnibus</strong></span> <span class='ocrx_word' id='word_1_70' title='bbox 775 1132 883 1171; x_wconf 89' lang='lat' dir='ltr'><strong>non</strong></span> <span class='ocrx_word' id='word_1_71' title='bbox 925 1114 1250 1181; x_wconf 80' lang='lat' dir='ltr'><strong>contradixi,</strong></span> <span class='ocrx_word' id='word_1_72' title='bbox 1297 1115 1390 1169; x_wconf 91' lang='lat' dir='ltr'><strong>sed</strong></span> <span class='ocrx_word' id='word_1_73' title='bbox 1420 1112 1684 1169; x_wconf 90' lang='lat' dir='ltr'><strong>auferenti</strong></span> <span class='ocrx_word' id='word_1_74' title='bbox 1729 1113 1872 1168; x_wconf 90' lang='lat' dir='ltr'><strong>tuni—</strong></span> 
     </span>
    </p>
   </div>
   <div class='ocr_carea' id='block_1_11' title="bbox 285 1203 1871 1277">
    <p class='ocr_par' dir='ltr' id='par_1_11' title="bbox 285 1203 1871 1277">
     <span class='ocr_line' id='line_1_11' title="bbox 285 1203 1871 1277; baseline -0.003 -16"><span class='ocrx_word' id='word_1_75' title='bbox 285 1220 431 1272; x_wconf 93' lang='lat' dir='ltr'><strong>cam,</strong></span> <span class='ocrx_word' id='word_1_76' title='bbox 463 1207 626 1261; x_wconf 91' lang='lat' dir='ltr'><strong>etiam</strong></span> <span class='ocrx_word' id='word_1_77' title='bbox 667 1214 725 1260; x_wconf 91' lang='lat' dir='ltr'><strong>et</strong></span> <span class='ocrx_word' id='word_1_78' title='bbox 749 1204 975 1277; x_wconf 87' lang='lat' dir='ltr'><strong>pallium</strong></span> <span class='ocrx_word' id='word_1_79' title='bbox 1006 1204 1220 1274; x_wconf 89' lang='lat' dir='ltr'><strong>reliqui.</strong></span> <span class='ocrx_word' id='word_1_80' title='bbox 1264 1203 1320 1259; x_wconf 90' lang='lat' dir='ltr'><strong>Si</strong></span> <span class='ocrx_word' id='word_1_81' title='bbox 1359 1205 1504 1259; x_wconf 90' lang='lat' dir='ltr'><strong>enim</strong></span> <span class='ocrx_word' id='word_1_82' title='bbox 1551 1203 1871 1274; x_wconf 83' lang='lat' dir='ltr'><strong>quandoque</strong></span> 
     </span>
    </p>
   </div>
   <div class='ocr_carea' id='block_1_12' title="bbox 286 1293 1869 1369">
    <p class='ocr_par' dir='ltr' id='par_1_12' title="bbox 286 1293 1869 1369">
     <span class='ocr_line' id='line_1_12' title="bbox 286 1293 1869 1369; baseline -0.003 -15"><span class='ocrx_word' id='word_1_83' title='bbox 286 1299 508 1354; x_wconf 91' lang='lat' dir='ltr'><strong>unicum</strong></span> <span class='ocrx_word' id='word_1_84' title='bbox 548 1297 760 1369; x_wconf 76' lang='lat' dir='ltr'><strong>neglexi</strong></span> <span class='ocrx_word' id='word_1_85' title='bbox 792 1293 1075 1352; x_wconf 77' lang='lat' dir='ltr'><strong>inimicum</strong></span> <span class='ocrx_word' id='word_1_86' title='bbox 1103 1296 1347 1367; x_wconf 84' lang='lat' dir='ltr'><strong>diligere,</strong></span> <span class='ocrx_word' id='word_1_87' title='bbox 1380 1296 1508 1351; x_wconf 87' lang='lat' dir='ltr'><strong>hinc</strong></span> <span class='ocrx_word' id='word_1_88' title='bbox 1530 1303 1586 1349; x_wconf 91' lang='lat' dir='ltr'><strong>et</strong></span> <span class='ocrx_word' id='word_1_89' title='bbox 1616 1308 1716 1365; x_wconf 87' lang='lat' dir='ltr'><strong>pro</strong></span> <span class='ocrx_word' id='word_1_90' title='bbox 1740 1309 1869 1364; x_wconf 88' lang='lat' dir='ltr'><strong>per-</strong></span> 
     </span>
    </p>
   </div>
   <div class='ocr_carea' id='block_1_13' title="bbox 288 1385 1872 1457">
    <p class='ocr_par' dir='ltr' id='par_1_13' title="bbox 288 1385 1872 1457">
     <span class='ocr_line' id='line_1_13' title="bbox 288 1385 1872 1457; baseline -0.005 -11"><span class='ocrx_word' id='word_1_91' title='bbox 288 1389 631 1446; x_wconf 80' lang='lat' dir='ltr'><strong>secutoribus</strong></span> <span class='ocrx_word' id='word_1_92' title='bbox 654 1402 814 1443; x_wconf 87' lang='lat' dir='ltr'><strong>orare</strong></span> <span class='ocrx_word' id='word_1_93' title='bbox 840 1387 1026 1442; x_wconf 88' lang='lat' dir='ltr'><strong>didici.</strong></span> <span class='ocrx_word' id='word_1_94' title='bbox 1055 1386 1254 1457; x_wconf 88' lang='lat' dir='ltr'><strong>Sicque</strong></span> <span class='ocrx_word' id='word_1_95' title='bbox 1282 1386 1472 1442; x_wconf 87' lang='lat' dir='ltr'><strong>humili</strong></span> <span class='ocrx_word' id='word_1_96' title='bbox 1500 1385 1872 1442; x_wconf 79' lang='lat' dir='ltr'><strong>satisfactione</strong></span> 
     </span>
    </p>
   </div>
   <div class='ocr_carea' id='block_1_14' title="bbox 286 1477 1871 1551">
    <p class='ocr_par' dir='ltr' id='par_1_14' title="bbox 286 1477 1871 1551">
     <span class='ocr_line' id='line_1_14' title="bbox 286 1477 1871 1551; baseline -0.003 -16"><span class='ocrx_word' id='word_1_97' title='bbox 286 1480 666 1551; x_wconf 88' lang='lat' dir='ltr'><strong>memetipsum</strong></span> <span class='ocrx_word' id='word_1_98' title='bbox 696 1494 980 1545; x_wconf 88' lang='lat' dir='ltr'><strong>accusans,</strong></span> <span class='ocrx_word' id='word_1_99' title='bbox 1020 1477 1234 1535; x_wconf 87' lang='lat' dir='ltr'><strong>furores</strong></span> <span class='ocrx_word' id='word_1_100' title='bbox 1254 1477 1696 1550; x_wconf 86' lang='lat' dir='ltr'><strong>persequentium</strong></span> <span class='ocrx_word' id='word_1_101' title='bbox 1726 1477 1871 1531; x_wconf 91' lang='lat' dir='ltr'><strong>miti-</strong></span> 
     </span>
    </p>
   </div>
   <div class='ocr_carea' id='block_1_15' title="bbox 286 1570 1872 1644">
    <p class='ocr_par' dir='ltr' id='par_1_15' title="bbox 286 1570 1872 1644">
     <span class='ocr_line' id='line_1_15' title="bbox 286 1570 1872 1644; baseline 0 -19"><span class='ocrx_word' id='word_1_102' title='bbox 286 1586 439 1644; x_wconf 83' lang='lat' dir='ltr'><strong>gare,</strong></span> <span class='ocrx_word' id='word_1_103' title='bbox 466 1571 589 1642; x_wconf 84' lang='lat' dir='ltr'><strong>plus</strong></span> <span class='ocrx_word' id='word_1_104' title='bbox 617 1586 779 1642; x_wconf 90' lang='lat' dir='ltr'><strong>quam</strong></span> <span class='ocrx_word' id='word_1_105' title='bbox 806 1570 1023 1643; x_wconf 79' lang='lat' dir='ltr'><strong>litigare</strong></span> <span class='ocrx_word' id='word_1_106' title='bbox 1051 1570 1300 1637; x_wconf 89' lang='lat' dir='ltr'><strong>decrevi;</strong></span> <span class='ocrx_word' id='word_1_107' title='bbox 1338 1578 1527 1627; x_wconf 89' lang='lat' dir='ltr'><strong>sancto</strong></span> <span class='ocrx_word' id='word_1_108' title='bbox 1570 1570 1872 1626; x_wconf 85' lang='lat' dir='ltr'><strong>instruente</strong></span> 
     </span>
    </p>
   </div>
   <div class='ocr_carea' id='block_1_16' title="bbox 283 1662 1872 1734">
    <p class='ocr_par' dir='ltr' id='par_1_16' title="bbox 283 1662 1872 1734">
     <span class='ocr_line' id='line_1_16' title="bbox 283 1662 1872 1734; baseline -0.001 -16"><span class='ocrx_word' id='word_1_109' title='bbox 283 1663 582 1729; x_wconf 79' lang='lat' dir='ltr'><strong>Abraham,</strong></span> <span class='ocrx_word' id='word_1_110' title='bbox 622 1663 714 1733; x_wconf 92' lang='lat' dir='ltr'><strong>qui</strong></span> <span class='ocrx_word' id='word_1_111' title='bbox 766 1664 911 1718; x_wconf 81' lang='lat' dir='ltr'><strong>inter</strong></span> <span class='ocrx_word' id='word_1_112' title='bbox 938 1662 1178 1734; x_wconf 88' lang='lat' dir='ltr'><strong>pericula</strong></span> <span class='ocrx_word' id='word_1_113' title='bbox 1208 1677 1238 1717; x_wconf 89' lang='lat' dir='ltr'><strong>a</strong></span> <span class='ocrx_word' id='word_1_114' title='bbox 1259 1662 1572 1733; x_wconf 62' lang='lat' dir='ltr'><strong>prmlatione</strong></span> <span class='ocrx_word' id='word_1_115' title='bbox 1603 1662 1787 1717; x_wconf 79' lang='lat' dir='ltr'><strong>uxoris</strong></span> <span class='ocrx_word' id='word_1_116' title='bbox 1812 1677 1872 1717; x_wconf 85' lang='lat' dir='ltr'><strong>se</strong></span> 
     </span>
    </p>
   </div>
   <div class='ocr_carea' id='block_1_17' title="bbox 282 1755 1867 1825">
    <p class='ocr_par' dir='ltr' id='par_1_17' title="bbox 282 1755 1867 1825">
     <span class='ocr_line' id='line_1_17' title="bbox 282 1755 1867 1825; baseline -0.001 -13"><span class='ocrx_word' id='word_1_117' title='bbox 282 1770 508 1822; x_wconf 88' lang='lat' dir='ltr'><strong>exuens,</strong></span> <span class='ocrx_word' id='word_1_118' title='bbox 572 1756 682 1811; x_wconf 85' lang='lat' dir='ltr'><strong>vim</strong></span> <span class='ocrx_word' id='word_1_119' title='bbox 724 1756 1051 1811; x_wconf 78' lang='lat' dir='ltr'><strong>facientibus</strong></span> <span class='ocrx_word' id='word_1_120' title='bbox 1105 1755 1386 1810; x_wconf 87' lang='lat' dir='ltr'><strong>humiliter</strong></span> <span class='ocrx_word' id='word_1_121' title='bbox 1432 1755 1625 1812; x_wconf 89' lang='lat' dir='ltr'><strong>cedere</strong></span> <span class='ocrx_word' id='word_1_122' title='bbox 1672 1756 1867 1825; x_wconf 82' lang='lat' dir='ltr'><strong>magis,</strong></span> 
     </span>
    </p>
   </div>
   <div class='ocr_carea' id='block_1_18' title="bbox 1972 554 3549 627">
    <p class='ocr_par' dir='ltr' id='par_1_18' title="bbox 1972 554 3549 627">
     <span class='ocr_line' id='line_1_18' title="bbox 1972 554 3549 627; baseline 0.001 -16"><span class='ocrx_word' id='word_1_123' title='bbox 1972 556 2076 624; x_wconf 83' lang='lat' dir='ltr'><strong>Qui</strong></span> <span class='ocrx_word' id='word_1_124' title='bbox 2111 556 2220 611; x_wconf 85' lang='lat' dir='ltr'><strong>odit</strong></span> <span class='ocrx_word' id='word_1_125' title='bbox 2250 556 2469 626; x_wconf 77' lang='lat' dir='ltr'><strong>fratrem</strong></span> <span class='ocrx_word' id='word_1_126' title='bbox 2508 572 2682 623; x_wconf 86' lang='lat' dir='ltr'><strong>suum,</strong></span> <span class='ocrx_word' id='word_1_127' title='bbox 2706 555 2972 611; x_wconf 76' lang='lat' dir='ltr'><strong>homicida</strong></span> <span class='ocrx_word' id='word_1_128' title='bbox 2997 566 3073 611; x_wconf 87' lang='lat' dir='ltr'><strong>est</strong></span> <span class='ocrx_word' id='word_1_129' title='bbox 3110 554 3292 626; x_wconf 84' lang='lat' dir='ltr'><strong>(Joan.</strong></span> <span class='ocrx_word' id='word_1_130' title='bbox 3325 571 3406 621; x_wconf 87' lang='grc' dir='ltr'>ιιι,</span> <span class='ocrx_word' id='word_1_131' title='bbox 3436 555 3549 627; x_wconf 82' lang='grc'><strong>15).</strong></span> 
     </span>
    </p>
   </div>
   <div class='ocr_carea' id='block_1_19' title="bbox 1968 644 3549 717">
    <p class='ocr_par' dir='ltr' id='par_1_19' title="bbox 1968 644 3549 717">
     <span class='ocr_line' id='line_1_19' title="bbox 1968 644 3549 717; baseline -0.001 -14"><span class='ocrx_word' id='word_1_132' title='bbox 1968 646 2168 703; x_wconf 87' lang='lat' dir='ltr'><strong>Eodem</strong></span> <span class='ocrx_word' id='word_1_133' title='bbox 2191 645 2351 701; x_wconf 90' lang='lat' dir='ltr'><strong>modo</strong></span> <span class='ocrx_word' id='word_1_134' title='bbox 2374 646 2712 703; x_wconf 87' lang='lat' dir='ltr'><strong>mendacium</strong></span> <span class='ocrx_word' id='word_1_135' title='bbox 2736 646 2936 717; x_wconf 89' lang='lat' dir='ltr'><strong>respui,</strong></span> <span class='ocrx_word' id='word_1_136' title='bbox 2955 654 3013 700; x_wconf 91' lang='lat' dir='ltr'><strong>ut</strong></span> <span class='ocrx_word' id='word_1_137' title='bbox 3035 644 3213 702; x_wconf 87' lang='lat' dir='ltr'><strong>scelus</strong></span> <span class='ocrx_word' id='word_1_138' title='bbox 3232 645 3549 715; x_wconf 84' lang='lat' dir='ltr'><strong>pessimum,</strong></span> 
     </span>
    </p>
   </div>
   <div class='ocr_carea' id='block_1_20' title="bbox 1969 739 3553 813">
    <p class='ocr_par' dir='ltr' id='par_1_20' title="bbox 1969 739 3553 813">
     <span class='ocr_line' id='line_1_20' title="bbox 1969 739 3553 813; baseline 0.003 -18"><span class='ocrx_word' id='word_1_139' title='bbox 1969 739 2038 795; x_wconf 87' lang='lat' dir='ltr'><strong>de</strong></span> <span class='ocrx_word' id='word_1_140' title='bbox 2064 754 2171 811; x_wconf 91' lang='lat' dir='ltr'><strong>quo</strong></span> <span class='ocrx_word' id='word_1_141' title='bbox 2198 740 2456 797; x_wconf 84' lang='lat' dir='ltr'><strong>divinitus</strong></span> <span class='ocrx_word' id='word_1_142' title='bbox 2484 741 2715 813; x_wconf 85' lang='lat' dir='ltr'><strong>habetur</strong></span> <span class='ocrx_word' id='word_1_143' title='bbox 2753 742 3031 813; x_wconf 69' lang='lat' dir='ltr'><strong>praefixum</strong></span> <span class='ocrx_word' id='word_1_144' title='bbox 3085 760 3097 796; x_wconf 90' lang='lat'><strong>:</strong></span> <span class='ocrx_word' id='word_1_145' title='bbox 3130 739 3330 797; x_wconf 87' lang='lat' dir='ltr'><strong>Perdes</strong></span> <span class='ocrx_word' id='word_1_146' title='bbox 3371 757 3553 799; x_wconf 77' lang='lat' dir='ltr'><strong>omnes</strong></span> 
     </span>
    </p>
   </div>
   <div class='ocr_carea' id='block_1_21' title="bbox 1969 831 3554 907">
    <p class='ocr_par' dir='ltr' id='par_1_21' title="bbox 1969 831 3554 907">
     <span class='ocr_line' id='line_1_21' title="bbox 1969 831 3554 907; baseline 0.004 -22"><span class='ocrx_word' id='word_1_147' title='bbox 1969 832 2059 903; x_wconf 91' lang='lat' dir='ltr'><strong>qui</strong></span> <span class='ocrx_word' id='word_1_148' title='bbox 2096 831 2385 903; x_wconf 89' lang='lat' dir='ltr'><strong>loquuntur</strong></span> <span class='ocrx_word' id='word_1_149' title='bbox 2432 833 2762 887; x_wconf 81' lang='lat' dir='ltr'><strong>mendacium</strong></span> <span class='ocrx_word' id='word_1_150' title='bbox 2792 832 2964 906; x_wconf 88' lang='lat' dir='ltr'><strong>(Psal.</strong></span> <span class='ocrx_word' id='word_1_151' title='bbox 3005 850 3058 900; x_wconf 84' lang='grc' dir='ltr'><strong>ν,</strong></span> <span class='ocrx_word' id='word_1_152' title='bbox 3085 833 3139 906; x_wconf 82' lang='lat'><strong>7)</strong></span> <span class='ocrx_word' id='word_1_153' title='bbox 3166 852 3178 888; x_wconf 85' lang='grc'>;</span> <span class='ocrx_word' id='word_1_154' title='bbox 3209 850 3317 907; x_wconf 92' lang='lat' dir='ltr'><strong>quo</strong></span> <span class='ocrx_word' id='word_1_155' title='bbox 3346 834 3554 892; x_wconf 83' lang='lat' dir='ltr'><strong>scelere</strong></span> 
     </span>
    </p>
   </div>
   <div class='ocr_carea' id='block_1_22' title="bbox 1969 922 3555 1001">
    <p class='ocr_par' dir='ltr' id='par_1_22' title="bbox 1969 922 3555 1001">
     <span class='ocr_line' id='line_1_22' title="bbox 1969 922 3555 1001; baseline 0.003 -21"><span class='ocrx_word' id='word_1_156' title='bbox 1969 922 2262 980; x_wconf 74' lang='lat' dir='ltr'><strong>offenditur</strong></span> <span class='ocrx_word' id='word_1_157' title='bbox 2307 925 2470 992; x_wconf 87' lang='lat' dir='ltr'><strong>Deus,</strong></span> <span class='ocrx_word' id='word_1_158' title='bbox 2516 926 2785 998; x_wconf 89' lang='lat' dir='ltr'><strong>decipitur</strong></span> <span class='ocrx_word' id='word_1_159' title='bbox 2828 930 3122 1000; x_wconf 88' lang='lat' dir='ltr'><strong>proximus,</strong></span> <span class='ocrx_word' id='word_1_160' title='bbox 3160 930 3305 1001; x_wconf 89' lang='lat' dir='ltr'><strong>perit</strong></span> <span class='ocrx_word' id='word_1_161' title='bbox 3341 938 3397 984; x_wconf 91' lang='lat' dir='ltr'><strong>et</strong></span> <span class='ocrx_word' id='word_1_162' title='bbox 3436 930 3555 999; x_wconf 88' lang='lat' dir='ltr'><strong>ipse</strong></span> 
     </span>
    </p>
   </div>
   <div class='ocr_carea' id='block_1_23' title="bbox 1968 1014 3551 1089">
    <p class='ocr_par' dir='ltr' id='par_1_23' title="bbox 1968 1014 3551 1089">
     <span class='ocr_line' id='line_1_23' title="bbox 1968 1014 3551 1089; baseline 0.001 -22"><span class='ocrx_word' id='word_1_163' title='bbox 1968 1014 2188 1085; x_wconf 87' lang='lat' dir='ltr'><strong>propria</strong></span> <span class='ocrx_word' id='word_1_164' title='bbox 2213 1017 2536 1072; x_wconf 85' lang='lat' dir='ltr'><strong>necessitate</strong></span> <span class='ocrx_word' id='word_1_165' title='bbox 2562 1014 2803 1072; x_wconf 86' lang='lat' dir='ltr'><strong>dolosus.</strong></span> <span class='ocrx_word' id='word_1_166' title='bbox 2832 1016 3039 1085; x_wconf 86' lang='lat' dir='ltr'><strong>Quibus</strong></span> <span class='ocrx_word' id='word_1_167' title='bbox 3068 1019 3287 1088; x_wconf 87' lang='lat' dir='ltr'><strong>quidem</strong></span> <span class='ocrx_word' id='word_1_168' title='bbox 3321 1018 3551 1089; x_wconf 70' lang='lat' dir='ltr'><strong>aliisque</strong></span> 
     </span>
    </p>
   </div>
   <div class='ocr_carea' id='block_1_24' title="bbox 1969 1094 3555 1182">
    <p class='ocr_par' dir='ltr' id='par_1_24' title="bbox 1969 1094 3555 1182">
     <span class='ocr_line' id='line_1_24' title="bbox 1969 1094 3555 1182; baseline 0.005 -22"><span class='ocrx_word' id='word_1_169' title='bbox 1969 1105 2236 1161; x_wconf 75' lang='lat' dir='ltr'><strong>similibus</strong></span> <span class='ocrx_word' id='word_1_170' title='bbox 2265 1106 2789 1166; x_wconf 87' lang='lat' dir='ltr'><strong>formidolosissimis</strong></span> <span class='ocrx_word' id='word_1_171' title='bbox 2836 1094 3081 1180; x_wconf 73' lang='lat' dir='ltr'><strong>pestibus</strong></span> <span class='ocrx_word' id='word_1_172' title='bbox 3122 1112 3344 1167; x_wconf 85' lang='lat' dir='ltr'><strong>territus</strong></span> <span class='ocrx_word' id='word_1_173' title='bbox 3386 1122 3555 1182; x_wconf 88' lang='lat' dir='ltr'><strong>atque</strong></span> 
     </span>
    </p>
   </div>
   <div class='ocr_carea' id='block_1_25' title="bbox 1970 1204 3551 1276">
    <p class='ocr_par' dir='ltr' id='par_1_25' title="bbox 1970 1204 3551 1276">
     <span class='ocr_line' id='line_1_25' title="bbox 1970 1204 3551 1276; baseline 0.005 -21"><span class='ocrx_word' id='word_1_174' title='bbox 1970 1211 2346 1270; x_wconf 78' lang='lat' dir='ltr'><strong>compunctus,</strong></span> <span class='ocrx_word' id='word_1_175' title='bbox 2400 1218 2507 1258; x_wconf 87' lang='lat' dir='ltr'><strong>non</strong></span> <span class='ocrx_word' id='word_1_176' title='bbox 2547 1204 2695 1271; x_wconf 81' lang='lat' dir='ltr'><strong>ficte,</strong></span> <span class='ocrx_word' id='word_1_177' title='bbox 2745 1205 2842 1260; x_wconf 90' lang='lat' dir='ltr'><strong>sed</strong></span> <span class='ocrx_word' id='word_1_178' title='bbox 2871 1205 3063 1261; x_wconf 89' lang='lat' dir='ltr'><strong>devote</strong></span> <span class='ocrx_word' id='word_1_179' title='bbox 3096 1208 3424 1276; x_wconf 86' lang='lat' dir='ltr'><strong>corripiente</strong></span> <span class='ocrx_word' id='word_1_180' title='bbox 3461 1223 3551 1263; x_wconf 89' lang='lat' dir='ltr'><strong>me</strong></span> 
     </span>
    </p>
   </div>
   <div class='ocr_carea' id='block_1_26' title="bbox 1970 1290 3554 1370">
    <p class='ocr_par' dir='ltr' id='par_1_26' title="bbox 1970 1290 3554 1370">
     <span class='ocr_line' id='line_1_26' title="bbox 1970 1290 3554 1370; baseline 0.006 -25"><span class='ocrx_word' id='word_1_181' title='bbox 1970 1290 2201 1348; x_wconf 87' lang='lat' dir='ltr'><strong>Domino</strong></span> <span class='ocrx_word' id='word_1_182' title='bbox 2249 1294 2506 1367; x_wconf 83' lang='lat' dir='ltr'><strong>ingemni,</strong></span> <span class='ocrx_word' id='word_1_183' title='bbox 2558 1297 2651 1367; x_wconf 87' lang='lat' dir='ltr'><strong>qui</strong></span> <span class='ocrx_word' id='word_1_184' title='bbox 2697 1313 2825 1368; x_wconf 81' lang='lat' dir='ltr'><strong>quos</strong></span> <span class='ocrx_word' id='word_1_185' title='bbox 2873 1308 3036 1362; x_wconf 87' lang='lat' dir='ltr'><strong>amat,</strong></span> <span class='ocrx_word' id='word_1_186' title='bbox 3077 1300 3269 1369; x_wconf 80' lang='lat' dir='ltr'><strong>arguit,</strong></span> <span class='ocrx_word' id='word_1_187' title='bbox 3321 1299 3554 1370; x_wconf 80' lang='lat' dir='ltr'><strong>ﬂagellat</strong></span> 
     </span>
    </p>
   </div>
   <div class='ocr_carea' id='block_1_27' title="bbox 1971 1384 3553 1461">
    <p class='ocr_par' dir='ltr' id='par_1_27' title="bbox 1971 1384 3553 1461">
     <span class='ocr_line' id='line_1_27' title="bbox 1971 1384 3553 1461; baseline 0.006 -25"><span class='ocrx_word' id='word_1_188' title='bbox 1971 1397 2171 1438; x_wconf 88' lang='lat' dir='ltr'><strong>omnem</strong></span> <span class='ocrx_word' id='word_1_189' title='bbox 2204 1384 2376 1453; x_wconf 79' lang='lat' dir='ltr'><strong>ﬁlium</strong></span> <span class='ocrx_word' id='word_1_190' title='bbox 2406 1426 2422 1452; x_wconf 92' lang='lat'><strong>,</strong></span> <span class='ocrx_word' id='word_1_191' title='bbox 2469 1403 2622 1456; x_wconf 89' lang='lat' dir='ltr'><strong>quem</strong></span> <span class='ocrx_word' id='word_1_192' title='bbox 2674 1389 2853 1456; x_wconf 79' lang='lat' dir='ltr'><strong>recipit</strong></span> <span class='ocrx_word' id='word_1_193' title='bbox 2900 1387 3061 1459; x_wconf 83' lang='lat' dir='ltr'><strong>(Heb.</strong></span> <span class='ocrx_word' id='word_1_194' title='bbox 3096 1405 3195 1456; x_wconf 84' lang='lat' dir='ltr'><strong>xu,</strong></span> <span class='ocrx_word' id='word_1_195' title='bbox 3237 1389 3317 1461; x_wconf 88' lang='lat'><strong>6),</strong></span> <span class='ocrx_word' id='word_1_196' title='bbox 3362 1399 3553 1447; x_wconf 87' lang='lat' dir='ltr'><strong>sancto</strong></span> 
     </span>
    </p>
   </div>
   <div class='ocr_carea' id='block_1_28' title="bbox 1972 1474 3552 1550">
    <p class='ocr_par' dir='ltr' id='par_1_28' title="bbox 1972 1474 3552 1550">
     <span class='ocr_line' id='line_1_28' title="bbox 1972 1474 3552 1550; baseline 0.004 -22"><span class='ocrx_word' id='word_1_197' title='bbox 1972 1474 2241 1531; x_wconf 90' lang='lat' dir='ltr'><strong>clamante</strong></span> <span class='ocrx_word' id='word_1_198' title='bbox 2293 1475 2551 1548; x_wconf 84' lang='lat' dir='ltr'><strong>Apostolo</strong></span> <span class='ocrx_word' id='word_1_199' title='bbox 2606 1497 2619 1533; x_wconf 90' lang='lat'><strong>:</strong></span> <span class='ocrx_word' id='word_1_200' title='bbox 2669 1477 2804 1533; x_wconf 84' lang='lat' dir='ltr'><strong>Cum</strong></span> <span class='ocrx_word' id='word_1_201' title='bbox 2844 1478 3176 1550; x_wconf 82' lang='lat' dir='ltr'><strong>judicamur,</strong></span> <span class='ocrx_word' id='word_1_202' title='bbox 3241 1497 3275 1533; x_wconf 92' lang='lat' dir='ltr'><strong>a</strong></span> <span class='ocrx_word' id='word_1_203' title='bbox 3325 1478 3552 1534; x_wconf 87' lang='lat' dir='ltr'><strong>Domino</strong></span> 
     </span>
    </p>
   </div>
   <div class='ocr_carea' id='block_1_29' title="bbox 1970 1570 3554 1640">
    <p class='ocr_par' dir='ltr' id='par_1_29' title="bbox 1970 1570 3554 1640">
     <span class='ocr_line' id='line_1_29' title="bbox 1970 1570 3554 1640; baseline 0.003 -17"><span class='ocrx_word' id='word_1_204' title='bbox 1970 1570 2313 1640; x_wconf 81' lang='lat' dir='ltr'><strong>corripimur,</strong></span> <span class='ocrx_word' id='word_1_205' title='bbox 2383 1581 2440 1627; x_wconf 78' lang='lat' dir='ltr'><strong>ut</strong></span> <span class='ocrx_word' id='word_1_206' title='bbox 2514 1589 2617 1628; x_wconf 86' lang='lat' dir='ltr'><strong>non</strong></span> <span class='ocrx_word' id='word_1_207' title='bbox 2666 1590 2787 1628; x_wconf 88' lang='lat' dir='ltr'><strong>cum</strong></span> <span class='ocrx_word' id='word_1_208' title='bbox 2827 1574 2926 1630; x_wconf 76' lang='lat' dir='ltr'><strong>hoc</strong></span> <span class='ocrx_word' id='word_1_209' title='bbox 2982 1574 3180 1629; x_wconf 87' lang='lat' dir='ltr'><strong>mundo</strong></span> <span class='ocrx_word' id='word_1_210' title='bbox 3237 1574 3554 1628; x_wconf 75' lang='lat' dir='ltr'><strong>damnentur</strong></span> 
     </span>
    </p>
   </div>
   <div class='ocr_carea' id='block_1_30' title="bbox 1971 1659 2457 1736">
    <p class='ocr_par' dir='ltr' id='par_1_30' title="bbox 1971 1659 2457 1736">
     <span class='ocr_line' id='line_1_30' title="bbox 1971 1659 2457 1736; baseline 0.006 -21"><span class='ocrx_word' id='word_1_211' title='bbox 1971 1659 2024 1732; x_wconf 87' lang='lat' dir='ltr'><strong>(l</strong></span> <span class='ocrx_word' id='word_1_212' title='bbox 2071 1659 2196 1717; x_wconf 85' lang='lat' dir='ltr'><strong>Cor.</strong></span> <span class='ocrx_word' id='word_1_213' title='bbox 2235 1679 2315 1729; x_wconf 84' lang='lat' dir='ltr'><strong>xl,-</strong></span> <span class='ocrx_word' id='word_1_214' title='bbox 2345 1663 2457 1736; x_wconf 75' lang='grc'><strong>52).</strong></span> 
     </span>
    </p>
   </div>
   <div class='ocr_carea' id='block_1_31' title="bbox 2038 1752 3551 1826">
    <p class='ocr_par' dir='ltr' id='par_1_31' title="bbox 2038 1752 3551 1826">
     <span class='ocr_line' id='line_1_31' title="bbox 2038 1752 3551 1826; baseline 0.003 -19"><span class='ocrx_word' id='word_1_215' title='bbox 2038 1752 2118 1809; x_wconf 87' lang='lat' dir='ltr'><strong>Ne</strong></span> <span class='ocrx_word' id='word_1_216' title='bbox 2146 1753 2309 1823; x_wconf 78' lang='lat' dir='ltr'><strong>igitur</strong></span> <span class='ocrx_word' id='word_1_217' title='bbox 2324 1755 2613 1811; x_wconf 69' lang='lat' dir='ltr'><strong>saevientes</strong></span> <span class='ocrx_word' id='word_1_218' title='bbox 2632 1754 2688 1810; x_wconf 90' lang='lat' dir='ltr'><strong>in</strong></span> <span class='ocrx_word' id='word_1_219' title='bbox 2721 1771 2810 1810; x_wconf 87' lang='lat' dir='ltr'><strong>me</strong></span> <span class='ocrx_word' id='word_1_220' title='bbox 2839 1756 3071 1826; x_wconf 86' lang='lat' dir='ltr'><strong>amplius</strong></span> <span class='ocrx_word' id='word_1_221' title='bbox 3091 1766 3402 1826; x_wconf 85' lang='lat' dir='ltr'><strong>peccarent,</strong></span> <span class='ocrx_word' id='word_1_222' title='bbox 3429 1755 3551 1811; x_wconf 85' lang='lat' dir='ltr'><strong>Sal-</strong></span> 
     </span>
    </p>
   </div>
   <div class='ocr_carea' id='block_1_32' title="bbox 283 1832 3553 1919">
    <p class='ocr_par' dir='ltr' id='par_1_32' title="bbox 283 1832 3553 1919">
     <span class='ocr_line' id='line_1_32' title="bbox 283 1832 3553 1919; baseline -0 -17"><span class='ocrx_word' id='word_1_223' title='bbox 283 1861 448 1919; x_wconf 87' lang='lat' dir='ltr'><strong>quam</strong></span> <span class='ocrx_word' id='word_1_224' title='bbox 496 1846 878 1904; x_wconf 87' lang='lat' dir='ltr'><strong>damnabiliter</strong></span> <span class='ocrx_word' id='word_1_225' title='bbox 921 1845 1180 1903; x_wconf 85' lang='lat' dir='ltr'><strong>resistere</strong></span> <span class='ocrx_word' id='word_1_226' title='bbox 1203 1846 1387 1918; x_wconf 82' lang='lat' dir='ltr'><strong>elegit.</strong></span> <span class='ocrx_word' id='word_1_227' title='bbox 1413 1845 1647 1902; x_wconf 88' lang='lat' dir='ltr'><strong>Sanctus</strong></span> <span class='ocrx_word' id='word_1_228' title='bbox 1680 1849 1867 1916; x_wconf 86' lang='lat' dir='ltr'><strong>utique</strong></span> <span class='ocrx_word' id='word_1_229' title='bbox 1894 1832 1943 1892; x_wconf 84' lang='grc' dir='ltr'><strong>Β</strong></span> <span class='ocrx_word' id='word_1_230' title='bbox 1968 1844 2175 1901; x_wconf 87' lang='lat' dir='ltr'><strong>vatoris</strong></span> <span class='ocrx_word' id='word_1_231' title='bbox 2194 1846 2365 1901; x_wconf 85' lang='lat' dir='ltr'><strong>nostri</strong></span> <span class='ocrx_word' id='word_1_232' title='bbox 2393 1846 2652 1902; x_wconf 88' lang='lat' dir='ltr'><strong>evadendi</strong></span> <span class='ocrx_word' id='word_1_233' title='bbox 2680 1861 2812 1903; x_wconf 90' lang='lat' dir='ltr'><strong>usus</strong></span> <span class='ocrx_word' id='word_1_234' title='bbox 2834 1861 2954 1903; x_wconf 91' lang='lat' dir='ltr'><strong>sum</strong></span> <span class='ocrx_word' id='word_1_235' title='bbox 2983 1857 3327 1917; x_wconf 80' lang='lat' dir='ltr'><strong>argumento,</strong></span> <span class='ocrx_word' id='word_1_236' title='bbox 3351 1847 3442 1916; x_wconf 87' lang='lat' dir='ltr'><strong>qui</strong></span> <span class='ocrx_word' id='word_1_237' title='bbox 3466 1848 3553 1901; x_wconf 89' lang='lat' dir='ltr'><strong>in-</strong></span> 
     </span>
    </p>
   </div>
   <div class='ocr_carea' id='block_1_33' title="bbox 282 1939 1866 2012">
    <p class='ocr_par' dir='ltr' id='par_1_33' title="bbox 282 1939 1866 2012">
     <span class='ocr_line' id='line_1_33' title="bbox 282 1939 1866 2012; baseline -0.004 -14"><span class='ocrx_word' id='word_1_238' title='bbox 282 1941 573 2012; x_wconf 66' lang='lat' dir='ltr'><strong>Apostolus</strong></span> <span class='ocrx_word' id='word_1_239' title='bbox 601 1957 707 1998; x_wconf 91' lang='lat' dir='ltr'><strong>non</strong></span> <span class='ocrx_word' id='word_1_240' title='bbox 733 1942 913 1999; x_wconf 88' lang='lat' dir='ltr'><strong>minus</strong></span> <span class='ocrx_word' id='word_1_241' title='bbox 932 1942 1122 1999; x_wconf 88' lang='lat' dir='ltr'><strong>eadem</strong></span> <span class='ocrx_word' id='word_1_242' title='bbox 1150 1941 1355 2005; x_wconf 91' lang='lat' dir='ltr'><strong>docuit,</strong></span> <span class='ocrx_word' id='word_1_243' title='bbox 1389 1955 1512 1997; x_wconf 91' lang='lat' dir='ltr'><strong>cum</strong></span> <span class='ocrx_word' id='word_1_244' title='bbox 1539 1939 1674 1995; x_wconf 86' lang='lat' dir='ltr'><strong>dixit</strong></span> <span class='ocrx_word' id='word_1_245' title='bbox 1700 1956 1712 1992; x_wconf 91' lang='lat'>:</span> <span class='ocrx_word' id='word_1_246' title='bbox 1741 1939 1866 1993; x_wconf 87' lang='lat' dir='ltr'><strong>Non</strong></span> 
     </span>
    </p>
   </div>
   <div class='ocr_carea' id='block_1_34' title="bbox 281 2029 1865 2102">
    <p class='ocr_par' dir='ltr' id='par_1_34' title="bbox 281 2029 1865 2102">
     <span class='ocr_line' id='line_1_34' title="bbox 281 2029 1865 2102; baseline -0.002 -15"><span class='ocrx_word' id='word_1_247' title='bbox 281 2034 628 2102; x_wconf 78' lang='lat' dir='ltr'><strong>vosmetipsos</strong></span> <span class='ocrx_word' id='word_1_248' title='bbox 675 2031 1031 2101; x_wconf 79' lang='lat' dir='ltr'><strong>defendentes,</strong></span> <span class='ocrx_word' id='word_1_249' title='bbox 1075 2031 1395 2097; x_wconf 76' lang='lat' dir='ltr'><strong>charissimi,</strong></span> <span class='ocrx_word' id='word_1_250' title='bbox 1426 2032 1514 2086; x_wconf 85' lang='lat' dir='ltr'><strong>sed</strong></span> <span class='ocrx_word' id='word_1_251' title='bbox 1548 2030 1668 2085; x_wconf 88' lang='lat' dir='ltr'><strong>date</strong></span> <span class='ocrx_word' id='word_1_252' title='bbox 1695 2029 1865 2084; x_wconf 85' lang='lat' dir='ltr'><strong>locum</strong></span> 
     </span>
    </p>
   </div>
   <div class='ocr_carea' id='block_1_35' title="bbox 283 2121 1865 2196">
    <p class='ocr_par' dir='ltr' id='par_1_35' title="bbox 283 2121 1865 2196">
     <span class='ocr_line' id='line_1_35' title="bbox 283 2121 1865 2196; baseline -0.003 -19"><span class='ocrx_word' id='word_1_253' title='bbox 283 2122 586 2196; x_wconf 78' lang='lat' dir='ltr'><strong>ira:(!iom.</strong></span> <span class='ocrx_word' id='word_1_254' title='bbox 620 2138 719 2189; x_wconf 84' lang='lat' dir='ltr'><strong>xu,</strong></span> <span class='ocrx_word' id='word_1_255' title='bbox 768 2122 877 2192; x_wconf 87' lang='lat' dir='ltr'><strong>l9).</strong></span> <span class='ocrx_word' id='word_1_256' title='bbox 916 2123 1061 2176; x_wconf 88' lang='lat' dir='ltr'><strong>Inter</strong></span> <span class='ocrx_word' id='word_1_257' title='bbox 1087 2123 1269 2178; x_wconf 84' lang='lat' dir='ltr'><strong>divina</strong></span> <span class='ocrx_word' id='word_1_258' title='bbox 1320 2121 1589 2190; x_wconf 89' lang='lat' dir='ltr'><strong>siquidem</strong></span> <span class='ocrx_word' id='word_1_259' title='bbox 1639 2121 1865 2175; x_wconf 88' lang='lat' dir='ltr'><strong>verbera</strong></span> 
     </span>
    </p>
   </div>
   <div class='ocr_carea' id='block_1_36' title="bbox 280 2212 1871 2282">
    <p class='ocr_par' dir='ltr' id='par_1_36' title="bbox 280 2212 1871 2282">
     <span class='ocr_line' id='line_1_36' title="bbox 280 2212 1871 2282; baseline -0.004 -11"><span class='ocrx_word' id='word_1_260' title='bbox 280 2213 481 2271; x_wconf 87' lang='lat' dir='ltr'><strong>beatus</strong></span> <span class='ocrx_word' id='word_1_261' title='bbox 526 2212 629 2270; x_wconf 80' lang='lat' dir='ltr'><strong>Job</strong></span> <span class='ocrx_word' id='word_1_262' title='bbox 672 2230 779 2270; x_wconf 87' lang='lat' dir='ltr'><strong>non</strong></span> <span class='ocrx_word' id='word_1_263' title='bbox 810 2228 1173 2278; x_wconf 77' lang='lat' dir='ltr'><strong>murmurare,</strong></span> <span class='ocrx_word' id='word_1_264' title='bbox 1203 2213 1298 2269; x_wconf 89' lang='lat' dir='ltr'><strong>sed</strong></span> <span class='ocrx_word' id='word_1_265' title='bbox 1325 2226 1485 2268; x_wconf 89' lang='lat' dir='ltr'><strong>orare</strong></span> <span class='ocrx_word' id='word_1_266' title='bbox 1510 2220 1673 2282; x_wconf 89' lang='lat' dir='ltr'><strong>atque</strong></span> <span class='ocrx_word' id='word_1_267' title='bbox 1701 2212 1871 2266; x_wconf 81' lang='lat' dir='ltr'><strong>conli-</strong></span> 
     </span>
    </p>
   </div>
   <div class='ocr_carea' id='block_1_37' title="bbox 283 2302 1868 2377">
    <p class='ocr_par' dir='ltr' id='par_1_37' title="bbox 283 2302 1868 2377">
     <span class='ocr_line' id='line_1_37' title="bbox 283 2302 1868 2377; baseline -0.003 -16"><span class='ocrx_word' id='word_1_268' title='bbox 283 2307 393 2361; x_wconf 86' lang='lat' dir='ltr'><strong>teri</strong></span> <span class='ocrx_word' id='word_1_269' title='bbox 422 2313 646 2377; x_wconf 87' lang='lat' dir='ltr'><strong>peccata</strong></span> <span class='ocrx_word' id='word_1_270' title='bbox 681 2305 890 2369; x_wconf 88' lang='lat' dir='ltr'><strong>maluit,</strong></span> <span class='ocrx_word' id='word_1_271' title='bbox 917 2320 1039 2361; x_wconf 90' lang='lat' dir='ltr'><strong>cum</strong></span> <span class='ocrx_word' id='word_1_272' title='bbox 1070 2305 1265 2359; x_wconf 85' lang='lat' dir='ltr'><strong>anxius</strong></span> <span class='ocrx_word' id='word_1_273' title='bbox 1292 2305 1433 2358; x_wconf 92' lang='lat' dir='ltr'><strong>inter</strong></span> <span class='ocrx_word' id='word_1_274' title='bbox 1470 2312 1669 2358; x_wconf 62' lang='lat' dir='ltr'><strong>caetera</strong></span> <span class='ocrx_word' id='word_1_275' title='bbox 1700 2302 1868 2357; x_wconf 85' lang='lat' dir='ltr'><strong>multa</strong></span> 
     </span>
    </p>
   </div>
   <div class='ocr_carea' id='block_1_38' title="bbox 282 2394 1868 2469">
    <p class='ocr_par' dir='ltr' id='par_1_38' title="bbox 282 2394 1868 2469">
     <span class='ocr_line' id='line_1_38' title="bbox 282 2394 1868 2469; baseline -0.002 -16"><span class='ocrx_word' id='word_1_276' title='bbox 282 2395 523 2453; x_wconf 83' lang='lat' dir='ltr'><strong>lamenta</strong></span> <span class='ocrx_word' id='word_1_277' title='bbox 544 2398 678 2453; x_wconf 82' lang='lat' dir='ltr'><strong>dixit</strong></span> <span class='ocrx_word' id='word_1_278' title='bbox 697 2417 709 2453; x_wconf 88' lang='lat'><strong>:</strong></span> <span class='ocrx_word' id='word_1_279' title='bbox 728 2397 947 2453; x_wconf 76' lang='lat' dir='ltr'><strong>Peccavi</strong></span> <span class='ocrx_word' id='word_1_280' title='bbox 968 2411 988 2450; x_wconf 88' lang='lat'><strong><em>:</em></strong></span> <span class='ocrx_word' id='word_1_281' title='bbox 1009 2398 1136 2469; x_wconf 89' lang='lat' dir='ltr'><strong>quid</strong></span> <span class='ocrx_word' id='word_1_282' title='bbox 1159 2394 1354 2468; x_wconf 82' lang='lat' dir='ltr'><strong>faciam</strong></span> <span class='ocrx_word' id='word_1_283' title='bbox 1377 2396 1487 2461; x_wconf 84' lang='lat' dir='ltr'><strong>tibi,</strong></span> <span class='ocrx_word' id='word_1_284' title='bbox 1512 2411 1542 2449; x_wconf 89' lang='grc' dir='ltr'><strong><em>ο</em></strong></span> <span class='ocrx_word' id='word_1_285' title='bbox 1569 2406 1742 2450; x_wconf 89' lang='lat' dir='ltr'><strong>custos</strong></span> <span class='ocrx_word' id='word_1_286' title='bbox 1771 2395 1868 2450; x_wconf 79' lang='lat' dir='ltr'><strong>lto-</strong></span> 
     </span>
    </p>
   </div>
   <div class='ocr_carea' id='block_1_39' title="bbox 282 2485 1865 2562">
    <p class='ocr_par' dir='ltr' id='par_1_39' title="bbox 282 2485 1865 2562">
     <span class='ocr_line' id='line_1_39' title="bbox 282 2485 1865 2562; baseline -0.001 -19"><span class='ocrx_word' id='word_1_287' title='bbox 282 2489 526 2543; x_wconf 79' lang='lat' dir='ltr'><strong>minum.’</strong></span> <span class='ocrx_word' id='word_1_288' title='bbox 569 2488 692 2562; x_wconf 85' lang='lat' dir='ltr'><strong>(Job</strong></span> <span class='ocrx_word' id='word_1_289' title='bbox 744 2503 846 2556; x_wconf 84' lang='lat' dir='ltr'><strong>vii,</strong></span> <span class='ocrx_word' id='word_1_290' title='bbox 876 2488 991 2561; x_wconf 74' lang='lat'><strong>20.)</strong></span> <span class='ocrx_word' id='word_1_291' title='bbox 1030 2488 1237 2556; x_wconf 86' lang='lat' dir='ltr'><strong>Quibus</strong></span> <span class='ocrx_word' id='word_1_292' title='bbox 1267 2487 1598 2542; x_wconf 84' lang='lat' dir='ltr'><strong>multimodis</strong></span> <span class='ocrx_word' id='word_1_293' title='bbox 1638 2485 1865 2541; x_wconf 89' lang='lat' dir='ltr'><strong>Patrum</strong></span> 
     </span>
    </p>
   </div>
   <div class='ocr_carea' id='block_1_40' title="bbox 234 2579 1866 2661">
    <p class='ocr_par' dir='ltr' id='par_1_40' title="bbox 234 2579 1866 2661">
     <span class='ocr_line' id='line_1_40' title="bbox 234 2579 1866 2661; baseline -0.003 -23"><span class='ocrx_word' id='word_1_294' title='bbox 234 2654 241 2661; x_wconf 22' lang='grc' dir='ltr'><em>μ</em></span> <span class='ocrx_word' id='word_1_295' title='bbox 285 2582 560 2638; x_wconf 86' lang='lat' dir='ltr'><strong>animatus</strong></span> <span class='ocrx_word' id='word_1_296' title='bbox 600 2581 886 2654; x_wconf 76' lang='lat' dir='ltr'><strong>exemplis,</strong></span> <span class='ocrx_word' id='word_1_297' title='bbox 942 2582 1137 2637; x_wconf 90' lang='lat' dir='ltr'><strong>ductus</strong></span> <span class='ocrx_word' id='word_1_298' title='bbox 1193 2581 1383 2636; x_wconf 88' lang='lat' dir='ltr'><strong>eodem</strong></span> <span class='ocrx_word' id='word_1_299' title='bbox 1437 2580 1710 2636; x_wconf 90' lang='lat' dir='ltr'><strong>mundano</strong></span> <span class='ocrx_word' id='word_1_300' title='bbox 1763 2579 1866 2633; x_wconf 80' lang='lat' dir='ltr'><strong>im—</strong></span> 
     </span>
    </p>
   </div>
   <div class='ocr_carea' id='block_1_41' title="bbox 281 2670 1867 2747">
    <p class='ocr_par' dir='ltr' id='par_1_41' title="bbox 281 2670 1867 2747">
     <span class='ocr_line' id='line_1_41' title="bbox 281 2670 1867 2747; baseline -0.003 -18"><span class='ocrx_word' id='word_1_301' title='bbox 281 2685 446 2747; x_wconf 90' lang='lat' dir='ltr'><strong>petu,</strong></span> <span class='ocrx_word' id='word_1_302' title='bbox 500 2674 812 2745; x_wconf 90' lang='lat' dir='ltr'><strong>compulsus</strong></span> <span class='ocrx_word' id='word_1_303' title='bbox 857 2673 924 2729; x_wconf 89' lang='lat' dir='ltr'><strong>ad</strong></span> <span class='ocrx_word' id='word_1_304' title='bbox 972 2672 1207 2728; x_wconf 88' lang='lat' dir='ltr'><strong>tribunal</strong></span> <span class='ocrx_word' id='word_1_305' title='bbox 1252 2670 1574 2742; x_wconf 89' lang='lat' dir='ltr'><strong>palatinum,</strong></span> <span class='ocrx_word' id='word_1_306' title='bbox 1633 2686 1741 2725; x_wconf 90' lang='lat' dir='ltr'><strong>non</strong></span> <span class='ocrx_word' id='word_1_307' title='bbox 1802 2670 1867 2725; x_wconf 90' lang='lat' dir='ltr'><strong>ad</strong></span> 
     </span>
    </p>
   </div>
   <div class='ocr_carea' id='block_1_42' title="bbox 285 2760 1867 2838">
    <p class='ocr_par' dir='ltr' id='par_1_42' title="bbox 285 2760 1867 2838">
     <span class='ocr_line' id='line_1_42' title="bbox 285 2760 1867 2838; baseline -0.005 -15"><span class='ocrx_word' id='word_1_308' title='bbox 285 2767 601 2838; x_wconf 85' lang='lat' dir='ltr'><strong>synodalem</strong></span> <span class='ocrx_word' id='word_1_309' title='bbox 623 2775 935 2823; x_wconf 85' lang='lat' dir='ltr'><strong>sanctorum</strong></span> <span class='ocrx_word' id='word_1_310' title='bbox 963 2771 1315 2830; x_wconf 90' lang='lat' dir='ltr'><strong>conventum,</strong></span> <span class='ocrx_word' id='word_1_311' title='bbox 1342 2778 1449 2834; x_wconf 90' lang='lat' dir='ltr'><strong>quo</strong></span> <span class='ocrx_word' id='word_1_312' title='bbox 1471 2760 1734 2819; x_wconf 83' lang='lat' dir='ltr'><strong>violenter</strong></span> <span class='ocrx_word' id='word_1_313' title='bbox 1761 2776 1867 2815; x_wconf 91' lang='lat' dir='ltr'><strong>non</strong></span> 
     </span>
    </p>
   </div>
   <div class='ocr_carea' id='block_1_43' title="bbox 283 2852 1868 2930">
    <p class='ocr_par' dir='ltr' id='par_1_43' title="bbox 283 2852 1868 2930">
     <span class='ocr_line' id='line_1_43' title="bbox 283 2852 1868 2930; baseline -0.006 -15"><span class='ocrx_word' id='word_1_314' title='bbox 283 2859 417 2915; x_wconf 90' lang='lat' dir='ltr'><strong>licet</strong></span> <span class='ocrx_word' id='word_1_315' title='bbox 447 2859 614 2926; x_wconf 84' lang='lat' dir='ltr'><strong>trahi,</strong></span> <span class='ocrx_word' id='word_1_316' title='bbox 641 2859 738 2916; x_wconf 91' lang='lat' dir='ltr'><strong>sed</strong></span> <span class='ocrx_word' id='word_1_317' title='bbox 787 2858 959 2930; x_wconf 88' lang='lat' dir='ltr'><strong>magis</strong></span> <span class='ocrx_word' id='word_1_318' title='bbox 1001 2856 1231 2913; x_wconf 89' lang='lat' dir='ltr'><strong>liberum</strong></span> <span class='ocrx_word' id='word_1_319' title='bbox 1271 2854 1535 2911; x_wconf 89' lang='lat' dir='ltr'><strong>canonice</strong></span> <span class='ocrx_word' id='word_1_320' title='bbox 1582 2852 1868 2909; x_wconf 87' lang='lat' dir='ltr'><strong>convocari</strong></span> 
     </span>
    </p>
   </div>
   <div class='ocr_carea' id='block_1_44' title="bbox 286 2945 1869 3023">
    <p class='ocr_par' dir='ltr' id='par_1_44' title="bbox 286 2945 1869 3023">
     <span class='ocr_line' id='line_1_44' title="bbox 286 2945 1869 3023; baseline -0.006 -15"><span class='ocrx_word' id='word_1_321' title='bbox 286 2953 625 3023; x_wconf 89' lang='lat' dir='ltr'><strong>episcopum.</strong></span> <span class='ocrx_word' id='word_1_322' title='bbox 655 2950 893 3022; x_wconf 75' lang='lat' dir='ltr'><strong>Contigit</strong></span> <span class='ocrx_word' id='word_1_323' title='bbox 919 2957 1101 3005; x_wconf 89' lang='lat' dir='ltr'><strong>tamen</strong></span> <span class='ocrx_word' id='word_1_324' title='bbox 1131 2963 1218 3004; x_wconf 92' lang='lat' dir='ltr'><strong>me</strong></span> <span class='ocrx_word' id='word_1_325' title='bbox 1248 2947 1304 3003; x_wconf 92' lang='lat' dir='ltr'><strong>in</strong></span> <span class='ocrx_word' id='word_1_326' title='bbox 1329 2945 1505 3002; x_wconf 89' lang='lat' dir='ltr'><strong>media</strong></span> <span class='ocrx_word' id='word_1_327' title='bbox 1527 2945 1869 3000; x_wconf 88' lang='lat' dir='ltr'><strong>multitudine</strong></span> 
     </span>
    </p>
   </div>
   <div class='ocr_carea' id='block_1_45' title="bbox 290 3037 1869 3103">
    <p class='ocr_par' dir='ltr' id='par_1_45' title="bbox 290 3037 1869 3103">
     <span class='ocr_line' id='line_1_45' title="bbox 290 3037 1869 3103; baseline -0.004 -4"><span class='ocrx_word' id='word_1_328' title='bbox 290 3051 605 3101; x_wconf 89' lang='lat' dir='ltr'><strong>sanctorum</strong></span> <span class='ocrx_word' id='word_1_329' title='bbox 627 3041 868 3097; x_wconf 90' lang='lat' dir='ltr'><strong>astitisse</strong></span> <span class='ocrx_word' id='word_1_330' title='bbox 887 3038 1134 3103; x_wconf 84' lang='lat' dir='ltr'><strong>fratrum,</strong></span> <span class='ocrx_word' id='word_1_331' title='bbox 1171 3038 1391 3094; x_wconf 86' lang='lat' dir='ltr'><strong>hiemali</strong></span> <span class='ocrx_word' id='word_1_332' title='bbox 1434 3039 1720 3095; x_wconf 80' lang='lat' dir='ltr'><strong>vexatione</strong></span> <span class='ocrx_word' id='word_1_333' title='bbox 1751 3037 1869 3093; x_wconf 90' lang='lat' dir='ltr'><strong>diu-</strong></span> 
     </span>
    </p>
   </div>
   <div class='ocr_carea' id='block_1_46' title="bbox 282 3132 1868 3204">
    <p class='ocr_par' dir='ltr' id='par_1_46' title="bbox 282 3132 1868 3204">
     <span class='ocr_line' id='line_1_46' title="bbox 282 3132 1868 3204; baseline -0.004 -12"><span class='ocrx_word' id='word_1_334' title='bbox 282 3137 402 3192; x_wconf 88' lang='lat' dir='ltr'><strong>tina</strong></span> <span class='ocrx_word' id='word_1_335' title='bbox 427 3135 502 3192; x_wconf 93' lang='lat' dir='ltr'><strong>ibi</strong></span> <span class='ocrx_word' id='word_1_336' title='bbox 532 3133 874 3200; x_wconf 83' lang='lat' dir='ltr'><strong>aﬂlictorum,</strong></span> <span class='ocrx_word' id='word_1_337' title='bbox 898 3146 1128 3204; x_wconf 89' lang='lat' dir='ltr'><strong>quorum</strong></span> <span class='ocrx_word' id='word_1_338' title='bbox 1154 3132 1519 3188; x_wconf 88' lang='lat' dir='ltr'><strong>consolatione</strong></span> <span class='ocrx_word' id='word_1_339' title='bbox 1547 3132 1637 3202; x_wconf 92' lang='lat' dir='ltr'><strong>pia</strong></span> <span class='ocrx_word' id='word_1_340' title='bbox 1657 3147 1868 3188; x_wconf 86' lang='lat' dir='ltr'><strong>recrea-</strong></span> 
     </span>
    </p>
   </div>
   <div class='ocr_carea' id='block_1_47' title="bbox 1968 1937 3555 2007">
    <p class='ocr_par' dir='ltr' id='par_1_47' title="bbox 1968 1937 3555 2007">
     <span class='ocr_line' id='line_1_47' title="bbox 1968 1937 3555 2007; baseline 0.001 -14"><span class='ocrx_word' id='word_1_341' title='bbox 1968 1944 2051 1993; x_wconf 79' lang='lat' dir='ltr'><strong>ter</strong></span> <span class='ocrx_word' id='word_1_342' title='bbox 2075 1952 2267 1993; x_wconf 86' lang='lat' dir='ltr'><strong>manus</strong></span> <span class='ocrx_word' id='word_1_343' title='bbox 2305 1937 2742 2007; x_wconf 84' lang='lat' dir='ltr'><strong>persequentium</strong></span> <span class='ocrx_word' id='word_1_344' title='bbox 2769 1954 2829 1994; x_wconf 90' lang='lat' dir='ltr'><strong>se</strong></span> <span class='ocrx_word' id='word_1_345' title='bbox 2874 1938 3177 2004; x_wconf 85' lang='lat' dir='ltr'><strong>abscondit,</strong></span> <span class='ocrx_word' id='word_1_346' title='bbox 3202 1946 3257 1992; x_wconf 91' lang='lat' dir='ltr'><strong>et</strong></span> <span class='ocrx_word' id='word_1_347' title='bbox 3281 1939 3448 1993; x_wconf 77' lang='lat' dir='ltr'><strong>exivit</strong></span> <span class='ocrx_word' id='word_1_348' title='bbox 3484 1939 3555 1994; x_wconf 88' lang='lat' dir='ltr'><strong>de</strong></span> 
     </span>
    </p>
   </div>
   <div class='ocr_carea' id='block_1_48' title="bbox 1968 2024 3551 2100">
    <p class='ocr_par' dir='ltr' id='par_1_48' title="bbox 1968 2024 3551 2100">
     <span class='ocr_line' id='line_1_48' title="bbox 1968 2024 3551 2100; baseline -0.001 -14"><span class='ocrx_word' id='word_1_349' title='bbox 1968 2030 2187 2100; x_wconf 85' lang='lat' dir='ltr'><strong>templo,</strong></span> <span class='ocrx_word' id='word_1_350' title='bbox 2230 2044 2404 2099; x_wconf 87' lang='lat' dir='ltr'><strong>neque</strong></span> <span class='ocrx_word' id='word_1_351' title='bbox 2430 2024 2684 2100; x_wconf 81' lang='lat' dir='ltr'><strong>periculis</strong></span> <span class='ocrx_word' id='word_1_352' title='bbox 2712 2029 3123 2085; x_wconf 83' lang='lat' dir='ltr'><strong>imminentibus</strong></span> <span class='ocrx_word' id='word_1_353' title='bbox 3172 2030 3357 2085; x_wconf 88' lang='lat' dir='ltr'><strong>distuli</strong></span> <span class='ocrx_word' id='word_1_354' title='bbox 3398 2031 3551 2087; x_wconf 76' lang='lat' dir='ltr'><strong>exire</strong></span> 
     </span>
    </p>
   </div>
   <div class='ocr_carea' id='block_1_49' title="bbox 1967 2120 3552 2192">
    <p class='ocr_par' dir='ltr' id='par_1_49' title="bbox 1967 2120 3552 2192">
     <span class='ocr_line' id='line_1_49' title="bbox 1967 2120 3552 2192; baseline -0.001 -14"><span class='ocrx_word' id='word_1_355' title='bbox 1967 2122 2036 2178; x_wconf 89' lang='lat' dir='ltr'><strong>de</strong></span> <span class='ocrx_word' id='word_1_356' title='bbox 2066 2122 2288 2191; x_wconf 84' lang='lat' dir='ltr'><strong>templo,</strong></span> <span class='ocrx_word' id='word_1_357' title='bbox 2326 2130 2379 2176; x_wconf 89' lang='lat' dir='ltr'><strong>et</strong></span> <span class='ocrx_word' id='word_1_358' title='bbox 2408 2122 2663 2179; x_wconf 85' lang='lat' dir='ltr'><strong>secedere</strong></span> <span class='ocrx_word' id='word_1_359' title='bbox 2691 2136 2722 2176; x_wconf 91' lang='lat' dir='ltr'><strong>a</strong></span> <span class='ocrx_word' id='word_1_360' title='bbox 2766 2121 3060 2191; x_wconf 73' lang='lat' dir='ltr'><strong>pontificali</strong></span> <span class='ocrx_word' id='word_1_361' title='bbox 3085 2120 3281 2186; x_wconf 78' lang='lat' dir='ltr'><strong>ofﬁcio,</strong></span> <span class='ocrx_word' id='word_1_362' title='bbox 3311 2122 3406 2192; x_wconf 89' lang='lat' dir='ltr'><strong>qui</strong></span> <span class='ocrx_word' id='word_1_363' title='bbox 3434 2122 3552 2177; x_wconf 85' lang='lat' dir='ltr'><strong>vio-</strong></span> 
     </span>
    </p>
   </div>
   <div class='ocr_carea' id='block_1_50' title="bbox 1968 2212 3569 2286">
    <p class='ocr_par' dir='ltr' id='par_1_50' title="bbox 1968 2212 3569 2286">
     <span class='ocr_line' id='line_1_50' title="bbox 1968 2212 3569 2286; baseline 0.002 -20"><span class='ocrx_word' id='word_1_364' title='bbox 1968 2212 2141 2267; x_wconf 85' lang='lat' dir='ltr'><strong>lenter</strong></span> <span class='ocrx_word' id='word_1_365' title='bbox 2164 2215 2397 2269; x_wconf 89' lang='lat' dir='ltr'><strong>triennio</strong></span> <span class='ocrx_word' id='word_1_366' title='bbox 2433 2214 2545 2286; x_wconf 89' lang='lat' dir='ltr'><strong>jam</strong></span> <span class='ocrx_word' id='word_1_367' title='bbox 2584 2215 2837 2270; x_wconf 74' lang='lat' dir='ltr'><strong>exclusus</strong></span> <span class='ocrx_word' id='word_1_368' title='bbox 2880 2230 3029 2270; x_wconf 87' lang='lat' dir='ltr'><strong>eram</strong></span> <span class='ocrx_word' id='word_1_369' title='bbox 3057 2231 3087 2269; x_wconf 89' lang='lat' dir='ltr'><strong>a</strong></span> <span class='ocrx_word' id='word_1_370' title='bbox 3119 2216 3300 2270; x_wconf 80' lang='lat' dir='ltr'><strong>debito</strong></span> <span class='ocrx_word' id='word_1_371' title='bbox 3342 2215 3569 2285; x_wconf 40' lang='lat' dir='ltr'><strong>sacriﬁ-g</strong></span> 
     </span>
    </p>
   </div>
   <div class='ocr_carea' id='block_1_51' title="bbox 1969 2292 3548 2379">
    <p class='ocr_par' dir='ltr' id='par_1_51' title="bbox 1969 2292 3548 2379">
     <span class='ocr_line' id='line_1_51' title="bbox 1969 2292 3548 2379; baseline 0.001 -18"><span class='ocrx_word' id='word_1_372' title='bbox 1969 2305 2127 2361; x_wconf 87' lang='lat' dir='ltr'><strong>candi</strong></span> <span class='ocrx_word' id='word_1_373' title='bbox 2160 2306 2300 2361; x_wconf 79' lang='lat' dir='ltr'><strong>luco.</strong></span> <span class='ocrx_word' id='word_1_374' title='bbox 2342 2306 2478 2361; x_wconf 84' lang='lat' dir='ltr'><strong>Nam</strong></span> <span class='ocrx_word' id='word_1_375' title='bbox 2516 2292 2578 2362; x_wconf 79' lang='lat' dir='ltr'><strong>et</strong></span> <span class='ocrx_word' id='word_1_376' title='bbox 2605 2309 2833 2377; x_wconf 88' lang='lat' dir='ltr'><strong>apostoli</strong></span> <span class='ocrx_word' id='word_1_377' title='bbox 2873 2316 3116 2379; x_wconf 88' lang='lat' dir='ltr'><strong>tempore</strong></span> <span class='ocrx_word' id='word_1_378' title='bbox 3146 2309 3415 2379; x_wconf 85' lang='lat' dir='ltr'><strong>passionis</strong></span> <span class='ocrx_word' id='word_1_379' title='bbox 3439 2318 3548 2365; x_wconf 88' lang='lat' dir='ltr'><strong>ter-</strong></span> 
     </span>
    </p>
   </div>
   <div class='ocr_carea' id='block_1_52' title="bbox 1928 2383 3554 2472">
    <p class='ocr_par' dir='ltr' id='par_1_52' title="bbox 1928 2383 3554 2472">
     <span class='ocr_line' id='line_1_52' title="bbox 1928 2383 3554 2472; baseline 0.005 -21"><span class='ocrx_word' id='word_1_380' title='bbox 1928 2383 1940 2395; x_wconf 76' lang='grc'><em>’</em></span> <span class='ocrx_word' id='word_1_381' title='bbox 1970 2396 2085 2462; x_wconf 80' lang='lat' dir='ltr'><strong>riti,</strong></span> <span class='ocrx_word' id='word_1_382' title='bbox 2115 2412 2219 2451; x_wconf 92' lang='lat' dir='ltr'><strong>non</strong></span> <span class='ocrx_word' id='word_1_383' title='bbox 2244 2398 2407 2452; x_wconf 83' lang='lat' dir='ltr'><strong>ritum</strong></span> <span class='ocrx_word' id='word_1_384' title='bbox 2430 2398 2790 2463; x_wconf 84' lang='lat' dir='ltr'><strong>sacrificandi,</strong></span> <span class='ocrx_word' id='word_1_385' title='bbox 2826 2401 2921 2456; x_wconf 89' lang='lat' dir='ltr'><strong>sed</strong></span> <span class='ocrx_word' id='word_1_386' title='bbox 2942 2402 3167 2471; x_wconf 91' lang='lat' dir='ltr'><strong>provida</strong></span> <span class='ocrx_word' id='word_1_387' title='bbox 3189 2404 3554 2472; x_wconf 80' lang='lat' dir='ltr'><strong>circumspec-</strong></span> 
     </span>
    </p>
   </div>
   <div class='ocr_carea' id='block_1_53' title="bbox 1970 2488 3551 2562">
    <p class='ocr_par' dir='ltr' id='par_1_53' title="bbox 1970 2488 3551 2562">
     <span class='ocr_line' id='line_1_53' title="bbox 1970 2488 3551 2562; baseline 0.005 -20"><span class='ocrx_word' id='word_1_388' title='bbox 1970 2488 2119 2544; x_wconf 85' lang='lat' dir='ltr'><strong>tione</strong></span> <span class='ocrx_word' id='word_1_389' title='bbox 2166 2489 2347 2544; x_wconf 89' lang='lat' dir='ltr'><strong>abdita</strong></span> <span class='ocrx_word' id='word_1_390' title='bbox 2376 2497 2584 2543; x_wconf 81' lang='lat' dir='ltr'><strong>tantum</strong></span> <span class='ocrx_word' id='word_1_391' title='bbox 2620 2489 2737 2544; x_wconf 88' lang='lat' dir='ltr'><strong>loca</strong></span> <span class='ocrx_word' id='word_1_392' title='bbox 2766 2492 3029 2548; x_wconf 80' lang='lat' dir='ltr'><strong>orationis</strong></span> <span class='ocrx_word' id='word_1_393' title='bbox 3053 2495 3374 2562; x_wconf 68' lang='lat' dir='ltr'><strong>quaerebant</strong></span> <span class='ocrx_word' id='word_1_394' title='bbox 3422 2492 3551 2550; x_wconf 86' lang='lat' dir='ltr'><strong>lati-</strong></span> 
     </span>
    </p>
   </div>
   <div class='ocr_carea' id='block_1_54' title="bbox 1968 2580 3554 2650">
    <p class='ocr_par' dir='ltr' id='par_1_54' title="bbox 1968 2580 3554 2650">
     <span class='ocr_line' id='line_1_54' title="bbox 1968 2580 3554 2650; baseline 0.007 -16"><span class='ocrx_word' id='word_1_395' title='bbox 1968 2580 2118 2634; x_wconf 84' lang='lat' dir='ltr'><strong>tandi</strong></span> <span class='ocrx_word' id='word_1_396' title='bbox 2149 2599 2162 2632; x_wconf 91' lang='lat'><strong>:</strong></span> <span class='ocrx_word' id='word_1_397' title='bbox 2197 2581 2337 2650; x_wconf 41' lang='lat' dir='ltr'><strong>quia.</strong></span> <span class='ocrx_word' id='word_1_398' title='bbox 2364 2589 2543 2636; x_wconf 88' lang='lat' dir='ltr'><strong>metus</strong></span> <span class='ocrx_word' id='word_1_399' title='bbox 2587 2580 2826 2637; x_wconf 87' lang='lat' dir='ltr'><strong>fraterna</strong></span> <span class='ocrx_word' id='word_1_400' title='bbox 2871 2598 2994 2637; x_wconf 88' lang='lat' dir='ltr'><strong>cum</strong></span> <span class='ocrx_word' id='word_1_401' title='bbox 3046 2584 3315 2639; x_wconf 84' lang='lat' dir='ltr'><strong>discordia</strong></span> <span class='ocrx_word' id='word_1_402' title='bbox 3374 2585 3554 2645; x_wconf 81' lang='lat' dir='ltr'><strong>divina</strong></span> 
     </span>
    </p>
   </div>
   <div class='ocr_carea' id='block_1_55' title="bbox 1968 2672 3551 2748">
    <p class='ocr_par' dir='ltr' id='par_1_55' title="bbox 1968 2672 3551 2748">
     <span class='ocr_line' id='line_1_55' title="bbox 1968 2672 3551 2748; baseline 0.001 -21"><span class='ocrx_word' id='word_1_403' title='bbox 1968 2672 2071 2728; x_wconf 87' lang='lat' dir='ltr'><strong>rite</strong></span> <span class='ocrx_word' id='word_1_404' title='bbox 2118 2688 2226 2727; x_wconf 89' lang='lat' dir='ltr'><strong>non</strong></span> <span class='ocrx_word' id='word_1_405' title='bbox 2263 2673 2505 2728; x_wconf 88' lang='lat' dir='ltr'><strong>celebrat</strong></span> <span class='ocrx_word' id='word_1_406' title='bbox 2552 2675 2905 2741; x_wconf 82' lang='lat' dir='ltr'><strong>charismata,</strong></span> <span class='ocrx_word' id='word_1_407' title='bbox 2943 2677 3109 2731; x_wconf 88' lang='lat' dir='ltr'><strong>etiam</strong></span> <span class='ocrx_word' id='word_1_408' title='bbox 3151 2688 3205 2731; x_wconf 89' lang='lat' dir='ltr'><strong>et</strong></span> <span class='ocrx_word' id='word_1_409' title='bbox 3233 2687 3444 2748; x_wconf 86' lang='lat' dir='ltr'><strong>tempus</strong></span> <span class='ocrx_word' id='word_1_410' title='bbox 3463 2678 3551 2733; x_wconf 62' lang='lat' dir='ltr'><strong>lu.</strong></span> 
     </span>
    </p>
   </div>
   <div class='ocr_carea' id='block_1_56' title="bbox 1967 2764 3553 2838">
    <p class='ocr_par' dir='ltr' id='par_1_56' title="bbox 1967 2764 3553 2838">
     <span class='ocr_line' id='line_1_56' title="bbox 1967 2764 3553 2838; baseline 0.003 -19"><span class='ocrx_word' id='word_1_411' title='bbox 1967 2764 2128 2835; x_wconf 85' lang='lat' dir='ltr'><strong>gendi</strong></span> <span class='ocrx_word' id='word_1_412' title='bbox 2164 2780 2270 2820; x_wconf 91' lang='lat' dir='ltr'><strong>non</strong></span> <span class='ocrx_word' id='word_1_413' title='bbox 2305 2766 2551 2836; x_wconf 74' lang='lat' dir='ltr'><strong>exposcit</strong></span> <span class='ocrx_word' id='word_1_414' title='bbox 2582 2765 2868 2831; x_wconf 86' lang='lat' dir='ltr'><strong>solemnia,</strong></span> <span class='ocrx_word' id='word_1_415' title='bbox 2922 2768 3015 2821; x_wconf 73' lang='lat' dir='ltr'><strong>sed</strong></span> <span class='ocrx_word' id='word_1_416' title='bbox 3068 2768 3250 2838; x_wconf 88' lang='lat' dir='ltr'><strong>potius</strong></span> <span class='ocrx_word' id='word_1_417' title='bbox 3290 2769 3553 2824; x_wconf 84' lang='lat' dir='ltr'><strong>evadendi</strong></span> 
     </span>
    </p>
   </div>
   <div class='ocr_carea' id='block_1_57' title="bbox 1969 2854 3554 2927">
    <p class='ocr_par' dir='ltr' id='par_1_57' title="bbox 1969 2854 3554 2927">
     <span class='ocr_line' id='line_1_57' title="bbox 1969 2854 3554 2927; baseline 0.001 -16"><span class='ocrx_word' id='word_1_418' title='bbox 1969 2856 2230 2921; x_wconf 85' lang='lat' dir='ltr'><strong>remedia,</strong></span> <span class='ocrx_word' id='word_1_419' title='bbox 2264 2855 2496 2912; x_wconf 84' lang='lat' dir='ltr'><strong>dicendo</strong></span> <span class='ocrx_word' id='word_1_420' title='bbox 2525 2875 2538 2910; x_wconf 85' lang='lat'><strong>:</strong></span> <span class='ocrx_word' id='word_1_421' title='bbox 2583 2854 2887 2925; x_wconf 81' lang='lat' dir='ltr'><strong>Conﬁtebor</strong></span> <span class='ocrx_word' id='word_1_422' title='bbox 2917 2857 3198 2913; x_wconf 85' lang='lat' dir='ltr'><strong>adversum</strong></span> <span class='ocrx_word' id='word_1_423' title='bbox 3228 2875 3309 2912; x_wconf 89' lang='lat' dir='ltr'><strong>me</strong></span> <span class='ocrx_word' id='word_1_424' title='bbox 3341 2858 3554 2927; x_wconf 73' lang='lat' dir='ltr'><strong>injusti-</strong></span> 
     </span>
    </p>
   </div>
   <div class='ocr_carea' id='block_1_58' title="bbox 1966 2946 3554 3019">
    <p class='ocr_par' dir='ltr' id='par_1_58' title="bbox 1966 2946 3554 3019">
     <span class='ocr_line' id='line_1_58' title="bbox 1966 2946 3554 3019; baseline 0.003 -18"><span class='ocrx_word' id='word_1_425' title='bbox 1966 2946 2071 3002; x_wconf 82' lang='lat' dir='ltr'><strong>tias</strong></span> <span class='ocrx_word' id='word_1_426' title='bbox 2112 2963 2254 3001; x_wconf 87' lang='lat' dir='ltr'><strong>meas</strong></span> <span class='ocrx_word' id='word_1_427' title='bbox 2284 2964 2304 3002; x_wconf 89' lang='lat'><strong><em>:</em></strong></span> <span class='ocrx_word' id='word_1_428' title='bbox 2331 2956 2381 3001; x_wconf 86' lang='lat' dir='ltr'><strong>et</strong></span> <span class='ocrx_word' id='word_1_429' title='bbox 2427 2958 2485 3002; x_wconf 89' lang='lat' dir='ltr'><strong>tu</strong></span> <span class='ocrx_word' id='word_1_430' title='bbox 2526 2948 2770 3002; x_wconf 78' lang='lat' dir='ltr'><strong>remisisti</strong></span> <span class='ocrx_word' id='word_1_431' title='bbox 2814 2948 3131 3018; x_wconf 82' lang='lat' dir='ltr'><strong>impietatem</strong></span> <span class='ocrx_word' id='word_1_432' title='bbox 3168 2950 3368 3019; x_wconf 83' lang='lat' dir='ltr'><strong>peccati</strong></span> <span class='ocrx_word' id='word_1_433' title='bbox 3410 2951 3554 3005; x_wconf 83' lang='lat' dir='ltr'><strong>mei:</strong></span> 
     </span>
    </p>
   </div>
   <div class='ocr_carea' id='block_1_59' title="bbox 1966 3037 3552 3114">
    <p class='ocr_par' dir='ltr' id='par_1_59' title="bbox 1966 3037 3552 3114">
     <span class='ocr_line' id='line_1_59' title="bbox 1966 3037 3552 3114; baseline 0.004 -23"><span class='ocrx_word' id='word_1_434' title='bbox 1966 3054 2064 3109; x_wconf 83' lang='lat' dir='ltr'><strong>pro</strong></span> <span class='ocrx_word' id='word_1_435' title='bbox 2092 3037 2193 3092; x_wconf 78' lang='lat' dir='ltr'><strong>hac</strong></span> <span class='ocrx_word' id='word_1_436' title='bbox 2220 3038 2390 3093; x_wconf 80' lang='lat' dir='ltr'><strong>orabit</strong></span> <span class='ocrx_word' id='word_1_437' title='bbox 2412 3039 2481 3093; x_wconf 84' lang='lat' dir='ltr'><strong>ad</strong></span> <span class='ocrx_word' id='word_1_438' title='bbox 2506 3051 2556 3093; x_wconf 86' lang='lat' dir='ltr'><strong>te</strong></span> <span class='ocrx_word' id='word_1_439' title='bbox 2584 3041 2752 3095; x_wconf 86' lang='lat' dir='ltr'><strong>omnis</strong></span> <span class='ocrx_word' id='word_1_440' title='bbox 2780 3050 2995 3095; x_wconf 88' lang='lat' dir='ltr'><strong>sanctus</strong></span> <span class='ocrx_word' id='word_1_441' title='bbox 3024 3042 3078 3097; x_wconf 89' lang='lat' dir='ltr'><strong>in</strong></span> <span class='ocrx_word' id='word_1_442' title='bbox 3108 3052 3336 3113; x_wconf 86' lang='lat' dir='ltr'><strong>tempore</strong></span> <span class='ocrx_word' id='word_1_443' title='bbox 3364 3060 3552 3114; x_wconf 81' lang='lat' dir='ltr'><strong>oppor-</strong></span> 
     </span>
    </p>
   </div>
   <div class='ocr_carea' id='block_1_60' title="bbox 1970 3128 3553 3205">
    <p class='ocr_par' dir='ltr' id='par_1_60' title="bbox 1970 3128 3553 3205">
     <span class='ocr_line' id='line_1_60' title="bbox 1970 3128 3553 3205; baseline 0.005 -22"><span class='ocrx_word' id='word_1_444' title='bbox 1970 3138 2099 3185; x_wconf 84' lang='lat' dir='ltr'><strong>tuno</strong></span> <span class='ocrx_word' id='word_1_445' title='bbox 2129 3128 2302 3201; x_wconf 88' lang='lat' dir='ltr'><strong>(Psal.</strong></span> <span class='ocrx_word' id='word_1_446' title='bbox 2327 3145 2479 3197; x_wconf 75' lang='lat' dir='ltr'><strong>xui,</strong></span> <span class='ocrx_word' id='word_1_447' title='bbox 2507 3130 2585 3203; x_wconf 84' lang='lat' dir='ltr'><strong>b).</strong></span> <span class='ocrx_word' id='word_1_448' title='bbox 2610 3130 2668 3186; x_wconf 91' lang='lat' dir='ltr'><strong>lu</strong></span> <span class='ocrx_word' id='word_1_449' title='bbox 2690 3131 2792 3188; x_wconf 82' lang='lat' dir='ltr'><strong>hoc</strong></span> <span class='ocrx_word' id='word_1_450' title='bbox 2814 3147 2945 3201; x_wconf 87' lang='lat' dir='ltr'><strong>ergo</strong></span> <span class='ocrx_word' id='word_1_451' title='bbox 2976 3142 3217 3204; x_wconf 87' lang='lat' dir='ltr'><strong>tempore</strong></span> <span class='ocrx_word' id='word_1_452' title='bbox 3248 3145 3553 3205; x_wconf 88' lang='lat' dir='ltr'><strong>opportuno</strong></span> 
     </span>
    </p>
   </div>
   <div class='ocr_carea' id='block_1_61' title="bbox 286 3193 3556 3299">
    <p class='ocr_par' dir='ltr' id='par_1_61' title="bbox 286 3193 3556 3299">
     <span class='ocr_line' id='line_1_61' title="bbox 286 3193 3556 3299; baseline -0.001 -13"><span class='ocrx_word' id='word_1_453' title='bbox 286 3240 398 3297; x_wconf 88' lang='lat' dir='ltr'><strong>tus,</strong></span> <span class='ocrx_word' id='word_1_454' title='bbox 430 3230 519 3286; x_wconf 89' lang='lat' dir='ltr'><strong>illa</strong></span> <span class='ocrx_word' id='word_1_455' title='bbox 542 3229 676 3286; x_wconf 87' lang='lat' dir='ltr'><strong>mihi</strong></span> <span class='ocrx_word' id='word_1_456' title='bbox 712 3229 972 3287; x_wconf 86' lang='lat' dir='ltr'><strong>divinitus</strong></span> <span class='ocrx_word' id='word_1_457' title='bbox 1004 3228 1269 3299; x_wconf 87' lang='lat' dir='ltr'><strong>inspirata</strong></span> <span class='ocrx_word' id='word_1_458' title='bbox 1295 3227 1563 3283; x_wconf 87' lang='lat' dir='ltr'><strong>sententia</strong></span> <span class='ocrx_word' id='word_1_459' title='bbox 1587 3226 1869 3282; x_wconf 88' lang='lat' dir='ltr'><strong>cbaritatis</strong></span> <span class='ocrx_word' id='word_1_460' title='bbox 1896 3193 1942 3258; x_wconf 66' lang='grc' dir='ltr'><strong>Ο</strong></span> <span class='ocrx_word' id='word_1_461' title='bbox 1971 3222 2019 3277; x_wconf 88' lang='lat' dir='ltr'><strong>si</strong></span> <span class='ocrx_word' id='word_1_462' title='bbox 2040 3221 2210 3276; x_wconf 86' lang='lat' dir='ltr'><strong>sancti</strong></span> <span class='ocrx_word' id='word_1_463' title='bbox 2241 3236 2340 3291; x_wconf 87' lang='lat' dir='ltr'><strong>pro</strong></span> <span class='ocrx_word' id='word_1_464' title='bbox 2368 3222 2689 3279; x_wconf 88' lang='lat' dir='ltr'><strong>remissione</strong></span> <span class='ocrx_word' id='word_1_465' title='bbox 2734 3232 3082 3294; x_wconf 86' lang='lat' dir='ltr'><strong>peccatorum</strong></span> <span class='ocrx_word' id='word_1_466' title='bbox 3127 3225 3397 3293; x_wconf 88' lang='lat' dir='ltr'><strong>laborant,</strong></span> <span class='ocrx_word' id='word_1_467' title='bbox 3430 3244 3556 3298; x_wconf 55' lang='lat' dir='ltr'><strong>pec-</strong></span> 
     </span>
    </p>
   </div>
   <div class='ocr_carea' id='block_1_62' title="bbox 284 3321 1864 3397">
    <p class='ocr_par' dir='ltr' id='par_1_62' title="bbox 284 3321 1864 3397">
     <span class='ocr_line' id='line_1_62' title="bbox 284 3321 1864 3397; baseline -0.005 -15"><span class='ocrx_word' id='word_1_468' title='bbox 284 3335 485 3397; x_wconf 73' lang='lat' dir='ltr'><strong>priesto</strong></span> <span class='ocrx_word' id='word_1_469' title='bbox 510 3326 763 3396; x_wconf 88' lang='lat' dir='ltr'><strong>apparuit</strong></span> <span class='ocrx_word' id='word_1_470' title='bbox 787 3324 1211 3388; x_wconf 81' lang='lat' dir='ltr'><strong>cendolentium,</strong></span> <span class='ocrx_word' id='word_1_471' title='bbox 1263 3323 1402 3378; x_wconf 89' lang='lat' dir='ltr'><strong>sicut</strong></span> <span class='ocrx_word' id='word_1_472' title='bbox 1442 3321 1703 3391; x_wconf 88' lang='lat' dir='ltr'><strong>scriptum</strong></span> <span class='ocrx_word' id='word_1_473' title='bbox 1729 3329 1814 3376; x_wconf 91' lang='lat' dir='ltr'><strong>est</strong></span> <span class='ocrx_word' id='word_1_474' title='bbox 1851 3339 1864 3374; x_wconf 88' lang='lat'>:</span> 
     </span>
    </p>
   </div>
   <div class='ocr_carea' id='block_1_63' title="bbox 285 3413 1870 3487">
    <p class='ocr_par' dir='ltr' id='par_1_63' title="bbox 285 3413 1870 3487">
     <span class='ocr_line' id='line_1_63' title="bbox 285 3413 1870 3487; baseline -0.003 -15"><span class='ocrx_word' id='word_1_475' title='bbox 285 3416 421 3472; x_wconf 84' lang='lat' dir='ltr'><strong>Cum</strong></span> <span class='ocrx_word' id='word_1_476' title='bbox 459 3419 659 3487; x_wconf 70' lang='lat' dir='ltr'><strong>patitur</strong></span> <span class='ocrx_word' id='word_1_477' title='bbox 686 3432 855 3471; x_wconf 76' lang='lat' dir='ltr'><strong>unum</strong></span> <span class='ocrx_word' id='word_1_478' title='bbox 896 3415 1208 3479; x_wconf 77' lang='lat' dir='ltr'><strong>membrum,</strong></span> <span class='ocrx_word' id='word_1_479' title='bbox 1267 3413 1654 3483; x_wconf 79' lang='lat' dir='ltr'><strong>compatiuntur</strong></span> <span class='ocrx_word' id='word_1_480' title='bbox 1694 3413 1870 3467; x_wconf 80' lang='lat' dir='ltr'><strong>omnia</strong></span> 
     </span>
    </p>
   </div>
   <div class='ocr_carea' id='block_1_64' title="bbox 283 3501 1870 3577">
    <p class='ocr_par' dir='ltr' id='par_1_64' title="bbox 283 3501 1870 3577">
     <span class='ocr_line' id='line_1_64' title="bbox 283 3501 1870 3577; baseline -0.002 -18"><span class='ocrx_word' id='word_1_481' title='bbox 283 3509 519 3561; x_wconf 81' lang='lat' dir='ltr'><strong>membra</strong></span> <span class='ocrx_word' id='word_1_482' title='bbox 560 3506 612 3577; x_wconf 90' lang='grc' dir='ltr'><strong>(Ι</strong></span> <span class='ocrx_word' id='word_1_483' title='bbox 640 3506 764 3560; x_wconf 78' lang='lat' dir='ltr'><strong>Cor.</strong></span> <span class='ocrx_word' id='word_1_484' title='bbox 820 3521 920 3569; x_wconf 80' lang='lat' dir='ltr'><strong>xu,</strong></span> <span class='ocrx_word' id='word_1_485' title='bbox 972 3503 1100 3574; x_wconf 76' lang='lat'><strong>9.6);</strong></span> <span class='ocrx_word' id='word_1_486' title='bbox 1130 3517 1363 3572; x_wconf 89' lang='lat' dir='ltr'><strong>quorum</strong></span> <span class='ocrx_word' id='word_1_487' title='bbox 1396 3501 1623 3557; x_wconf 86' lang='lat' dir='ltr'><strong>consilio</strong></span> <span class='ocrx_word' id='word_1_488' title='bbox 1654 3501 1870 3569; x_wconf 90' lang='lat' dir='ltr'><strong>adjutus</strong></span> 
     </span>
    </p>
   </div>
   <div class='ocr_carea' id='block_1_65' title="bbox 286 3588 1873 3661">
    <p class='ocr_par' dir='ltr' id='par_1_65' title="bbox 286 3588 1873 3661">
     <span class='ocr_line' id='line_1_65' title="bbox 286 3588 1873 3661; baseline -0.005 -12"><span class='ocrx_word' id='word_1_489' title='bbox 286 3604 404 3649; x_wconf 83' lang='lat' dir='ltr'><strong>tres</strong></span> <span class='ocrx_word' id='word_1_490' title='bbox 427 3593 561 3646; x_wconf 87' lang='lat' dir='ltr'><strong>mihi</strong></span> <span class='ocrx_word' id='word_1_491' title='bbox 580 3608 647 3646; x_wconf 83' lang='lat' dir='ltr'><strong>ex</strong></span> <span class='ocrx_word' id='word_1_492' title='bbox 675 3593 810 3659; x_wconf 88' lang='lat' dir='ltr'><strong>ipsis</strong></span> <span class='ocrx_word' id='word_1_493' title='bbox 825 3592 962 3661; x_wconf 83' lang='lat' dir='ltr'><strong>elegi</strong></span> <span class='ocrx_word' id='word_1_494' title='bbox 990 3592 1389 3646; x_wconf 84' lang='lat' dir='ltr'><strong>secretissimos</strong></span> <span class='ocrx_word' id='word_1_495' title='bbox 1408 3588 1704 3656; x_wconf 84' lang='lat' dir='ltr'><strong>adjutores,</strong></span> <span class='ocrx_word' id='word_1_496' title='bbox 1726 3588 1873 3642; x_wconf 83' lang='lat' dir='ltr'><strong>Aiul—</strong></span> 
     </span>
    </p>
   </div>
   <div class='ocr_carea' id='block_1_66' title="bbox 290 3678 1874 3750">
    <p class='ocr_par' dir='ltr' id='par_1_66' title="bbox 290 3678 1874 3750">
     <span class='ocr_line' id='line_1_66' title="bbox 290 3678 1874 3750; baseline -0.004 -12"><span class='ocrx_word' id='word_1_497' title='bbox 290 3684 408 3738; x_wconf 80' lang='lat' dir='ltr'><strong>funi</strong></span> <span class='ocrx_word' id='word_1_498' title='bbox 450 3681 701 3737; x_wconf 78' lang='lat' dir='ltr'><strong>videlicet</strong></span> <span class='ocrx_word' id='word_1_499' title='bbox 743 3680 1243 3750; x_wconf 77' lang='lat' dir='ltr'><strong>archiepiscopum,</strong></span> <span class='ocrx_word' id='word_1_500' title='bbox 1287 3678 1629 3734; x_wconf 87' lang='lat' dir='ltr'><strong>Badaradum</strong></span> <span class='ocrx_word' id='word_1_501' title='bbox 1672 3678 1874 3733; x_wconf 76' lang='lat' dir='ltr'><strong>Modoi-</strong></span> 
     </span>
    </p>
   </div>
   <div class='ocr_carea' id='block_1_67' title="bbox 286 3769 1873 3844">
    <p class='ocr_par' dir='ltr' id='par_1_67' title="bbox 286 3769 1873 3844">
     <span class='ocr_line' id='line_1_67' title="bbox 286 3769 1873 3844; baseline -0.003 -16"><span class='ocrx_word' id='word_1_502' title='bbox 286 3787 532 3843; x_wconf 85' lang='lat' dir='ltr'><strong>numque</strong></span> <span class='ocrx_word' id='word_1_503' title='bbox 563 3773 867 3844; x_wconf 85' lang='lat' dir='ltr'><strong>episcopos,</strong></span> <span class='ocrx_word' id='word_1_504' title='bbox 900 3786 1028 3827; x_wconf 84' lang='lat' dir='ltr'><strong>cum</strong></span> <span class='ocrx_word' id='word_1_505' title='bbox 1053 3772 1256 3841; x_wconf 75' lang='lat' dir='ltr'><strong>quibus</strong></span> <span class='ocrx_word' id='word_1_506' title='bbox 1284 3770 1351 3827; x_wconf 92' lang='lat' dir='ltr'><strong>de</strong></span> <span class='ocrx_word' id='word_1_507' title='bbox 1378 3769 1677 3826; x_wconf 87' lang='lat' dir='ltr'><strong>Salvatoris</strong></span> <span class='ocrx_word' id='word_1_508' title='bbox 1700 3769 1873 3824; x_wconf 89' lang='lat' dir='ltr'><strong>nostri</strong></span> 
     </span>
    </p>
   </div>
   <div class='ocr_carea' id='block_1_68' title="bbox 286 3862 1872 3938">
    <p class='ocr_par' dir='ltr' id='par_1_68' title="bbox 286 3862 1872 3938">
     <span class='ocr_line' id='line_1_68' title="bbox 286 3862 1872 3938; baseline -0.003 -15"><span class='ocrx_word' id='word_1_509' title='bbox 286 3866 629 3924; x_wconf 86' lang='lat' dir='ltr'><strong>institutione</strong></span> <span class='ocrx_word' id='word_1_510' title='bbox 646 3873 1102 3938; x_wconf 79' lang='lat' dir='ltr'><strong>peccatorumque</strong></span> <span class='ocrx_word' id='word_1_511' title='bbox 1117 3862 1439 3920; x_wconf 85' lang='lat' dir='ltr'><strong>remissione</strong></span> <span class='ocrx_word' id='word_1_512' title='bbox 1452 3862 1736 3933; x_wconf 71' lang='lat' dir='ltr'><strong>diligenter</strong></span> <span class='ocrx_word' id='word_1_513' title='bbox 1750 3877 1872 3919; x_wconf 88' lang='lat' dir='ltr'><strong>con-</strong></span> 
     </span>
    </p>
   </div>
   <div class='ocr_carea' id='block_1_69' title="bbox 286 3949 1869 4028">
    <p class='ocr_par' dir='ltr' id='par_1_69' title="bbox 286 3949 1869 4028">
     <span class='ocr_line' id='line_1_69' title="bbox 286 3949 1869 4028; baseline -0.005 -15"><span class='ocrx_word' id='word_1_514' title='bbox 286 3959 411 4023; x_wconf 87' lang='lat' dir='ltr'><strong>tuli,</strong></span> <span class='ocrx_word' id='word_1_515' title='bbox 440 3972 652 4013; x_wconf 88' lang='lat' dir='ltr'><strong>memor</strong></span> <span class='ocrx_word' id='word_1_516' title='bbox 681 3955 980 4028; x_wconf 84' lang='lat' dir='ltr'><strong>evangelici</strong></span> <span class='ocrx_word' id='word_1_517' title='bbox 1009 3954 1265 4026; x_wconf 66' lang='lat' dir='ltr'><strong>praecepti</strong></span> <span class='ocrx_word' id='word_1_518' title='bbox 1297 3952 1527 4009; x_wconf 88' lang='lat' dir='ltr'><strong>dicentis</strong></span> <span class='ocrx_word' id='word_1_519' title='bbox 1558 3968 1576 4009; x_wconf 85' lang='lat'><strong>:</strong></span> <span class='ocrx_word' id='word_1_520' title='bbox 1619 3949 1677 4006; x_wconf 89' lang='lat' dir='ltr'><strong>Si</strong></span> <span class='ocrx_word' id='word_1_521' title='bbox 1712 3952 1869 4021; x_wconf 71' lang='lat' dir='ltr'><strong>offers</strong></span> 
     </span>
    </p>
   </div>
   <div class='ocr_carea' id='block_1_70' title="bbox 285 4041 1869 4112">
    <p class='ocr_par' dir='ltr' id='par_1_70' title="bbox 285 4041 1869 4112">
     <span class='ocr_line' id='line_1_70' title="bbox 285 4041 1869 4112; baseline -0.006 -7"><span class='ocrx_word' id='word_1_522' title='bbox 285 4065 482 4105; x_wconf 81' lang='lat' dir='ltr'><strong>munus</strong></span> <span class='ocrx_word' id='word_1_523' title='bbox 520 4059 668 4102; x_wconf 83' lang='lat' dir='ltr'><strong>tuum</strong></span> <span class='ocrx_word' id='word_1_524' title='bbox 713 4047 783 4102; x_wconf 88' lang='lat' dir='ltr'><strong>ad</strong></span> <span class='ocrx_word' id='word_1_525' title='bbox 809 4047 976 4102; x_wconf 80' lang='lat' dir='ltr'><strong>altare</strong></span> <span class='ocrx_word' id='word_1_526' title='bbox 1021 4056 1070 4101; x_wconf 83' lang='lat' dir='ltr'><strong>et</strong></span> <span class='ocrx_word' id='word_1_527' title='bbox 1096 4045 1168 4099; x_wconf 88' lang='lat' dir='ltr'><strong>ibi</strong></span> <span class='ocrx_word' id='word_1_528' title='bbox 1200 4042 1505 4100; x_wconf 83' lang='lat' dir='ltr'><strong>recordatus</strong></span> <span class='ocrx_word' id='word_1_529' title='bbox 1546 4041 1708 4112; x_wconf 81' lang='lat' dir='ltr'><strong>fueris</strong></span> <span class='ocrx_word' id='word_1_530' title='bbox 1745 4042 1869 4112; x_wconf 85' lang='lat' dir='ltr'><strong>quia</strong></span> 
     </span>
    </p>
   </div>
   <div class='ocr_carea' id='block_1_71' title="bbox 288 4131 1869 4213">
    <p class='ocr_par' dir='ltr' id='par_1_71' title="bbox 288 4131 1869 4213">
     <span class='ocr_line' id='line_1_71' title="bbox 288 4131 1869 4213; baseline -0.006 -18"><span class='ocrx_word' id='word_1_531' title='bbox 288 4142 459 4213; x_wconf 75' lang='lat' dir='ltr'><strong>frater</strong></span> <span class='ocrx_word' id='word_1_532' title='bbox 510 4150 632 4194; x_wconf 73' lang='lat' dir='ltr'><strong>tuus</strong></span> <span class='ocrx_word' id='word_1_533' title='bbox 681 4138 833 4194; x_wconf 73' lang='lat' dir='ltr'><strong>habet</strong></span> <span class='ocrx_word' id='word_1_534' title='bbox 868 4136 1071 4208; x_wconf 82' lang='lat' dir='ltr'><strong>aliquid</strong></span> <span class='ocrx_word' id='word_1_535' title='bbox 1105 4136 1379 4191; x_wconf 79' lang='lat' dir='ltr'><strong>aduersum</strong></span> <span class='ocrx_word' id='word_1_536' title='bbox 1408 4143 1483 4199; x_wconf 90' lang='lat' dir='ltr'><strong>te,</strong></span> <span class='ocrx_word' id='word_1_537' title='bbox 1522 4131 1754 4203; x_wconf 85' lang='lat' dir='ltr'><strong>relinque</strong></span> <span class='ocrx_word' id='word_1_538' title='bbox 1798 4131 1869 4185; x_wconf 92' lang='lat' dir='ltr'><strong>ibi</strong></span> 
     </span>
    </p>
   </div>
   <div class='ocr_carea' id='block_1_72' title="bbox 252 4225 1870 4299">
    <p class='ocr_par' dir='ltr' id='par_1_72' title="bbox 252 4225 1870 4299">
     <span class='ocr_line' id='line_1_72' title="bbox 252 4225 1870 4299; baseline -0.004 -14"><span class='ocrx_word' id='word_1_539' title='bbox 252 4251 484 4290; x_wconf 54' lang='lat' dir='ltr'><strong>«manus</strong></span> <span class='ocrx_word' id='word_1_540' title='bbox 529 4243 681 4289; x_wconf 68' lang='lat' dir='ltr'><strong>tum</strong></span> <span class='ocrx_word' id='word_1_541' title='bbox 726 4240 847 4286; x_wconf 81' lang='lat' dir='ltr'><strong>ante</strong></span> <span class='ocrx_word' id='word_1_542' title='bbox 891 4229 1057 4284; x_wconf 87' lang='lat' dir='ltr'><strong>altare</strong></span> <span class='ocrx_word' id='word_1_543' title='bbox 1082 4227 1298 4299; x_wconf 74' lang='lat' dir='ltr'><strong>(Matth.</strong></span> <span class='ocrx_word' id='word_1_544' title='bbox 1331 4243 1386 4293; x_wconf 82' lang='grc' dir='ltr'><strong>ν,</strong></span> <span class='ocrx_word' id='word_1_545' title='bbox 1405 4227 1519 4297; x_wconf 68' lang='lat'><strong>23).</strong></span> <span class='ocrx_word' id='word_1_546' title='bbox 1554 4225 1668 4281; x_wconf 83' lang='lat' dir='ltr'><strong>liae</strong></span> <span class='ocrx_word' id='word_1_547' title='bbox 1706 4225 1870 4296; x_wconf 78' lang='lat' dir='ltr'><strong>igitur</strong></span> 
     </span>
    </p>
   </div>
   <div class='ocr_carea' id='block_1_73' title="bbox 284 4307 1868 4391">
    <p class='ocr_par' dir='ltr' id='par_1_73' title="bbox 284 4307 1868 4391">
     <span class='ocr_line' id='line_1_73' title="bbox 284 4307 1868 4391; baseline -0.006 -11"><span class='ocrx_word' id='word_1_548' title='bbox 284 4325 615 4381; x_wconf 75' lang='lat' dir='ltr'><strong>auctoritate</strong></span> <span class='ocrx_word' id='word_1_549' title='bbox 636 4336 888 4387; x_wconf 90' lang='lat' dir='ltr'><strong>cernens,</strong></span> <span class='ocrx_word' id='word_1_550' title='bbox 912 4320 1039 4391; x_wconf 88' lang='lat' dir='ltr'><strong>quia</strong></span> <span class='ocrx_word' id='word_1_551' title='bbox 1069 4307 1258 4385; x_wconf 60' lang='lat' dir='ltr'><strong>frater,</strong></span> <span class='ocrx_word' id='word_1_552' title='bbox 1293 4326 1497 4389; x_wconf 87' lang='lat' dir='ltr'><strong>quanto</strong></span> <span class='ocrx_word' id='word_1_553' title='bbox 1537 4317 1710 4388; x_wconf 87' lang='lat' dir='ltr'><strong>magis</strong></span> <span class='ocrx_word' id='word_1_554' title='bbox 1740 4316 1868 4386; x_wconf 86' lang='lat' dir='ltr'><strong>quia</strong></span> 
     </span>
    </p>
   </div>
   <div class='ocr_carea' id='block_1_74' title="bbox 286 4408 1867 4488">
    <p class='ocr_par' dir='ltr' id='par_1_74' title="bbox 286 4408 1867 4488">
     <span class='ocr_line' id='line_1_74' title="bbox 286 4408 1867 4488; baseline -0.005 -16"><span class='ocrx_word' id='word_1_555' title='bbox 286 4417 544 4488; x_wconf 73' lang='lat' dir='ltr'><strong>princeps</strong></span> <span class='ocrx_word' id='word_1_556' title='bbox 566 4429 722 4471; x_wconf 79' lang='lat' dir='ltr'><strong>metis</strong></span> <span class='ocrx_word' id='word_1_557' title='bbox 749 4422 1050 4469; x_wconf 89' lang='lat' dir='ltr'><strong>commotus</strong></span> <span class='ocrx_word' id='word_1_558' title='bbox 1078 4412 1364 4467; x_wconf 86' lang='lat' dir='ltr'><strong>adversum</strong></span> <span class='ocrx_word' id='word_1_559' title='bbox 1386 4425 1473 4466; x_wconf 90' lang='lat' dir='ltr'><strong>me</strong></span> <span class='ocrx_word' id='word_1_560' title='bbox 1495 4418 1632 4476; x_wconf 88' lang='lat' dir='ltr'><strong>erat,</strong></span> <span class='ocrx_word' id='word_1_561' title='bbox 1676 4408 1867 4479; x_wconf 88' lang='lat' dir='ltr'><strong>reliqui</strong></span> 
     </span>
    </p>
   </div>
   <div class='ocr_carea' id='block_1_75' title="bbox 291 4506 1868 4570">
    <p class='ocr_par' dir='ltr' id='par_1_75' title="bbox 291 4506 1868 4570">
     <span class='ocr_line' id='line_1_75' title="bbox 291 4506 1868 4570; baseline -0.003 -5"><span class='ocrx_word' id='word_1_562' title='bbox 291 4524 492 4565; x_wconf 87' lang='lat' dir='ltr'><strong>munus</strong></span> <span class='ocrx_word' id='word_1_563' title='bbox 513 4508 805 4565; x_wconf 83' lang='lat' dir='ltr'><strong>oblationis</strong></span> <span class='ocrx_word' id='word_1_564' title='bbox 835 4523 970 4563; x_wconf 72' lang='lat' dir='ltr'><strong>mea:</strong></span> <span class='ocrx_word' id='word_1_565' title='bbox 990 4516 1119 4563; x_wconf 88' lang='lat' dir='ltr'><strong>ante</strong></span> <span class='ocrx_word' id='word_1_566' title='bbox 1154 4506 1349 4570; x_wconf 84' lang='lat' dir='ltr'><strong>altare,</strong></span> <span class='ocrx_word' id='word_1_567' title='bbox 1379 4514 1437 4562; x_wconf 90' lang='lat' dir='ltr'><strong>et</strong></span> <span class='ocrx_word' id='word_1_568' title='bbox 1457 4521 1668 4563; x_wconf 85' lang='lat' dir='ltr'><strong>summa</strong></span> <span class='ocrx_word' id='word_1_569' title='bbox 1709 4506 1868 4562; x_wconf 88' lang='lat' dir='ltr'><strong>satis-</strong></span> 
     </span>
    </p>
   </div>
   <div class='ocr_carea' id='block_1_76' title="bbox 183 4595 1867 4670">
    <p class='ocr_par' dir='ltr' id='par_1_76' title="bbox 183 4595 1867 4670">
     <span class='ocr_line' id='line_1_76' title="bbox 183 4595 1867 4670; baseline -0.002 -16"><span class='ocrx_word' id='word_1_570' title='bbox 183 4628 203 4639; x_wconf 65' lang='grc' dir='ltr'><strong>ο</strong></span> <span class='ocrx_word' id='word_1_571' title='bbox 290 4599 526 4655; x_wconf 73' lang='lat' dir='ltr'><strong>factione</strong></span> <span class='ocrx_word' id='word_1_572' title='bbox 570 4599 685 4670; x_wconf 76' lang='lat' dir='ltr'><strong>jam</strong></span> <span class='ocrx_word' id='word_1_573' title='bbox 716 4598 983 4655; x_wconf 85' lang='lat' dir='ltr'><strong>dictorum</strong></span> <span class='ocrx_word' id='word_1_574' title='bbox 1029 4611 1299 4653; x_wconf 87' lang='lat' dir='ltr'><strong>consensu</strong></span> <span class='ocrx_word' id='word_1_575' title='bbox 1355 4595 1732 4652; x_wconf 76' lang='lat' dir='ltr'><strong>confessorem</strong></span> <span class='ocrx_word' id='word_1_576' title='bbox 1781 4596 1867 4653; x_wconf 86' lang='lat' dir='ltr'><strong>vel</strong></span> 
     </span>
    </p>
   </div>
   <div class='ocr_carea' id='block_1_77' title="bbox 286 4686 1892 4760">
    <p class='ocr_par' dir='ltr' id='par_1_77' title="bbox 286 4686 1892 4760">
     <span class='ocr_line' id='line_1_77' title="bbox 286 4686 1892 4760; baseline -0.001 -16"><span class='ocrx_word' id='word_1_577' title='bbox 286 4687 524 4745; x_wconf 76' lang='lat' dir='ltr'><strong>fratrum</strong></span> <span class='ocrx_word' id='word_1_578' title='bbox 534 4690 892 4747; x_wconf 84' lang='lat' dir='ltr'><strong>succumbens</strong></span> <span class='ocrx_word' id='word_1_579' title='bbox 910 4699 1133 4760; x_wconf 87' lang='lat' dir='ltr'><strong>propter</strong></span> <span class='ocrx_word' id='word_1_580' title='bbox 1148 4686 1348 4760; x_wconf 83' lang='lat' dir='ltr'><strong>[spem]</strong></span> <span class='ocrx_word' id='word_1_581' title='bbox 1369 4687 1721 4757; x_wconf 86' lang='lat' dir='ltr'><strong>recuperandi</strong></span> <span class='ocrx_word' id='word_1_582' title='bbox 1740 4703 1892 4742; x_wconf 74' lang='lat' dir='ltr'><strong>con--</strong></span> 
     </span>
    </p>
   </div>
   <div class='ocr_carea' id='block_1_78' title="bbox 290 4779 1868 4853">
    <p class='ocr_par' dir='ltr' id='par_1_78' title="bbox 290 4779 1868 4853">
     <span class='ocr_line' id='line_1_78' title="bbox 290 4779 1868 4853; baseline -0.003 -14"><span class='ocrx_word' id='word_1_583' title='bbox 290 4784 533 4840; x_wconf 85' lang='lat' dir='ltr'><strong>eordiam</strong></span> <span class='ocrx_word' id='word_1_584' title='bbox 560 4784 740 4840; x_wconf 78' lang='lat' dir='ltr'><strong>illatas</strong></span> <span class='ocrx_word' id='word_1_585' title='bbox 754 4798 946 4839; x_wconf 87' lang='lat' dir='ltr'><strong>omnes</strong></span> <span class='ocrx_word' id='word_1_586' title='bbox 973 4782 1243 4853; x_wconf 83' lang='lat' dir='ltr'><strong>patienter</strong></span> <span class='ocrx_word' id='word_1_587' title='bbox 1274 4782 1488 4852; x_wconf 89' lang='lat' dir='ltr'><strong>suscepi</strong></span> <span class='ocrx_word' id='word_1_588' title='bbox 1537 4779 1783 4851; x_wconf 84' lang='lat' dir='ltr'><strong>injurias,</strong></span> <span class='ocrx_word' id='word_1_589' title='bbox 1814 4789 1868 4836; x_wconf 87' lang='lat' dir='ltr'><strong>et</strong></span> 
     </span>
    </p>
   </div>
   <div class='ocr_carea' id='block_1_79' title="bbox 286 4873 1865 4947">
    <p class='ocr_par' dir='ltr' id='par_1_79' title="bbox 286 4873 1865 4947">
     <span class='ocr_line' id='line_1_79' title="bbox 286 4873 1865 4947; baseline -0.003 -17"><span class='ocrx_word' id='word_1_590' title='bbox 286 4875 531 4947; x_wconf 78' lang='lat' dir='ltr'><strong>puritate</strong></span> <span class='ocrx_word' id='word_1_591' title='bbox 571 4874 929 4931; x_wconf 87' lang='lat' dir='ltr'><strong>confessionis</strong></span> <span class='ocrx_word' id='word_1_592' title='bbox 965 4873 1337 4929; x_wconf 86' lang='lat' dir='ltr'><strong>remissionem</strong></span> <span class='ocrx_word' id='word_1_593' title='bbox 1382 4881 1730 4943; x_wconf 84' lang='lat' dir='ltr'><strong>peccatorum</strong></span> <span class='ocrx_word' id='word_1_594' title='bbox 1768 4886 1865 4927; x_wconf 90' lang='lat' dir='ltr'><strong>ve-</strong></span> 
     </span>
    </p>
   </div>
   <div class='ocr_carea' id='block_1_80' title="bbox 284 4964 1865 5039">
    <p class='ocr_par' dir='ltr' id='par_1_80' title="bbox 284 4964 1865 5039">
     <span class='ocr_line' id='line_1_80' title="bbox 284 4964 1865 5039; baseline -0.003 -16"><span class='ocrx_word' id='word_1_595' title='bbox 284 4968 573 5039; x_wconf 80' lang='lat' dir='ltr'><strong>niamque,</strong></span> <span class='ocrx_word' id='word_1_596' title='bbox 597 4976 654 5025; x_wconf 89' lang='lat' dir='ltr'><strong>et</strong></span> <span class='ocrx_word' id='word_1_597' title='bbox 671 4983 779 5024; x_wconf 88' lang='lat' dir='ltr'><strong>non</strong></span> <span class='ocrx_word' id='word_1_598' title='bbox 807 4966 1309 5023; x_wconf 85' lang='lat' dir='ltr'><strong>condemnationem</strong></span> <span class='ocrx_word' id='word_1_599' title='bbox 1337 4966 1617 5035; x_wconf 76' lang='lat' dir='ltr'><strong>percipere</strong></span> <span class='ocrx_word' id='word_1_600' title='bbox 1639 4964 1865 5029; x_wconf 88' lang='lat' dir='ltr'><strong>credidi,</strong></span> 
     </span>
    </p>
   </div>
   <div class='ocr_carea' id='block_1_81' title="bbox 287 5055 1866 5131">
    <p class='ocr_par' dir='ltr' id='par_1_81' title="bbox 287 5055 1866 5131">
     <span class='ocr_line' id='line_1_81' title="bbox 287 5055 1866 5131; baseline -0.003 -17"><span class='ocrx_word' id='word_1_601' title='bbox 287 5059 418 5129; x_wconf 87' lang='lat' dir='ltr'><strong>quia</strong></span> <span class='ocrx_word' id='word_1_602' title='bbox 447 5060 753 5131; x_wconf 80' lang='lat' dir='ltr'><strong>superbiam</strong></span> <span class='ocrx_word' id='word_1_603' title='bbox 777 5059 831 5113; x_wconf 92' lang='lat' dir='ltr'><strong>in</strong></span> <span class='ocrx_word' id='word_1_604' title='bbox 852 5072 939 5114; x_wconf 91' lang='lat' dir='ltr'><strong>me</strong></span> <span class='ocrx_word' id='word_1_605' title='bbox 959 5056 1201 5128; x_wconf 87' lang='lat' dir='ltr'><strong>judicavi</strong></span> <span class='ocrx_word' id='word_1_606' title='bbox 1222 5065 1283 5112; x_wconf 91' lang='lat' dir='ltr'><strong>ut</strong></span> <span class='ocrx_word' id='word_1_607' title='bbox 1308 5070 1499 5112; x_wconf 85' lang='lat' dir='ltr'><strong>necem</strong></span> <span class='ocrx_word' id='word_1_608' title='bbox 1519 5055 1866 5121; x_wconf 87' lang='lat' dir='ltr'><strong>diabolicam,</strong></span> 
     </span>
    </p>
   </div>
   <div class='ocr_carea' id='block_1_82' title="bbox 290 5149 1868 5223">
    <p class='ocr_par' dir='ltr' id='par_1_82' title="bbox 290 5149 1868 5223">
     <span class='ocr_line' id='line_1_82' title="bbox 290 5149 1868 5223; baseline -0.001 -17"><span class='ocrx_word' id='word_1_609' title='bbox 290 5166 491 5207; x_wconf 87' lang='lat' dir='ltr'><strong>vanam</strong></span> <span class='ocrx_word' id='word_1_610' title='bbox 522 5151 770 5223; x_wconf 82' lang='lat' dir='ltr'><strong>gloriam,</strong></span> <span class='ocrx_word' id='word_1_611' title='bbox 816 5151 1026 5205; x_wconf 88' lang='lat' dir='ltr'><strong>ruinam</strong></span> <span class='ocrx_word' id='word_1_612' title='bbox 1063 5158 1380 5220; x_wconf 86' lang='lat' dir='ltr'><strong>perpetuam</strong></span> <span class='ocrx_word' id='word_1_613' title='bbox 1430 5166 1444 5203; x_wconf 89' lang='lat'><strong>:</strong></span> <span class='ocrx_word' id='word_1_614' title='bbox 1492 5150 1680 5204; x_wconf 91' lang='lat' dir='ltr'><strong>mundi</strong></span> <span class='ocrx_word' id='word_1_615' title='bbox 1709 5149 1868 5218; x_wconf 90' lang='lat' dir='ltr'><strong>hujus</strong></span> 
     </span>
    </p>
   </div>
   <div class='ocr_carea' id='block_1_83' title="bbox 291 5240 1869 5315">
    <p class='ocr_par' dir='ltr' id='par_1_83' title="bbox 291 5240 1869 5315">
     <span class='ocr_line' id='line_1_83' title="bbox 291 5240 1869 5315; baseline 0.001 -20"><span class='ocrx_word' id='word_1_616' title='bbox 291 5241 462 5315; x_wconf 89' lang='lat' dir='ltr'><strong>(quod</strong></span> <span class='ocrx_word' id='word_1_617' title='bbox 481 5251 561 5298; x_wconf 88' lang='lat' dir='ltr'><strong>est</strong></span> <span class='ocrx_word' id='word_1_618' title='bbox 584 5251 891 5299; x_wconf 82' lang='lat' dir='ltr'><strong>amatorum</strong></span> <span class='ocrx_word' id='word_1_619' title='bbox 916 5240 1123 5312; x_wconf 84' lang='lat' dir='ltr'><strong>mundi)</strong></span> <span class='ocrx_word' id='word_1_620' title='bbox 1148 5240 1364 5296; x_wconf 85' lang='lat' dir='ltr'><strong>noxiam</strong></span> <span class='ocrx_word' id='word_1_621' title='bbox 1406 5240 1724 5306; x_wconf 88' lang='lat' dir='ltr'><strong>amicitiam,</strong></span> <span class='ocrx_word' id='word_1_622' title='bbox 1747 5255 1869 5310; x_wconf 73' lang='lat' dir='ltr'><strong>quae</strong></span> 
     </span>
    </p>
   </div>
   <div class='ocr_carea' id='block_1_84' title="bbox 292 5330 1868 5401">
    <p class='ocr_par' dir='ltr' id='par_1_84' title="bbox 292 5330 1868 5401">
     <span class='ocr_line' id='line_1_84' title="bbox 292 5330 1868 5401; baseline -0.002 -12"><span class='ocrx_word' id='word_1_623' title='bbox 292 5332 477 5389; x_wconf 89' lang='lat' dir='ltr'><strong>divino</strong></span> <span class='ocrx_word' id='word_1_624' title='bbox 516 5331 825 5387; x_wconf 90' lang='lat' dir='ltr'><strong>testimonio</strong></span> <span class='ocrx_word' id='word_1_625' title='bbox 852 5332 920 5386; x_wconf 90' lang='lat' dir='ltr'><strong>ad</strong></span> <span class='ocrx_word' id='word_1_626' title='bbox 949 5330 1046 5386; x_wconf 91' lang='lat' dir='ltr'><strong>Dei</strong></span> <span class='ocrx_word' id='word_1_627' title='bbox 1074 5332 1308 5401; x_wconf 87' lang='lat' dir='ltr'><strong>pertinet</strong></span> <span class='ocrx_word' id='word_1_628' title='bbox 1330 5330 1689 5399; x_wconf 89' lang='lat' dir='ltr'><strong>inimicitiam,</strong></span> <span class='ocrx_word' id='word_1_629' title='bbox 1708 5332 1761 5386; x_wconf 88' lang='lat' dir='ltr'><strong>in</strong></span> <span class='ocrx_word' id='word_1_630' title='bbox 1782 5347 1868 5387; x_wconf 92' lang='lat' dir='ltr'><strong>me</strong></span> 
     </span>
    </p>
   </div>
   <div class='ocr_carea' id='block_1_85' title="bbox 290 5421 1869 5495">
    <p class='ocr_par' dir='ltr' id='par_1_85' title="bbox 290 5421 1869 5495">
     <span class='ocr_line' id='line_1_85' title="bbox 290 5421 1869 5495; baseline -0.003 -14"><span class='ocrx_word' id='word_1_631' title='bbox 290 5423 545 5481; x_wconf 85' lang='lat' dir='ltr'><strong>damnavi</strong></span> <span class='ocrx_word' id='word_1_632' title='bbox 580 5435 640 5478; x_wconf 89' lang='lat' dir='ltr'><strong>ut</strong></span> <span class='ocrx_word' id='word_1_633' title='bbox 664 5438 881 5494; x_wconf 71' lang='lat' dir='ltr'><strong>pinnam</strong></span> <span class='ocrx_word' id='word_1_634' title='bbox 922 5432 1228 5488; x_wconf 88' lang='lat' dir='ltr'><strong>tartaream,</strong></span> <span class='ocrx_word' id='word_1_635' title='bbox 1258 5439 1413 5480; x_wconf 86' lang='lat' dir='ltr'><strong>sacra</strong></span> <span class='ocrx_word' id='word_1_636' title='bbox 1447 5424 1658 5480; x_wconf 90' lang='lat' dir='ltr'><strong>dicente</strong></span> <span class='ocrx_word' id='word_1_637' title='bbox 1684 5421 1869 5495; x_wconf 88' lang='lat' dir='ltr'><strong>Scrip-</strong></span> 
     </span>
    </p>
   </div>
   <div class='ocr_carea' id='block_1_86' title="bbox 291 5514 1868 5587">
    <p class='ocr_par' dir='ltr' id='par_1_86' title="bbox 291 5514 1868 5587">
     <span class='ocr_line' id='line_1_86' title="bbox 291 5514 1868 5587; baseline -0.001 -14"><span class='ocrx_word' id='word_1_638' title='bbox 291 5524 414 5573; x_wconf 84' lang='lat' dir='ltr'><strong>tura</strong></span> <span class='ocrx_word' id='word_1_639' title='bbox 448 5534 462 5570; x_wconf 91' lang='lat'><strong>:</strong></span> <span class='ocrx_word' id='word_1_640' title='bbox 499 5515 601 5584; x_wconf 81' lang='lat' dir='ltr'><strong>Qui</strong></span> <span class='ocrx_word' id='word_1_641' title='bbox 635 5516 796 5587; x_wconf 80' lang='lat' dir='ltr'><strong>hujus</strong></span> <span class='ocrx_word' id='word_1_642' title='bbox 827 5514 1006 5571; x_wconf 70' lang='lat' dir='ltr'><strong>swculi</strong></span> <span class='ocrx_word' id='word_1_643' title='bbox 1047 5518 1245 5571; x_wconf 85' lang='lat' dir='ltr'><strong>amicus</strong></span> <span class='ocrx_word' id='word_1_644' title='bbox 1275 5517 1454 5587; x_wconf 76' lang='lat' dir='ltr'><strong>fuerit,</strong></span> <span class='ocrx_word' id='word_1_645' title='bbox 1482 5518 1724 5572; x_wconf 82' lang='lat' dir='ltr'><strong>inimicus</strong></span> <span class='ocrx_word' id='word_1_646' title='bbox 1770 5516 1868 5572; x_wconf 89' lang='lat' dir='ltr'><strong>Dei</strong></span> 
     </span>
    </p>
   </div>
   <div class='ocr_carea' id='block_1_87' title="bbox 291 5603 1867 5677">
    <p class='ocr_par' dir='ltr' id='par_1_87' title="bbox 291 5603 1867 5677">
     <span class='ocr_line' id='line_1_87' title="bbox 291 5603 1867 5677; baseline 0.001 -17"><span class='ocrx_word' id='word_1_647' title='bbox 291 5605 627 5677; x_wconf 85' lang='lat' dir='ltr'><strong>deputabitur</strong></span> <span class='ocrx_word' id='word_1_648' title='bbox 654 5604 794 5676; x_wconf 83' lang='lat' dir='ltr'><strong>(Jac.</strong></span> <span class='ocrx_word' id='word_1_649' title='bbox 826 5621 900 5671; x_wconf 83' lang='lat' dir='ltr'><strong>tv,</strong></span> <span class='ocrx_word' id='word_1_650' title='bbox 939 5604 1017 5677; x_wconf 72' lang='grc'><strong>4).</strong></span> <span class='ocrx_word' id='word_1_651' title='bbox 1049 5603 1260 5661; x_wconf 83' lang='lat' dir='ltr'><strong>Fratris</strong></span> <span class='ocrx_word' id='word_1_652' title='bbox 1284 5606 1608 5671; x_wconf 86' lang='lat' dir='ltr'><strong>convicium,</strong></span> <span class='ocrx_word' id='word_1_653' title='bbox 1638 5617 1692 5662; x_wconf 90' lang='lat' dir='ltr'><strong>ul</strong></span> <span class='ocrx_word' id='word_1_654' title='bbox 1720 5606 1867 5662; x_wconf 88' lang='lat' dir='ltr'><strong>fatue</strong></span> 
     </span>
    </p>
   </div>
   <div class='ocr_carea' id='block_1_88' title="bbox 293 5694 1913 5769">
    <p class='ocr_par' dir='ltr' id='par_1_88' title="bbox 293 5694 1913 5769">
     <span class='ocr_line' id='line_1_88' title="bbox 293 5694 1913 5769; baseline -0.002 -17"><span class='ocrx_word' id='word_1_655' title='bbox 293 5697 521 5761; x_wconf 87' lang='lat' dir='ltr'><strong>dictum,</strong></span> <span class='ocrx_word' id='word_1_656' title='bbox 552 5696 670 5767; x_wconf 87' lang='lat' dir='ltr'><strong>lege</strong></span> <span class='ocrx_word' id='word_1_657' title='bbox 693 5696 1002 5769; x_wconf 87' lang='lat' dir='ltr'><strong>evangelica</strong></span> <span class='ocrx_word' id='word_1_658' title='bbox 1038 5696 1291 5766; x_wconf 88' lang='lat' dir='ltr'><strong>deputavi</strong></span> <span class='ocrx_word' id='word_1_659' title='bbox 1320 5706 1377 5752; x_wconf 93' lang='lat' dir='ltr'><strong>ut</strong></span> <span class='ocrx_word' id='word_1_660' title='bbox 1410 5694 1705 5769; x_wconf 81' lang='lat' dir='ltr'><strong>gehennale</strong></span> <span class='ocrx_word' id='word_1_661' title='bbox 1735 5715 1862 5769; x_wconf 81' lang='lat' dir='ltr'><strong>snp—</strong></span> <span class='ocrx_word' id='word_1_662' title='bbox 1906 5698 1913 5709; x_wconf 81' lang='lat'><em>‘</em></span> 
     </span>
    </p>
   </div>
   <div class='ocr_carea' id='block_1_89' title="bbox 292 5790 1865 5866">
    <p class='ocr_par' dir='ltr' id='par_1_89' title="bbox 292 5790 1865 5866">
     <span class='ocr_line' id='line_1_89' title="bbox 292 5790 1865 5866; baseline 0.001 -19"><span class='ocrx_word' id='word_1_663' title='bbox 292 5793 514 5866; x_wconf 85' lang='lat' dir='ltr'><strong>plicium</strong></span> <span class='ocrx_word' id='word_1_664' title='bbox 540 5806 554 5847; x_wconf 89' lang='lat'><strong>:</strong></span> <span class='ocrx_word' id='word_1_665' title='bbox 580 5790 917 5847; x_wconf 85' lang='lat' dir='ltr'><strong>mendacium</strong></span> <span class='ocrx_word' id='word_1_666' title='bbox 964 5808 1178 5865; x_wconf 85' lang='lat' dir='ltr'><strong>quoque</strong></span> <span class='ocrx_word' id='word_1_667' title='bbox 1213 5793 1296 5849; x_wconf 90' lang='lat' dir='ltr'><strong>vel</strong></span> <span class='ocrx_word' id='word_1_668' title='bbox 1332 5794 1512 5849; x_wconf 85' lang='lat' dir='ltr'><strong>odium</strong></span> <span class='ocrx_word' id='word_1_669' title='bbox 1543 5810 1647 5850; x_wconf 91' lang='lat' dir='ltr'><strong>non</strong></span> <span class='ocrx_word' id='word_1_670' title='bbox 1688 5793 1865 5848; x_wconf 87' lang='lat' dir='ltr'><strong>minus</strong></span> 
     </span>
    </p>
   </div>
   <div class='ocr_carea' id='block_1_90' title="bbox 1968 3314 3552 3384">
    <p class='ocr_par' dir='ltr' id='par_1_90' title="bbox 1968 3314 3552 3384">
     <span class='ocr_line' id='line_1_90' title="bbox 1968 3314 3552 3384; baseline 0.003 -14"><span class='ocrx_word' id='word_1_671' title='bbox 1968 3323 2185 3373; x_wconf 80' lang='lat' dir='ltr'><strong>calores</strong></span> <span class='ocrx_word' id='word_1_672' title='bbox 2213 3315 2404 3384; x_wconf 89' lang='lat' dir='ltr'><strong>utique</strong></span> <span class='ocrx_word' id='word_1_673' title='bbox 2436 3315 2503 3371; x_wconf 88' lang='lat' dir='ltr'><strong>ad</strong></span> <span class='ocrx_word' id='word_1_674' title='bbox 2530 3314 2887 3371; x_wconf 80' lang='lat' dir='ltr'><strong>confessionis</strong></span> <span class='ocrx_word' id='word_1_675' title='bbox 2925 3317 3162 3372; x_wconf 89' lang='lat' dir='ltr'><strong>remedia</strong></span> <span class='ocrx_word' id='word_1_676' title='bbox 3194 3334 3416 3374; x_wconf 86' lang='lat' dir='ltr'><strong>currere</strong></span> <span class='ocrx_word' id='word_1_677' title='bbox 3444 3336 3552 3376; x_wconf 87' lang='lat' dir='ltr'><strong>non</strong></span> 
     </span>
    </p>
   </div>
   <div class='ocr_carea' id='block_1_91' title="bbox 1971 3406 3547 3481">
    <p class='ocr_par' dir='ltr' id='par_1_91' title="bbox 1971 3406 3547 3481">
     <span class='ocr_line' id='line_1_91' title="bbox 1971 3406 3547 3481; baseline 0.003 -19"><span class='ocrx_word' id='word_1_678' title='bbox 1971 3406 2228 3463; x_wconf 69' lang='lat' dir='ltr'><strong>differant</strong></span> <span class='ocrx_word' id='word_1_679' title='bbox 2271 3422 2495 3463; x_wconf 90' lang='lat' dir='ltr'><strong>necesse</strong></span> <span class='ocrx_word' id='word_1_680' title='bbox 2531 3417 2637 3463; x_wconf 89' lang='lat' dir='ltr'><strong>est.</strong></span> <span class='ocrx_word' id='word_1_681' title='bbox 2684 3407 2836 3463; x_wconf 86' lang='lat' dir='ltr'><strong>Unde</strong></span> <span class='ocrx_word' id='word_1_682' title='bbox 2881 3416 2933 3465; x_wconf 89' lang='lat' dir='ltr'><strong>et</strong></span> <span class='ocrx_word' id='word_1_683' title='bbox 2975 3424 3314 3481; x_wconf 86' lang='lat' dir='ltr'><strong>nequaquam</strong></span> <span class='ocrx_word' id='word_1_684' title='bbox 3365 3412 3547 3478; x_wconf 83' lang='lat' dir='ltr'><strong>noxia.</strong></span> 
     </span>
    </p>
   </div>
   <div class='ocr_carea' id='block_1_92' title="bbox 1970 3499 3549 3575">
    <p class='ocr_par' dir='ltr' id='par_1_92' title="bbox 1970 3499 3549 3575">
     <span class='ocr_line' id='line_1_92' title="bbox 1970 3499 3549 3575; baseline 0.004 -20"><span class='ocrx_word' id='word_1_685' title='bbox 1970 3500 2068 3555; x_wconf 82' lang='lat' dir='ltr'><strong>sed</strong></span> <span class='ocrx_word' id='word_1_686' title='bbox 2102 3499 2280 3569; x_wconf 88' lang='lat' dir='ltr'><strong>potius</strong></span> <span class='ocrx_word' id='word_1_687' title='bbox 2300 3500 2658 3575; x_wconf 82' lang='lat' dir='ltr'><strong>saluberrima</strong></span> <span class='ocrx_word' id='word_1_688' title='bbox 2686 3501 2933 3558; x_wconf 80' lang='lat' dir='ltr'><strong>habenda</strong></span> <span class='ocrx_word' id='word_1_689' title='bbox 2957 3512 3043 3559; x_wconf 90' lang='lat' dir='ltr'><strong>est</strong></span> <span class='ocrx_word' id='word_1_690' title='bbox 3068 3503 3163 3559; x_wconf 90' lang='lat' dir='ltr'><strong>illa</strong></span> <span class='ocrx_word' id='word_1_691' title='bbox 3187 3504 3549 3562; x_wconf 80' lang='lat' dir='ltr'><strong>confessionis</strong></span> 
     </span>
    </p>
   </div>
   <div class='ocr_carea' id='block_1_93' title="bbox 1972 3591 3569 3665">
    <p class='ocr_par' dir='ltr' id='par_1_93' title="bbox 1972 3591 3569 3665">
     <span class='ocr_line' id='line_1_93' title="bbox 1972 3591 3569 3665; baseline 0.007 -21"><span class='ocrx_word' id='word_1_692' title='bbox 1972 3606 2107 3644; x_wconf 75' lang='lat' dir='ltr'><strong>mea:</strong></span> <span class='ocrx_word' id='word_1_693' title='bbox 2137 3591 2349 3661; x_wconf 82' lang='lat' dir='ltr'><strong>publica</strong></span> <span class='ocrx_word' id='word_1_694' title='bbox 2386 3593 2691 3663; x_wconf 89' lang='lat' dir='ltr'><strong>inscriptio,</strong></span> <span class='ocrx_word' id='word_1_695' title='bbox 2720 3608 2820 3663; x_wconf 90' lang='lat' dir='ltr'><strong>per</strong></span> <span class='ocrx_word' id='word_1_696' title='bbox 2855 3608 3019 3663; x_wconf 87' lang='lat' dir='ltr'><strong>quam</strong></span> <span class='ocrx_word' id='word_1_697' title='bbox 3050 3595 3366 3665; x_wconf 83' lang='lat' dir='ltr'><strong>perhibetur</strong></span> <span class='ocrx_word' id='word_1_698' title='bbox 3404 3606 3569 3655; x_wconf 74' lang='lat' dir='ltr'><strong>certa.</strong></span> 
     </span>
    </p>
   </div>
   <div class='ocr_carea' id='block_1_94' title="bbox 1970 3684 3551 3757">
    <p class='ocr_par' dir='ltr' id='par_1_94' title="bbox 1970 3684 3551 3757">
     <span class='ocr_line' id='line_1_94' title="bbox 1970 3684 3551 3757; baseline 0.005 -23"><span class='ocrx_word' id='word_1_699' title='bbox 1970 3689 2319 3749; x_wconf 85' lang='lat' dir='ltr'><strong>peccatorum</strong></span> <span class='ocrx_word' id='word_1_700' title='bbox 2365 3696 2523 3752; x_wconf 90' lang='lat' dir='ltr'><strong>posse</strong></span> <span class='ocrx_word' id='word_1_701' title='bbox 2552 3684 2669 3739; x_wconf 82' lang='lat' dir='ltr'><strong>fieri</strong></span> <span class='ocrx_word' id='word_1_702' title='bbox 2692 3686 2967 3753; x_wconf 86' lang='lat' dir='ltr'><strong>remissio,</strong></span> <span class='ocrx_word' id='word_1_703' title='bbox 2997 3688 3126 3743; x_wconf 89' lang='lat' dir='ltr'><strong>dum</strong></span> <span class='ocrx_word' id='word_1_704' title='bbox 3164 3687 3252 3743; x_wconf 88' lang='lat' dir='ltr'><strong>lex</strong></span> <span class='ocrx_word' id='word_1_705' title='bbox 3281 3690 3551 3757; x_wconf 56' lang='lat' dir='ltr'><strong>poeniten-</strong></span> 
     </span>
    </p>
   </div>
   <div class='ocr_carea' id='block_1_95' title="bbox 1972 3769 3550 3845">
    <p class='ocr_par' dir='ltr' id='par_1_95' title="bbox 1972 3769 3550 3845">
     <span class='ocr_line' id='line_1_95' title="bbox 1972 3769 3550 3845; baseline 0.006 -21"><span class='ocrx_word' id='word_1_706' title='bbox 1972 3769 2132 3834; x_wconf 82' lang='lat' dir='ltr'><strong>tium,</strong></span> <span class='ocrx_word' id='word_1_707' title='bbox 2164 3786 2287 3839; x_wconf 74' lang='lat' dir='ltr'><strong>qua:</strong></span> <span class='ocrx_word' id='word_1_708' title='bbox 2326 3786 2358 3825; x_wconf 90' lang='lat' dir='ltr'><strong>a</strong></span> <span class='ocrx_word' id='word_1_709' title='bbox 2383 3785 2619 3828; x_wconf 69' lang='lat' dir='ltr'><strong>maerore</strong></span> <span class='ocrx_word' id='word_1_710' title='bbox 2646 3773 2853 3843; x_wconf 90' lang='lat' dir='ltr'><strong>incipit,</strong></span> <span class='ocrx_word' id='word_1_711' title='bbox 2883 3775 2952 3829; x_wconf 88' lang='lat' dir='ltr'><strong>ad</strong></span> <span class='ocrx_word' id='word_1_712' title='bbox 2980 3777 3178 3845; x_wconf 82' lang='lat' dir='ltr'><strong>gaudia</strong></span> <span class='ocrx_word' id='word_1_713' title='bbox 3204 3779 3400 3833; x_wconf 90' lang='lat' dir='ltr'><strong>merito</strong></span> <span class='ocrx_word' id='word_1_714' title='bbox 3423 3794 3550 3834; x_wconf 66' lang='lat' dir='ltr'><strong>cono</strong></span> 
     </span>
    </p>
   </div>
   <div class='ocr_carea' id='block_1_96' title="bbox 1968 3860 3555 3931">
    <p class='ocr_par' dir='ltr' id='par_1_96' title="bbox 1968 3860 3555 3931">
     <span class='ocr_line' id='line_1_96' title="bbox 1968 3860 3555 3931; baseline 0.006 -15"><span class='ocrx_word' id='word_1_715' title='bbox 1968 3860 2164 3930; x_wconf 80' lang='lat' dir='ltr'><strong>surgit,</strong></span> <span class='ocrx_word' id='word_1_716' title='bbox 2188 3860 2370 3916; x_wconf 87' lang='lat' dir='ltr'><strong>divina</strong></span> <span class='ocrx_word' id='word_1_717' title='bbox 2398 3861 2614 3918; x_wconf 87' lang='lat' dir='ltr'><strong>dicente</strong></span> <span class='ocrx_word' id='word_1_718' title='bbox 2641 3865 2908 3921; x_wconf 85' lang='lat' dir='ltr'><strong>sententia</strong></span> <span class='ocrx_word' id='word_1_719' title='bbox 2933 3882 2946 3917; x_wconf 85' lang='lat'><strong>:</strong></span> <span class='ocrx_word' id='word_1_720' title='bbox 2978 3865 3083 3931; x_wconf 77' lang='lat' dir='ltr'><strong>Qui</strong></span> <span class='ocrx_word' id='word_1_721' title='bbox 3113 3868 3374 3922; x_wconf 84' lang='lat' dir='ltr'><strong>seminant</strong></span> <span class='ocrx_word' id='word_1_722' title='bbox 3395 3869 3452 3924; x_wconf 87' lang='lat' dir='ltr'><strong>in</strong></span> <span class='ocrx_word' id='word_1_723' title='bbox 3475 3869 3555 3925; x_wconf 83' lang='lat' dir='ltr'><strong>la-</strong></span> 
     </span>
    </p>
   </div>
   <div class='ocr_carea' id='block_1_97' title="bbox 1971 3952 3554 4030">
    <p class='ocr_par' dir='ltr' id='par_1_97' title="bbox 1971 3952 3554 4030">
     <span class='ocr_line' id='line_1_97' title="bbox 1971 3952 3554 4030; baseline 0.008 -26"><span class='ocrx_word' id='word_1_724' title='bbox 1971 3952 2186 4022; x_wconf 76' lang='lat' dir='ltr'><strong>crymis,</strong></span> <span class='ocrx_word' id='word_1_725' title='bbox 2224 3952 2280 4005; x_wconf 89' lang='lat' dir='ltr'><strong>in</strong></span> <span class='ocrx_word' id='word_1_726' title='bbox 2324 3954 2520 4024; x_wconf 86' lang='lat' dir='ltr'><strong>gaudio</strong></span> <span class='ocrx_word' id='word_1_727' title='bbox 2573 3964 2764 4009; x_wconf 86' lang='lat' dir='ltr'><strong>metent</strong></span> <span class='ocrx_word' id='word_1_728' title='bbox 2813 3955 2986 4026; x_wconf 86' lang='lat' dir='ltr'><strong>(Psal.</strong></span> <span class='ocrx_word' id='word_1_729' title='bbox 3030 3972 3192 4023; x_wconf 89' lang='lat' dir='ltr'><strong>cxxv,</strong></span> <span class='ocrx_word' id='word_1_730' title='bbox 3241 3958 3330 4030; x_wconf 84' lang='lat'><strong>6);</strong></span> <span class='ocrx_word' id='word_1_731' title='bbox 3378 3975 3554 4030; x_wconf 87' lang='lat' dir='ltr'><strong>neque</strong></span> 
     </span>
    </p>
   </div>
   <div class='ocr_carea' id='block_1_98' title="bbox 1971 4032 3553 4121">
    <p class='ocr_par' dir='ltr' id='par_1_98' title="bbox 1971 4032 3553 4121">
     <span class='ocr_line' id='line_1_98' title="bbox 1971 4032 3553 4121; baseline 0.005 -23"><span class='ocrx_word' id='word_1_732' title='bbox 1971 4044 2121 4100; x_wconf 90' lang='lat' dir='ltr'><strong>enim</strong></span> <span class='ocrx_word' id='word_1_733' title='bbox 2160 4044 2420 4100; x_wconf 89' lang='lat' dir='ltr'><strong>Dominus</strong></span> <span class='ocrx_word' id='word_1_734' title='bbox 2462 4045 2739 4116; x_wconf 90' lang='lat' dir='ltr'><strong>despicere</strong></span> <span class='ocrx_word' id='word_1_735' title='bbox 2784 4056 2880 4105; x_wconf 87' lang='lat' dir='ltr'><strong>aut</strong></span> <span class='ocrx_word' id='word_1_736' title='bbox 2919 4048 3199 4115; x_wconf 87' lang='lat' dir='ltr'><strong>damnare,</strong></span> <span class='ocrx_word' id='word_1_737' title='bbox 3230 4050 3326 4105; x_wconf 92' lang='lat' dir='ltr'><strong>sed</strong></span> <span class='ocrx_word' id='word_1_738' title='bbox 3375 4032 3553 4121; x_wconf 85' lang='lat' dir='ltr'><strong>potius</strong></span> 
     </span>
    </p>
   </div>
   <div class='ocr_carea' id='block_1_99' title="bbox 1970 4136 3551 4211">
    <p class='ocr_par' dir='ltr' id='par_1_99' title="bbox 1970 4136 3551 4211">
     <span class='ocr_line' id='line_1_99' title="bbox 1970 4136 3551 4211; baseline 0.003 -20"><span class='ocrx_word' id='word_1_739' title='bbox 1970 4150 2168 4192; x_wconf 88' lang='lat' dir='ltr'><strong>sanare</strong></span> <span class='ocrx_word' id='word_1_740' title='bbox 2212 4144 2375 4207; x_wconf 88' lang='lat' dir='ltr'><strong>atque</strong></span> <span class='ocrx_word' id='word_1_741' title='bbox 2423 4136 2635 4209; x_wconf 86' lang='lat' dir='ltr'><strong>erigere</strong></span> <span class='ocrx_word' id='word_1_742' title='bbox 2663 4138 2930 4195; x_wconf 85' lang='lat' dir='ltr'><strong>contritus</strong></span> <span class='ocrx_word' id='word_1_743' title='bbox 2963 4139 3126 4195; x_wconf 89' lang='lat' dir='ltr'><strong>corde</strong></span> <span class='ocrx_word' id='word_1_744' title='bbox 3161 4139 3376 4211; x_wconf 87' lang='lat' dir='ltr'><strong>legitur.</strong></span> <span class='ocrx_word' id='word_1_745' title='bbox 3410 4139 3551 4196; x_wconf 51' lang='lat' dir='ltr'><strong>Sub.</strong></span> 
     </span>
    </p>
   </div>
   <div class='ocr_carea' id='block_1_100' title="bbox 1970 4225 3554 4302">
    <p class='ocr_par' dir='ltr' id='par_1_100' title="bbox 1970 4225 3554 4302">
     <span class='ocr_line' id='line_1_100' title="bbox 1970 4225 3554 4302; baseline 0.004 -20"><span class='ocrx_word' id='word_1_746' title='bbox 1970 4225 2326 4295; x_wconf 84' lang='lat' dir='ltr'><strong>scriptionem</strong></span> <span class='ocrx_word' id='word_1_747' title='bbox 2340 4241 2469 4298; x_wconf 81' lang='lat' dir='ltr'><strong>ergo</strong></span> <span class='ocrx_word' id='word_1_748' title='bbox 2490 4227 2622 4283; x_wconf 89' lang='lat' dir='ltr'><strong>mihi</strong></span> <span class='ocrx_word' id='word_1_749' title='bbox 2646 4229 2699 4282; x_wconf 89' lang='lat' dir='ltr'><strong>in</strong></span> <span class='ocrx_word' id='word_1_750' title='bbox 2726 4230 3013 4300; x_wconf 84' lang='lat' dir='ltr'><strong>angustiis,</strong></span> <span class='ocrx_word' id='word_1_751' title='bbox 3033 4244 3379 4302; x_wconf 87' lang='lat' dir='ltr'><strong>nequaquam</strong></span> <span class='ocrx_word' id='word_1_752' title='bbox 3404 4232 3554 4288; x_wconf 86' lang='lat' dir='ltr'><strong>dam-</strong></span> 
     </span>
    </p>
   </div>
   <div class='ocr_carea' id='block_1_101' title="bbox 1970 4318 3551 4393">
    <p class='ocr_par' dir='ltr' id='par_1_101' title="bbox 1970 4318 3551 4393">
     <span class='ocr_line' id='line_1_101' title="bbox 1970 4318 3551 4393; baseline 0.004 -20"><span class='ocrx_word' id='word_1_753' title='bbox 1970 4318 2211 4373; x_wconf 89' lang='lat' dir='ltr'><strong>nationis</strong></span> <span class='ocrx_word' id='word_1_754' title='bbox 2245 4318 2340 4374; x_wconf 86' lang='lat' dir='ltr'><strong>sed</strong></span> <span class='ocrx_word' id='word_1_755' title='bbox 2365 4318 2545 4389; x_wconf 90' lang='lat' dir='ltr'><strong>potius</strong></span> <span class='ocrx_word' id='word_1_756' title='bbox 2563 4320 2859 4390; x_wconf 86' lang='lat' dir='ltr'><strong>ereptionis</strong></span> <span class='ocrx_word' id='word_1_757' title='bbox 2882 4320 3036 4376; x_wconf 88' lang='lat' dir='ltr'><strong>titulo</strong></span> <span class='ocrx_word' id='word_1_758' title='bbox 3061 4320 3226 4388; x_wconf 88' lang='lat' dir='ltr'><strong>edidi,</strong></span> <span class='ocrx_word' id='word_1_759' title='bbox 3253 4337 3418 4393; x_wconf 89' lang='lat' dir='ltr'><strong>quam</strong></span> <span class='ocrx_word' id='word_1_760' title='bbox 3444 4337 3551 4380; x_wconf 93' lang='lat' dir='ltr'><strong>non</strong></span> 
     </span>
    </p>
   </div>
   <div class='ocr_carea' id='block_1_102' title="bbox 1971 4409 3550 4483">
    <p class='ocr_par' dir='ltr' id='par_1_102' title="bbox 1971 4409 3550 4483">
     <span class='ocr_line' id='line_1_102' title="bbox 1971 4409 3550 4483; baseline 0.004 -18"><span class='ocrx_word' id='word_1_761' title='bbox 1971 4409 2276 4474; x_wconf 87' lang='lat' dir='ltr'><strong>convictus,</strong></span> <span class='ocrx_word' id='word_1_762' title='bbox 2320 4410 2415 4465; x_wconf 88' lang='lat' dir='ltr'><strong>sed</strong></span> <span class='ocrx_word' id='word_1_763' title='bbox 2443 4409 2598 4467; x_wconf 85' lang='lat' dir='ltr'><strong>valde</strong></span> <span class='ocrx_word' id='word_1_764' title='bbox 2628 4412 2957 4468; x_wconf 87' lang='lat' dir='ltr'><strong>constrictus</strong></span> <span class='ocrx_word' id='word_1_765' title='bbox 2978 4413 3201 4483; x_wconf 79' lang='lat' dir='ltr'><strong>pertuli,</strong></span> <span class='ocrx_word' id='word_1_766' title='bbox 3231 4414 3425 4471; x_wconf 87' lang='lat' dir='ltr'><strong>melius</strong></span> <span class='ocrx_word' id='word_1_767' title='bbox 3460 4415 3550 4473; x_wconf 86' lang='lat' dir='ltr'><strong>hic</strong></span> 
     </span>
    </p>
   </div>
   <div class='ocr_carea' id='block_1_103' title="bbox 1970 4502 3553 4576">
    <p class='ocr_par' dir='ltr' id='par_1_103' title="bbox 1970 4502 3553 4576">
     <span class='ocr_line' id='line_1_103' title="bbox 1970 4502 3553 4576; baseline 0.005 -19"><span class='ocrx_word' id='word_1_768' title='bbox 1970 4502 2315 4559; x_wconf 86' lang='lat' dir='ltr'><strong>inserendam</strong></span> <span class='ocrx_word' id='word_1_769' title='bbox 2335 4502 2683 4567; x_wconf 85' lang='lat' dir='ltr'><strong>adnotatione</strong></span> <span class='ocrx_word' id='word_1_770' title='bbox 2696 4504 2910 4575; x_wconf 87' lang='lat' dir='ltr'><strong>publica</strong></span> <span class='ocrx_word' id='word_1_771' title='bbox 2924 4507 3144 4576; x_wconf 73' lang='lat' dir='ltr'><strong>prievidi</strong></span> <span class='ocrx_word' id='word_1_772' title='bbox 3166 4507 3223 4563; x_wconf 92' lang='lat' dir='ltr'><strong>in</strong></span> <span class='ocrx_word' id='word_1_773' title='bbox 3245 4509 3553 4575; x_wconf 86' lang='lat' dir='ltr'><strong>testimonio</strong></span> 
     </span>
    </p>
   </div>
   <div class='ocr_carea' id='block_1_104' title="bbox 1974 4596 3553 4673">
    <p class='ocr_par' dir='ltr' id='par_1_104' title="bbox 1974 4596 3553 4673">
     <span class='ocr_line' id='line_1_104' title="bbox 1974 4596 3553 4673; baseline 0.005 -24"><span class='ocrx_word' id='word_1_774' title='bbox 1974 4596 2242 4661; x_wconf 87' lang='lat' dir='ltr'><strong>veritatis,</strong></span> <span class='ocrx_word' id='word_1_775' title='bbox 2272 4610 2342 4650; x_wconf 89' lang='lat' dir='ltr'><strong>ne</strong></span> <span class='ocrx_word' id='word_1_776' title='bbox 2388 4604 2547 4651; x_wconf 90' lang='lat' dir='ltr'><strong>aucta</strong></span> <span class='ocrx_word' id='word_1_777' title='bbox 2599 4605 2693 4651; x_wconf 91' lang='lat' dir='ltr'><strong>aut</strong></span> <span class='ocrx_word' id='word_1_778' title='bbox 2735 4597 2943 4653; x_wconf 89' lang='lat' dir='ltr'><strong>minuta</strong></span> <span class='ocrx_word' id='word_1_779' title='bbox 2983 4599 3284 4656; x_wconf 88' lang='lat' dir='ltr'><strong>maculetur</strong></span> <span class='ocrx_word' id='word_1_780' title='bbox 3323 4601 3553 4673; x_wconf 78' lang='lat' dir='ltr'><strong>alicujus</strong></span> 
     </span>
    </p>
   </div>
   <div class='ocr_carea' id='block_1_105' title="bbox 1970 4686 3550 4763">
    <p class='ocr_par' dir='ltr' id='par_1_105' title="bbox 1970 4686 3550 4763">
     <span class='ocr_line' id='line_1_105' title="bbox 1970 4686 3550 4763; baseline 0.002 -20"><span class='ocrx_word' id='word_1_781' title='bbox 1970 4686 2154 4743; x_wconf 63' lang='lat' dir='ltr'><strong>aemuli</strong></span> <span class='ocrx_word' id='word_1_782' title='bbox 2180 4686 2503 4757; x_wconf 89' lang='lat' dir='ltr'><strong>quandoque</strong></span> <span class='ocrx_word' id='word_1_783' title='bbox 2521 4687 2836 4753; x_wconf 84' lang='lat' dir='ltr'><strong>mendaciis,</strong></span> <span class='ocrx_word' id='word_1_784' title='bbox 2869 4698 2928 4744; x_wconf 91' lang='lat' dir='ltr'><strong>ut</strong></span> <span class='ocrx_word' id='word_1_785' title='bbox 2950 4698 3006 4745; x_wconf 86' lang='lat' dir='ltr'><strong>et</strong></span> <span class='ocrx_word' id='word_1_786' title='bbox 3022 4690 3167 4760; x_wconf 91' lang='lat' dir='ltr'><strong>quod</strong></span> <span class='ocrx_word' id='word_1_787' title='bbox 3195 4699 3321 4749; x_wconf 90' lang='lat' dir='ltr'><strong>tunc</strong></span> <span class='ocrx_word' id='word_1_788' title='bbox 3338 4700 3550 4763; x_wconf 86' lang='lat' dir='ltr'><strong>gestum</strong></span> 
     </span>
    </p>
   </div>
   <div class='ocr_carea' id='block_1_106' title="bbox 1973 4780 3552 4855">
    <p class='ocr_par' dir='ltr' id='par_1_106' title="bbox 1973 4780 3552 4855">
     <span class='ocr_line' id='line_1_106' title="bbox 1973 4780 3552 4855; baseline 0.002 -18"><span class='ocrx_word' id='word_1_789' title='bbox 1973 4787 2059 4837; x_wconf 82' lang='lat' dir='ltr'><strong>est</strong></span> <span class='ocrx_word' id='word_1_790' title='bbox 2085 4788 2298 4835; x_wconf 87' lang='lat' dir='ltr'><strong>secreto</strong></span> <span class='ocrx_word' id='word_1_791' title='bbox 2331 4780 2629 4849; x_wconf 90' lang='lat' dir='ltr'><strong>ereptionis</strong></span> <span class='ocrx_word' id='word_1_792' title='bbox 2657 4791 3000 4853; x_wconf 88' lang='lat' dir='ltr'><strong>argumento,</strong></span> <span class='ocrx_word' id='word_1_793' title='bbox 3040 4783 3169 4839; x_wconf 86' lang='lat' dir='ltr'><strong>hinc</strong></span> <span class='ocrx_word' id='word_1_794' title='bbox 3191 4781 3305 4852; x_wconf 88' lang='lat' dir='ltr'><strong>jam</strong></span> <span class='ocrx_word' id='word_1_795' title='bbox 3334 4784 3552 4855; x_wconf 87' lang='lat' dir='ltr'><strong>publico</strong></span> 
     </span>
    </p>
   </div>
   <div class='ocr_carea' id='block_1_107' title="bbox 1950 4871 3553 4941">
    <p class='ocr_par' dir='ltr' id='par_1_107' title="bbox 1950 4871 3553 4941">
     <span class='ocr_line' id='line_1_107' title="bbox 1950 4871 3553 4941; baseline 0.004 -15"><span class='ocrx_word' id='word_1_796' title='bbox 1950 4872 2175 4941; x_wconf 72' lang='lat' dir='ltr'><strong>ubique</strong></span> <span class='ocrx_word' id='word_1_797' title='bbox 2211 4871 2535 4927; x_wconf 88' lang='lat' dir='ltr'><strong>discutiatur</strong></span> <span class='ocrx_word' id='word_1_798' title='bbox 2570 4872 2641 4927; x_wconf 92' lang='lat' dir='ltr'><strong>ab</strong></span> <span class='ocrx_word' id='word_1_799' title='bbox 2678 4873 2930 4932; x_wconf 88' lang='lat' dir='ltr'><strong>omnibus</strong></span> <span class='ocrx_word' id='word_1_800' title='bbox 2951 4890 3096 4931; x_wconf 70' lang='lat' dir='ltr'><strong>vera:</strong></span> <span class='ocrx_word' id='word_1_801' title='bbox 3130 4876 3413 4932; x_wconf 86' lang='lat' dir='ltr'><strong>charitatis</strong></span> <span class='ocrx_word' id='word_1_802' title='bbox 3438 4885 3553 4932; x_wconf 86' lang='lat' dir='ltr'><strong>stu-</strong></span> 
     </span>
    </p>
   </div>
   <div class='ocr_carea' id='block_1_108' title="bbox 1975 4963 3553 5039">
    <p class='ocr_par' dir='ltr' id='par_1_108' title="bbox 1975 4963 3553 5039">
     <span class='ocr_line' id='line_1_108' title="bbox 1975 4963 3553 5039; baseline 0.002 -19"><span class='ocrx_word' id='word_1_803' title='bbox 1975 4963 2086 5028; x_wconf 89' lang='lat' dir='ltr'><strong>dio,</strong></span> <span class='ocrx_word' id='word_1_804' title='bbox 2107 4972 2163 5019; x_wconf 90' lang='lat' dir='ltr'><strong>et</strong></span> <span class='ocrx_word' id='word_1_805' title='bbox 2185 4964 2313 5017; x_wconf 90' lang='lat' dir='ltr'><strong>dum</strong></span> <span class='ocrx_word' id='word_1_806' title='bbox 2343 4963 2547 5018; x_wconf 86' lang='lat' dir='ltr'><strong>nullum</strong></span> <span class='ocrx_word' id='word_1_807' title='bbox 2577 4963 2651 5020; x_wconf 89' lang='lat' dir='ltr'><strong>ibi</strong></span> <span class='ocrx_word' id='word_1_808' title='bbox 2681 4973 2887 5020; x_wconf 90' lang='lat' dir='ltr'><strong>certum</strong></span> <span class='ocrx_word' id='word_1_809' title='bbox 2934 4968 3296 5023; x_wconf 88' lang='lat' dir='ltr'><strong>damnationis</strong></span> <span class='ocrx_word' id='word_1_810' title='bbox 3322 4969 3553 5039; x_wconf 63' lang='grc' dir='ltr'><strong>βιαιϋεὶ-</strong></span> 
     </span>
    </p>
   </div>
   <div class='ocr_carea' id='block_1_109' title="bbox 1971 5055 3548 5131">
    <p class='ocr_par' dir='ltr' id='par_1_109' title="bbox 1971 5055 3548 5131">
     <span class='ocr_line' id='line_1_109' title="bbox 1971 5055 3548 5131; baseline 0.003 -20"><span class='ocrx_word' id='word_1_811' title='bbox 1971 5064 2061 5112; x_wconf 84' lang='lat' dir='ltr'><strong>tur</strong></span> <span class='ocrx_word' id='word_1_812' title='bbox 2087 5057 2321 5122; x_wconf 90' lang='lat' dir='ltr'><strong>crimen,</strong></span> <span class='ocrx_word' id='word_1_813' title='bbox 2358 5055 2671 5112; x_wconf 88' lang='lat' dir='ltr'><strong>nullatenus</strong></span> <span class='ocrx_word' id='word_1_814' title='bbox 2701 5058 2871 5114; x_wconf 91' lang='lat' dir='ltr'><strong>ullum</strong></span> <span class='ocrx_word' id='word_1_815' title='bbox 2899 5062 3069 5129; x_wconf 89' lang='lat' dir='ltr'><strong>possit</strong></span> <span class='ocrx_word' id='word_1_816' title='bbox 3105 5061 3244 5117; x_wconf 88' lang='lat' dir='ltr'><strong>ultra</strong></span> <span class='ocrx_word' id='word_1_817' title='bbox 3274 5062 3383 5131; x_wconf 92' lang='lat' dir='ltr'><strong>pati</strong></span> <span class='ocrx_word' id='word_1_818' title='bbox 3416 5077 3548 5116; x_wconf 91' lang='lat' dir='ltr'><strong>con-</strong></span> 
     </span>
    </p>
   </div>
   <div class='ocr_carea' id='block_1_110' title="bbox 1968 5146 3549 5222">
    <p class='ocr_par' dir='ltr' id='par_1_110' title="bbox 1968 5146 3549 5222">
     <span class='ocr_line' id='line_1_110' title="bbox 1968 5146 3549 5222; baseline 0.003 -20"><span class='ocrx_word' id='word_1_819' title='bbox 1968 5146 2202 5204; x_wconf 87' lang='lat' dir='ltr'><strong>fusionis</strong></span> <span class='ocrx_word' id='word_1_820' title='bbox 2224 5146 2536 5203; x_wconf 88' lang='lat' dir='ltr'><strong>discrimen.</strong></span> <span class='ocrx_word' id='word_1_821' title='bbox 2565 5146 2680 5204; x_wconf 82' lang='lat' dir='ltr'><strong>Non</strong></span> <span class='ocrx_word' id='word_1_822' title='bbox 2717 5150 2881 5205; x_wconf 85' lang='lat' dir='ltr'><strong>noxia</strong></span> <span class='ocrx_word' id='word_1_823' title='bbox 2918 5164 3070 5222; x_wconf 80' lang='lat' dir='ltr'><strong>ergo,</strong></span> <span class='ocrx_word' id='word_1_824' title='bbox 3109 5153 3202 5209; x_wconf 85' lang='lat' dir='ltr'><strong>sed</strong></span> <span class='ocrx_word' id='word_1_825' title='bbox 3233 5153 3390 5209; x_wconf 86' lang='lat' dir='ltr'><strong>valde</strong></span> <span class='ocrx_word' id='word_1_826' title='bbox 3426 5168 3549 5222; x_wconf 90' lang='lat' dir='ltr'><strong>pro-</strong></span> 
     </span>
    </p>
   </div>
   <div class='ocr_carea' id='block_1_111' title="bbox 1950 5237 3548 5313">
    <p class='ocr_par' dir='ltr' id='par_1_111' title="bbox 1950 5237 3548 5313">
     <span class='ocr_line' id='line_1_111' title="bbox 1950 5237 3548 5313; baseline 0.003 -19"><span class='ocrx_word' id='word_1_827' title='bbox 1950 5237 2110 5294; x_wconf 31' lang='lat' dir='ltr'><strong>;ﬁcua</strong></span> <span class='ocrx_word' id='word_1_828' title='bbox 2137 5238 2382 5294; x_wconf 85' lang='lat' dir='ltr'><strong>habenda</strong></span> <span class='ocrx_word' id='word_1_829' title='bbox 2408 5247 2495 5293; x_wconf 89' lang='lat' dir='ltr'><strong>est</strong></span> <span class='ocrx_word' id='word_1_830' title='bbox 2517 5238 2641 5294; x_wconf 88' lang='lat' dir='ltr'><strong>talis</strong></span> <span class='ocrx_word' id='word_1_831' title='bbox 2671 5240 3013 5310; x_wconf 85' lang='lat' dir='ltr'><strong>subscriptio,</strong></span> <span class='ocrx_word' id='word_1_832' title='bbox 3037 5258 3159 5313; x_wconf 72' lang='lat' dir='ltr'><strong>qua:</strong></span> <span class='ocrx_word' id='word_1_833' title='bbox 3187 5242 3400 5300; x_wconf 85' lang='lat' dir='ltr'><strong>furores</strong></span> <span class='ocrx_word' id='word_1_834' title='bbox 3426 5258 3548 5312; x_wconf 85' lang='lat' dir='ltr'><strong>per-</strong></span> 
     </span>
    </p>
   </div>
   <div class='ocr_carea' id='block_1_112' title="bbox 1950 5330 3548 5403">
    <p class='ocr_par' dir='ltr' id='par_1_112' title="bbox 1950 5330 3548 5403">
     <span class='ocr_line' id='line_1_112' title="bbox 1950 5330 3548 5403; baseline 0.002 -16"><span class='ocrx_word' id='word_1_835' title='bbox 1950 5332 2312 5403; x_wconf 85' lang='lat' dir='ltr'><strong>_sequentium</strong></span> <span class='ocrx_word' id='word_1_836' title='bbox 2350 5330 2640 5402; x_wconf 85' lang='lat' dir='ltr'><strong>mitigavit,</strong></span> <span class='ocrx_word' id='word_1_837' title='bbox 2681 5331 2944 5403; x_wconf 79' lang='lat' dir='ltr'><strong>hiemales</strong></span> <span class='ocrx_word' id='word_1_838' title='bbox 2995 5334 3188 5390; x_wconf 84' lang='lat' dir='ltr'><strong>anxias</strong></span> <span class='ocrx_word' id='word_1_839' title='bbox 3232 5333 3548 5401; x_wconf 82' lang='lat' dir='ltr'><strong>vexationes</strong></span> 
     </span>
    </p>
   </div>
   <div class='ocr_carea' id='block_1_113' title="bbox 1970 5408 3547 5493">
    <p class='ocr_par' dir='ltr' id='par_1_113' title="bbox 1970 5408 3547 5493">
     <span class='ocr_line' id='line_1_113' title="bbox 1970 5408 3547 5493; baseline 0.001 -15"><span class='ocrx_word' id='word_1_840' title='bbox 1970 5410 2200 5479; x_wconf 86' lang='lat' dir='ltr'><strong>fratrum</strong></span> <span class='ocrx_word' id='word_1_841' title='bbox 2228 5408 2477 5493; x_wconf 79' lang='lat' dir='ltr'><strong>porrecta</strong></span> <span class='ocrx_word' id='word_1_842' title='bbox 2519 5421 2790 5493; x_wconf 86' lang='lat' dir='ltr'><strong>levigavit,</strong></span> <span class='ocrx_word' id='word_1_843' title='bbox 2826 5440 2912 5479; x_wconf 91' lang='lat' dir='ltr'><strong>me</strong></span> <span class='ocrx_word' id='word_1_844' title='bbox 2955 5426 3118 5479; x_wconf 90' lang='lat' dir='ltr'><strong>etiam</strong></span> <span class='ocrx_word' id='word_1_845' title='bbox 3147 5426 3215 5479; x_wconf 92' lang='lat' dir='ltr'><strong>ab</strong></span> <span class='ocrx_word' id='word_1_846' title='bbox 3260 5424 3338 5479; x_wconf 88' lang='lat' dir='ltr'><strong>ira</strong></span> <span class='ocrx_word' id='word_1_847' title='bbox 3365 5439 3547 5493; x_wconf 88' lang='lat' dir='ltr'><strong>perse-</strong></span> 
     </span>
    </p>
   </div>
   <div class='ocr_carea' id='block_1_114' title="bbox 1970 5515 3543 5589">
    <p class='ocr_par' dir='ltr' id='par_1_114' title="bbox 1970 5515 3543 5589">
     <span class='ocr_line' id='line_1_114' title="bbox 1970 5515 3543 5589; baseline -0.001 -16"><span class='ocrx_word' id='word_1_848' title='bbox 1970 5518 2249 5589; x_wconf 84' lang='lat' dir='ltr'><strong>quentium</strong></span> <span class='ocrx_word' id='word_1_849' title='bbox 2298 5515 2527 5585; x_wconf 86' lang='lat' dir='ltr'><strong>eripuit;</strong></span> <span class='ocrx_word' id='word_1_850' title='bbox 2573 5515 2794 5586; x_wconf 89' lang='lat' dir='ltr'><strong>insuper</strong></span> <span class='ocrx_word' id='word_1_851' title='bbox 2829 5527 2884 5572; x_wconf 92' lang='lat' dir='ltr'><strong>et</strong></span> <span class='ocrx_word' id='word_1_852' title='bbox 2914 5515 3207 5573; x_wconf 88' lang='lat' dir='ltr'><strong>secundum</strong></span> <span class='ocrx_word' id='word_1_853' title='bbox 3238 5523 3543 5583; x_wconf 79' lang='lat' dir='ltr'><strong>sanctarum</strong></span> 
     </span>
    </p>
   </div>
   <div class='ocr_carea' id='block_1_115' title="bbox 1971 5604 3544 5678">
    <p class='ocr_par' dir='ltr' id='par_1_115' title="bbox 1971 5604 3544 5678">
     <span class='ocr_line' id='line_1_115' title="bbox 1971 5604 3544 5678; baseline -0.003 -14"><span class='ocrx_word' id='word_1_854' title='bbox 1971 5608 2371 5678; x_wconf 87' lang='lat' dir='ltr'><strong>Scripturarum</strong></span> <span class='ocrx_word' id='word_1_855' title='bbox 2395 5605 2774 5660; x_wconf 88' lang='lat' dir='ltr'><strong>auctoritatem</strong></span> <span class='ocrx_word' id='word_1_856' title='bbox 2802 5606 2933 5661; x_wconf 89' lang='lat' dir='ltr'><strong>mihi</strong></span> <span class='ocrx_word' id='word_1_857' title='bbox 2962 5604 3238 5661; x_wconf 80' lang='lat' dir='ltr'><strong>confitenti</strong></span> <span class='ocrx_word' id='word_1_858' title='bbox 3269 5606 3544 5661; x_wconf 85' lang='lat' dir='ltr'><strong>remissio-</strong></span> 
     </span>
    </p>
   </div>
   <div class='ocr_carea' id='block_1_116' title="bbox 1970 5695 3545 5769">
    <p class='ocr_par' dir='ltr' id='par_1_116' title="bbox 1970 5695 3545 5769">
     <span class='ocr_line' id='line_1_116' title="bbox 1970 5695 3545 5769; baseline -0.004 -13"><span class='ocrx_word' id='word_1_859' title='bbox 1970 5696 2088 5756; x_wconf 80' lang='lat' dir='ltr'><strong>nem</strong></span> <span class='ocrx_word' id='word_1_860' title='bbox 2112 5695 2338 5769; x_wconf 76' lang='lat' dir='ltr'><strong>porrigit</strong></span> <span class='ocrx_word' id='word_1_861' title='bbox 2370 5706 2737 5767; x_wconf 84' lang='lat' dir='ltr'><strong>peccaturum,</strong></span> <span class='ocrx_word' id='word_1_862' title='bbox 2771 5697 2814 5751; x_wconf 90' lang='lat' dir='ltr'><strong>si</strong></span> <span class='ocrx_word' id='word_1_863' title='bbox 2844 5710 3259 5767; x_wconf 83' lang='lat' dir='ltr'><strong>perseveravero</strong></span> <span class='ocrx_word' id='word_1_864' title='bbox 3284 5696 3545 5751; x_wconf 83' lang='lat' dir='ltr'><strong>divinitus</strong></span> 
     </span>
    </p>
   </div>
   <div class='ocr_carea' id='block_1_117' title="bbox 1968 5787 3545 5865">
    <p class='ocr_par' dir='ltr' id='par_1_117' title="bbox 1968 5787 3545 5865">
     <span class='ocr_line' id='line_1_117' title="bbox 1968 5787 3545 5865; baseline -0.003 -15"><span class='ocrx_word' id='word_1_865' title='bbox 1968 5791 2263 5864; x_wconf 71' lang='lat' dir='ltr'><strong>castigatus</strong></span> <span class='ocrx_word' id='word_1_866' title='bbox 2313 5797 2458 5843; x_wconf 79' lang='lat' dir='ltr'><strong>certa</strong></span> <span class='ocrx_word' id='word_1_867' title='bbox 2510 5789 2562 5842; x_wconf 88' lang='lat' dir='ltr'><strong>in</strong></span> <span class='ocrx_word' id='word_1_868' title='bbox 2610 5788 2983 5845; x_wconf 75' lang='lat' dir='ltr'><strong>emendatione</strong></span> <span class='ocrx_word' id='word_1_869' title='bbox 3045 5802 3275 5844; x_wconf 85' lang='lat' dir='ltr'><strong>mormu.</strong></span> <span class='ocrx_word' id='word_1_870' title='bbox 3343 5787 3545 5865; x_wconf 69' lang='lat' dir='ltr'><strong>Scripsi</strong></span> 
     </span>
    </p>
   </div>
  </div>
