4032 6440
459 342 528 402 l5
1520 330 1808 392 EBBONIS
1845 328 2156 390 EPISCOPI
2190 323 2592 386 RHEMENSIS
3657 315 3728 372 16

455 460 643 530 utique
666 456 721 513 in
759 469 879 530 quo
893 455 1034 529 apud
1063 455 1233 511 Deum
1257 466 1364 508 non
1387 449 1593 517 corrui,
1617 449 1710 505 sed
1732 447 1913 520 potius
1938 447 2038 502 hu-
2064 452 2114 512 Α
2139 442 2356 502 nonnisi
2382 441 2502 499 sine
2537 444 2764 511 peccato
2807 449 3136 509 quemquam
3157 433 3430 507 damnare
3459 428 3734 501 acquievit

456 553 576 610 mill
601 550 974 608 satisfactione
1015 547 1286 610 convalui,
1313 552 1368 599 et
1397 544 1512 599 haec
1547 543 1619 598 ita
1645 542 1755 598 vim
1783 540 2039 598 facienti-

454 645 559 702 bus
587 643 729 699 edita
757 641 947 704 obtuli,
979 641 1104 712 quia
1130 645 1312 693 certus
1333 651 1474 701 sum,
1502 642 1556 690 et
1577 635 1690 690 scio
1721 634 1810 689 cui
1835 631 2040 688 credidi

453 735 646 792 dicens
676 753 688 788 :
721 733 834 805 Ego
859 732 973 787 Eho
1005 729 1253 798 indignus
1275 727 1581 798 episcopus,
1607 733 1713 782 etc.
1748 725 1880 779 Vide
1914 739 2040 778 cou-

458 827 761 898 fessionem,
785 840 967 894 sapra.
1930 843 1932 845 ›

533 917 590 974 Si
609 919 730 989 quis
752 929 878 970 vero
901 930 995 985 per
1015 911 1307 968 salutarem
1331 911 1470 966 hanc
1491 909 1544 966 in
1567 909 1836 981 pressuris
1856 922 2040 979 reper-

461 1017 571 1065 tam
595 1005 1010 1077 conscriptionis
1034 1003 1323 1060 formulam
1354 1019 1441 1058 me
1467 1002 1830 1057 damnandum
1853 1001 2040 1055 decre-

456 1102 620 1167 verit,
665 1095 918 1152 similiter
947 1103 1002 1150 et
1037 1096 1090 1149 in
1124 1094 1374 1149 omnibus
1402 1093 1617 1161 scriptis
1645 1092 1780 1146 meis
1809 1106 1896 1145 me
1937 1105 2038 1160 op-

457 1193 696 1262 primere
737 1189 955 1261 poterit,
997 1189 1050 1243 in
1087 1187 1284 1259 quibus
1322 1200 1599 1256 nunquam
1643 1199 1730 1239 me
1776 1182 2038 1254 justifico,

457 1281 552 1337 sed
582 1296 798 1351 semper
822 1280 1098 1350 indignum
1127 1277 1441 1349 episc0pum
1465 1275 1814 1332 subscribens
1841 1274 2041 1344 ubique

458 1372 738 1428 denuntio.
767 1371 877 1426 Nec
900 1379 1079 1425 tamen
1109 1383 1196 1424 me
1219 1368 1273 1422 in
1300 1369 1401 1423 hac
1426 1367 1616 1422 eadem
1643 1365 2042 1436 subscriptione

459 1466 600 1520 ullus
634 1464 952 1520 violatorem
983 1472 1078 1518 aut
1121 1461 1438 1517 mendacem
1486 1459 1895 1531 deprehendere
1939 1473 2042 1528 po-

461 1559 590 1614 terit
619 1576 632 1613 :
675 1561 801 1628 quia
823 1573 984 1612 nemo
1009 1557 1080 1612 ibi
1106 1564 1292 1628 postea
1325 1555 1507 1610 utilior
1530 1554 1764 1626 praefuit,
1795 1554 1889 1610 sed
1915 1569 2040 1624 sep-

462 1653 610 1708 tenni
653 1652 822 1708 ferme
865 1651 966 1707 sub
1012 1651 1348 1723 paenitentiae
1383 1651 1581 1721 spatio,
1611 1666 1718 1720 quo
1759 1650 1815 1704 in
1855 1656 2044 1706 sancta

461 1745 705 1800 Ecclesia
749 1752 1094 1814 peccatorum
1130 1741 1520 1812 paenitentibus
1543 1741 1662 1798 fieri
1693 1740 1828 1797 solet
1851 1741 2041 1797 remis-

2143 536 2325 609 (Joan.
2353 549 2475 600 vni,
2515 533 2572 603 ὅ)
2611 549 2624 586 :
2661 546 2770 602 quo
2798 530 3018 601 pietatis
3047 526 3297 598 exemplo
3342 530 3731 594 compunctum

2140 629 2301 683 corde
2349 642 2458 682 non
2507 622 2857 688 mortificare,
2913 621 3006 676 sed
3064 615 3502 675 misericordiam
3555 612 3732 684 magis

2140 735 2302 790 quam
2355 717 2681 774 sacrificium
2711 730 2768 770 se
2800 713 2938 769 velle
2989 710 3314 768 monstravit
3364 707 3514 780 (Ose.
3541 721 3616 769 vr,
3648 705 3731 776 6).

2138 812 2491 868 Publicanum
2519 808 2787 880 siquidem
2818 808 3059 877 seipsum
3091 811 3437 861 accusantem
3469 815 3578 857 non
3603 813 3738 857 con-

2141 902 2417 958 demnavit
2465 900 2616 972 (Luc.
2663 915 2819 964 xvut,
2861 897 2986 968 15),
3037 896 3133 952 sed
3177 895 3352 967 magis
3390 891 3732 962 justifieavit,

2141 1007 2245 1048 nec
2287 990 2576 1063 oppressit,
2623 989 2719 1045 sed
2761 987 2978 1054 extulit,
3026 1000 3149 1042 cum
3181 1001 3289 1040 non
3320 984 3492 1039 dixit:
3546 982 3650 1049 Qui
3677 997 3736 1036 se

2141 1083 2382 1138 humiliat
2422 1079 2893 1144 condemnabitur,
2943 1078 3040 1134 sed
3083 1076 3402 1132 exaltabitur
3431 1073 3584 1148 (Luc.
3618 1088 3735 1141 xrv,

2144 1175 2254 1248 ll).
2291 1173 2627 1230 Semivivum
2674 1171 2925 1227 similiter
2965 1177 3298 1242 prostratum
3347 1184 3456 1224 non
3499 1159 3740 1238 respuit,

2143 1257 2240 1324 sed
2261 1268 2662 1340 procurandum
2697 1267 2905 1322 sanctis
2939 1265 3251 1322 stabulariis
3272 1263 3474 1336 ligandi
3500 1261 3736 1346 solven-

2143 1362 2304 1432 dique
2344 1366 2667 1431 potestatem
2721 1357 3048 1414 habentibus
3093 1355 3372 1413 commisit
3402 1395 3418 1418 ,
3472 1361 3529 1410 et
3573 1366 3740 1423 super

2143 1452 2326 1508 divina
2349 1459 2570 1522 accepta
2601 1451 2949 1507 denariorum
2994 1447 3280 1520 reparandi
3325 1460 3555 1501 munera
3589 1460 3738 1501 com-

2143 1545 2396 1616 passione
2442 1544 2662 1616 proprie
2699 1541 2991 1598 condolere
3049 1555 3148 1610 pro
3199 1548 3418 1594 aeterna:
3468 1535 3740 1593 mercedis

2143 1634 2294 1692 lucro
2320 1635 2673 1701 commonuit,
2711 1633 2898 1688 dicens
2929 1649 2942 1685 :
2991 1630 3350 1701 Quodcunque
3396 1643 3740 1700 supereroga-

2144 1730 2301 1795 veris,
2328 1745 2421 1800 ego
2448 1743 2566 1782 cum
2603 1727 2829 1791 rediero,
2858 1723 3076 1778 reddam
3107 1723 3200 1777 tibi
3229 1721 3385 1793 (Luc.
3419 1737 3454 1775 ι
3473 1761 3490 1788 ,
3526 1719 3735 1794 50-35).

464 1835 569 1901 sio,
612 1812 880 1904 patienter
920 1841 1262 1903 exspectans,
1289 1832 1490 1888 nemini
1515 1831 1942 1888 consecrationis
1968 1831 2042 1887 ibi
2069 1815 2118 1877 Β
2145 1817 2398 1873 Davidica
2420 1818 2616 1888 Quippe
2632 1815 2974 1885 compunctio
3001 1819 3405 1878 niomcnlanea.
3445 1826 3552 1866 ηοη
3597 1812 3742 1883 deje-

463 1925 776 1996 dignitatem
828 1923 1101 1995 impedivi.
1146 1922 1326 1978 Nolite
1369 1940 1514 1995 ergo,
1559 1924 1773 1979 dicente
1815 1922 2046 1980 Domino

463 2023 574 2077 Deo
596 2029 802 2086 nostro,
830 2017 1200 2082 condemnare,
1231 2025 1279 2072 et
1303 2034 1407 2071 non
1444 2016 1916 2072 condemnabimini
1946 2031 1964 2068 :
1991 2017 2047 2072 in

463 2131 566 2184 quo
617 2113 756 2167 enim
785 2110 991 2182 judicio
1028 2109 1419 2181 judicavert'tis,
1467 2109 1844 2180 judicabimini
1887 2107 2042 2180 (Luc.

464 2221 536 2269 vt,
576 2204 687 2278 57).

537 2295 878 2368 Conscriptio
922 2294 1104 2366 itaque
1133 2295 1251 2350 hanc
1274 2293 1503 2350 diversis
1525 2292 1960 2356 necessitatibus,
1993 2290 2048 2346 id

466 2399 572 2456 est,
616 2389 938 2444 delictorum
985 2387 1069 2442 vel
1097 2375 1536 2457 persequentium
1581 2383 1872 2439 occasione
1918 2397 2049 2437 con-

462 2484 631 2548 fecta,
659 2483 702 2536 si
728 2482 905 2536 adhuc
925 2479 1312 2536 scandalizauti
1345 2477 1507 2532 alicui
1541 2474 1853 2544 scrupulum
1877 2488 2046 2546 gene-

413 2627 417 2631 .
465 2584 575 2640 rat,
612 2575 990 2642 universorum
1029 2571 1102 2626 ibi
1129 2585 1312 2640 quaeso
1337 2569 1623 2623 verborum
1651 2565 1914 2621 rationem
1943 2565 2051 2620 dis-

467 2665 657 2728 cutiat,
687 2663 742 2717 in
793 2677 898 2730 qua
930 2668 1079 2716 certo
1104 2660 1332 2715 crimine
1366 2658 1603 2725 invento,
1626 2658 1767 2712 unde
1791 2656 2051 2712 canonica

468 2756 574 2812 rite
615 2762 875 2824 sequatur
902 2753 1197 2818 damnatio,
1222 2752 1368 2823 juste
1413 2767 1638 2822 precor;
1669 2760 1725 2806 et
1751 2766 1859 2806 non
1890 2751 2054 2806 livide

463 2846 668 2903 iudicet
696 2844 1024 2917 proximum,
1054 2843 1292 2914 dumque
1335 2859 1393 2900 se
1415 2844 1650 2899 aestimat
1675 2851 1843 2909 stare,
1873 2842 2055 2898 videat

467 2955 537 2994 ne
585 2938 763 3002 cadat,
812 2935 938 3005 quia
977 2935 1173 2989 lividus
1214 2932 1382 3003 judex
1433 2934 1696 2989 festucam
1741 2933 1795 2988 in
1834 2931 2055 2989 alterius

470 3044 719 3100 quaerens
763 3027 996 3090 trabem,
1051 3025 1104 3080 in
1145 3040 1242 3081 suo
1297 3040 1638 3095 nequaquam
1675 3023 1838 3080 sentit
1874 3023 2051 3080 oculo.

467 3119 614 3175 Luce
637 3118 836 3174 clarius
851 3131 1084 3188 namque
1103 3115 1368 3172 canonica
1389 3114 1554 3186 fulget
1574 3115 1888 3180 auctoritas,
1908 3114 2051 3185 quod

2151 1911 2385 1967 ctionem
2413 1911 2509 1966 sed
2539 1908 3010 1979 recuperationem
3047 1906 3267 1963 meruit.
3309 1904 3496 1960 Sancti
3527 1921 3743 1977 quoque

2148 2000 2376 2071 apostoli
2396 2000 2462 2055 de
2486 1999 2757 2071 promissa
2787 2013 2853 2054 ac
2888 1998 3117 2053 mentita
3155 1997 3211 2050 in
3255 1997 3510 2066 passione
3555 2013 3742 2068 perse-

2149 2091 2416 2155 verantia,
2463 2098 2588 2160 post
2622 2089 3077 2146 resurrectionem
3118 2103 3250 2143 vero
3277 2089 3345 2144 de
3397 2089 3648 2156 stultitia,
3687 2099 3745 2148 et

2150 2182 2529 2239 incredulitate
2581 2181 2668 2238 vel
2719 2181 2899 2238 cordis
2967 2181 3168 2237 duritia
3219 2181 3481 2252 iucrepati
3525 2197 3538 2237 :
3595 2182 3746 2239 Petri

2151 2273 2314 2328 etiam
2334 2272 2545 2343 negatio
2565 2270 2892 2327 contritione
2913 2271 3094 2326 cordis
3115 2280 3363 2342 purgata.
3389 2271 3746 2343 Nequaquam

2151 2363 2437 2417 damnatos
2486 2362 2606 2426 hos,
2659 2374 2846 2416 verum
2881 2360 3045 2415 etiam
3075 2368 3351 2415 correctos
3391 2360 3747 2432 pristinisque

2153 2456 2507 2526 dignitatibus
2538 2455 2821 2510 restitutos
2844 2470 2952 2510 non
3001 2453 3177 2509 solum
3208 2453 3469 2520 celebrat,
3503 2454 3597 2510 sed
3645 2471 3744 2526 po-

2155 2551 2261 2605 tius
2284 2550 2350 2604 de
2376 2549 2720 2619 reparatione
2743 2548 3018 2620 lapsorum
3049 2549 3312 2605 imitando
3333 2549 3596 2620 gloriatur
3622 2549 3744 2604 ubi.

2153 2657 2259 2713 que
2293 2641 2481 2712 gavisa
2516 2651 2704 2696 sancta
2749 2640 2844 2696 Dei
2894 2640 3158 2696 Ecclesia.
3198 2640 3452 2695 Moderna
3492 2641 3743 2710 equidem

2155 2734 2481 2789 auctoritate
2505 2733 2746 2803 palatina
2777 2733 3084 2804 compulsos
3118 2733 3176 2788 in
3217 2735 3481 2806 angustiis
3524 2732 3591 2788 ad
3630 2749 3747 2788 mo-

2155 2826 2423 2881 nasticam
2456 2825 2774 2895 paenitentis
2793 2823 3036 2880 habitum
3065 2824 3351 2895 utriusque
3371 2841 3533 2881 sexus
3556 2824 3748 2890 laicos,

2158 2917 2396 2988 itemque
2417 2932 2551 2987 pace
2578 2916 2787 2972 reddita
2807 2916 3015 2972 redisse
3044 2916 3111 2971 ad
3131 2925 3331 2972 statum
3358 2917 3539 2973 saeculi
3566 2915 3752 2986 pristi-

2156 3007 2296 3067 num“
2334 3011 2680 3066 manifestum
2712 3018 2825 3077 est;
2857 3025 2963 3080 quo
3008 3011 3173 3066 etiam
3225 3011 3332 3065 ritu
3374 3009 3581 3065 nullum
3629 3021 3750 3062 esse

2158 3103 2391 3158 dedecus
2432 3110 2664 3167 constat,
2699 3101 2744 3156 si
2773 3099 3012 3156 offensus
3043 3101 3274 3158 clericus
3317 3108 3441 3172 post
3481 3099 3744 3155 humilem

469 3214 612 3269 sicut
629 3213 748 3268 sine
772 3219 922 3268 certo
946 3210 1176 3266 crimine
1201 3209 1462 3265 canonice
1500 3224 1777 3280 nunquam
1799 3207 2050 3276 dejicitur
2077 3175 2122 3240 ε
2155 3195 2580 3251 εθιίδῖίὶοιίοηθῐιι
2606 3195 2689 3250 ευί
2721 3195 2964 3251 debilum
2985 3194 3302 3250 (τιθνίοδιυιη
3333 3202 3640 3264 recuperat-

467 3305 773 3376 episcopus,
818 3301 892 3358 ita
951 3317 1052 3358 nec
1103 3300 1442 3357 absolutione
1483 3311 1805 3370 spontanea,
1845 3307 2048 3372 quanto

469 3398 652 3455 minus
677 3397 913 3453 violenta
957 3395 1178 3452 alterius
1203 3395 1302 3450 sub
1324 3394 1570 3450 custodia
1607 3409 1716 3449 non
1743 3394 1872 3450 licet
1899 3408 2053 3450 rece-

473 3492 603 3548 dere
645 3492 958 3564 episcopum
987 3490 1107 3545 sine
1150 3487 1408 3546 concordi
1446 3489 1760 3562 prazseutia,
1798 3487 1882 3544 vel
1921 3503 2052 3544 con-

472 3601 640 3642 sensu
667 3585 869 3640 civium
903 3581 1260 3638 subditorum.

539 3676 803 3733 Praevalct
851 3692 980 3748 ergo
1027 3675 1223 3730 merito
1277 3674 1332 3728 in
1371 3673 1622 3730 omnibus
1658 3675 1743 3731 his
1773 3675 2055 3732 ecclesias-

463 3771 575 3836 tica
608 3769 858 3840 repetitio
881 3781 1043 3837 supra
1089 3781 1442 3837 quascunque
1470 3765 1604 3821 alias
1645 3767 2055 3824 adinventiones

471 3864 735 3920 violentas
775 3869 870 3916 aut
917 3860 1120 3926 libitas,
1163 3874 1261 3915 sua
1295 3858 1468 3931 magis
1503 3874 1665 3929 quam
1699 3859 1828 3915 Jesu
1855 3858 2058 3915 Christi

471 3953 852 4027 quaerentium.
903 3951 1055 4006 Juste
1104 3965 1233 4022 ergo
1272 3950 1590 4022 judicantur
1637 3952 1818 4006 omnia
1877 3951 2054 4017 irrita,

472 4059 807 4119 quaecunque
835 4059 942 4098 non
972 4041 1187 4098 fuerant
1216 4043 1540 4098 auctoritate
1581 4044 1841 4098 canonica
1891 4043 2056 4098 undi-

473 4156 579 4211 que
608 4138 758 4193 fulta.
796 4137 1115 4193 Fidissimus
1159 4135 1390 4205 denique
1421 4143 1498 4190 tot
1541 4135 1846 4206 talibusque
1870 4135 2060 4206 praesi-

474 4232 579 4286 diis
624 4229 1010 4286 ecclesiasticis
1051 4243 1116 4284 ac
1170 4229 1388 4284 statutis
1431 4229 1717 4300 praesentia
1759 4237 1813 4284 et
1854 4239 2056 4284 acterna

474 4322 697 4396 (ιυωείγί
727 4320 984 4387 remedia,
1017 4320 1145 4375 dum
1177 4320 1339 4374 nimis
1363 4320 1590 4376 tacendo
1616 4320 1670 4374 in
1699 4329 1942 4389 tempore
1976 4319 2057 4374 lo-

477 4418 700 4490 quendi,
718 4416 987 4486 nimisque
1007 4415 1277 4487 loquendo
1309 4415 1364 4470 in
1388 4423 1631 4486 tempore
1653 4412 1888 4479 tacendi,
1920 4413 2062 4468 inter

478 4518 674 4567 cetera
699 4508 1074 4578 memetipsum
1097 4507 1259 4562 noxia
1280 4504 1602 4576 reprehendi
1620 4504 1895 4574 contagia,
1925 4505 2061 4559 divi-

477 4617 605 4658 nam
626 4599 964 4669 majestatem
993 4598 1309 4670 implorans,
1331 4606 1391 4653 ut
1411 4606 1576 4669 ponat
1604 4595 1747 4651 ultra
1768 4595 2061 4652 custodiam

483 4695 561 4748 ori
584 4709 721 4759 meo,
743 4702 792 4748 et
831 4693 1023 4747 ostium
1061 4690 1471 4745 circumstantia:
1496 4687 1649 4743 labiis
1679 4688 1826 4742 meis.
1866 4684 1950 4741 Ne
1968 4687 2060 4743 de-

483 4785 638 4839 clinet
663 4800 754 4838 cor
782 4799 954 4838 meum
1001 4783 1057 4835 in
1086 4781 1239 4836 verba
1269 4779 1487 4834 malitia!
1515 4780 1584 4833 ad
1617 4777 1946 4834 excusandas
1967 4794 2062 4833 ea:-

482 4875 775 4929 cusationes
803 4874 858 4927 in
890 4871 1114 4943 peccatis
1159 4885 1176 4922 :
1209 4871 1303 4926 sed
1345 4871 1594 4940 corripiat
1621 4885 1702 4922 me
1726 4869 1904 4938 justus
1933 4887 2067 4925 sem-

481 4981 573 5036 per
601 4965 655 5018 in
675 4964 1033 5019 misericordia
1073 4961 1246 5032 (Psal.
1277 4978 1403 5026 CXL,
1429 4960 1484 5026 5,
1516 4959 1592 5032 6).
1624 4959 1756 5014 Cum
1787 4962 1932 5016 enim
1963 4977 2066 5020 nec

475 5057 680 5127 justum
724 5055 827 5111 nisi
859 5056 911 5110 in
943 5054 1317 5109 misericordia
1364 5053 1506 5107 sinat
1554 5053 1829 5123 corripere
1877 5053 2059 5110 divina

482 5147 722 5218 potentia
756 5166 768 5200 :
817 5145 1088 5218 quomodo
1120 5153 1374 5216 peccator
1422 5154 1763 5216 peccatorem
1803 5147 2062 5203 damnare

484 5237 628 5294 licite
673 5239 872 5309 poterit
899 5238 1078 5294 divina
1105 5238 1224 5293 sine
1269 5236 1546 5292 vindicta?
1591 5239 1850 5296 Dominus
1875 5240 2061 5310 utique

484 5331 880 5390 dominantium
925 5333 1265 5390 meretricem
1301 5331 1565 5405 legalibus
1598 5335 1774 5407 pinnis
1821 5336 2060 5406 dignam,

2223 3311 2391 3384 Igitur
2427 3319 2540 3366 tam
2572 3309 2876 3367 manifestis
2905 3309 3135 3366 Novi'ac
3164 3308 3377 3365 Veteris
3412 3309 3754 3366 Testamenti

2155 3405 2352 3461 divinis
2376 3405 2534 3462 nobis
2561 3406 2793 3461 ostensis
2822 3403 3210 3460 beneficiorum
3237 3401 3520 3472 exemplis,
3543 3401 3610 3456 ad
3634 3398 3754 3469 jam

2157 3496 2360 3552 dictam
2416 3497 2576 3568 vulgo
2634 3504 2820 3552 notam
2874 3493 3304 3552 satisfactionem
3351 3492 3612 3548 humilem
3666 3506 3756 3548 me

2158 3592 2383 3647 devotus
2410 3589 2605 3656 obtuli,
2629 3603 2695 3645 eo
2722 3589 2867 3660 quod
2894 3586 3364 3660 recuperationem
3393 3583 3568 3654 magis
3591 3598 3755 3652 quam

2158 3684 2562 3741 damnationem
2589 3697 2828 3753 unquam
2869 3681 2938 3736 ab
2969 3680 3125 3735 initio
3150 3691 3364 3748 semper
3392 3675 3616 3731 humilis
3644 3689 3757 3732 me-

2158 3777 2268 3831 ruit
2309 3774 2631 3830 satisfactio.
2674 3772 2966 3841 Postquam
2997 3783 3127 3824 vero
3167 3767 3598 3837 persecutionem
3637 3780 3756 3822 suc-

2157 3866 2385 3922 cedente
2431 3863 2623 3919 offensi
2670 3861 2933 3933 principis
2975 3858 3208 3931 glorioso
3251 3857 3464 3913 haerede
3501 3857 3758 3913 Lothario

2159 3956 2392 4019 Caesare,
2425 3968 2550 4008 mox
2579 3950 2712 4007 mihi
2743 3949 3113 4006 ecclesiastica
3140 3948 3390 4004 restituta
3418 3960 3503 4005 est
3531 3963 3760 4005 concor-

2159 4048 2268 4112 dia,
2297 4053 2353 4101 ct
2388 4050 2673 4099 vacantem
2705 4041 3028 4107 Ecclesium,
3052 4056 3216 4112 quam
3249 4040 3524 4112 quondam
3549 4040 3758 4096 violen-

2161 4148 2242 4194 ter
2266 4138 2555 4193 amiseram
2589 4135 2892 4201 inveniens,
2919 4150 3028 4190 non
3051 4134 3456 4206 prmsumptive,
3485 4135 3580 4191 sed
3605 4147 3760 4204 repe-

2161 4232 2398 4287 tentibus
2431 4229 2504 4284 ibi
2535 4228 2738 4284 sanctis
2773 4229 3054 4285 ordinibus
3095 4229 3272 4285 debite
3300 4238 3613 4300 septennem
3645 4229 3761 4286 fere

2161 4331 2284 4393 post
2329 4321 2757 4378 satisfactionem
2797 4321 3000 4392 recepi,
3043 4321 3422 4378 assistentibus
3456 4337 3581 4378 cum
3611 4322 3760 4392 prin-

2163 4417 2280 4489 cipe
2316 4415 2618 4488 magnificis
2645 4414 2966 4487 praesulibus
2997 4414 3278 4487 plurimis,
3309 4428 3539 4486 quorum
3569 4422 3759 4470 aucto-

2163 4509 2323 4564 ritate
2346 4509 2588 4564 omnium
2619 4515 2924 4574 revocatus,
2956 4507 3099 4562 hanc
3125 4507 3528 4562 annotationem
3563 4504 3761 4562 futuris

2168 4601 2501 4674 temporibus
2538 4599 2888 4665 recitandam,
2932 4599 3148 4670 scriptis
3190 4599 3276 4653 his
3320 4596 3764 4653 memorabilibus

2169 4693 2225 4749 in
2254 4693 2508 4748 universa
2548 4691 2790 4748 Ecclesia
2831 4690 2928 4745 Dei
2961 4690 3228 4746 catholica
3262 4688 3604 4744 manifestam
3641 4687 3760 4745 fieri

2169 4785 2390 4856 placuit,
2422 4792 2478 4838 et
2515 4783 2766 4838 sinistras
2795 4781 3080 4852 opiniones
3104 4780 3363 4835 falsorum
3390 4778 3617 4834 fratrum
3655 4779 3761 4836 hac

2169 4884 2319 4932 certa
2346 4875 2575 4930 veritate
2603 4873 2811 4944 prolata
2841 4872 3041 4938 delere,
3071 4872 3274 4927 sanctis
3297 4871 3546 4941 verisque
3575 4868 3762 4924 fratri-

2170 4965 2271 5020 bus
2318 4964 2371 5018 in
2419 4963 2506 5017 his
2555 4962 2807 5017 omnibus
2855 4961 3173 5018 satisfacere
3217 4960 3414 5026 decuit,
3453 4968 3508 5014 et
3546 4959 3668 5030 plus
3694 4958 3762 5016 de

2169 5055 2340 5128 gratia
2384 5055 2818 5125 recuperationis
2847 5053 3189 5124 congaudere
3223 5067 3386 5124 quam
3422 5053 3489 5108 de
3519 5051 3760 5124 nequitia

2171 5147 2534 5203 damnationis
2555 5147 2754 5212 dolere,
2785 5161 3080 5219 suggerens
3104 5145 3268 5218 (sicut
3287 5144 3548 5218 oportuit)
3569 5143 3760 5201 festiva

2171 5241 2288 5297 haec
2315 5243 2586 5298 restitutio
2613 5243 2726 5297 Deo
2751 5240 2925 5313 dignis
2954 5240 3189 5313 posteris
3216 5239 3546 5312 procurabit.
