  <div class='ocr_page' id='page_1' title='image "/cluster/home/n/w/nwhite01/storage/ocr_20150623/116/hvd.32044015466881/014.png"; bbox 0 0 4032 6442; ppageno 0'>
   <div class='ocr_carea' id='block_1_1' title="bbox 312 446 3581 512">
    <p class='ocr_par' dir='ltr' id='par_1_1' title="bbox 312 446 3581 512">
     <span class='ocr_line' id='line_1_1' title="bbox 312 446 3581 512; baseline 0.001 -4"><span class='ocrx_word' id='word_1_1' title='bbox 312 448 380 509; x_wconf 72' lang='grc'><strong>1⁸1</strong></span> <span class='ocrx_word' id='word_1_2' title='bbox 1487 446 1963 511; x_wconf 80' lang='lat' dir='ltr'><strong>DEPOSITIONIS</strong></span> <span class='ocrx_word' id='word_1_3' title='bbox 2005 447 2387 509; x_wconf 82' lang='lat' dir='ltr'><strong>NARRATIO.</strong></span> <span class='ocrx_word' id='word_1_4' title='bbox 3406 498 3409 501; x_wconf 72' lang='lat'>.</span> <span class='ocrx_word' id='word_1_5' title='bbox 3514 453 3581 512; x_wconf 67' lang='lat'><strong>{8</strong></span> 
     </span>
    </p>
   </div>
   <div class='ocr_carea' id='block_1_2' title="bbox 881 574 3550 602">
    <p class='ocr_par' dir='ltr' id='par_1_2' title="bbox 881 574 3550 602">
     <span class='ocr_line' id='line_1_2' title="bbox 881 574 3550 602; baseline -0 -5"><span class='ocrx_word' id='word_1_6' title='bbox 881 574 3550 602; x_wconf 52' lang='grc' dir='ltr'><strong>Μαι-*Ψ</strong></span> 
     </span>
    </p>
   </div>
   <div class='ocr_carea' id='block_1_3' title="bbox 925 704 2960 821">
    <p class='ocr_par' dir='ltr' id='par_1_3' title="bbox 925 704 2960 821">
     <span class='ocr_line' id='line_1_3' title="bbox 925 704 2960 821; baseline -0.002 -20"><span class='ocrx_word' id='word_1_7' title='bbox 925 704 1442 801; x_wconf 73' lang='grc' dir='ltr'><strong>ΝΑΒΒΑΤΙΟ</strong></span> <span class='ocrx_word' id='word_1_8' title='bbox 1515 713 2169 799; x_wconf 79' lang='lat' dir='ltr'><strong>CLERICORUM</strong></span> <span class='ocrx_word' id='word_1_9' title='bbox 2245 715 2960 821; x_wconf 83' lang='lat' dir='ltr'><strong>RHEMENSIUM,</strong></span> 
     </span>
    </p>
   </div>
   <div class='ocr_carea' id='block_1_4' title="bbox 296 894 3577 993">
    <p class='ocr_par' dir='ltr' id='par_1_4' title="bbox 296 894 3577 993">
     <span class='ocr_line' id='line_1_4' title="bbox 296 894 3577 993; baseline -0.001 -25"><span class='ocrx_word' id='word_1_10' title='bbox 296 902 591 993; x_wconf 75' lang='lat' dir='ltr'><strong>Qualiter</strong></span> <span class='ocrx_word' id='word_1_11' title='bbox 621 902 803 992; x_wconf 69' lang='lat' dir='ltr'><strong>E339</strong></span> <span class='ocrx_word' id='word_1_12' title='bbox 838 900 1234 993; x_wconf 55' lang='lat' dir='ltr'><strong>[memorum</strong></span> <span class='ocrx_word' id='word_1_13' title='bbox 1288 896 1837 993; x_wconf 59' lang='lat' dir='ltr'><strong>archiepiscopus,</strong></span> <span class='ocrx_word' id='word_1_14' title='bbox 1872 894 2052 987; x_wconf 81' lang='lat' dir='ltr'><strong>quod</strong></span> <span class='ocrx_word' id='word_1_15' title='bbox 2090 894 2157 993; x_wconf 67' lang='lat' dir='ltr'><strong>ip</strong></span> <span class='ocrx_word' id='word_1_16' title='bbox 2192 894 2821 993; x_wconf 33' lang='lat' dir='ltr'><strong>Liudovicum‘Pium</strong></span> <span class='ocrx_word' id='word_1_17' title='bbox 2866 897 3038 993; x_wconf 62' lang='lat' dir='ltr'><strong>imp.</strong></span> <span class='ocrx_word' id='word_1_18' title='bbox 3075 896 3577 993; x_wconf 76' lang='lat' dir='ltr'><strong>conspiraverat,</strong></span> 
     </span>
    </p>
   </div>
   <div class='ocr_carea' id='block_1_5' title="bbox 377 975 3580 1063">
    <p class='ocr_par' dir='ltr' id='par_1_5' title="bbox 377 975 3580 1063">
     <span class='ocr_line' id='line_1_5' title="bbox 377 975 3580 1063; baseline -0.001 -16"><span class='ocrx_word' id='word_1_19' title='bbox 377 984 459 1047; x_wconf 86' lang='lat' dir='ltr'><strong>ab</strong></span> <span class='ocrx_word' id='word_1_20' title='bbox 492 980 814 1063; x_wconf 79' lang='lat' dir='ltr'><strong>episcopis</strong></span> <span class='ocrx_word' id='word_1_21' title='bbox 842 981 1179 1063; x_wconf 87' lang='lat' dir='ltr'><strong>depositus</strong></span> <span class='ocrx_word' id='word_1_22' title='bbox 1211 994 1381 1042; x_wconf 87' lang='lat' dir='ltr'><strong>anno</strong></span> <span class='ocrx_word' id='word_1_23' title='bbox 1416 975 1558 1053; x_wconf 75' lang='lat'><strong>835,</strong></span> <span class='ocrx_word' id='word_1_24' title='bbox 1607 983 1667 1041; x_wconf 91' lang='lat' dir='ltr'><strong>et</strong></span> <span class='ocrx_word' id='word_1_25' title='bbox 1697 975 1843 1058; x_wconf 80' lang='lat' dir='ltr'><strong>post</strong></span> <span class='ocrx_word' id='word_1_26' title='bbox 1876 975 2084 1057; x_wconf 81' lang='lat' dir='ltr'><strong>ipsius</strong></span> <span class='ocrx_word' id='word_1_27' title='bbox 2114 975 2429 1040; x_wconf 86' lang='lat' dir='ltr'><strong>Ludovici</strong></span> <span class='ocrx_word' id='word_1_28' title='bbox 2464 983 2739 1041; x_wconf 90' lang='lat' dir='ltr'><strong>mortem</strong></span> <span class='ocrx_word' id='word_1_29' title='bbox 2774 978 2914 1043; x_wconf 87' lang='lat' dir='ltr'><strong>sedi</strong></span> <span class='ocrx_word' id='word_1_30' title='bbox 2950 975 3083 1043; x_wconf 68' lang='lat' dir='ltr'><strong>sum</strong></span> <span class='ocrx_word' id='word_1_31' title='bbox 3110 975 3473 1058; x_wconf 83' lang='lat' dir='ltr'><strong>restitutus,</strong></span> <span class='ocrx_word' id='word_1_32' title='bbox 3506 997 3580 1044; x_wconf 83' lang='lat' dir='ltr'><strong>ac</strong></span> 
     </span>
    </p>
   </div>
   <div class='ocr_carea' id='block_1_6' title="bbox 376 1060 1360 1142">
    <p class='ocr_par' dir='ltr' id='par_1_6' title="bbox 376 1060 1360 1142">
     <span class='ocr_line' id='line_1_6' title="bbox 376 1060 1360 1142; baseline -0.005 -16"><span class='ocrx_word' id='word_1_33' title='bbox 376 1060 615 1128; x_wconf 80' lang='lat' dir='ltr'><strong>deinde</strong></span> <span class='ocrx_word' id='word_1_34' title='bbox 644 1060 879 1127; x_wconf 83' lang='lat' dir='ltr'><strong>iterum</strong></span> <span class='ocrx_word' id='word_1_35' title='bbox 916 1060 1209 1142; x_wconf 88' lang='lat' dir='ltr'><strong>dejectus</strong></span> <span class='ocrx_word' id='word_1_36' title='bbox 1241 1063 1360 1124; x_wconf 89' lang='lat' dir='ltr'><strong>est.</strong></span> 
     </span>
    </p>
   </div>
   <div class='ocr_carea' id='block_1_7' title="bbox 1498 1194 2366 1261">
    <p class='ocr_par' dir='ltr' id='par_1_7' title="bbox 1498 1194 2366 1261">
     <span class='ocr_line' id='line_1_7' title="bbox 1498 1194 2366 1261; baseline 0.003 -14"><span class='ocrx_word' id='word_1_37' title='bbox 1498 1195 1791 1259; x_wconf 68' lang='lat' dir='ltr'><strong>(Duchesm,</strong></span> <span class='ocrx_word' id='word_1_38' title='bbox 1820 1195 1998 1258; x_wconf 85' lang='lat' dir='ltr'><strong>Seript.</strong></span> <span class='ocrx_word' id='word_1_39' title='bbox 2022 1194 2138 1247; x_wconf 79' lang='lat' dir='ltr'><strong>Ber.</strong></span> <span class='ocrx_word' id='word_1_40' title='bbox 2164 1194 2366 1261; x_wconf 82' lang='lat' dir='ltr'><strong>Franc.)</strong></span> 
     </span>
    </p>
   </div>
   <div class='ocr_carea' id='block_1_8' title="bbox 362 1410 3585 1484">
    <p class='ocr_par' dir='ltr' id='par_1_8' title="bbox 362 1410 3585 1484">
     <span class='ocr_line' id='line_1_8' title="bbox 362 1410 3585 1484; baseline 0 -11"><span class='ocrx_word' id='word_1_41' title='bbox 362 1417 653 1474; x_wconf 86' lang='lat' dir='ltr'><strong>Deserente</strong></span> <span class='ocrx_word' id='word_1_42' title='bbox 690 1412 837 1470; x_wconf 90' lang='lat' dir='ltr'><strong>omni</strong></span> <span class='ocrx_word' id='word_1_43' title='bbox 872 1411 1067 1484; x_wconf 90' lang='lat' dir='ltr'><strong>populo</strong></span> <span class='ocrx_word' id='word_1_44' title='bbox 1104 1410 1436 1467; x_wconf 89' lang='lat' dir='ltr'><strong>Ludovicum</strong></span> <span class='ocrx_word' id='word_1_45' title='bbox 1473 1419 1877 1481; x_wconf 79' lang='lat' dir='ltr'><strong>Imperatorem,</strong></span> <span class='ocrx_word' id='word_1_46' title='bbox 1905 1416 1961 1479; x_wconf 78' lang='grc' dir='ltr'><strong>Α</strong></span> <span class='ocrx_word' id='word_1_47' title='bbox 1984 1414 2282 1470; x_wconf 84' lang='lat' dir='ltr'><strong>remedium</strong></span> <span class='ocrx_word' id='word_1_48' title='bbox 2323 1411 2654 1484; x_wconf 65' lang='lat' dir='ltr'><strong>paenitendi,</strong></span> <span class='ocrx_word' id='word_1_49' title='bbox 2696 1418 2752 1467; x_wconf 89' lang='lat' dir='ltr'><strong>et</strong></span> <span class='ocrx_word' id='word_1_50' title='bbox 2802 1410 3029 1469; x_wconf 90' lang='lat' dir='ltr'><strong>salutem</strong></span> <span class='ocrx_word' id='word_1_51' title='bbox 3080 1412 3275 1471; x_wconf 70' lang='lat' dir='ltr'><strong>animae</strong></span> <span class='ocrx_word' id='word_1_52' title='bbox 3319 1429 3474 1481; x_wconf 59' lang='lat' dir='ltr'><strong>mea,</strong></span> <span class='ocrx_word' id='word_1_53' title='bbox 3517 1419 3585 1474; x_wconf 86' lang='lat' dir='ltr'><strong>ut</strong></span> 
     </span>
    </p>
   </div>
   <div class='ocr_carea' id='block_1_9' title="bbox 288 1504 3582 1579">
    <p class='ocr_par' dir='ltr' id='par_1_9' title="bbox 288 1504 3582 1579">
     <span class='ocr_line' id='line_1_9' title="bbox 288 1504 3582 1579; baseline -0 -14"><span class='ocrx_word' id='word_1_54' title='bbox 288 1518 346 1567; x_wconf 89' lang='lat' dir='ltr'><strong>et</strong></span> <span class='ocrx_word' id='word_1_55' title='bbox 376 1517 691 1564; x_wconf 75' lang='lat' dir='ltr'><strong>transeunte</strong></span> <span class='ocrx_word' id='word_1_56' title='bbox 722 1506 789 1563; x_wconf 91' lang='lat' dir='ltr'><strong>ad</strong></span> <span class='ocrx_word' id='word_1_57' title='bbox 820 1505 984 1561; x_wconf 83' lang='lat' dir='ltr'><strong>filium</strong></span> <span class='ocrx_word' id='word_1_58' title='bbox 1012 1506 1127 1575; x_wconf 87' lang='lat' dir='ltr'><strong>ejus</strong></span> <span class='ocrx_word' id='word_1_59' title='bbox 1158 1504 1497 1571; x_wconf 90' lang='lat' dir='ltr'><strong>Lotharium,</strong></span> <span class='ocrx_word' id='word_1_60' title='bbox 1526 1505 1677 1561; x_wconf 86' lang='lat' dir='ltr'><strong>Ebbo</strong></span> <span class='ocrx_word' id='word_1_61' title='bbox 1715 1506 1883 1562; x_wconf 87' lang='lat' dir='ltr'><strong>etiam</strong></span> <span class='ocrx_word' id='word_1_62' title='bbox 1984 1507 2294 1563; x_wconf 90' lang='lat' dir='ltr'><strong>recederem</strong></span> <span class='ocrx_word' id='word_1_63' title='bbox 2338 1506 2407 1561; x_wconf 89' lang='lat' dir='ltr'><strong>ab</strong></span> <span class='ocrx_word' id='word_1_64' title='bbox 2451 1504 2626 1561; x_wconf 82' lang='lat' dir='ltr'><strong>oﬂicio</strong></span> <span class='ocrx_word' id='word_1_65' title='bbox 2672 1513 2727 1560; x_wconf 89' lang='lat' dir='ltr'><strong>et</strong></span> <span class='ocrx_word' id='word_1_66' title='bbox 2768 1504 3069 1561; x_wconf 90' lang='lat' dir='ltr'><strong>ministerio</strong></span> <span class='ocrx_word' id='word_1_67' title='bbox 3116 1504 3431 1575; x_wconf 80' lang='lat' dir='ltr'><strong>pontificali,</strong></span> <span class='ocrx_word' id='word_1_68' title='bbox 3470 1519 3582 1579; x_wconf 88' lang='lat' dir='ltr'><strong>quo</strong></span> 
     </span>
    </p>
   </div>
   <div class='ocr_carea' id='block_1_10' title="bbox 287 1597 3582 1675">
    <p class='ocr_par' dir='ltr' id='par_1_10' title="bbox 287 1597 3582 1675">
     <span class='ocr_line' id='line_1_10' title="bbox 287 1597 3582 1675; baseline -0.002 -14"><span class='ocrx_word' id='word_1_69' title='bbox 287 1605 572 1675; x_wconf 90' lang='lat' dir='ltr'><strong>episcopus</strong></span> <span class='ocrx_word' id='word_1_70' title='bbox 618 1602 762 1655; x_wconf 91' lang='lat' dir='ltr'><strong>inter</strong></span> <span class='ocrx_word' id='word_1_71' title='bbox 801 1615 895 1656; x_wconf 92' lang='lat' dir='ltr'><strong>eos</strong></span> <span class='ocrx_word' id='word_1_72' title='bbox 932 1601 999 1654; x_wconf 91' lang='lat' dir='ltr'><strong>ad</strong></span> <span class='ocrx_word' id='word_1_73' title='bbox 1039 1598 1293 1653; x_wconf 89' lang='lat' dir='ltr'><strong>eumdem</strong></span> <span class='ocrx_word' id='word_1_74' title='bbox 1327 1612 1386 1653; x_wconf 91' lang='lat' dir='ltr'><strong>se</strong></span> <span class='ocrx_word' id='word_1_75' title='bbox 1424 1598 1653 1653; x_wconf 90' lang='lat' dir='ltr'><strong>contulit</strong></span> <span class='ocrx_word' id='word_1_76' title='bbox 1681 1598 1884 1655; x_wconf 88' lang='lat' dir='ltr'><strong>Lotha-</strong></span> <span class='ocrx_word' id='word_1_77' title='bbox 1982 1616 2071 1656; x_wconf 89' lang='lat' dir='ltr'><strong>me</strong></span> <span class='ocrx_word' id='word_1_78' title='bbox 2096 1614 2425 1671; x_wconf 81' lang='lat' dir='ltr'><strong>recognosco</strong></span> <span class='ocrx_word' id='word_1_79' title='bbox 2465 1612 2585 1654; x_wconf 90' lang='lat' dir='ltr'><strong>esse</strong></span> <span class='ocrx_word' id='word_1_80' title='bbox 2622 1598 2923 1667; x_wconf 85' lang='lat' dir='ltr'><strong>indignum,</strong></span> <span class='ocrx_word' id='word_1_81' title='bbox 2966 1606 3022 1653; x_wconf 88' lang='lat' dir='ltr'><strong>et</strong></span> <span class='ocrx_word' id='word_1_82' title='bbox 3062 1597 3294 1653; x_wconf 90' lang='lat' dir='ltr'><strong>alienum</strong></span> <span class='ocrx_word' id='word_1_83' title='bbox 3322 1603 3419 1653; x_wconf 72' lang='lat' dir='ltr'><strong>’me</strong></span> <span class='ocrx_word' id='word_1_84' title='bbox 3459 1598 3582 1656; x_wconf 82' lang='lat' dir='ltr'><strong>red-</strong></span> 
     </span>
    </p>
   </div>
   <div class='ocr_carea' id='block_1_11' title="bbox 284 1690 3577 1765">
    <p class='ocr_par' dir='ltr' id='par_1_11' title="bbox 284 1690 3577 1765">
     <span class='ocr_line' id='line_1_11' title="bbox 284 1690 3577 1765; baseline -0.002 -13"><span class='ocrx_word' id='word_1_85' title='bbox 284 1698 448 1753; x_wconf 91' lang='lat' dir='ltr'><strong>rium.</strong></span> <span class='ocrx_word' id='word_1_86' title='bbox 482 1696 584 1764; x_wconf 84' lang='lat' dir='ltr'><strong>Qui</strong></span> <span class='ocrx_word' id='word_1_87' title='bbox 626 1693 832 1749; x_wconf 90' lang='lat' dir='ltr'><strong>scilicet</strong></span> <span class='ocrx_word' id='word_1_88' title='bbox 858 1692 1149 1747; x_wconf 89' lang='lat' dir='ltr'><strong>Lotharius</strong></span> <span class='ocrx_word' id='word_1_89' title='bbox 1179 1690 1401 1746; x_wconf 81' lang='lat' dir='ltr'><strong>veniens</strong></span> <span class='ocrx_word' id='word_1_90' title='bbox 1442 1706 1543 1760; x_wconf 90' lang='lat' dir='ltr'><strong>per</strong></span> <span class='ocrx_word' id='word_1_91' title='bbox 1582 1691 1882 1762; x_wconf 85' lang='lat' dir='ltr'><strong>imperialia</strong></span> <span class='ocrx_word' id='word_1_92' title='bbox 1980 1694 2133 1762; x_wconf 91' lang='lat' dir='ltr'><strong>dens,</strong></span> <span class='ocrx_word' id='word_1_93' title='bbox 2174 1710 2273 1765; x_wconf 90' lang='lat' dir='ltr'><strong>pro</strong></span> <span class='ocrx_word' id='word_1_94' title='bbox 2303 1692 2543 1749; x_wconf 90' lang='lat' dir='ltr'><strong>reatibus</strong></span> <span class='ocrx_word' id='word_1_95' title='bbox 2574 1693 2731 1757; x_wconf 80' lang='lat' dir='ltr'><strong>meis,</strong></span> <span class='ocrx_word' id='word_1_96' title='bbox 2769 1692 2823 1746; x_wconf 91' lang='lat' dir='ltr'><strong>in</strong></span> <span class='ocrx_word' id='word_1_97' title='bbox 2866 1690 3061 1761; x_wconf 85' lang='lat' dir='ltr'><strong>quibus</strong></span> <span class='ocrx_word' id='word_1_98' title='bbox 3089 1705 3175 1746; x_wconf 92' lang='lat' dir='ltr'><strong>me</strong></span> <span class='ocrx_word' id='word_1_99' title='bbox 3204 1706 3459 1760; x_wconf 87' lang='lat' dir='ltr'><strong>peccasse</strong></span> <span class='ocrx_word' id='word_1_100' title='bbox 3488 1704 3577 1747; x_wconf 88' lang='lat' dir='ltr'><strong>se-</strong></span> 
     </span>
    </p>
   </div>
   <div class='ocr_carea' id='block_1_12' title="bbox 280 1782 3579 1859">
    <p class='ocr_par' dir='ltr' id='par_1_12' title="bbox 280 1782 3579 1859">
     <span class='ocr_line' id='line_1_12' title="bbox 280 1782 3579 1859; baseline -0.001 -17"><span class='ocrx_word' id='word_1_101' title='bbox 280 1788 509 1859; x_wconf 87' lang='lat' dir='ltr'><strong>palatia,</strong></span> <span class='ocrx_word' id='word_1_102' title='bbox 539 1786 762 1841; x_wconf 78' lang='lat' dir='ltr'><strong>adduxit</strong></span> <span class='ocrx_word' id='word_1_103' title='bbox 795 1800 979 1840; x_wconf 89' lang='lat' dir='ltr'><strong>secum</strong></span> <span class='ocrx_word' id='word_1_104' title='bbox 1008 1794 1215 1854; x_wconf 83' lang='lat' dir='ltr'><strong>patrem</strong></span> <span class='ocrx_word' id='word_1_105' title='bbox 1242 1798 1398 1837; x_wconf 89' lang='lat' dir='ltr'><strong>suum</strong></span> <span class='ocrx_word' id='word_1_106' title='bbox 1433 1797 1604 1852; x_wconf 90' lang='lat' dir='ltr'><strong>usque</strong></span> <span class='ocrx_word' id='word_1_107' title='bbox 1632 1782 1879 1843; x_wconf 89' lang='lat' dir='ltr'><strong>Suessio-</strong></span> <span class='ocrx_word' id='word_1_108' title='bbox 1979 1796 2130 1843; x_wconf 90' lang='lat' dir='ltr'><strong>creto</strong></span> <span class='ocrx_word' id='word_1_109' title='bbox 2162 1786 2266 1841; x_wconf 91' lang='lat' dir='ltr'><strong>illis</strong></span> <span class='ocrx_word' id='word_1_110' title='bbox 2318 1785 2597 1841; x_wconf 89' lang='lat' dir='ltr'><strong>confessus</strong></span> <span class='ocrx_word' id='word_1_111' title='bbox 2643 1799 2784 1850; x_wconf 91' lang='lat' dir='ltr'><strong>sum,</strong></span> <span class='ocrx_word' id='word_1_112' title='bbox 2830 1799 2895 1838; x_wconf 88' lang='lat' dir='ltr'><strong>eo</strong></span> <span class='ocrx_word' id='word_1_113' title='bbox 2937 1782 3141 1839; x_wconf 89' lang='lat' dir='ltr'><strong>scilicet</strong></span> <span class='ocrx_word' id='word_1_114' title='bbox 3176 1783 3355 1848; x_wconf 93' lang='lat' dir='ltr'><strong>modo,</strong></span> <span class='ocrx_word' id='word_1_115' title='bbox 3388 1792 3446 1838; x_wconf 91' lang='lat' dir='ltr'><strong>ut</strong></span> <span class='ocrx_word' id='word_1_116' title='bbox 3475 1782 3579 1854; x_wconf 80' lang='lat' dir='ltr'><strong>ipsi</strong></span> 
     </span>
    </p>
   </div>
   <div class='ocr_carea' id='block_1_13' title="bbox 280 1874 3579 1945">
    <p class='ocr_par' dir='ltr' id='par_1_13' title="bbox 280 1874 3579 1945">
     <span class='ocr_line' id='line_1_13' title="bbox 280 1874 3579 1945; baseline -0.002 -10"><span class='ocrx_word' id='word_1_117' title='bbox 280 1881 368 1935; x_wconf 92' lang='lat' dir='ltr'><strong>nis</strong></span> <span class='ocrx_word' id='word_1_118' title='bbox 408 1880 475 1934; x_wconf 91' lang='lat' dir='ltr'><strong>ad</strong></span> <span class='ocrx_word' id='word_1_119' title='bbox 506 1878 891 1934; x_wconf 85' lang='lat' dir='ltr'><strong>monasterium</strong></span> <span class='ocrx_word' id='word_1_120' title='bbox 929 1876 986 1931; x_wconf 91' lang='lat' dir='ltr'><strong>S.</strong></span> <span class='ocrx_word' id='word_1_121' title='bbox 1016 1874 1289 1941; x_wconf 85' lang='lat' dir='ltr'><strong>Medardi;</strong></span> <span class='ocrx_word' id='word_1_122' title='bbox 1321 1875 1502 1945; x_wconf 89' lang='lat' dir='ltr'><strong>ibique</strong></span> <span class='ocrx_word' id='word_1_123' title='bbox 1534 1877 1877 1935; x_wconf 86' lang='lat' dir='ltr'><strong>hortantibus</strong></span> <span class='ocrx_word' id='word_1_124' title='bbox 1978 1888 2103 1935; x_wconf 92' lang='lat' dir='ltr'><strong>sunt</strong></span> <span class='ocrx_word' id='word_1_125' title='bbox 2130 1887 2297 1933; x_wconf 84' lang='lat' dir='ltr'><strong>testes</strong></span> <span class='ocrx_word' id='word_1_126' title='bbox 2333 1876 2497 1930; x_wconf 92' lang='lat' dir='ltr'><strong>alium</strong></span> <span class='ocrx_word' id='word_1_127' title='bbox 2537 1875 2860 1931; x_wconf 87' lang='lat' dir='ltr'><strong>succedendi</strong></span> <span class='ocrx_word' id='word_1_128' title='bbox 2902 1884 2957 1930; x_wconf 92' lang='lat' dir='ltr'><strong>et</strong></span> <span class='ocrx_word' id='word_1_129' title='bbox 2997 1874 3352 1930; x_wconf 88' lang='lat' dir='ltr'><strong>consecrandi</strong></span> <span class='ocrx_word' id='word_1_130' title='bbox 3384 1876 3579 1930; x_wconf 83' lang='lat' dir='ltr'><strong>subro-</strong></span> 
     </span>
    </p>
   </div>
   <div class='ocr_carea' id='block_1_14' title="bbox 280 1968 1877 2041">
    <p class='ocr_par' dir='ltr' id='par_1_14' title="bbox 280 1968 1877 2041">
     <span class='ocr_line' id='line_1_14' title="bbox 280 1968 1877 2041; baseline 0 -14"><span class='ocrx_word' id='word_1_131' title='bbox 280 1982 337 2027; x_wconf 84' lang='lat' dir='ltr'><strong>et</strong></span> <span class='ocrx_word' id='word_1_132' title='bbox 386 1970 701 2041; x_wconf 75' lang='lat' dir='ltr'><strong>iubentibus</strong></span> <span class='ocrx_word' id='word_1_133' title='bbox 762 1969 972 2026; x_wconf 63' lang='lat' dir='ltr'><strong>caeteris</strong></span> <span class='ocrx_word' id='word_1_134' title='bbox 1026 1968 1330 2038; x_wconf 89' lang='lat' dir='ltr'><strong>episcopis,</strong></span> <span class='ocrx_word' id='word_1_135' title='bbox 1392 1984 1485 2023; x_wconf 89' lang='lat' dir='ltr'><strong>seu</strong></span> <span class='ocrx_word' id='word_1_136' title='bbox 1546 1970 1877 2038; x_wconf 89' lang='lat' dir='ltr'><strong>primoribus</strong></span> 
     </span>
    </p>
   </div>
   <div class='ocr_carea' id='block_1_15' title="bbox 277 2060 1872 2133">
    <p class='ocr_par' dir='ltr' id='par_1_15' title="bbox 277 2060 1872 2133">
     <span class='ocr_line' id='line_1_15' title="bbox 277 2060 1872 2133; baseline -0.001 -15"><span class='ocrx_word' id='word_1_137' title='bbox 277 2065 460 2133; x_wconf 78' lang='lat' dir='ltr'><strong>regni,</strong></span> <span class='ocrx_word' id='word_1_138' title='bbox 492 2070 710 2117; x_wconf 88' lang='lat' dir='ltr'><strong>coactus</strong></span> <span class='ocrx_word' id='word_1_139' title='bbox 741 2070 825 2116; x_wconf 87' lang='lat' dir='ltr'><strong>est</strong></span> <span class='ocrx_word' id='word_1_140' title='bbox 860 2060 1034 2125; x_wconf 87' lang='lat' dir='ltr'><strong>Ebbo,</strong></span> <span class='ocrx_word' id='word_1_141' title='bbox 1073 2060 1198 2128; x_wconf 85' lang='lat' dir='ltr'><strong>quia</strong></span> <span class='ocrx_word' id='word_1_142' title='bbox 1230 2060 1285 2113; x_wconf 90' lang='lat' dir='ltr'><strong>in</strong></span> <span class='ocrx_word' id='word_1_143' title='bbox 1325 2060 1543 2115; x_wconf 76' lang='lat' dir='ltr'><strong>dimcesi</strong></span> <span class='ocrx_word' id='word_1_144' title='bbox 1582 2060 1699 2129; x_wconf 90' lang='lat' dir='ltr'><strong>ejus</strong></span> <span class='ocrx_word' id='word_1_145' title='bbox 1734 2072 1872 2130; x_wconf 91' lang='lat' dir='ltr'><strong>erat,</strong></span> 
     </span>
    </p>
   </div>
   <div class='ocr_carea' id='block_1_16' title="bbox 276 2149 1874 2223">
    <p class='ocr_par' dir='ltr' id='par_1_16' title="bbox 276 2149 1874 2223">
     <span class='ocr_line' id='line_1_16' title="bbox 276 2149 1874 2223; baseline -0.001 -15"><span class='ocrx_word' id='word_1_146' title='bbox 276 2154 358 2209; x_wconf 88' lang='lat' dir='ltr'><strong>illi</strong></span> <span class='ocrx_word' id='word_1_147' title='bbox 401 2155 677 2223; x_wconf 88' lang='lat' dir='ltr'><strong>imponere</strong></span> <span class='ocrx_word' id='word_1_148' title='bbox 714 2150 984 2220; x_wconf 83' lang='lat' dir='ltr'><strong>publicam</strong></span> <span class='ocrx_word' id='word_1_149' title='bbox 1015 2149 1409 2219; x_wconf 73' lang='lat' dir='ltr'><strong>pmnitentiam.</strong></span> <span class='ocrx_word' id='word_1_150' title='bbox 1449 2149 1607 2205; x_wconf 86' lang='lat' dir='ltr'><strong>Unde</strong></span> <span class='ocrx_word' id='word_1_151' title='bbox 1650 2153 1874 2208; x_wconf 85' lang='lat' dir='ltr'><strong>nimiam</strong></span> 
     </span>
    </p>
   </div>
   <div class='ocr_carea' id='block_1_17' title="bbox 274 2235 1874 2314">
    <p class='ocr_par' dir='ltr' id='par_1_17' title="bbox 274 2235 1874 2314">
     <span class='ocr_line' id='line_1_17' title="bbox 274 2235 1874 2314; baseline -0.001 -17"><span class='ocrx_word' id='word_1_152' title='bbox 274 2251 331 2297; x_wconf 76' lang='lat' dir='ltr'><strong>et</strong></span> <span class='ocrx_word' id='word_1_153' title='bbox 363 2250 678 2314; x_wconf 85' lang='lat' dir='ltr'><strong>perpetuam</strong></span> <span class='ocrx_word' id='word_1_154' title='bbox 712 2238 829 2307; x_wconf 89' lang='lat' dir='ltr'><strong>ejus</strong></span> <span class='ocrx_word' id='word_1_155' title='bbox 856 2238 1083 2292; x_wconf 88' lang='lat' dir='ltr'><strong>incurrit</strong></span> <span class='ocrx_word' id='word_1_156' title='bbox 1110 2235 1391 2291; x_wconf 80' lang='lat' dir='ltr'><strong>offensam.</strong></span> <span class='ocrx_word' id='word_1_157' title='bbox 1425 2236 1553 2293; x_wconf 90' lang='lat' dir='ltr'><strong>Inde</strong></span> <span class='ocrx_word' id='word_1_158' title='bbox 1588 2253 1717 2295; x_wconf 89' lang='lat' dir='ltr'><strong>vero</strong></span> <span class='ocrx_word' id='word_1_159' title='bbox 1752 2240 1874 2311; x_wconf 80' lang='lat' dir='ltr'><strong>plu-</strong></span> 
     </span>
    </p>
   </div>
   <div class='ocr_carea' id='block_1_18' title="bbox 276 2326 1873 2401">
    <p class='ocr_par' dir='ltr' id='par_1_18' title="bbox 276 2326 1873 2401">
     <span class='ocr_line' id='line_1_18' title="bbox 276 2326 1873 2401; baseline -0.003 -13"><span class='ocrx_word' id='word_1_160' title='bbox 276 2333 418 2389; x_wconf 87' lang='lat' dir='ltr'><strong>rima</strong></span> <span class='ocrx_word' id='word_1_161' title='bbox 447 2346 573 2401; x_wconf 89' lang='lat' dir='ltr'><strong>pars</strong></span> <span class='ocrx_word' id='word_1_162' title='bbox 598 2343 884 2401; x_wconf 88' lang='lat' dir='ltr'><strong>procerum</strong></span> <span class='ocrx_word' id='word_1_163' title='bbox 925 2342 988 2381; x_wconf 92' lang='lat' dir='ltr'><strong>ac</strong></span> <span class='ocrx_word' id='word_1_164' title='bbox 1028 2326 1209 2396; x_wconf 88' lang='lat' dir='ltr'><strong>populi</strong></span> <span class='ocrx_word' id='word_1_165' title='bbox 1248 2333 1527 2380; x_wconf 89' lang='lat' dir='ltr'><strong>verterunt</strong></span> <span class='ocrx_word' id='word_1_166' title='bbox 1571 2342 1630 2383; x_wconf 90' lang='lat' dir='ltr'><strong>se</strong></span> <span class='ocrx_word' id='word_1_167' title='bbox 1674 2328 1873 2384; x_wconf 90' lang='lat' dir='ltr'><strong>iterum</strong></span> 
     </span>
    </p>
   </div>
   <div class='ocr_carea' id='block_1_19' title="bbox 275 2417 1869 2493">
    <p class='ocr_par' dir='ltr' id='par_1_19' title="bbox 275 2417 1869 2493">
     <span class='ocr_line' id='line_1_19' title="bbox 275 2417 1869 2493; baseline -0.004 -12"><span class='ocrx_word' id='word_1_168' title='bbox 275 2426 347 2481; x_wconf 94' lang='lat' dir='ltr'><strong>ad</strong></span> <span class='ocrx_word' id='word_1_169' title='bbox 375 2423 486 2493; x_wconf 85' lang='lat' dir='ltr'><strong>jam</strong></span> <span class='ocrx_word' id='word_1_170' title='bbox 514 2423 715 2477; x_wconf 90' lang='lat' dir='ltr'><strong>dictum</strong></span> <span class='ocrx_word' id='word_1_171' title='bbox 752 2420 1159 2489; x_wconf 82' lang='lat' dir='ltr'><strong>imperatorem,</strong></span> <span class='ocrx_word' id='word_1_172' title='bbox 1195 2417 1509 2473; x_wconf 89' lang='lat' dir='ltr'><strong>deserentes</strong></span> <span class='ocrx_word' id='word_1_173' title='bbox 1547 2418 1665 2488; x_wconf 89' lang='lat' dir='ltr'><strong>ejus</strong></span> <span class='ocrx_word' id='word_1_174' title='bbox 1700 2419 1869 2475; x_wconf 85' lang='lat' dir='ltr'><strong>filium</strong></span> 
     </span>
    </p>
   </div>
   <div class='ocr_carea' id='block_1_20' title="bbox 272 2510 1871 2582">
    <p class='ocr_par' dir='ltr' id='par_1_20' title="bbox 272 2510 1871 2582">
     <span class='ocr_line' id='line_1_20' title="bbox 272 2510 1871 2582; baseline -0.003 -11"><span class='ocrx_word' id='word_1_175' title='bbox 272 2516 611 2579; x_wconf 87' lang='lat' dir='ltr'><strong>Lotharium,</strong></span> <span class='ocrx_word' id='word_1_176' title='bbox 649 2522 703 2568; x_wconf 89' lang='lat' dir='ltr'><strong>et</strong></span> <span class='ocrx_word' id='word_1_177' title='bbox 739 2511 1097 2567; x_wconf 89' lang='lat' dir='ltr'><strong>restituerunt</strong></span> <span class='ocrx_word' id='word_1_178' title='bbox 1131 2526 1254 2567; x_wconf 85' lang='lat' dir='ltr'><strong>eum</strong></span> <span class='ocrx_word' id='word_1_179' title='bbox 1297 2510 1352 2564; x_wconf 93' lang='lat' dir='ltr'><strong>in</strong></span> <span class='ocrx_word' id='word_1_180' title='bbox 1399 2510 1687 2580; x_wconf 89' lang='lat' dir='ltr'><strong>imperium</strong></span> <span class='ocrx_word' id='word_1_181' title='bbox 1725 2511 1871 2582; x_wconf 90' lang='lat' dir='ltr'><strong>apud</strong></span> 
     </span>
    </p>
   </div>
   <div class='ocr_carea' id='block_1_21' title="bbox 272 2603 1869 2676">
    <p class='ocr_par' dir='ltr' id='par_1_21' title="bbox 272 2603 1869 2676">
     <span class='ocr_line' id='line_1_21' title="bbox 272 2603 1869 2676; baseline -0.003 -12"><span class='ocrx_word' id='word_1_182' title='bbox 272 2609 661 2664; x_wconf 88' lang='lat' dir='ltr'><strong>monasterium</strong></span> <span class='ocrx_word' id='word_1_183' title='bbox 715 2605 773 2661; x_wconf 86' lang='lat' dir='ltr'><strong>S.</strong></span> <span class='ocrx_word' id='word_1_184' title='bbox 830 2604 1089 2676; x_wconf 86' lang='lat' dir='ltr'><strong>Dionysii.</strong></span> <span class='ocrx_word' id='word_1_185' title='bbox 1148 2603 1455 2658; x_wconf 88' lang='lat' dir='ltr'><strong>Morabatur</strong></span> <span class='ocrx_word' id='word_1_186' title='bbox 1509 2614 1689 2660; x_wconf 90' lang='lat' dir='ltr'><strong>autem</strong></span> <span class='ocrx_word' id='word_1_187' title='bbox 1739 2614 1869 2661; x_wconf 91' lang='lat' dir='ltr'><strong>tunc</strong></span> 
     </span>
    </p>
   </div>
   <div class='ocr_carea' id='block_1_22' title="bbox 272 2696 1865 2773">
    <p class='ocr_par' dir='ltr' id='par_1_22' title="bbox 272 2696 1865 2773">
     <span class='ocr_line' id='line_1_22' title="bbox 272 2696 1865 2773; baseline -0.003 -16"><span class='ocrx_word' id='word_1_188' title='bbox 272 2702 533 2773; x_wconf 90' lang='lat' dir='ltr'><strong>temporis</strong></span> <span class='ocrx_word' id='word_1_189' title='bbox 582 2699 733 2755; x_wconf 89' lang='lat' dir='ltr'><strong>Ebbo</strong></span> <span class='ocrx_word' id='word_1_190' title='bbox 779 2698 1064 2768; x_wconf 89' lang='lat' dir='ltr'><strong>episcopus</strong></span> <span class='ocrx_word' id='word_1_191' title='bbox 1102 2696 1158 2750; x_wconf 92' lang='lat' dir='ltr'><strong>in</strong></span> <span class='ocrx_word' id='word_1_192' title='bbox 1202 2698 1531 2751; x_wconf 89' lang='lat' dir='ltr'><strong>monasterio</strong></span> <span class='ocrx_word' id='word_1_193' title='bbox 1568 2696 1625 2753; x_wconf 92' lang='lat' dir='ltr'><strong>S.</strong></span> <span class='ocrx_word' id='word_1_194' title='bbox 1666 2698 1865 2765; x_wconf 88' lang='lat' dir='ltr'><strong>Basoli,</strong></span> 
     </span>
    </p>
   </div>
   <div class='ocr_carea' id='block_1_23' title="bbox 1975 1966 3578 2041">
    <p class='ocr_par' dir='ltr' id='par_1_23' title="bbox 1975 1966 3578 2041">
     <span class='ocr_line' id='line_1_23' title="bbox 1975 1966 3578 2041; baseline -0.002 -18"><span class='ocrx_word' id='word_1_195' title='bbox 1975 1969 2243 2041; x_wconf 88' lang='lat' dir='ltr'><strong>gandique</strong></span> <span class='ocrx_word' id='word_1_196' title='bbox 2269 1968 2323 2023; x_wconf 91' lang='lat' dir='ltr'><strong>in</strong></span> <span class='ocrx_word' id='word_1_197' title='bbox 2350 1967 2467 2023; x_wconf 91' lang='lat' dir='ltr'><strong>loco</strong></span> <span class='ocrx_word' id='word_1_198' title='bbox 2496 1982 2637 2034; x_wconf 88' lang='lat' dir='ltr'><strong>meo,</strong></span> <span class='ocrx_word' id='word_1_199' title='bbox 2669 1967 2760 2036; x_wconf 90' lang='lat' dir='ltr'><strong>qui</strong></span> <span class='ocrx_word' id='word_1_200' title='bbox 2788 1966 2948 2037; x_wconf 82' lang='lat' dir='ltr'><strong>digne</strong></span> <span class='ocrx_word' id='word_1_201' title='bbox 2973 1981 3206 2036; x_wconf 68' lang='lat' dir='ltr'><strong>prmesse</strong></span> <span class='ocrx_word' id='word_1_202' title='bbox 3236 1975 3291 2021; x_wconf 90' lang='lat' dir='ltr'><strong>et</strong></span> <span class='ocrx_word' id='word_1_203' title='bbox 3318 1966 3578 2035; x_wconf 90' lang='lat' dir='ltr'><strong>prodesse</strong></span> 
     </span>
    </p>
   </div>
   <div class='ocr_carea' id='block_1_24' title="bbox 1975 2057 3578 2134">
    <p class='ocr_par' dir='ltr' id='par_1_24' title="bbox 1975 2057 3578 2134">
     <span class='ocr_line' id='line_1_24' title="bbox 1975 2057 3578 2134; baseline -0.003 -16"><span class='ocrx_word' id='word_1_204' title='bbox 1975 2062 2146 2134; x_wconf 89' lang='lat' dir='ltr'><strong>possit</strong></span> <span class='ocrx_word' id='word_1_205' title='bbox 2177 2059 2448 2123; x_wconf 71' lang='lat' dir='ltr'><strong>Ecclesiae,</strong></span> <span class='ocrx_word' id='word_1_206' title='bbox 2483 2059 2571 2114; x_wconf 91' lang='lat' dir='ltr'><strong>cui</strong></span> <span class='ocrx_word' id='word_1_207' title='bbox 2602 2058 2864 2114; x_wconf 87' lang='lat' dir='ltr'><strong>hactenus</strong></span> <span class='ocrx_word' id='word_1_208' title='bbox 2896 2058 3147 2129; x_wconf 85' lang='lat' dir='ltr'><strong>indignus</strong></span> <span class='ocrx_word' id='word_1_209' title='bbox 3176 2057 3397 2129; x_wconf 79' lang='lat' dir='ltr'><strong>przefui;</strong></span> <span class='ocrx_word' id='word_1_210' title='bbox 3436 2067 3491 2112; x_wconf 91' lang='lat' dir='ltr'><strong>et</strong></span> <span class='ocrx_word' id='word_1_211' title='bbox 3517 2066 3578 2113; x_wconf 89' lang='lat' dir='ltr'><strong>ut</strong></span> 
     </span>
    </p>
   </div>
   <div class='ocr_carea' id='block_1_25' title="bbox 1976 2150 3577 2222">
    <p class='ocr_par' dir='ltr' id='par_1_25' title="bbox 1976 2150 3577 2222">
     <span class='ocr_line' id='line_1_25' title="bbox 1976 2150 3577 2222; baseline -0.002 -13"><span class='ocrx_word' id='word_1_212' title='bbox 1976 2155 2100 2209; x_wconf 92' lang='lat' dir='ltr'><strong>inde</strong></span> <span class='ocrx_word' id='word_1_213' title='bbox 2136 2152 2276 2206; x_wconf 89' lang='lat' dir='ltr'><strong>ultra</strong></span> <span class='ocrx_word' id='word_1_214' title='bbox 2316 2150 2517 2206; x_wconf 88' lang='lat' dir='ltr'><strong>nullam</strong></span> <span class='ocrx_word' id='word_1_215' title='bbox 2550 2150 2921 2220; x_wconf 82' lang='lat' dir='ltr'><strong>repetitionem</strong></span> <span class='ocrx_word' id='word_1_216' title='bbox 2961 2158 3055 2203; x_wconf 92' lang='lat' dir='ltr'><strong>aut</strong></span> <span class='ocrx_word' id='word_1_217' title='bbox 3082 2150 3577 2222; x_wconf 88' lang='lat' dir='ltr'><strong>interpellationem</strong></span> 
     </span>
    </p>
   </div>
   <div class='ocr_carea' id='block_1_26' title="bbox 1976 2244 3576 2316">
    <p class='ocr_par' dir='ltr' id='par_1_26' title="bbox 1976 2244 3576 2316">
     <span class='ocr_line' id='line_1_26' title="bbox 1976 2244 3576 2316; baseline -0.003 -12"><span class='ocrx_word' id='word_1_218' title='bbox 1976 2248 2299 2304; x_wconf 89' lang='lat' dir='ltr'><strong>auctoritate</strong></span> <span class='ocrx_word' id='word_1_219' title='bbox 2344 2246 2605 2301; x_wconf 90' lang='lat' dir='ltr'><strong>canonica</strong></span> <span class='ocrx_word' id='word_1_220' title='bbox 2654 2244 2834 2300; x_wconf 91' lang='lat' dir='ltr'><strong>facere</strong></span> <span class='ocrx_word' id='word_1_221' title='bbox 2875 2244 3107 2311; x_wconf 77' lang='lat' dir='ltr'><strong>valeam,</strong></span> <span class='ocrx_word' id='word_1_222' title='bbox 3150 2261 3311 2300; x_wconf 87' lang='lat' dir='ltr'><strong>manu</strong></span> <span class='ocrx_word' id='word_1_223' title='bbox 3356 2248 3576 2316; x_wconf 89' lang='lat' dir='ltr'><strong>propria</strong></span> 
     </span>
    </p>
   </div>
   <div class='ocr_carea' id='block_1_27' title="bbox 1974 2336 3577 2403">
    <p class='ocr_par' dir='ltr' id='par_1_27' title="bbox 1974 2336 3577 2403">
     <span class='ocr_line' id='line_1_27' title="bbox 1974 2336 3577 2403; baseline -0.002 -8"><span class='ocrx_word' id='word_1_224' title='bbox 1974 2354 2096 2396; x_wconf 89' lang='lat' dir='ltr'><strong>mea</strong></span> <span class='ocrx_word' id='word_1_225' title='bbox 2122 2338 2470 2393; x_wconf 88' lang='lat' dir='ltr'><strong>subscribens</strong></span> <span class='ocrx_word' id='word_1_226' title='bbox 2496 2336 2725 2390; x_wconf 86' lang='lat' dir='ltr'><strong>ﬁrmavi.</strong></span> <span class='ocrx_word' id='word_1_227' title='bbox 2761 2357 2779 2388; x_wconf 74' lang='grc' dir='ltr'><strong><em>ι</em></strong></span> <span class='ocrx_word' id='word_1_228' title='bbox 2808 2336 3047 2403; x_wconf 88' lang='lat' dir='ltr'><strong>Quorum</strong></span> <span class='ocrx_word' id='word_1_229' title='bbox 3079 2336 3298 2391; x_wconf 87' lang='lat' dir='ltr'><strong>testium</strong></span> <span class='ocrx_word' id='word_1_230' title='bbox 3326 2336 3410 2391; x_wconf 88' lang='lat' dir='ltr'><strong>vel</strong></span> <span class='ocrx_word' id='word_1_231' title='bbox 3446 2344 3577 2393; x_wconf 84' lang='lat' dir='ltr'><strong>oon‘</strong></span> 
     </span>
    </p>
   </div>
   <div class='ocr_carea' id='block_1_28' title="bbox 1972 2428 3577 2487">
    <p class='ocr_par' dir='ltr' id='par_1_28' title="bbox 1972 2428 3577 2487">
     <span class='ocr_line' id='line_1_28' title="bbox 1972 2428 3577 2487; baseline 0 -2"><span class='ocrx_word' id='word_1_232' title='bbox 1972 2429 2239 2487; x_wconf 88' lang='lat' dir='ltr'><strong>fessorum</strong></span> <span class='ocrx_word' id='word_1_233' title='bbox 2284 2428 2653 2483; x_wconf 88' lang='lat' dir='ltr'><strong>testimonium</strong></span> <span class='ocrx_word' id='word_1_234' title='bbox 2700 2428 2755 2482; x_wconf 91' lang='lat' dir='ltr'><strong>in</strong></span> <span class='ocrx_word' id='word_1_235' title='bbox 2805 2429 3149 2483; x_wconf 87' lang='lat' dir='ltr'><strong>successione</strong></span> <span class='ocrx_word' id='word_1_236' title='bbox 3195 2438 3249 2484; x_wconf 90' lang='lat' dir='ltr'><strong>et</strong></span> <span class='ocrx_word' id='word_1_237' title='bbox 3295 2429 3350 2483; x_wconf 92' lang='lat' dir='ltr'><strong>in</strong></span> <span class='ocrx_word' id='word_1_238' title='bbox 3382 2444 3577 2485; x_wconf 88' lang='lat' dir='ltr'><strong>conse-</strong></span> 
     </span>
    </p>
   </div>
   <div class='ocr_carea' id='block_1_29' title="bbox 1972 2519 3575 2590">
    <p class='ocr_par' dir='ltr' id='par_1_29' title="bbox 1972 2519 3575 2590">
     <span class='ocr_line' id='line_1_29' title="bbox 1972 2519 3575 2590; baseline -0.002 -9"><span class='ocrx_word' id='word_1_239' title='bbox 1972 2524 2215 2581; x_wconf 87' lang='lat' dir='ltr'><strong>cratione</strong></span> <span class='ocrx_word' id='word_1_240' title='bbox 2270 2521 2493 2577; x_wconf 88' lang='lat' dir='ltr'><strong>alterius</strong></span> <span class='ocrx_word' id='word_1_241' title='bbox 2551 2519 2730 2575; x_wconf 87' lang='lat' dir='ltr'><strong>nullus</strong></span> <span class='ocrx_word' id='word_1_242' title='bbox 2781 2535 3017 2589; x_wconf 88' lang='lat' dir='ltr'><strong>unquam</strong></span> <span class='ocrx_word' id='word_1_243' title='bbox 3075 2520 3391 2590; x_wconf 86' lang='lat' dir='ltr'><strong>requisivit,</strong></span> <span class='ocrx_word' id='word_1_244' title='bbox 3448 2535 3575 2577; x_wconf 86' lang='lat' dir='ltr'><strong>cum</strong></span> 
     </span>
    </p>
   </div>
   <div class='ocr_carea' id='block_1_30' title="bbox 1973 2609 3577 2677">
    <p class='ocr_par' dir='ltr' id='par_1_30' title="bbox 1973 2609 3577 2677">
     <span class='ocr_line' id='line_1_30' title="bbox 1973 2609 3577 2677; baseline -0.002 -9"><span class='ocrx_word' id='word_1_245' title='bbox 1973 2614 2139 2669; x_wconf 89' lang='lat' dir='ltr'><strong>etiam</strong></span> <span class='ocrx_word' id='word_1_246' title='bbox 2175 2627 2315 2667; x_wconf 91' lang='lat' dir='ltr'><strong>unus</strong></span> <span class='ocrx_word' id='word_1_247' title='bbox 2355 2626 2567 2677; x_wconf 91' lang='lat' dir='ltr'><strong>eorum,</strong></span> <span class='ocrx_word' id='word_1_248' title='bbox 2608 2610 2921 2665; x_wconf 89' lang='lat' dir='ltr'><strong>Badaradus</strong></span> <span class='ocrx_word' id='word_1_249' title='bbox 2972 2609 3201 2677; x_wconf 90' lang='lat' dir='ltr'><strong>scilicet,</strong></span> <span class='ocrx_word' id='word_1_250' title='bbox 3248 2611 3304 2666; x_wconf 92' lang='lat' dir='ltr'><strong>in</strong></span> <span class='ocrx_word' id='word_1_251' title='bbox 3355 2611 3577 2667; x_wconf 85' lang='lat' dir='ltr'><strong>restitu-</strong></span> 
     </span>
    </p>
   </div>
   <div class='ocr_carea' id='block_1_31' title="bbox 1974 2702 2607 2761">
    <p class='ocr_par' dir='ltr' id='par_1_31' title="bbox 1974 2702 2607 2761">
     <span class='ocr_line' id='line_1_31' title="bbox 1974 2702 2607 2761; baseline -0.008 0"><span class='ocrx_word' id='word_1_252' title='bbox 1974 2707 2125 2761; x_wconf 91' lang='lat' dir='ltr'><strong>tione</strong></span> <span class='ocrx_word' id='word_1_253' title='bbox 2152 2703 2393 2760; x_wconf 85' lang='lat' dir='ltr'><strong>Ebbonis</strong></span> <span class='ocrx_word' id='word_1_254' title='bbox 2426 2702 2607 2758; x_wconf 89' lang='lat' dir='ltr'><strong>fuerit.</strong></span> 
     </span>
    </p>
   </div>
   <div class='ocr_carea' id='block_1_32' title="bbox 270 2784 3575 2863">
    <p class='ocr_par' dir='ltr' id='par_1_32' title="bbox 270 2784 3575 2863">
     <span class='ocr_line' id='line_1_32' title="bbox 270 2784 3575 2863; baseline 0.001 -14"><span class='ocrx_word' id='word_1_255' title='bbox 270 2794 416 2850; x_wconf 87' lang='lat' dir='ltr'><strong>infra</strong></span> <span class='ocrx_word' id='word_1_256' title='bbox 437 2792 753 2863; x_wconf 88' lang='lat' dir='ltr'><strong>parochiam</strong></span> <span class='ocrx_word' id='word_1_257' title='bbox 789 2790 1173 2855; x_wconf 83' lang='lat' dir='ltr'><strong>Rhemensem,</strong></span> <span class='ocrx_word' id='word_1_258' title='bbox 1204 2788 1431 2844; x_wconf 89' lang='lat' dir='ltr'><strong>claudus</strong></span> <span class='ocrx_word' id='word_1_259' title='bbox 1451 2799 1682 2860; x_wconf 88' lang='lat' dir='ltr'><strong>utroque</strong></span> <span class='ocrx_word' id='word_1_260' title='bbox 1708 2784 1866 2861; x_wconf 86' lang='lat' dir='ltr'><strong>pede,</strong></span> <span class='ocrx_word' id='word_1_261' title='bbox 1896 2789 1946 2850; x_wconf 88' lang='lat' dir='ltr'><strong>B</strong></span> <span class='ocrx_word' id='word_1_262' title='bbox 2044 2799 2223 2853; x_wconf 90' lang='lat' dir='ltr'><strong>Finito</strong></span> <span class='ocrx_word' id='word_1_263' title='bbox 2274 2806 2455 2853; x_wconf 91' lang='lat' dir='ltr'><strong>autem</strong></span> <span class='ocrx_word' id='word_1_264' title='bbox 2503 2795 2768 2861; x_wconf 91' lang='lat' dir='ltr'><strong>concilio,</strong></span> <span class='ocrx_word' id='word_1_265' title='bbox 2817 2795 3074 2851; x_wconf 91' lang='lat' dir='ltr'><strong>reductus</strong></span> <span class='ocrx_word' id='word_1_266' title='bbox 3128 2804 3214 2851; x_wconf 91' lang='lat' dir='ltr'><strong>est</strong></span> <span class='ocrx_word' id='word_1_267' title='bbox 3270 2797 3370 2852; x_wconf 90' lang='lat' dir='ltr'><strong>sub</strong></span> <span class='ocrx_word' id='word_1_268' title='bbox 3423 2806 3575 2853; x_wconf 85' lang='lat' dir='ltr'><strong>arcta</strong></span> 
     </span>
    </p>
   </div>
   <div class='ocr_carea' id='block_1_33' title="bbox 268 2880 1869 2952">
    <p class='ocr_par' dir='ltr' id='par_1_33' title="bbox 268 2880 1869 2952">
     <span class='ocr_line' id='line_1_33' title="bbox 268 2880 1869 2952; baseline 0 -14"><span class='ocrx_word' id='word_1_269' title='bbox 268 2893 324 2938; x_wconf 89' lang='lat' dir='ltr'><strong>et</strong></span> <span class='ocrx_word' id='word_1_270' title='bbox 364 2884 529 2938; x_wconf 90' lang='lat' dir='ltr'><strong>nimia</strong></span> <span class='ocrx_word' id='word_1_271' title='bbox 566 2880 794 2936; x_wconf 78' lang='lat' dir='ltr'><strong>afﬂictus</strong></span> <span class='ocrx_word' id='word_1_272' title='bbox 831 2880 1164 2936; x_wconf 82' lang='lat' dir='ltr'><strong>infirmitate.</strong></span> <span class='ocrx_word' id='word_1_273' title='bbox 1205 2880 1426 2935; x_wconf 90' lang='lat' dir='ltr'><strong>Timens</strong></span> <span class='ocrx_word' id='word_1_274' title='bbox 1455 2895 1583 2937; x_wconf 84' lang='lat' dir='ltr'><strong>vero</strong></span> <span class='ocrx_word' id='word_1_275' title='bbox 1611 2882 1736 2952; x_wconf 90' lang='lat' dir='ltr'><strong>quia</strong></span> <span class='ocrx_word' id='word_1_276' title='bbox 1768 2898 1869 2939; x_wconf 89' lang='lat' dir='ltr'><strong>nec</strong></span> 
     </span>
    </p>
   </div>
   <div class='ocr_carea' id='block_1_34' title="bbox 267 2974 1866 3045">
    <p class='ocr_par' dir='ltr' id='par_1_34' title="bbox 267 2974 1866 3045">
     <span class='ocr_line' id='line_1_34' title="bbox 267 2974 1866 3045; baseline 0.001 -14"><span class='ocrx_word' id='word_1_277' title='bbox 267 2990 395 3032; x_wconf 88' lang='lat' dir='ltr'><strong>cum</strong></span> <span class='ocrx_word' id='word_1_278' title='bbox 423 2974 681 3030; x_wconf 89' lang='lat' dir='ltr'><strong>Lothario</strong></span> <span class='ocrx_word' id='word_1_279' title='bbox 709 2974 857 3030; x_wconf 83' lang='lat' dir='ltr'><strong>exire</strong></span> <span class='ocrx_word' id='word_1_280' title='bbox 884 2981 1128 3043; x_wconf 87' lang='lat' dir='ltr'><strong>poterat,</strong></span> <span class='ocrx_word' id='word_1_281' title='bbox 1162 2988 1263 3028; x_wconf 92' lang='lat' dir='ltr'><strong>nec</strong></span> <span class='ocrx_word' id='word_1_282' title='bbox 1298 2974 1539 3029; x_wconf 92' lang='lat' dir='ltr'><strong>animum</strong></span> <span class='ocrx_word' id='word_1_283' title='bbox 1570 2974 1866 3045; x_wconf 89' lang='lat' dir='ltr'><strong>imperato-</strong></span> 
     </span>
    </p>
   </div>
   <div class='ocr_carea' id='block_1_35' title="bbox 266 3064 1867 3138">
    <p class='ocr_par' dir='ltr' id='par_1_35' title="bbox 266 3064 1867 3138">
     <span class='ocr_line' id='line_1_35' title="bbox 266 3064 1867 3138; baseline 0.001 -15"><span class='ocrx_word' id='word_1_284' title='bbox 266 3069 345 3124; x_wconf 86' lang='lat' dir='ltr'><strong>ris</strong></span> <span class='ocrx_word' id='word_1_285' title='bbox 385 3068 669 3123; x_wconf 89' lang='lat' dir='ltr'><strong>adversum</strong></span> <span class='ocrx_word' id='word_1_286' title='bbox 716 3082 774 3123; x_wconf 90' lang='lat' dir='ltr'><strong>se</strong></span> <span class='ocrx_word' id='word_1_287' title='bbox 822 3064 1114 3138; x_wconf 89' lang='lat' dir='ltr'><strong>quidquam</strong></span> <span class='ocrx_word' id='word_1_288' title='bbox 1160 3065 1458 3123; x_wconf 87' lang='lat' dir='ltr'><strong>emollitum</strong></span> <span class='ocrx_word' id='word_1_289' title='bbox 1497 3067 1749 3135; x_wconf 88' lang='lat' dir='ltr'><strong>habebat,</strong></span> <span class='ocrx_word' id='word_1_290' title='bbox 1777 3085 1867 3138; x_wconf 89' lang='lat' dir='ltr'><strong>ne,</strong></span> 
     </span>
    </p>
   </div>
   <div class='ocr_carea' id='block_1_36' title="bbox 266 3160 1869 3227">
    <p class='ocr_par' dir='ltr' id='par_1_36' title="bbox 266 3160 1869 3227">
     <span class='ocr_line' id='line_1_36' title="bbox 266 3160 1869 3227; baseline 0.002 -9"><span class='ocrx_word' id='word_1_291' title='bbox 266 3162 407 3219; x_wconf 76' lang='lat' dir='ltr'><strong>sicut</strong></span> <span class='ocrx_word' id='word_1_292' title='bbox 453 3162 544 3217; x_wconf 90' lang='lat' dir='ltr'><strong>tali</strong></span> <span class='ocrx_word' id='word_1_293' title='bbox 589 3163 805 3219; x_wconf 91' lang='lat' dir='ltr'><strong>turbine</strong></span> <span class='ocrx_word' id='word_1_294' title='bbox 849 3161 1051 3217; x_wconf 85' lang='lat' dir='ltr'><strong>furoris</strong></span> <span class='ocrx_word' id='word_1_295' title='bbox 1099 3160 1217 3216; x_wconf 85' lang='lat' dir='ltr'><strong>fieri</strong></span> <span class='ocrx_word' id='word_1_296' title='bbox 1272 3161 1429 3227; x_wconf 91' lang='lat' dir='ltr'><strong>solet,</strong></span> <span class='ocrx_word' id='word_1_297' title='bbox 1476 3178 1506 3217; x_wconf 90' lang='lat' dir='ltr'><strong>a</strong></span> <span class='ocrx_word' id='word_1_298' title='bbox 1560 3163 1766 3221; x_wconf 90' lang='lat' dir='ltr'><strong>levibus</strong></span> <span class='ocrx_word' id='word_1_299' title='bbox 1814 3176 1869 3222; x_wconf 91' lang='lat' dir='ltr'><strong>et</strong></span> 
     </span>
    </p>
   </div>
   <div class='ocr_carea' id='block_1_37' title="bbox 266 3253 1866 3326">
    <p class='ocr_par' dir='ltr' id='par_1_37' title="bbox 266 3253 1866 3326">
     <span class='ocr_line' id='line_1_37' title="bbox 266 3253 1866 3326; baseline 0.002 -17"><span class='ocrx_word' id='word_1_300' title='bbox 266 3254 683 3326; x_wconf 86' lang='lat' dir='ltr'><strong>indisciplinatis</strong></span> <span class='ocrx_word' id='word_1_301' title='bbox 709 3253 1041 3320; x_wconf 91' lang='lat' dir='ltr'><strong>hominibus,</strong></span> <span class='ocrx_word' id='word_1_302' title='bbox 1082 3253 1237 3323; x_wconf 91' lang='lat' dir='ltr'><strong>quasi</strong></span> <span class='ocrx_word' id='word_1_303' title='bbox 1266 3269 1367 3324; x_wconf 90' lang='lat' dir='ltr'><strong>pro</strong></span> <span class='ocrx_word' id='word_1_304' title='bbox 1395 3254 1653 3311; x_wconf 85' lang='lat' dir='ltr'><strong>fidelitate</strong></span> <span class='ocrx_word' id='word_1_305' title='bbox 1683 3255 1866 3312; x_wconf 91' lang='lat' dir='ltr'><strong>domni</strong></span> 
     </span>
    </p>
   </div>
   <div class='ocr_carea' id='block_1_38' title="bbox 262 3345 1867 3420">
    <p class='ocr_par' dir='ltr' id='par_1_38' title="bbox 262 3345 1867 3420">
     <span class='ocr_line' id='line_1_38' title="bbox 262 3345 1867 3420; baseline 0.004 -20"><span class='ocrx_word' id='word_1_306' title='bbox 262 3345 609 3415; x_wconf 87' lang='lat' dir='ltr'><strong>imperatoris</strong></span> <span class='ocrx_word' id='word_1_307' title='bbox 640 3345 981 3415; x_wconf 89' lang='lat' dir='ltr'><strong>perderetur,</strong></span> <span class='ocrx_word' id='word_1_308' title='bbox 1001 3345 1166 3415; x_wconf 91' lang='lat' dir='ltr'><strong>jussit</strong></span> <span class='ocrx_word' id='word_1_309' title='bbox 1192 3360 1251 3401; x_wconf 92' lang='lat' dir='ltr'><strong>se</strong></span> <span class='ocrx_word' id='word_1_310' title='bbox 1279 3345 1553 3416; x_wconf 90' lang='lat' dir='ltr'><strong>deportari</strong></span> <span class='ocrx_word' id='word_1_311' title='bbox 1579 3348 1645 3403; x_wconf 88' lang='lat' dir='ltr'><strong>ad</strong></span> <span class='ocrx_word' id='word_1_312' title='bbox 1679 3365 1867 3420; x_wconf 88' lang='lat' dir='ltr'><strong>quem-</strong></span> 
     </span>
    </p>
   </div>
   <div class='ocr_carea' id='block_1_39' title="bbox 262 3435 1867 3512">
    <p class='ocr_par' dir='ltr' id='par_1_39' title="bbox 262 3435 1867 3512">
     <span class='ocr_line' id='line_1_39' title="bbox 262 3435 1867 3512; baseline 0.005 -21"><span class='ocrx_word' id='word_1_313' title='bbox 262 3435 389 3491; x_wconf 88' lang='lat' dir='ltr'><strong>dam</strong></span> <span class='ocrx_word' id='word_1_314' title='bbox 416 3435 638 3492; x_wconf 83' lang='lat' dir='ltr'><strong>ﬂuvium</strong></span> <span class='ocrx_word' id='word_1_315' title='bbox 669 3438 885 3493; x_wconf 89' lang='lat' dir='ltr'><strong>nomine</strong></span> <span class='ocrx_word' id='word_1_316' title='bbox 910 3437 1235 3505; x_wconf 86' lang='lat' dir='ltr'><strong>Matronam,</strong></span> <span class='ocrx_word' id='word_1_317' title='bbox 1271 3440 1363 3511; x_wconf 92' lang='lat' dir='ltr'><strong>qui</strong></span> <span class='ocrx_word' id='word_1_318' title='bbox 1388 3442 1612 3512; x_wconf 90' lang='lat' dir='ltr'><strong>propius</strong></span> <span class='ocrx_word' id='word_1_319' title='bbox 1634 3454 1771 3509; x_wconf 88' lang='lat' dir='ltr'><strong>erat,</strong></span> <span class='ocrx_word' id='word_1_320' title='bbox 1809 3455 1867 3500; x_wconf 85' lang='lat' dir='ltr'><strong>et</strong></span> 
     </span>
    </p>
   </div>
   <div class='ocr_carea' id='block_1_40' title="bbox 260 3528 1861 3601">
    <p class='ocr_par' dir='ltr' id='par_1_40' title="bbox 260 3528 1861 3601">
     <span class='ocr_line' id='line_1_40' title="bbox 260 3528 1861 3601; baseline 0.005 -18"><span class='ocrx_word' id='word_1_321' title='bbox 260 3529 407 3584; x_wconf 85' lang='lat' dir='ltr'><strong>mitti</strong></span> <span class='ocrx_word' id='word_1_322' title='bbox 437 3530 493 3584; x_wconf 93' lang='lat' dir='ltr'><strong>in</strong></span> <span class='ocrx_word' id='word_1_323' title='bbox 528 3528 731 3593; x_wconf 81' lang='lat' dir='ltr'><strong>navim,</strong></span> <span class='ocrx_word' id='word_1_324' title='bbox 762 3538 925 3598; x_wconf 90' lang='lat' dir='ltr'><strong>atque</strong></span> <span class='ocrx_word' id='word_1_325' title='bbox 950 3528 1191 3585; x_wconf 90' lang='lat' dir='ltr'><strong>Parisius</strong></span> <span class='ocrx_word' id='word_1_326' title='bbox 1230 3532 1298 3586; x_wconf 91' lang='lat' dir='ltr'><strong>ad</strong></span> <span class='ocrx_word' id='word_1_327' title='bbox 1334 3534 1622 3601; x_wconf 88' lang='lat' dir='ltr'><strong>quamdam</strong></span> <span class='ocrx_word' id='word_1_328' title='bbox 1665 3535 1861 3591; x_wconf 83' lang='lat' dir='ltr'><strong>deduci</strong></span> 
     </span>
    </p>
   </div>
   <div class='ocr_carea' id='block_1_41' title="bbox 260 3616 1863 3692">
    <p class='ocr_par' dir='ltr' id='par_1_41' title="bbox 260 3616 1863 3692">
     <span class='ocr_line' id='line_1_41' title="bbox 260 3616 1863 3692; baseline 0.003 -17"><span class='ocrx_word' id='word_1_329' title='bbox 260 3618 517 3675; x_wconf 86' lang='lat' dir='ltr'><strong>cellulam</strong></span> <span class='ocrx_word' id='word_1_330' title='bbox 560 3616 841 3685; x_wconf 87' lang='lat' dir='ltr'><strong>cujusdam</strong></span> <span class='ocrx_word' id='word_1_331' title='bbox 889 3617 1131 3683; x_wconf 83' lang='lat' dir='ltr'><strong>Reclusi,</strong></span> <span class='ocrx_word' id='word_1_332' title='bbox 1179 3634 1402 3688; x_wconf 91' lang='lat' dir='ltr'><strong>sperans</strong></span> <span class='ocrx_word' id='word_1_333' title='bbox 1444 3622 1515 3676; x_wconf 91' lang='lat' dir='ltr'><strong>ibi</strong></span> <span class='ocrx_word' id='word_1_334' title='bbox 1559 3631 1673 3677; x_wconf 91' lang='lat' dir='ltr'><strong>tute</strong></span> <span class='ocrx_word' id='word_1_335' title='bbox 1700 3640 1863 3692; x_wconf 85' lang='lat' dir='ltr'><strong>posse</strong></span> 
     </span>
    </p>
   </div>
   <div class='ocr_carea' id='block_1_42' title="bbox 261 3710 1863 3785">
    <p class='ocr_par' dir='ltr' id='par_1_42' title="bbox 261 3710 1863 3785">
     <span class='ocr_line' id='line_1_42' title="bbox 261 3710 1863 3785; baseline 0.002 -18"><span class='ocrx_word' id='word_1_336' title='bbox 261 3727 509 3776; x_wconf 88' lang='lat' dir='ltr'><strong>manere,</strong></span> <span class='ocrx_word' id='word_1_337' title='bbox 545 3725 719 3779; x_wconf 91' lang='lat' dir='ltr'><strong>usque</strong></span> <span class='ocrx_word' id='word_1_338' title='bbox 755 3710 885 3764; x_wconf 90' lang='lat' dir='ltr'><strong>dum</strong></span> <span class='ocrx_word' id='word_1_339' title='bbox 919 3718 1011 3764; x_wconf 91' lang='lat' dir='ltr'><strong>aut</strong></span> <span class='ocrx_word' id='word_1_340' title='bbox 1051 3710 1291 3765; x_wconf 91' lang='lat' dir='ltr'><strong>animum</strong></span> <span class='ocrx_word' id='word_1_341' title='bbox 1338 3710 1685 3781; x_wconf 87' lang='lat' dir='ltr'><strong>imperatoris</strong></span> <span class='ocrx_word' id='word_1_342' title='bbox 1722 3730 1863 3785; x_wconf 82' lang='lat' dir='ltr'><strong>quo-</strong></span> 
     </span>
    </p>
   </div>
   <div class='ocr_carea' id='block_1_43' title="bbox 257 3801 1864 3876">
    <p class='ocr_par' dir='ltr' id='par_1_43' title="bbox 257 3801 1864 3876">
     <span class='ocr_line' id='line_1_43' title="bbox 257 3801 1864 3876; baseline 0.002 -17"><span class='ocrx_word' id='word_1_343' title='bbox 257 3819 371 3876; x_wconf 90' lang='lat' dir='ltr'><strong>quo</strong></span> <span class='ocrx_word' id='word_1_344' title='bbox 402 3802 564 3859; x_wconf 91' lang='lat' dir='ltr'><strong>modo</strong></span> <span class='ocrx_word' id='word_1_345' title='bbox 586 3801 806 3873; x_wconf 88' lang='lat' dir='ltr'><strong>placare</strong></span> <span class='ocrx_word' id='word_1_346' title='bbox 832 3802 1123 3873; x_wconf 91' lang='lat' dir='ltr'><strong>potuisset,</strong></span> <span class='ocrx_word' id='word_1_347' title='bbox 1157 3810 1249 3856; x_wconf 89' lang='lat' dir='ltr'><strong>aut</strong></span> <span class='ocrx_word' id='word_1_348' title='bbox 1286 3810 1503 3871; x_wconf 90' lang='lat' dir='ltr'><strong>recepta</strong></span> <span class='ocrx_word' id='word_1_349' title='bbox 1528 3803 1761 3859; x_wconf 89' lang='lat' dir='ltr'><strong>sanitate</strong></span> <span class='ocrx_word' id='word_1_350' title='bbox 1783 3805 1864 3862; x_wconf 88' lang='lat' dir='ltr'><strong>ire</strong></span> 
     </span>
    </p>
   </div>
   <div class='ocr_carea' id='block_1_44' title="bbox 1973 2886 3577 2953">
    <p class='ocr_par' dir='ltr' id='par_1_44' title="bbox 1973 2886 3577 2953">
     <span class='ocr_line' id='line_1_44' title="bbox 1973 2886 3577 2953; baseline -0.002 -6"><span class='ocrx_word' id='word_1_351' title='bbox 1973 2891 2217 2948; x_wconf 88' lang='lat' dir='ltr'><strong>custodia</strong></span> <span class='ocrx_word' id='word_1_352' title='bbox 2244 2888 2311 2944; x_wconf 91' lang='lat' dir='ltr'><strong>ad</strong></span> <span class='ocrx_word' id='word_1_353' title='bbox 2343 2888 2614 2953; x_wconf 91' lang='lat' dir='ltr'><strong>eumdem,</strong></span> <span class='ocrx_word' id='word_1_354' title='bbox 2646 2888 2830 2942; x_wconf 89' lang='lat' dir='ltr'><strong>Sancti</strong></span> <span class='ocrx_word' id='word_1_355' title='bbox 2862 2888 3072 2942; x_wconf 88' lang='lat' dir='ltr'><strong>scilicet</strong></span> <span class='ocrx_word' id='word_1_356' title='bbox 3096 2886 3358 2943; x_wconf 86' lang='lat' dir='ltr'><strong>Bonifacii</strong></span> <span class='ocrx_word' id='word_1_357' title='bbox 3385 2902 3577 2943; x_wconf 90' lang='lat' dir='ltr'><strong>mona-</strong></span> 
     </span>
    </p>
   </div>
   <div class='ocr_carea' id='block_1_45' title="bbox 1972 2981 3574 3053">
    <p class='ocr_par' dir='ltr' id='par_1_45' title="bbox 1972 2981 3574 3053">
     <span class='ocr_line' id='line_1_45' title="bbox 1972 2981 3574 3053; baseline -0.002 -13"><span class='ocrx_word' id='word_1_358' title='bbox 1972 2985 2217 3040; x_wconf 87' lang='lat' dir='ltr'><strong>sterium.</strong></span> <span class='ocrx_word' id='word_1_359' title='bbox 2250 2981 2384 3038; x_wconf 91' lang='lat' dir='ltr'><strong>Post</strong></span> <span class='ocrx_word' id='word_1_360' title='bbox 2420 2981 2755 3053; x_wconf 87' lang='lat' dir='ltr'><strong>aliquantum</strong></span> <span class='ocrx_word' id='word_1_361' title='bbox 2789 2996 2921 3036; x_wconf 90' lang='lat' dir='ltr'><strong>vero</strong></span> <span class='ocrx_word' id='word_1_362' title='bbox 2952 2981 3245 3051; x_wconf 90' lang='lat' dir='ltr'><strong>temporis,</strong></span> <span class='ocrx_word' id='word_1_363' title='bbox 3292 2996 3574 3037; x_wconf 87' lang='lat' dir='ltr'><strong>commen-</strong></span> 
     </span>
    </p>
   </div>
   <div class='ocr_carea' id='block_1_46' title="bbox 1972 3077 3572 3138">
    <p class='ocr_par' dir='ltr' id='par_1_46' title="bbox 1972 3077 3572 3138">
     <span class='ocr_line' id='line_1_46' title="bbox 1972 3077 3572 3138; baseline -0.002 -1"><span class='ocrx_word' id='word_1_364' title='bbox 1972 3083 2132 3138; x_wconf 89' lang='lat' dir='ltr'><strong>datus</strong></span> <span class='ocrx_word' id='word_1_365' title='bbox 2159 3090 2242 3136; x_wconf 93' lang='lat' dir='ltr'><strong>est</strong></span> <span class='ocrx_word' id='word_1_366' title='bbox 2277 3079 2527 3136; x_wconf 88' lang='lat' dir='ltr'><strong>similiter</strong></span> <span class='ocrx_word' id='word_1_367' title='bbox 2561 3080 2627 3134; x_wconf 88' lang='lat' dir='ltr'><strong>ad</strong></span> <span class='ocrx_word' id='word_1_368' title='bbox 2662 3078 3073 3134; x_wconf 89' lang='lat' dir='ltr'><strong>custodiendum</strong></span> <span class='ocrx_word' id='word_1_369' title='bbox 3114 3077 3363 3134; x_wconf 87' lang='lat' dir='ltr'><strong>Freculfo</strong></span> <span class='ocrx_word' id='word_1_370' title='bbox 3392 3077 3572 3134; x_wconf 84' lang='lat' dir='ltr'><strong>Lexo-</strong></span> 
     </span>
    </p>
   </div>
   <div class='ocr_carea' id='block_1_47' title="bbox 1970 3167 3576 3241">
    <p class='ocr_par' dir='ltr' id='par_1_47' title="bbox 1970 3167 3576 3241">
     <span class='ocr_line' id='line_1_47' title="bbox 1970 3167 3576 3241; baseline -0.003 -15"><span class='ocrx_word' id='word_1_371' title='bbox 1970 3173 2143 3228; x_wconf 90' lang='lat' dir='ltr'><strong>viensi</strong></span> <span class='ocrx_word' id='word_1_372' title='bbox 2182 3172 2454 3241; x_wconf 91' lang='lat' dir='ltr'><strong>episcopo,</strong></span> <span class='ocrx_word' id='word_1_373' title='bbox 2497 3169 2621 3223; x_wconf 81' lang='lat' dir='ltr'><strong>inde</strong></span> <span class='ocrx_word' id='word_1_374' title='bbox 2657 3169 2819 3224; x_wconf 88' lang='lat' dir='ltr'><strong>etiam</strong></span> <span class='ocrx_word' id='word_1_375' title='bbox 2847 3167 3047 3223; x_wconf 89' lang='lat' dir='ltr'><strong>Bosoni</strong></span> <span class='ocrx_word' id='word_1_376' title='bbox 3074 3167 3256 3223; x_wconf 86' lang='lat' dir='ltr'><strong>abbati</strong></span> <span class='ocrx_word' id='word_1_377' title='bbox 3286 3167 3339 3223; x_wconf 91' lang='lat' dir='ltr'><strong>in</strong></span> <span class='ocrx_word' id='word_1_378' title='bbox 3384 3182 3576 3222; x_wconf 75' lang='lat' dir='ltr'><strong>mona-</strong></span> 
     </span>
    </p>
   </div>
   <div class='ocr_carea' id='block_1_48' title="bbox 1970 3262 3569 3333">
    <p class='ocr_par' dir='ltr' id='par_1_48' title="bbox 1970 3262 3569 3333">
     <span class='ocr_line' id='line_1_48' title="bbox 1970 3262 3569 3333; baseline -0.003 -12"><span class='ocrx_word' id='word_1_379' title='bbox 1970 3266 2196 3321; x_wconf 89' lang='lat' dir='ltr'><strong>sterium</strong></span> <span class='ocrx_word' id='word_1_380' title='bbox 2228 3263 2410 3321; x_wconf 90' lang='lat' dir='ltr'><strong>Sancti</strong></span> <span class='ocrx_word' id='word_1_381' title='bbox 2439 3263 2740 3328; x_wconf 89' lang='lat' dir='ltr'><strong>Benedicti,</strong></span> <span class='ocrx_word' id='word_1_382' title='bbox 2769 3262 2870 3317; x_wconf 89' lang='lat' dir='ltr'><strong>sub</strong></span> <span class='ocrx_word' id='word_1_383' title='bbox 2901 3262 3056 3333; x_wconf 90' lang='lat' dir='ltr'><strong>cujus</strong></span> <span class='ocrx_word' id='word_1_384' title='bbox 3086 3277 3249 3318; x_wconf 90' lang='lat' dir='ltr'><strong>manu</strong></span> <span class='ocrx_word' id='word_1_385' title='bbox 3278 3262 3569 3318; x_wconf 80' lang='lat' dir='ltr'><strong>exsulabat</strong></span> 
     </span>
    </p>
   </div>
   <div class='ocr_carea' id='block_1_49' title="bbox 1968 3346 3573 3427">
    <p class='ocr_par' dir='ltr' id='par_1_49' title="bbox 1968 3346 3573 3427">
     <span class='ocr_line' id='line_1_49' title="bbox 1968 3346 3573 3427; baseline -0.001 -15"><span class='ocrx_word' id='word_1_386' title='bbox 1968 3357 2186 3427; x_wconf 89' lang='lat' dir='ltr'><strong>quando</strong></span> <span class='ocrx_word' id='word_1_387' title='bbox 2216 3356 2463 3412; x_wconf 90' lang='lat' dir='ltr'><strong>dominus</strong></span> <span class='ocrx_word' id='word_1_388' title='bbox 2496 3355 2792 3425; x_wconf 88' lang='lat' dir='ltr'><strong>imperator</strong></span> <span class='ocrx_word' id='word_1_389' title='bbox 2817 3354 2960 3408; x_wconf 87' lang='lat' dir='ltr'><strong>viam</strong></span> <span class='ocrx_word' id='word_1_390' title='bbox 2988 3354 3152 3409; x_wconf 87' lang='lat' dir='ltr'><strong>totius</strong></span> <span class='ocrx_word' id='word_1_391' title='bbox 3177 3354 3454 3427; x_wconf 87' lang='lat' dir='ltr'><strong>ingressus</strong></span> <span class='ocrx_word' id='word_1_392' title='bbox 3486 3346 3573 3411; x_wconf 68' lang='lat' dir='ltr'><strong>est</strong></span> 
     </span>
    </p>
   </div>
   <div class='ocr_carea' id='block_1_50' title="bbox 1967 3446 3569 3518">
    <p class='ocr_par' dir='ltr' id='par_1_50' title="bbox 1967 3446 3569 3518">
     <span class='ocr_line' id='line_1_50' title="bbox 1967 3446 3569 3518; baseline -0.003 -12"><span class='ocrx_word' id='word_1_393' title='bbox 1967 3450 2168 3506; x_wconf 90' lang='lat' dir='ltr'><strong>carnis.</strong></span> <span class='ocrx_word' id='word_1_394' title='bbox 2213 3448 2487 3504; x_wconf 76' lang='lat' dir='ltr'><strong>Defuncto</strong></span> <span class='ocrx_word' id='word_1_395' title='bbox 2514 3457 2693 3503; x_wconf 91' lang='lat' dir='ltr'><strong>autem</strong></span> <span class='ocrx_word' id='word_1_396' title='bbox 2736 3447 3085 3518; x_wconf 90' lang='lat' dir='ltr'><strong>imperatore,</strong></span> <span class='ocrx_word' id='word_1_397' title='bbox 3130 3446 3384 3503; x_wconf 90' lang='lat' dir='ltr'><strong>reductus</strong></span> <span class='ocrx_word' id='word_1_398' title='bbox 3422 3454 3507 3502; x_wconf 91' lang='lat' dir='ltr'><strong>est</strong></span> <span class='ocrx_word' id='word_1_399' title='bbox 3534 3460 3569 3502; x_wconf 86' lang='lat' dir='ltr'><strong>a</strong></span> 
     </span>
    </p>
   </div>
   <div class='ocr_carea' id='block_1_51' title="bbox 1961 3541 3573 3617">
    <p class='ocr_par' dir='ltr' id='par_1_51' title="bbox 1961 3541 3573 3617">
     <span class='ocr_line' id='line_1_51' title="bbox 1961 3541 3573 3617; baseline -0.001 -18"><span class='ocrx_word' id='word_1_400' title='bbox 1961 3546 2075 3617; x_wconf 89' lang='lat' dir='ltr'><strong>jam</strong></span> <span class='ocrx_word' id='word_1_401' title='bbox 2104 3544 2249 3599; x_wconf 92' lang='lat' dir='ltr'><strong>dicto</strong></span> <span class='ocrx_word' id='word_1_402' title='bbox 2276 3543 2487 3599; x_wconf 90' lang='lat' dir='ltr'><strong>Bosone</strong></span> <span class='ocrx_word' id='word_1_403' title='bbox 2517 3543 2713 3599; x_wconf 90' lang='lat' dir='ltr'><strong>abbate</strong></span> <span class='ocrx_word' id='word_1_404' title='bbox 2750 3541 2818 3597; x_wconf 91' lang='lat' dir='ltr'><strong>ad</strong></span> <span class='ocrx_word' id='word_1_405' title='bbox 2847 3541 3189 3608; x_wconf 88' lang='lat' dir='ltr'><strong>Lotharium,</strong></span> <span class='ocrx_word' id='word_1_406' title='bbox 3232 3550 3288 3597; x_wconf 88' lang='lat' dir='ltr'><strong>et</strong></span> <span class='ocrx_word' id='word_1_407' title='bbox 3329 3541 3573 3598; x_wconf 81' lang='lat' dir='ltr'><strong>obviavit</strong></span> 
     </span>
    </p>
   </div>
   <div class='ocr_carea' id='block_1_52' title="bbox 1968 3632 3571 3704">
    <p class='ocr_par' dir='ltr' id='par_1_52' title="bbox 1968 3632 3571 3704">
     <span class='ocr_line' id='line_1_52' title="bbox 1968 3632 3571 3704; baseline -0.001 -16"><span class='ocrx_word' id='word_1_408' title='bbox 1968 3636 2019 3689; x_wconf 91' lang='lat' dir='ltr'><strong>ei</strong></span> <span class='ocrx_word' id='word_1_409' title='bbox 2045 3635 2186 3704; x_wconf 88' lang='lat' dir='ltr'><strong>apud</strong></span> <span class='ocrx_word' id='word_1_410' title='bbox 2212 3634 2594 3704; x_wconf 90' lang='lat' dir='ltr'><strong>lngelenhaim.</strong></span> <span class='ocrx_word' id='word_1_411' title='bbox 2635 3632 2738 3688; x_wconf 89' lang='lat' dir='ltr'><strong>Ubi</strong></span> <span class='ocrx_word' id='word_1_412' title='bbox 2777 3640 3103 3703; x_wconf 90' lang='lat' dir='ltr'><strong>congregata</strong></span> <span class='ocrx_word' id='word_1_413' title='bbox 3143 3632 3351 3702; x_wconf 90' lang='lat' dir='ltr'><strong>synodo</strong></span> <span class='ocrx_word' id='word_1_414' title='bbox 3380 3638 3571 3687; x_wconf 90' lang='lat' dir='ltr'><strong>aucto-</strong></span> 
     </span>
    </p>
   </div>
   <div class='ocr_carea' id='block_1_53' title="bbox 1968 3722 3567 3793">
    <p class='ocr_par' dir='ltr' id='par_1_53' title="bbox 1968 3722 3567 3793">
     <span class='ocr_line' id='line_1_53' title="bbox 1968 3722 3567 3793; baseline -0.001 -16"><span class='ocrx_word' id='word_1_415' title='bbox 1968 3724 2133 3777; x_wconf 83' lang='lat' dir='ltr'><strong>ritate</strong></span> <span class='ocrx_word' id='word_1_416' title='bbox 2161 3722 2451 3793; x_wconf 87' lang='lat' dir='ltr'><strong>apostoliea</strong></span> <span class='ocrx_word' id='word_1_417' title='bbox 2493 3731 2549 3776; x_wconf 90' lang='lat' dir='ltr'><strong>et</strong></span> <span class='ocrx_word' id='word_1_418' title='bbox 2592 3722 2954 3792; x_wconf 67' lang='lat' dir='ltr'><strong>prteceptione</strong></span> <span class='ocrx_word' id='word_1_419' title='bbox 2988 3722 3233 3776; x_wconf 87' lang='lat' dir='ltr'><strong>Lotharii</strong></span> <span class='ocrx_word' id='word_1_420' title='bbox 3272 3722 3567 3792; x_wconf 82' lang='lat' dir='ltr'><strong>imperato-</strong></span> 
     </span>
    </p>
   </div>
   <div class='ocr_carea' id='block_1_54' title="bbox 1967 3808 3571 3882">
    <p class='ocr_par' dir='ltr' id='par_1_54' title="bbox 1967 3808 3571 3882">
     <span class='ocr_line' id='line_1_54' title="bbox 1967 3808 3571 3882; baseline 0 -15"><span class='ocrx_word' id='word_1_421' title='bbox 1967 3813 2067 3878; x_wconf 90' lang='lat' dir='ltr'><strong>ris,</strong></span> <span class='ocrx_word' id='word_1_422' title='bbox 2099 3811 2241 3881; x_wconf 91' lang='lat' dir='ltr'><strong>apud</strong></span> <span class='ocrx_word' id='word_1_423' title='bbox 2290 3826 2409 3866; x_wconf 91' lang='lat' dir='ltr'><strong>eam</strong></span> <span class='ocrx_word' id='word_1_424' title='bbox 2456 3810 2739 3866; x_wconf 89' lang='lat' dir='ltr'><strong>restitutus</strong></span> <span class='ocrx_word' id='word_1_425' title='bbox 2778 3816 2863 3864; x_wconf 91' lang='lat' dir='ltr'><strong>est</strong></span> <span class='ocrx_word' id='word_1_426' title='bbox 2901 3809 2970 3864; x_wconf 89' lang='lat' dir='ltr'><strong>ah</strong></span> <span class='ocrx_word' id='word_1_427' title='bbox 3000 3808 3085 3864; x_wconf 88' lang='lat' dir='ltr'><strong>his</strong></span> <span class='ocrx_word' id='word_1_428' title='bbox 3114 3810 3403 3882; x_wconf 87' lang='lat' dir='ltr'><strong>episcopis,</strong></span> <span class='ocrx_word' id='word_1_429' title='bbox 3435 3812 3571 3867; x_wconf 89' lang='lat' dir='ltr'><strong>Dro-</strong></span> 
     </span>
    </p>
   </div>
   <div class='ocr_carea' id='block_1_55' title="bbox 256 3890 3568 3974">
    <p class='ocr_par' dir='ltr' id='par_1_55' title="bbox 256 3890 3568 3974">
     <span class='ocr_line' id='line_1_55' title="bbox 256 3890 3568 3974; baseline 0.002 -24"><span class='ocrx_word' id='word_1_430' title='bbox 256 3904 383 3965; x_wconf 87' lang='lat' dir='ltr'><strong>post</strong></span> <span class='ocrx_word' id='word_1_431' title='bbox 410 3892 727 3950; x_wconf 88' lang='lat' dir='ltr'><strong>Lotharium</strong></span> <span class='ocrx_word' id='word_1_432' title='bbox 750 3892 973 3947; x_wconf 88' lang='lat' dir='ltr'><strong>valeret.</strong></span> <span class='ocrx_word' id='word_1_433' title='bbox 1005 3890 1245 3947; x_wconf 82' lang='lat' dir='ltr'><strong>Audiens</strong></span> <span class='ocrx_word' id='word_1_434' title='bbox 1272 3907 1404 3947; x_wconf 91' lang='lat' dir='ltr'><strong>vero</strong></span> <span class='ocrx_word' id='word_1_435' title='bbox 1432 3892 1664 3948; x_wconf 90' lang='lat' dir='ltr'><strong>domnus</strong></span> <span class='ocrx_word' id='word_1_436' title='bbox 1692 3894 1861 3964; x_wconf 90' lang='lat' dir='ltr'><strong>impe-</strong></span> <span class='ocrx_word' id='word_1_437' title='bbox 1964 3917 2103 3974; x_wconf 76' lang='lat' dir='ltr'><strong>gone</strong></span> <span class='ocrx_word' id='word_1_438' title='bbox 2131 3900 2404 3971; x_wconf 85' lang='lat' dir='ltr'><strong>episcopo,</strong></span> <span class='ocrx_word' id='word_1_439' title='bbox 2431 3901 2585 3956; x_wconf 83' lang='lat' dir='ltr'><strong>llecti</strong></span> <span class='ocrx_word' id='word_1_440' title='bbox 2616 3901 3044 3972; x_wconf 88' lang='lat' dir='ltr'><strong>archiepiscopo,</strong></span> <span class='ocrx_word' id='word_1_441' title='bbox 3072 3900 3333 3974; x_wconf 91' lang='lat' dir='ltr'><strong>0thgario</strong></span> <span class='ocrx_word' id='word_1_442' title='bbox 3356 3904 3568 3959; x_wconf 69' lang='lat' dir='ltr'><strong>archie.</strong></span> 
     </span>
    </p>
   </div>
   <div class='ocr_carea' id='block_1_56' title="bbox 260 3981 3567 4067">
    <p class='ocr_par' dir='ltr' id='par_1_56' title="bbox 260 3981 3567 4067">
     <span class='ocr_line' id='line_1_56' title="bbox 260 3981 3567 4067; baseline 0.004 -28"><span class='ocrx_word' id='word_1_443' title='bbox 260 3993 413 4042; x_wconf 89' lang='lat' dir='ltr'><strong>rator</strong></span> <span class='ocrx_word' id='word_1_444' title='bbox 458 3999 581 4040; x_wconf 89' lang='lat' dir='ltr'><strong>eum</strong></span> <span class='ocrx_word' id='word_1_445' title='bbox 632 3983 758 4038; x_wconf 92' lang='lat' dir='ltr'><strong>illuc</strong></span> <span class='ocrx_word' id='word_1_446' title='bbox 801 3981 1174 4053; x_wconf 79' lang='lat' dir='ltr'><strong>transfugisse,</strong></span> <span class='ocrx_word' id='word_1_447' title='bbox 1222 3982 1391 4049; x_wconf 88' lang='lat' dir='ltr'><strong>misit,</strong></span> <span class='ocrx_word' id='word_1_448' title='bbox 1431 3992 1484 4038; x_wconf 91' lang='lat' dir='ltr'><strong>et</strong></span> <span class='ocrx_word' id='word_1_449' title='bbox 1523 3983 1690 4054; x_wconf 91' lang='lat' dir='ltr'><strong>jussit</strong></span> <span class='ocrx_word' id='word_1_450' title='bbox 1732 3999 1857 4040; x_wconf 91' lang='lat' dir='ltr'><strong>eum</strong></span> <span class='ocrx_word' id='word_1_451' title='bbox 1961 3992 2212 4064; x_wconf 88' lang='lat' dir='ltr'><strong>piscopo,</strong></span> <span class='ocrx_word' id='word_1_452' title='bbox 2253 3990 2425 4047; x_wconf 88' lang='lat' dir='ltr'><strong>David</strong></span> <span class='ocrx_word' id='word_1_453' title='bbox 2465 3991 2902 4062; x_wconf 89' lang='lat' dir='ltr'><strong>archiepiscopo,</strong></span> <span class='ocrx_word' id='word_1_454' title='bbox 2946 3992 3249 4049; x_wconf 82' lang='lat' dir='ltr'><strong>Amalwino</strong></span> <span class='ocrx_word' id='word_1_455' title='bbox 3299 3995 3567 4067; x_wconf 89' lang='lat' dir='ltr'><strong>archiepi-</strong></span> 
     </span>
    </p>
   </div>
   <div class='ocr_carea' id='block_1_57' title="bbox 259 4073 3562 4159">
    <p class='ocr_par' dir='ltr' id='par_1_57' title="bbox 259 4073 3562 4159">
     <span class='ocr_line' id='line_1_57' title="bbox 259 4073 3562 4159; baseline 0.004 -29"><span class='ocrx_word' id='word_1_456' title='bbox 259 4076 453 4130; x_wconf 90' lang='lat' dir='ltr'><strong>deduci</strong></span> <span class='ocrx_word' id='word_1_457' title='bbox 485 4076 584 4130; x_wconf 90' lang='lat' dir='ltr'><strong>sub</strong></span> <span class='ocrx_word' id='word_1_458' title='bbox 612 4074 857 4129; x_wconf 90' lang='lat' dir='ltr'><strong>custodia</strong></span> <span class='ocrx_word' id='word_1_459' title='bbox 898 4074 965 4129; x_wconf 91' lang='lat' dir='ltr'><strong>ad</strong></span> <span class='ocrx_word' id='word_1_460' title='bbox 996 4073 1224 4129; x_wconf 79' lang='lat' dir='ltr'><strong>Voldam</strong></span> <span class='ocrx_word' id='word_1_461' title='bbox 1250 4075 1643 4130; x_wconf 91' lang='lat' dir='ltr'><strong>monasterium</strong></span> <span class='ocrx_word' id='word_1_462' title='bbox 1671 4074 1857 4133; x_wconf 89' lang='lat' dir='ltr'><strong>Sancti</strong></span> <span class='ocrx_word' id='word_1_463' title='bbox 1890 4144 1931 4159; x_wconf 50' lang='grc' dir='ltr'><strong><em>Α</em></strong></span> <span class='ocrx_word' id='word_1_464' title='bbox 1963 4098 2150 4154; x_wconf 85' lang='lat' dir='ltr'><strong>scopo,</strong></span> <span class='ocrx_word' id='word_1_465' title='bbox 2185 4081 2382 4155; x_wconf 77' lang='lat' dir='ltr'><strong>Ioseph</strong></span> <span class='ocrx_word' id='word_1_466' title='bbox 2417 4083 2842 4154; x_wconf 86' lang='lat' dir='ltr'><strong>archiepiscopo,</strong></span> <span class='ocrx_word' id='word_1_467' title='bbox 2874 4083 3097 4139; x_wconf 85' lang='lat' dir='ltr'><strong>Andaux</strong></span> <span class='ocrx_word' id='word_1_468' title='bbox 3135 4084 3562 4159; x_wconf 88' lang='lat' dir='ltr'><strong>archiepiscopo,</strong></span> 
     </span>
    </p>
   </div>
   <div class='ocr_carea' id='block_1_58' title="bbox 262 4144 3562 4244">
    <p class='ocr_par' dir='ltr' id='par_1_58' title="bbox 262 4144 3562 4244">
     <span class='ocr_line' id='line_1_58' title="bbox 262 4144 3562 4244; baseline 0.003 -20"><span class='ocrx_word' id='word_1_469' title='bbox 262 4168 547 4233; x_wconf 83' lang='lat' dir='ltr'><strong>Bonifacii,</strong></span> <span class='ocrx_word' id='word_1_470' title='bbox 588 4167 770 4238; x_wconf 80' lang='lat' dir='ltr'><strong>ibique</strong></span> <span class='ocrx_word' id='word_1_471' title='bbox 812 4166 1039 4232; x_wconf 88' lang='lat' dir='ltr'><strong>servari,</strong></span> <span class='ocrx_word' id='word_1_472' title='bbox 1072 4174 1127 4221; x_wconf 90' lang='lat' dir='ltr'><strong>et</strong></span> <span class='ocrx_word' id='word_1_473' title='bbox 1171 4173 1294 4235; x_wconf 91' lang='lat' dir='ltr'><strong>post</strong></span> <span class='ocrx_word' id='word_1_474' title='bbox 1337 4165 1615 4221; x_wconf 86' lang='lat' dir='ltr'><strong>biennium</strong></span> <span class='ocrx_word' id='word_1_475' title='bbox 1663 4167 1857 4224; x_wconf 88' lang='lat' dir='ltr'><strong>adduci</strong></span> <span class='ocrx_word' id='word_1_476' title='bbox 1885 4144 1931 4209; x_wconf 61' lang='grc' dir='ltr'><strong>(ἶ</strong></span> <span class='ocrx_word' id='word_1_477' title='bbox 1961 4144 2264 4244; x_wconf 75' lang='lat' dir='ltr'><strong>Adalulpho</strong></span> <span class='ocrx_word' id='word_1_478' title='bbox 2307 4144 2883 4244; x_wconf 44' lang='lat' dir='ltr'><strong>episcopo,-Erminio</strong></span> <span class='ocrx_word' id='word_1_479' title='bbox 2937 4174 3212 4244; x_wconf 87' lang='lat' dir='ltr'><strong>episcopo,</strong></span> <span class='ocrx_word' id='word_1_480' title='bbox 3280 4144 3562 4233; x_wconf 69' lang='lat' dir='ltr'><strong>Badarado</strong></span> 
     </span>
    </p>
   </div>
   <div class='ocr_carea' id='block_1_59' title="bbox 262 4257 3561 4338">
    <p class='ocr_par' dir='ltr' id='par_1_59' title="bbox 262 4257 3561 4338">
     <span class='ocr_line' id='line_1_59' title="bbox 262 4257 3561 4338; baseline 0.002 -21"><span class='ocrx_word' id='word_1_481' title='bbox 262 4262 330 4317; x_wconf 85' lang='lat' dir='ltr'><strong>ad</strong></span> <span class='ocrx_word' id='word_1_482' title='bbox 370 4258 838 4316; x_wconf 86' lang='lat' dir='ltr'><strong>Teotonis-villam</strong></span> <span class='ocrx_word' id='word_1_483' title='bbox 878 4260 933 4314; x_wconf 93' lang='lat' dir='ltr'><strong>in</strong></span> <span class='ocrx_word' id='word_1_484' title='bbox 970 4258 1229 4329; x_wconf 88' lang='lat' dir='ltr'><strong>parocbia</strong></span> <span class='ocrx_word' id='word_1_485' title='bbox 1279 4257 1562 4327; x_wconf 86' lang='lat' dir='ltr'><strong>Mettensi,</strong></span> <span class='ocrx_word' id='word_1_486' title='bbox 1600 4260 1693 4316; x_wconf 91' lang='lat' dir='ltr'><strong>ubi</strong></span> <span class='ocrx_word' id='word_1_487' title='bbox 1740 4270 1860 4318; x_wconf 89' lang='lat' dir='ltr'><strong>erat</strong></span> <span class='ocrx_word' id='word_1_488' title='bbox 1960 4264 2236 4335; x_wconf 89' lang='lat' dir='ltr'><strong>episcopo,</strong></span> <span class='ocrx_word' id='word_1_489' title='bbox 2278 4262 2537 4334; x_wconf 86' lang='lat' dir='ltr'><strong>Aganone</strong></span> <span class='ocrx_word' id='word_1_490' title='bbox 2574 4262 2846 4334; x_wconf 90' lang='lat' dir='ltr'><strong>episcopo,</strong></span> <span class='ocrx_word' id='word_1_491' title='bbox 2891 4261 3108 4319; x_wconf 89' lang='lat' dir='ltr'><strong>Samuel</strong></span> <span class='ocrx_word' id='word_1_492' title='bbox 3137 4266 3412 4338; x_wconf 89' lang='lat' dir='ltr'><strong>episcopo,</strong></span> <span class='ocrx_word' id='word_1_493' title='bbox 3450 4267 3561 4324; x_wconf 80' lang='lat' dir='ltr'><strong>Ro-</strong></span> 
     </span>
    </p>
   </div>
   <div class='ocr_carea' id='block_1_60' title="bbox 257 4351 1857 4425">
    <p class='ocr_par' dir='ltr' id='par_1_60' title="bbox 257 4351 1857 4425">
     <span class='ocr_line' id='line_1_60' title="bbox 257 4351 1857 4425; baseline 0 -16"><span class='ocrx_word' id='word_1_494' title='bbox 257 4353 520 4425; x_wconf 90' lang='lat' dir='ltr'><strong>placitum</strong></span> <span class='ocrx_word' id='word_1_495' title='bbox 572 4352 915 4423; x_wconf 87' lang='lat' dir='ltr'><strong>imperatoris</strong></span> <span class='ocrx_word' id='word_1_496' title='bbox 973 4351 1268 4422; x_wconf 91' lang='lat' dir='ltr'><strong>publicum.</strong></span> <span class='ocrx_word' id='word_1_497' title='bbox 1328 4351 1697 4408; x_wconf 70' lang='lat' dir='ltr'><strong>Praesentatus</strong></span> <span class='ocrx_word' id='word_1_498' title='bbox 1757 4369 1857 4409; x_wconf 88' lang='lat' dir='ltr'><strong>au-</strong></span> 
     </span>
    </p>
   </div>
   <div class='ocr_carea' id='block_1_61' title="bbox 262 4443 1857 4516">
    <p class='ocr_par' dir='ltr' id='par_1_61' title="bbox 262 4443 1857 4516">
     <span class='ocr_line' id='line_1_61' title="bbox 262 4443 1857 4516; baseline -0.003 -14"><span class='ocrx_word' id='word_1_499' title='bbox 262 4457 370 4503; x_wconf 89' lang='lat' dir='ltr'><strong>tem</strong></span> <span class='ocrx_word' id='word_1_500' title='bbox 407 4444 634 4501; x_wconf 90' lang='lat' dir='ltr'><strong>concilio</strong></span> <span class='ocrx_word' id='word_1_501' title='bbox 665 4443 1062 4514; x_wconf 90' lang='lat' dir='ltr'><strong>episc0porum,</strong></span> <span class='ocrx_word' id='word_1_502' title='bbox 1098 4450 1386 4498; x_wconf 82' lang='lat' dir='ltr'><strong>accusatus</strong></span> <span class='ocrx_word' id='word_1_503' title='bbox 1436 4452 1520 4499; x_wconf 89' lang='lat' dir='ltr'><strong>est</strong></span> <span class='ocrx_word' id='word_1_504' title='bbox 1572 4444 1641 4500; x_wconf 92' lang='lat' dir='ltr'><strong>ab</strong></span> <span class='ocrx_word' id='word_1_505' title='bbox 1684 4444 1857 4516; x_wconf 87' lang='lat' dir='ltr'><strong>impe-</strong></span> 
     </span>
    </p>
   </div>
   <div class='ocr_carea' id='block_1_62' title="bbox 258 4533 1859 4606">
    <p class='ocr_par' dir='ltr' id='par_1_62' title="bbox 258 4533 1859 4606">
     <span class='ocr_line' id='line_1_62' title="bbox 258 4533 1859 4606; baseline -0.001 -13"><span class='ocrx_word' id='word_1_506' title='bbox 258 4546 467 4603; x_wconf 87' lang='lat' dir='ltr'><strong>ratore,</strong></span> <span class='ocrx_word' id='word_1_507' title='bbox 518 4547 683 4606; x_wconf 90' lang='lat' dir='ltr'><strong>atque</strong></span> <span class='ocrx_word' id='word_1_508' title='bbox 709 4536 801 4590; x_wconf 91' lang='lat' dir='ltr'><strong>diu</strong></span> <span class='ocrx_word' id='word_1_509' title='bbox 832 4534 1013 4589; x_wconf 93' lang='lat' dir='ltr'><strong>nimiis</strong></span> <span class='ocrx_word' id='word_1_510' title='bbox 1039 4533 1337 4590; x_wconf 89' lang='lat' dir='ltr'><strong>terroribus</strong></span> <span class='ocrx_word' id='word_1_511' title='bbox 1366 4544 1690 4602; x_wconf 89' lang='lat' dir='ltr'><strong>maceratus,</strong></span> <span class='ocrx_word' id='word_1_512' title='bbox 1724 4536 1859 4591; x_wconf 91' lang='lat' dir='ltr'><strong>inito</strong></span> 
     </span>
    </p>
   </div>
   <div class='ocr_carea' id='block_1_63' title="bbox 258 4626 1859 4697">
    <p class='ocr_par' dir='ltr' id='par_1_63' title="bbox 258 4626 1859 4697">
     <span class='ocr_line' id='line_1_63' title="bbox 258 4626 1859 4697; baseline -0.001 -12"><span class='ocrx_word' id='word_1_513' title='bbox 258 4629 483 4685; x_wconf 90' lang='lat' dir='ltr'><strong>tandem</strong></span> <span class='ocrx_word' id='word_1_514' title='bbox 517 4628 741 4684; x_wconf 89' lang='lat' dir='ltr'><strong>consilio</strong></span> <span class='ocrx_word' id='word_1_515' title='bbox 762 4642 886 4682; x_wconf 90' lang='lat' dir='ltr'><strong>eum</strong></span> <span class='ocrx_word' id='word_1_516' title='bbox 915 4626 1124 4681; x_wconf 66' lang='lat' dir='ltr'><strong>caeteris</strong></span> <span class='ocrx_word' id='word_1_517' title='bbox 1150 4626 1488 4697; x_wconf 89' lang='lat' dir='ltr'><strong>coepiscopis</strong></span> <span class='ocrx_word' id='word_1_518' title='bbox 1512 4635 1567 4680; x_wconf 92' lang='lat' dir='ltr'><strong>et</strong></span> <span class='ocrx_word' id='word_1_519' title='bbox 1598 4626 1859 4683; x_wconf 83' lang='lat' dir='ltr'><strong>fratribus</strong></span> 
     </span>
    </p>
   </div>
   <div class='ocr_carea' id='block_1_64' title="bbox 259 4719 1858 4791">
    <p class='ocr_par' dir='ltr' id='par_1_64' title="bbox 259 4719 1858 4791">
     <span class='ocr_line' id='line_1_64' title="bbox 259 4719 1858 4791; baseline 0 -14"><span class='ocrx_word' id='word_1_520' title='bbox 259 4722 395 4786; x_wconf 85' lang='lat' dir='ltr'><strong>suis,</strong></span> <span class='ocrx_word' id='word_1_521' title='bbox 422 4722 549 4791; x_wconf 86' lang='lat' dir='ltr'><strong>quia</strong></span> <span class='ocrx_word' id='word_1_522' title='bbox 571 4722 857 4791; x_wconf 90' lang='lat' dir='ltr'><strong>episcopus</strong></span> <span class='ocrx_word' id='word_1_523' title='bbox 884 4734 984 4775; x_wconf 90' lang='lat' dir='ltr'><strong>nec</strong></span> <span class='ocrx_word' id='word_1_524' title='bbox 1011 4719 1448 4790; x_wconf 87' lang='lat' dir='ltr'><strong>archiepiscopus</strong></span> <span class='ocrx_word' id='word_1_525' title='bbox 1473 4720 1585 4775; x_wconf 90' lang='lat' dir='ltr'><strong>suis</strong></span> <span class='ocrx_word' id='word_1_526' title='bbox 1606 4720 1858 4778; x_wconf 91' lang='lat' dir='ltr'><strong>omnibus</strong></span> 
     </span>
    </p>
   </div>
   <div class='ocr_carea' id='block_1_65' title="bbox 257 4808 1855 4881">
    <p class='ocr_par' dir='ltr' id='par_1_65' title="bbox 257 4808 1855 4881">
     <span class='ocr_line' id='line_1_65' title="bbox 257 4808 1855 4881; baseline 0 -14"><span class='ocrx_word' id='word_1_527' title='bbox 257 4812 418 4867; x_wconf 88' lang='lat' dir='ltr'><strong>bonis</strong></span> <span class='ocrx_word' id='word_1_528' title='bbox 451 4810 801 4881; x_wconf 86' lang='lat' dir='ltr'><strong>exspoliatur,</strong></span> <span class='ocrx_word' id='word_1_529' title='bbox 833 4810 1040 4880; x_wconf 88' lang='lat' dir='ltr'><strong>subque</strong></span> <span class='ocrx_word' id='word_1_530' title='bbox 1075 4808 1319 4865; x_wconf 91' lang='lat' dir='ltr'><strong>custodia</strong></span> <span class='ocrx_word' id='word_1_531' title='bbox 1356 4816 1554 4875; x_wconf 90' lang='lat' dir='ltr'><strong>tentus,</strong></span> <span class='ocrx_word' id='word_1_532' title='bbox 1585 4820 1639 4867; x_wconf 91' lang='lat' dir='ltr'><strong>et</strong></span> <span class='ocrx_word' id='word_1_533' title='bbox 1675 4812 1744 4867; x_wconf 90' lang='lat' dir='ltr'><strong>ab</strong></span> <span class='ocrx_word' id='word_1_534' title='bbox 1770 4827 1855 4867; x_wconf 53' lang='lat' dir='ltr'><strong>ec.</strong></span> 
     </span>
    </p>
   </div>
   <div class='ocr_carea' id='block_1_66' title="bbox 256 4903 1860 4975">
    <p class='ocr_par' dir='ltr' id='par_1_66' title="bbox 256 4903 1860 4975">
     <span class='ocr_line' id='line_1_66' title="bbox 256 4903 1860 4975; baseline 0 -13"><span class='ocrx_word' id='word_1_535' title='bbox 256 4906 427 4962; x_wconf 86' lang='lat' dir='ltr'><strong>clesia</strong></span> <span class='ocrx_word' id='word_1_536' title='bbox 469 4919 565 4961; x_wconf 91' lang='lat' dir='ltr'><strong>sua</strong></span> <span class='ocrx_word' id='word_1_537' title='bbox 605 4911 996 4975; x_wconf 89' lang='lat' dir='ltr'><strong>sequestratus,</strong></span> <span class='ocrx_word' id='word_1_538' title='bbox 1027 4904 1081 4957; x_wconf 92' lang='lat' dir='ltr'><strong>in</strong></span> <span class='ocrx_word' id='word_1_539' title='bbox 1110 4903 1318 4975; x_wconf 88' lang='lat' dir='ltr'><strong>synodo</strong></span> <span class='ocrx_word' id='word_1_540' title='bbox 1346 4904 1643 4975; x_wconf 89' lang='lat' dir='ltr'><strong>apostolica</strong></span> <span class='ocrx_word' id='word_1_541' title='bbox 1672 4914 1860 4962; x_wconf 89' lang='lat' dir='ltr'><strong>aucto-</strong></span> 
     </span>
    </p>
   </div>
   <div class='ocr_carea' id='block_1_67' title="bbox 255 4993 1854 5067">
    <p class='ocr_par' dir='ltr' id='par_1_67' title="bbox 255 4993 1854 5067">
     <span class='ocr_line' id='line_1_67' title="bbox 255 4993 1854 5067; baseline -0.001 -13"><span class='ocrx_word' id='word_1_542' title='bbox 255 5000 423 5054; x_wconf 89' lang='lat' dir='ltr'><strong>ritate</strong></span> <span class='ocrx_word' id='word_1_543' title='bbox 448 5014 556 5053; x_wconf 90' lang='lat' dir='ltr'><strong>non</strong></span> <span class='ocrx_word' id='word_1_544' title='bbox 585 5006 902 5063; x_wconf 90' lang='lat' dir='ltr'><strong>convocata,</strong></span> <span class='ocrx_word' id='word_1_545' title='bbox 934 5011 1111 5066; x_wconf 88' lang='lat' dir='ltr'><strong>neque</strong></span> <span class='ocrx_word' id='word_1_546' title='bbox 1136 4993 1251 5064; x_wconf 88' lang='lat' dir='ltr'><strong>ejus</strong></span> <span class='ocrx_word' id='word_1_547' title='bbox 1286 4994 1554 5067; x_wconf 82' lang='lat' dir='ltr'><strong>legatione</strong></span> <span class='ocrx_word' id='word_1_548' title='bbox 1578 4998 1854 5065; x_wconf 89' lang='lat' dir='ltr'><strong>roborata,</strong></span> 
     </span>
    </p>
   </div>
   <div class='ocr_carea' id='block_1_68' title="bbox 257 5087 1857 5159">
    <p class='ocr_par' dir='ltr' id='par_1_68' title="bbox 257 5087 1857 5159">
     <span class='ocr_line' id='line_1_68' title="bbox 257 5087 1857 5159; baseline 0.001 -13"><span class='ocrx_word' id='word_1_549' title='bbox 257 5090 512 5146; x_wconf 89' lang='lat' dir='ltr'><strong>damnari</strong></span> <span class='ocrx_word' id='word_1_550' title='bbox 542 5088 843 5145; x_wconf 85' lang='lat' dir='ltr'><strong>nullatenus</strong></span> <span class='ocrx_word' id='word_1_551' title='bbox 867 5087 1026 5159; x_wconf 90' lang='lat' dir='ltr'><strong>juxta</strong></span> <span class='ocrx_word' id='word_1_552' title='bbox 1052 5087 1269 5143; x_wconf 91' lang='lat' dir='ltr'><strong>decreta</strong></span> <span class='ocrx_word' id='word_1_553' title='bbox 1294 5095 1607 5143; x_wconf 88' lang='lat' dir='ltr'><strong>sanctorum</strong></span> <span class='ocrx_word' id='word_1_554' title='bbox 1632 5089 1857 5147; x_wconf 89' lang='lat' dir='ltr'><strong>Patrum</strong></span> 
     </span>
    </p>
   </div>
   <div class='ocr_carea' id='block_1_69' title="bbox 259 5181 1857 5255">
    <p class='ocr_par' dir='ltr' id='par_1_69' title="bbox 259 5181 1857 5255">
     <span class='ocr_line' id='line_1_69' title="bbox 259 5181 1857 5255; baseline 0 -17"><span class='ocrx_word' id='word_1_555' title='bbox 259 5185 545 5255; x_wconf 88' lang='lat' dir='ltr'><strong>potuisset,</strong></span> <span class='ocrx_word' id='word_1_556' title='bbox 568 5198 667 5238; x_wconf 89' lang='lat' dir='ltr'><strong>nec</strong></span> <span class='ocrx_word' id='word_1_557' title='bbox 690 5182 891 5237; x_wconf 90' lang='lat' dir='ltr'><strong>diutius</strong></span> <span class='ocrx_word' id='word_1_558' title='bbox 914 5182 970 5237; x_wconf 91' lang='lat' dir='ltr'><strong>in</strong></span> <span class='ocrx_word' id='word_1_559' title='bbox 1000 5181 1197 5237; x_wconf 89' lang='lat' dir='ltr'><strong>talibus</strong></span> <span class='ocrx_word' id='word_1_560' title='bbox 1221 5190 1585 5251; x_wconf 87' lang='lat' dir='ltr'><strong>torqueretur,</strong></span> <span class='ocrx_word' id='word_1_561' title='bbox 1615 5190 1671 5238; x_wconf 90' lang='lat' dir='ltr'><strong>et</strong></span> <span class='ocrx_word' id='word_1_562' title='bbox 1690 5183 1857 5239; x_wconf 90' lang='lat' dir='ltr'><strong>etiam</strong></span> 
     </span>
    </p>
   </div>
   <div class='ocr_carea' id='block_1_70' title="bbox 257 5274 1857 5347">
    <p class='ocr_par' dir='ltr' id='par_1_70' title="bbox 257 5274 1857 5347">
     <span class='ocr_line' id='line_1_70' title="bbox 257 5274 1857 5347; baseline -0.001 -13"><span class='ocrx_word' id='word_1_563' title='bbox 257 5294 425 5334; x_wconf 78' lang='lat' dir='ltr'><strong>sanus</strong></span> <span class='ocrx_word' id='word_1_564' title='bbox 487 5290 714 5346; x_wconf 86' lang='lat' dir='ltr'><strong>corpore</strong></span> <span class='ocrx_word' id='word_1_565' title='bbox 763 5275 901 5331; x_wconf 88' lang='lat' dir='ltr'><strong>iram</strong></span> <span class='ocrx_word' id='word_1_566' title='bbox 948 5274 1169 5330; x_wconf 81' lang='lat' dir='ltr'><strong>maximi</strong></span> <span class='ocrx_word' id='word_1_567' title='bbox 1216 5274 1473 5345; x_wconf 90' lang='lat' dir='ltr'><strong>principis</strong></span> <span class='ocrx_word' id='word_1_568' title='bbox 1535 5290 1857 5347; x_wconf 88' lang='lat' dir='ltr'><strong>quocunque</strong></span> 
     </span>
    </p>
   </div>
   <div class='ocr_carea' id='block_1_71' title="bbox 257 5364 1851 5437">
    <p class='ocr_par' dir='ltr' id='par_1_71' title="bbox 257 5364 1851 5437">
     <span class='ocr_line' id='line_1_71' title="bbox 257 5364 1851 5437; baseline -0.002 -10"><span class='ocrx_word' id='word_1_569' title='bbox 257 5373 421 5427; x_wconf 84' lang='lat' dir='ltr'><strong>modo</strong></span> <span class='ocrx_word' id='word_1_570' title='bbox 474 5369 789 5434; x_wconf 88' lang='lat' dir='ltr'><strong>declinaret,</strong></span> <span class='ocrx_word' id='word_1_571' title='bbox 842 5377 1063 5423; x_wconf 91' lang='lat' dir='ltr'><strong>coactus</strong></span> <span class='ocrx_word' id='word_1_572' title='bbox 1118 5366 1337 5437; x_wconf 87' lang='lat' dir='ltr'><strong>scripsit</strong></span> <span class='ocrx_word' id='word_1_573' title='bbox 1378 5364 1617 5422; x_wconf 90' lang='lat' dir='ltr'><strong>libellum</strong></span> <span class='ocrx_word' id='word_1_574' title='bbox 1656 5368 1800 5424; x_wconf 90' lang='lat' dir='ltr'><strong>hunc</strong></span> <span class='ocrx_word' id='word_1_575' title='bbox 1837 5386 1851 5424; x_wconf 90' lang='lat'><strong>:</strong></span> 
     </span>
    </p>
   </div>
   <div class='ocr_carea' id='block_1_72' title="bbox 264 5459 1854 5537">
    <p class='ocr_par' dir='ltr' id='par_1_72' title="bbox 264 5459 1854 5537">
     <span class='ocr_line' id='line_1_72' title="bbox 264 5459 1854 5537; baseline 0.001 -19"><span class='ocrx_word' id='word_1_576' title='bbox 264 5486 282 5518; x_wconf 77' lang='grc' dir='ltr'>ι</span> <span class='ocrx_word' id='word_1_577' title='bbox 303 5464 416 5537; x_wconf 83' lang='lat' dir='ltr'><strong>Ego</strong></span> <span class='ocrx_word' id='word_1_578' title='bbox 426 5463 579 5518; x_wconf 87' lang='lat' dir='ltr'><strong>Ebbo</strong></span> <span class='ocrx_word' id='word_1_579' title='bbox 596 5462 846 5533; x_wconf 90' lang='lat' dir='ltr'><strong>indignus</strong></span> <span class='ocrx_word' id='word_1_580' title='bbox 866 5459 1135 5531; x_wconf 90' lang='lat' dir='ltr'><strong>quondam</strong></span> <span class='ocrx_word' id='word_1_581' title='bbox 1155 5459 1438 5530; x_wconf 90' lang='lat' dir='ltr'><strong>episc0pus</strong></span> <span class='ocrx_word' id='word_1_582' title='bbox 1459 5475 1854 5533; x_wconf 70' lang='lat' dir='ltr'><strong>recognoscens</strong></span> 
     </span>
    </p>
   </div>
   <div class='ocr_carea' id='block_1_73' title="bbox 260 5552 1847 5628">
    <p class='ocr_par' dir='ltr' id='par_1_73' title="bbox 260 5552 1847 5628">
     <span class='ocr_line' id='line_1_73' title="bbox 260 5552 1847 5628; baseline 0 -19"><span class='ocrx_word' id='word_1_583' title='bbox 260 5556 606 5628; x_wconf 85' lang='lat' dir='ltr'><strong>fragilitatem</strong></span> <span class='ocrx_word' id='word_1_584' title='bbox 643 5569 818 5610; x_wconf 87' lang='lat' dir='ltr'><strong>meam</strong></span> <span class='ocrx_word' id='word_1_585' title='bbox 854 5561 909 5608; x_wconf 91' lang='lat' dir='ltr'><strong>et</strong></span> <span class='ocrx_word' id='word_1_586' title='bbox 936 5552 1174 5623; x_wconf 89' lang='lat' dir='ltr'><strong>pondera</strong></span> <span class='ocrx_word' id='word_1_587' title='bbox 1200 5559 1549 5621; x_wconf 90' lang='lat' dir='ltr'><strong>peccatorum</strong></span> <span class='ocrx_word' id='word_1_588' title='bbox 1578 5567 1847 5623; x_wconf 89' lang='lat' dir='ltr'><strong>meorum,</strong></span> 
     </span>
    </p>
   </div>
   <div class='ocr_carea' id='block_1_74' title="bbox 259 5641 1851 5715">
    <p class='ocr_par' dir='ltr' id='par_1_74' title="bbox 259 5641 1851 5715">
     <span class='ocr_line' id='line_1_74' title="bbox 259 5641 1851 5715; baseline -0.001 -12"><span class='ocrx_word' id='word_1_589' title='bbox 259 5659 431 5705; x_wconf 84' lang='lat' dir='ltr'><strong>testes</strong></span> <span class='ocrx_word' id='word_1_590' title='bbox 462 5657 516 5704; x_wconf 91' lang='lat' dir='ltr'><strong>et</strong></span> <span class='ocrx_word' id='word_1_591' title='bbox 550 5645 910 5711; x_wconf 90' lang='lat' dir='ltr'><strong>confessores,</strong></span> <span class='ocrx_word' id='word_1_592' title='bbox 938 5641 1177 5698; x_wconf 83' lang='lat' dir='ltr'><strong>Aiulfum</strong></span> <span class='ocrx_word' id='word_1_593' title='bbox 1212 5642 1461 5698; x_wconf 88' lang='lat' dir='ltr'><strong>videlicet</strong></span> <span class='ocrx_word' id='word_1_594' title='bbox 1485 5644 1851 5715; x_wconf 84' lang='lat' dir='ltr'><strong>archiepisco-</strong></span> 
     </span>
    </p>
   </div>
   <div class='ocr_carea' id='block_1_75' title="bbox 258 5735 1847 5814">
    <p class='ocr_par' dir='ltr' id='par_1_75' title="bbox 258 5735 1847 5814">
     <span class='ocr_line' id='line_1_75' title="bbox 258 5735 1847 5814; baseline -0.004 -16"><span class='ocrx_word' id='word_1_595' title='bbox 258 5758 407 5814; x_wconf 91' lang='lat' dir='ltr'><strong>pum,</strong></span> <span class='ocrx_word' id='word_1_596' title='bbox 451 5749 507 5796; x_wconf 89' lang='lat' dir='ltr'><strong>et</strong></span> <span class='ocrx_word' id='word_1_597' title='bbox 534 5739 900 5794; x_wconf 86' lang='lat' dir='ltr'><strong>Bradaradum</strong></span> <span class='ocrx_word' id='word_1_598' title='bbox 930 5736 1260 5806; x_wconf 90' lang='lat' dir='ltr'><strong>episcopum,</strong></span> <span class='ocrx_word' id='word_1_599' title='bbox 1300 5749 1510 5789; x_wconf 88' lang='lat' dir='ltr'><strong>necnon</strong></span> <span class='ocrx_word' id='word_1_600' title='bbox 1550 5744 1607 5792; x_wconf 91' lang='lat' dir='ltr'><strong>et</strong></span> <span class='ocrx_word' id='word_1_601' title='bbox 1647 5735 1847 5792; x_wconf 80' lang='lat' dir='ltr'><strong>Modoi-</strong></span> 
     </span>
    </p>
   </div>
   <div class='ocr_carea' id='block_1_76' title="bbox 259 5826 1847 5907">
    <p class='ocr_par' dir='ltr' id='par_1_76' title="bbox 259 5826 1847 5907">
     <span class='ocr_line' id='line_1_76' title="bbox 259 5826 1847 5907; baseline -0.003 -15"><span class='ocrx_word' id='word_1_602' title='bbox 259 5853 391 5892; x_wconf 92' lang='lat' dir='ltr'><strong>num</strong></span> <span class='ocrx_word' id='word_1_603' title='bbox 428 5836 765 5907; x_wconf 85' lang='lat' dir='ltr'><strong>episcopum,</strong></span> <span class='ocrx_word' id='word_1_604' title='bbox 804 5830 1060 5887; x_wconf 91' lang='lat' dir='ltr'><strong>constitui</strong></span> <span class='ocrx_word' id='word_1_605' title='bbox 1100 5828 1232 5884; x_wconf 90' lang='lat' dir='ltr'><strong>mihi</strong></span> <span class='ocrx_word' id='word_1_606' title='bbox 1276 5826 1487 5899; x_wconf 90' lang='lat' dir='ltr'><strong>judices</strong></span> <span class='ocrx_word' id='word_1_607' title='bbox 1530 5830 1847 5887; x_wconf 90' lang='lat' dir='ltr'><strong>delictorum</strong></span> 
     </span>
    </p>
   </div>
   <div class='ocr_carea' id='block_1_77' title="bbox 258 5923 1848 5999">
    <p class='ocr_par' dir='ltr' id='par_1_77' title="bbox 258 5923 1848 5999">
     <span class='ocr_line' id='line_1_77' title="bbox 258 5923 1848 5999; baseline -0.001 -13"><span class='ocrx_word' id='word_1_608' title='bbox 258 5943 527 5997; x_wconf 88' lang='lat' dir='ltr'><strong>meorum,</strong></span> <span class='ocrx_word' id='word_1_609' title='bbox 551 5936 607 5986; x_wconf 89' lang='lat' dir='ltr'><strong>et</strong></span> <span class='ocrx_word' id='word_1_610' title='bbox 632 5941 824 5999; x_wconf 87' lang='lat' dir='ltr'><strong>puram</strong></span> <span class='ocrx_word' id='word_1_611' title='bbox 851 5925 980 5997; x_wconf 88' lang='lat' dir='ltr'><strong>ipsis</strong></span> <span class='ocrx_word' id='word_1_612' title='bbox 1008 5923 1399 5983; x_wconf 81' lang='lat' dir='ltr'><strong>confessionem</strong></span> <span class='ocrx_word' id='word_1_613' title='bbox 1429 5926 1570 5995; x_wconf 83' lang='lat' dir='ltr'><strong>dedi,</strong></span> <span class='ocrx_word' id='word_1_614' title='bbox 1600 5942 1848 5999; x_wconf 80' lang='lat' dir='ltr'><strong>quaerens</strong></span> 
     </span>
    </p>
   </div>
   <div class='ocr_carea' id='block_1_78' title="bbox 1962 4354 3564 4432">
    <p class='ocr_par' dir='ltr' id='par_1_78' title="bbox 1962 4354 3564 4432">
     <span class='ocr_line' id='line_1_78' title="bbox 1962 4354 3564 4432; baseline 0.006 -23"><span class='ocrx_word' id='word_1_615' title='bbox 1962 4354 2122 4425; x_wconf 91' lang='lat' dir='ltr'><strong>dingo</strong></span> <span class='ocrx_word' id='word_1_616' title='bbox 2160 4354 2432 4425; x_wconf 85' lang='lat' dir='ltr'><strong>episcopo,</strong></span> <span class='ocrx_word' id='word_1_617' title='bbox 2478 4354 2769 4410; x_wconf 88' lang='lat' dir='ltr'><strong>Frothario</strong></span> <span class='ocrx_word' id='word_1_618' title='bbox 2803 4356 3073 4428; x_wconf 89' lang='lat' dir='ltr'><strong>episcopo,</strong></span> <span class='ocrx_word' id='word_1_619' title='bbox 3112 4358 3419 4417; x_wconf 89' lang='lat' dir='ltr'><strong>Gisleberto</strong></span> <span class='ocrx_word' id='word_1_620' title='bbox 3448 4363 3564 4432; x_wconf 84' lang='lat' dir='ltr'><strong>epi-</strong></span> 
     </span>
    </p>
   </div>
   <div class='ocr_carea' id='block_1_79' title="bbox 1961 4444 3562 4521">
    <p class='ocr_par' dir='ltr' id='par_1_79' title="bbox 1961 4444 3562 4521">
     <span class='ocr_line' id='line_1_79' title="bbox 1961 4444 3562 4521; baseline 0.003 -19"><span class='ocrx_word' id='word_1_621' title='bbox 1961 4460 2147 4515; x_wconf 91' lang='lat' dir='ltr'><strong>scopo,</strong></span> <span class='ocrx_word' id='word_1_622' title='bbox 2176 4444 2364 4501; x_wconf 82' lang='lat' dir='ltr'><strong>Adone</strong></span> <span class='ocrx_word' id='word_1_623' title='bbox 2385 4444 2660 4517; x_wconf 81' lang='lat' dir='ltr'><strong>episcOpo.</strong></span> <span class='ocrx_word' id='word_1_624' title='bbox 2685 4444 3011 4517; x_wconf 83' lang='lat' dir='ltr'><strong>Hramperto</strong></span> <span class='ocrx_word' id='word_1_625' title='bbox 3034 4449 3307 4521; x_wconf 89' lang='lat' dir='ltr'><strong>episcopo,</strong></span> <span class='ocrx_word' id='word_1_626' title='bbox 3341 4451 3562 4509; x_wconf 85' lang='lat' dir='ltr'><strong>Ratulfo</strong></span> 
     </span>
    </p>
   </div>
   <div class='ocr_carea' id='block_1_80' title="bbox 1958 4535 3560 4612">
    <p class='ocr_par' dir='ltr' id='par_1_80' title="bbox 1958 4535 3560 4612">
     <span class='ocr_line' id='line_1_80' title="bbox 1958 4535 3560 4612; baseline 0.004 -21"><span class='ocrx_word' id='word_1_627' title='bbox 1958 4546 2150 4593; x_wconf 88' lang='lat' dir='ltr'><strong>vocato</strong></span> <span class='ocrx_word' id='word_1_628' title='bbox 2191 4536 2465 4608; x_wconf 91' lang='lat' dir='ltr'><strong>episcopo,</strong></span> <span class='ocrx_word' id='word_1_629' title='bbox 2507 4535 2798 4593; x_wconf 84' lang='lat' dir='ltr'><strong>Harcarrio</strong></span> <span class='ocrx_word' id='word_1_630' title='bbox 2834 4547 3028 4594; x_wconf 91' lang='lat' dir='ltr'><strong>vocato</strong></span> <span class='ocrx_word' id='word_1_631' title='bbox 3058 4540 3332 4612; x_wconf 85' lang='lat' dir='ltr'><strong>episcopo,</strong></span> <span class='ocrx_word' id='word_1_632' title='bbox 3372 4542 3560 4599; x_wconf 86' lang='lat' dir='ltr'><strong>Amal-</strong></span> 
     </span>
    </p>
   </div>
   <div class='ocr_carea' id='block_1_81' title="bbox 1960 4628 3560 4700">
    <p class='ocr_par' dir='ltr' id='par_1_81' title="bbox 1960 4628 3560 4700">
     <span class='ocr_line' id='line_1_81' title="bbox 1960 4628 3560 4700; baseline 0.004 -17"><span class='ocrx_word' id='word_1_633' title='bbox 1960 4629 2074 4685; x_wconf 90' lang='lat' dir='ltr'><strong>rico</strong></span> <span class='ocrx_word' id='word_1_634' title='bbox 2105 4638 2296 4685; x_wconf 91' lang='lat' dir='ltr'><strong>vocato</strong></span> <span class='ocrx_word' id='word_1_635' title='bbox 2322 4630 2594 4700; x_wconf 92' lang='lat' dir='ltr'><strong>episcopo,</strong></span> <span class='ocrx_word' id='word_1_636' title='bbox 2635 4628 2845 4685; x_wconf 88' lang='lat' dir='ltr'><strong>Bosone</strong></span> <span class='ocrx_word' id='word_1_637' title='bbox 2888 4630 3083 4686; x_wconf 90' lang='lat' dir='ltr'><strong>abbate</strong></span> <span class='ocrx_word' id='word_1_638' title='bbox 3123 4647 3190 4687; x_wconf 85' lang='lat' dir='ltr'><strong>ex</strong></span> <span class='ocrx_word' id='word_1_639' title='bbox 3229 4635 3560 4691; x_wconf 85' lang='lat' dir='ltr'><strong>monasterio</strong></span> 
     </span>
    </p>
   </div>
   <div class='ocr_carea' id='block_1_82' title="bbox 1960 4721 3555 4796">
    <p class='ocr_par' dir='ltr' id='par_1_82' title="bbox 1960 4721 3555 4796">
     <span class='ocr_line' id='line_1_82' title="bbox 1960 4721 3555 4796; baseline 0.004 -19"><span class='ocrx_word' id='word_1_640' title='bbox 1960 4721 2145 4778; x_wconf 89' lang='lat' dir='ltr'><strong>Sancti</strong></span> <span class='ocrx_word' id='word_1_641' title='bbox 2176 4722 2473 4788; x_wconf 90' lang='lat' dir='ltr'><strong>Benedicti,</strong></span> <span class='ocrx_word' id='word_1_642' title='bbox 2506 4738 2627 4778; x_wconf 93' lang='lat' dir='ltr'><strong>cum</strong></span> <span class='ocrx_word' id='word_1_643' title='bbox 2657 4722 2777 4778; x_wconf 89' lang='lat' dir='ltr'><strong>aliis</strong></span> <span class='ocrx_word' id='word_1_644' title='bbox 2808 4722 3218 4794; x_wconf 90' lang='lat' dir='ltr'><strong>quampluribus</strong></span> <span class='ocrx_word' id='word_1_645' title='bbox 3247 4725 3555 4796; x_wconf 88' lang='lat' dir='ltr'><strong>abbatibus,</strong></span> 
     </span>
    </p>
   </div>
   <div class='ocr_carea' id='block_1_83' title="bbox 1958 4814 3557 4886">
    <p class='ocr_par' dir='ltr' id='par_1_83' title="bbox 1958 4814 3557 4886">
     <span class='ocr_line' id='line_1_83' title="bbox 1958 4814 3557 4886; baseline 0.006 -19"><span class='ocrx_word' id='word_1_646' title='bbox 1958 4814 2292 4885; x_wconf 88' lang='lat' dir='ltr'><strong>presbyteris</strong></span> <span class='ocrx_word' id='word_1_647' title='bbox 2346 4824 2509 4886; x_wconf 89' lang='lat' dir='ltr'><strong>atque</strong></span> <span class='ocrx_word' id='word_1_648' title='bbox 2557 4815 2893 4870; x_wconf 89' lang='lat' dir='ltr'><strong>diaconibus.</strong></span> <span class='ocrx_word' id='word_1_649' title='bbox 2933 4815 3215 4874; x_wconf 81' lang='lat' dir='ltr'><strong>Remissus</strong></span> <span class='ocrx_word' id='word_1_650' title='bbox 3253 4830 3335 4875; x_wconf 92' lang='lat' dir='ltr'><strong>est</strong></span> <span class='ocrx_word' id='word_1_651' title='bbox 3375 4830 3557 4877; x_wconf 88' lang='lat' dir='ltr'><strong>autem</strong></span> 
     </span>
    </p>
   </div>
   <div class='ocr_carea' id='block_1_84' title="bbox 1958 4906 3555 4983">
    <p class='ocr_par' dir='ltr' id='par_1_84' title="bbox 1958 4906 3555 4983">
     <span class='ocr_line' id='line_1_84' title="bbox 1958 4906 3555 4983; baseline 0.004 -21"><span class='ocrx_word' id='word_1_652' title='bbox 1958 4923 1987 4962; x_wconf 90' lang='lat' dir='ltr'><strong>a</strong></span> <span class='ocrx_word' id='word_1_653' title='bbox 2011 4906 2124 4977; x_wconf 91' lang='lat' dir='ltr'><strong>jam</strong></span> <span class='ocrx_word' id='word_1_654' title='bbox 2151 4908 2295 4964; x_wconf 92' lang='lat' dir='ltr'><strong>dicto</strong></span> <span class='ocrx_word' id='word_1_655' title='bbox 2325 4908 2653 4979; x_wconf 90' lang='lat' dir='ltr'><strong>imperatore</strong></span> <span class='ocrx_word' id='word_1_656' title='bbox 2679 4908 2955 4976; x_wconf 88' lang='lat' dir='ltr'><strong>Lothario,</strong></span> <span class='ocrx_word' id='word_1_657' title='bbox 2987 4925 3081 4965; x_wconf 91' lang='lat' dir='ltr'><strong>seu</strong></span> <span class='ocrx_word' id='word_1_658' title='bbox 3106 4925 3138 4965; x_wconf 92' lang='lat' dir='ltr'><strong>a</strong></span> <span class='ocrx_word' id='word_1_659' title='bbox 3168 4912 3394 4983; x_wconf 80' lang='lat' dir='ltr'><strong>prmfato</strong></span> <span class='ocrx_word' id='word_1_660' title='bbox 3417 4929 3555 4969; x_wconf 88' lang='lat' dir='ltr'><strong>con-</strong></span> 
     </span>
    </p>
   </div>
   <div class='ocr_carea' id='block_1_85' title="bbox 1958 4997 3555 5070">
    <p class='ocr_par' dir='ltr' id='par_1_85' title="bbox 1958 4997 3555 5070">
     <span class='ocr_line' id='line_1_85' title="bbox 1958 4997 3555 5070; baseline 0.004 -15"><span class='ocrx_word' id='word_1_661' title='bbox 1958 4998 2103 5064; x_wconf 91' lang='lat' dir='ltr'><strong>cilio,</strong></span> <span class='ocrx_word' id='word_1_662' title='bbox 2133 5000 2199 5053; x_wconf 92' lang='lat' dir='ltr'><strong>ad</strong></span> <span class='ocrx_word' id='word_1_663' title='bbox 2230 4997 2411 5054; x_wconf 85' lang='lat' dir='ltr'><strong>sedem</strong></span> <span class='ocrx_word' id='word_1_664' title='bbox 2437 4998 2739 5070; x_wconf 89' lang='lat' dir='ltr'><strong>propriam,</strong></span> <span class='ocrx_word' id='word_1_665' title='bbox 2761 4998 3125 5057; x_wconf 83' lang='lat' dir='ltr'><strong>Rhemensem</strong></span> <span class='ocrx_word' id='word_1_666' title='bbox 3152 5003 3357 5059; x_wconf 88' lang='lat' dir='ltr'><strong>scilicet</strong></span> <span class='ocrx_word' id='word_1_667' title='bbox 3379 5005 3555 5062; x_wconf 85' lang='lat' dir='ltr'><strong>eccle-</strong></span> 
     </span>
    </p>
   </div>
   <div class='ocr_carea' id='block_1_86' title="bbox 1957 5088 3556 5162">
    <p class='ocr_par' dir='ltr' id='par_1_86' title="bbox 1957 5088 3556 5162">
     <span class='ocr_line' id='line_1_86' title="bbox 1957 5088 3556 5162; baseline 0.006 -18"><span class='ocrx_word' id='word_1_668' title='bbox 1957 5089 2114 5145; x_wconf 88' lang='lat' dir='ltr'><strong>siam.</strong></span> <span class='ocrx_word' id='word_1_669' title='bbox 2147 5088 2229 5143; x_wconf 85' lang='lat' dir='ltr'><strong>Ad</strong></span> <span class='ocrx_word' id='word_1_670' title='bbox 2257 5104 2421 5159; x_wconf 90' lang='lat' dir='ltr'><strong>quam</strong></span> <span class='ocrx_word' id='word_1_671' title='bbox 2462 5089 2689 5145; x_wconf 87' lang='lat' dir='ltr'><strong>veniens</strong></span> <span class='ocrx_word' id='word_1_672' title='bbox 2727 5105 2823 5146; x_wconf 81' lang='lat' dir='ltr'><strong>vin</strong></span> <span class='ocrx_word' id='word_1_673' title='bbox 2860 5090 2987 5148; x_wconf 90' lang='lat' dir='ltr'><strong>ldus</strong></span> <span class='ocrx_word' id='word_1_674' title='bbox 3024 5091 3357 5162; x_wconf 86' lang='lat' dir='ltr'><strong>Decembris,</strong></span> <span class='ocrx_word' id='word_1_675' title='bbox 3406 5113 3556 5155; x_wconf 77' lang='lat' dir='ltr'><strong>rece-</strong></span> 
     </span>
    </p>
   </div>
   <div class='ocr_carea' id='block_1_87' title="bbox 1955 5180 3554 5253">
    <p class='ocr_par' dir='ltr' id='par_1_87' title="bbox 1955 5180 3554 5253">
     <span class='ocr_line' id='line_1_87' title="bbox 1955 5180 3554 5253; baseline 0.006 -18"><span class='ocrx_word' id='word_1_676' title='bbox 1955 5189 2078 5251; x_wconf 82' lang='lat' dir='ltr'><strong>plus</strong></span> <span class='ocrx_word' id='word_1_677' title='bbox 2122 5188 2207 5235; x_wconf 91' lang='lat' dir='ltr'><strong>est</strong></span> <span class='ocrx_word' id='word_1_678' title='bbox 2254 5180 2322 5235; x_wconf 90' lang='lat' dir='ltr'><strong>ab</strong></span> <span class='ocrx_word' id='word_1_679' title='bbox 2374 5180 2642 5253; x_wconf 88' lang='lat' dir='ltr'><strong>episcopis</strong></span> <span class='ocrx_word' id='word_1_680' title='bbox 2686 5180 3046 5253; x_wconf 76' lang='lat' dir='ltr'><strong>suﬂ‘raganeis</strong></span> <span class='ocrx_word' id='word_1_681' title='bbox 3098 5184 3251 5253; x_wconf 90' lang='lat' dir='ltr'><strong>suis,</strong></span> <span class='ocrx_word' id='word_1_682' title='bbox 3304 5186 3554 5244; x_wconf 85' lang='lat' dir='ltr'><strong>Rothado</strong></span> 
     </span>
    </p>
   </div>
   <div class='ocr_carea' id='block_1_88' title="bbox 1955 5272 3550 5350">
    <p class='ocr_par' dir='ltr' id='par_1_88' title="bbox 1955 5272 3550 5350">
     <span class='ocr_line' id='line_1_88' title="bbox 1955 5272 3550 5350; baseline 0.003 -20"><span class='ocrx_word' id='word_1_683' title='bbox 1955 5276 2227 5346; x_wconf 88' lang='lat' dir='ltr'><strong>episcopo,</strong></span> <span class='ocrx_word' id='word_1_684' title='bbox 2251 5272 2503 5330; x_wconf 88' lang='lat' dir='ltr'><strong>Simeone</strong></span> <span class='ocrx_word' id='word_1_685' title='bbox 2530 5275 2802 5346; x_wconf 90' lang='lat' dir='ltr'><strong>episcopo,</strong></span> <span class='ocrx_word' id='word_1_686' title='bbox 2833 5274 2984 5348; x_wconf 90' lang='lat' dir='ltr'><strong>Lupo</strong></span> <span class='ocrx_word' id='word_1_687' title='bbox 3010 5277 3285 5350; x_wconf 89' lang='lat' dir='ltr'><strong>episcopo,</strong></span> <span class='ocrx_word' id='word_1_688' title='bbox 3310 5279 3550 5349; x_wconf 87' lang='lat' dir='ltr'><strong>Erpuino</strong></span> 
     </span>
    </p>
   </div>
   <div class='ocr_carea' id='block_1_89' title="bbox 1954 5365 3549 5441">
    <p class='ocr_par' dir='ltr' id='par_1_89' title="bbox 1954 5365 3549 5441">
     <span class='ocr_line' id='line_1_89' title="bbox 1954 5365 3549 5441; baseline 0.003 -18"><span class='ocrx_word' id='word_1_689' title='bbox 1954 5368 2230 5438; x_wconf 89' lang='lat' dir='ltr'><strong>episcopo,</strong></span> <span class='ocrx_word' id='word_1_690' title='bbox 2263 5382 2369 5422; x_wconf 89' lang='lat' dir='ltr'><strong>una</strong></span> <span class='ocrx_word' id='word_1_691' title='bbox 2401 5382 2523 5423; x_wconf 92' lang='lat' dir='ltr'><strong>cum</strong></span> <span class='ocrx_word' id='word_1_692' title='bbox 2561 5365 2749 5437; x_wconf 92' lang='lat' dir='ltr'><strong>legatis</strong></span> <span class='ocrx_word' id='word_1_693' title='bbox 2784 5369 3029 5424; x_wconf 88' lang='lat' dir='ltr'><strong>omnium</strong></span> <span class='ocrx_word' id='word_1_694' title='bbox 3071 5368 3296 5425; x_wconf 88' lang='lat' dir='ltr'><strong>aliorum</strong></span> <span class='ocrx_word' id='word_1_695' title='bbox 3338 5371 3549 5441; x_wconf 89' lang='lat' dir='ltr'><strong>episco-</strong></span> 
     </span>
    </p>
   </div>
   <div class='ocr_carea' id='block_1_90' title="bbox 1952 5458 3550 5532">
    <p class='ocr_par' dir='ltr' id='par_1_90' title="bbox 1952 5458 3550 5532">
     <span class='ocr_line' id='line_1_90' title="bbox 1952 5458 3550 5532; baseline 0.004 -18"><span class='ocrx_word' id='word_1_696' title='bbox 1952 5474 2145 5531; x_wconf 89' lang='lat' dir='ltr'><strong>porum</strong></span> <span class='ocrx_word' id='word_1_697' title='bbox 2175 5458 2495 5516; x_wconf 81' lang='lat' dir='ltr'><strong>Rhemensis</strong></span> <span class='ocrx_word' id='word_1_698' title='bbox 2532 5458 2849 5527; x_wconf 70' lang='lat' dir='ltr'><strong>dimceseos,</strong></span> <span class='ocrx_word' id='word_1_699' title='bbox 2892 5461 2984 5532; x_wconf 90' lang='lat' dir='ltr'><strong>qui</strong></span> <span class='ocrx_word' id='word_1_700' title='bbox 3026 5462 3194 5517; x_wconf 90' lang='lat' dir='ltr'><strong>variis</strong></span> <span class='ocrx_word' id='word_1_701' title='bbox 3230 5462 3431 5517; x_wconf 88' lang='lat' dir='ltr'><strong>detenti</strong></span> <span class='ocrx_word' id='word_1_702' title='bbox 3465 5464 3550 5521; x_wconf 83' lang='lat' dir='ltr'><strong>in-</strong></span> 
     </span>
    </p>
   </div>
   <div class='ocr_carea' id='block_1_91' title="bbox 1955 5551 3545 5625">
    <p class='ocr_par' dir='ltr' id='par_1_91' title="bbox 1955 5551 3545 5625">
     <span class='ocr_line' id='line_1_91' title="bbox 1955 5551 3545 5625; baseline 0.004 -17"><span class='ocrx_word' id='word_1_703' title='bbox 1955 5552 2306 5608; x_wconf 84' lang='lat' dir='ltr'><strong>ﬁrmitatibus</strong></span> <span class='ocrx_word' id='word_1_704' title='bbox 2342 5551 2468 5608; x_wconf 88' lang='lat' dir='ltr'><strong>illuc</strong></span> <span class='ocrx_word' id='word_1_705' title='bbox 2494 5552 2759 5623; x_wconf 88' lang='lat' dir='ltr'><strong>corporali</strong></span> <span class='ocrx_word' id='word_1_706' title='bbox 2785 5554 3073 5625; x_wconf 55' lang='lat' dir='ltr'><strong>praesentia</strong></span> <span class='ocrx_word' id='word_1_707' title='bbox 3107 5567 3396 5611; x_wconf 87' lang='lat' dir='ltr'><strong>occurrere</strong></span> <span class='ocrx_word' id='word_1_708' title='bbox 3434 5572 3545 5615; x_wconf 88' lang='lat' dir='ltr'><strong>non</strong></span> 
     </span>
    </p>
   </div>
   <div class='ocr_carea' id='block_1_92' title="bbox 1955 5644 3546 5718">
    <p class='ocr_par' dir='ltr' id='par_1_92' title="bbox 1955 5644 3546 5718">
     <span class='ocr_line' id='line_1_92' title="bbox 1955 5644 3546 5718; baseline 0.006 -18"><span class='ocrx_word' id='word_1_709' title='bbox 1955 5646 2225 5711; x_wconf 88' lang='lat' dir='ltr'><strong>valentes,</strong></span> <span class='ocrx_word' id='word_1_710' title='bbox 2254 5660 2404 5701; x_wconf 89' lang='lat' dir='ltr'><strong>suam</strong></span> <span class='ocrx_word' id='word_1_711' title='bbox 2442 5654 2622 5701; x_wconf 91' lang='lat' dir='ltr'><strong>tamen</strong></span> <span class='ocrx_word' id='word_1_712' title='bbox 2663 5661 2761 5717; x_wconf 92' lang='lat' dir='ltr'><strong>per</strong></span> <span class='ocrx_word' id='word_1_713' title='bbox 2797 5646 3198 5703; x_wconf 84' lang='lat' dir='ltr'><strong>ecclesiasticos</strong></span> <span class='ocrx_word' id='word_1_714' title='bbox 3240 5644 3449 5718; x_wconf 87' lang='lat' dir='ltr'><strong>legatos</strong></span> <span class='ocrx_word' id='word_1_715' title='bbox 3488 5660 3546 5709; x_wconf 83' lang='lat' dir='ltr'><strong>et</strong></span> 
     </span>
    </p>
   </div>
   <div class='ocr_carea' id='block_1_93' title="bbox 1954 5736 3539 5809">
    <p class='ocr_par' dir='ltr' id='par_1_93' title="bbox 1954 5736 3539 5809">
     <span class='ocr_line' id='line_1_93' title="bbox 1954 5736 3539 5809; baseline 0.001 -15"><span class='ocrx_word' id='word_1_716' title='bbox 1954 5738 2321 5794; x_wconf 76' lang='lat' dir='ltr'><strong>excusatorias</strong></span> <span class='ocrx_word' id='word_1_717' title='bbox 2380 5736 2588 5793; x_wconf 89' lang='lat' dir='ltr'><strong>litteras</strong></span> <span class='ocrx_word' id='word_1_718' title='bbox 2642 5737 2717 5793; x_wconf 91' lang='lat' dir='ltr'><strong>illi</strong></span> <span class='ocrx_word' id='word_1_719' title='bbox 2762 5737 3123 5793; x_wconf 82' lang='lat' dir='ltr'><strong>exhibuerunt</strong></span> <span class='ocrx_word' id='word_1_720' title='bbox 3170 5741 3539 5809; x_wconf 70' lang='lat' dir='ltr'><strong>praesentiam.</strong></span> 
     </span>
    </p>
   </div>
   <div class='ocr_carea' id='block_1_94' title="bbox 1953 5830 3542 5902">
    <p class='ocr_par' dir='ltr' id='par_1_94' title="bbox 1953 5830 3542 5902">
     <span class='ocr_line' id='line_1_94' title="bbox 1953 5830 3542 5902; baseline 0 -13"><span class='ocrx_word' id='word_1_721' title='bbox 1953 5834 2176 5902; x_wconf 84' lang='lat' dir='ltr'><strong>Insuper</strong></span> <span class='ocrx_word' id='word_1_722' title='bbox 2203 5832 2367 5887; x_wconf 91' lang='lat' dir='ltr'><strong>etiam</strong></span> <span class='ocrx_word' id='word_1_723' title='bbox 2394 5847 2425 5887; x_wconf 91' lang='lat' dir='ltr'><strong>a</strong></span> <span class='ocrx_word' id='word_1_724' title='bbox 2453 5831 2731 5887; x_wconf 89' lang='lat' dir='ltr'><strong>canonicis</strong></span> <span class='ocrx_word' id='word_1_725' title='bbox 2758 5840 2813 5887; x_wconf 91' lang='lat' dir='ltr'><strong>et</strong></span> <span class='ocrx_word' id='word_1_726' title='bbox 2845 5830 3143 5898; x_wconf 89' lang='lat' dir='ltr'><strong>monachis,</strong></span> <span class='ocrx_word' id='word_1_727' title='bbox 3168 5840 3333 5902; x_wconf 88' lang='lat' dir='ltr'><strong>atque</strong></span> <span class='ocrx_word' id='word_1_728' title='bbox 3360 5847 3542 5889; x_wconf 72' lang='lat' dir='ltr'><strong>com:-</strong></span> 
     </span>
    </p>
   </div>
   <div class='ocr_carea' id='block_1_95' title="bbox 1955 5924 3544 6002">
    <p class='ocr_par' dir='ltr' id='par_1_95' title="bbox 1955 5924 3544 6002">
     <span class='ocr_line' id='line_1_95' title="bbox 1955 5924 3544 6002; baseline 0.001 -18"><span class='ocrx_word' id='word_1_729' title='bbox 1955 5927 2257 6002; x_wconf 87' lang='lat' dir='ltr'><strong>gioualibus</strong></span> <span class='ocrx_word' id='word_1_730' title='bbox 2281 5926 2473 5986; x_wconf 87' lang='lat' dir='ltr'><strong>litteris</strong></span> <span class='ocrx_word' id='word_1_731' title='bbox 2502 5928 2667 5985; x_wconf 86' lang='lat' dir='ltr'><strong>totius</strong></span> <span class='ocrx_word' id='word_1_732' title='bbox 2695 5925 2971 5999; x_wconf 85' lang='lat' dir='ltr'><strong>dioecesis,</strong></span> <span class='ocrx_word' id='word_1_733' title='bbox 2999 5942 3123 5987; x_wconf 86' lang='lat' dir='ltr'><strong>cum</strong></span> <span class='ocrx_word' id='word_1_734' title='bbox 3161 5926 3371 5986; x_wconf 79' lang='lat' dir='ltr'><strong>inﬁnita</strong></span> <span class='ocrx_word' id='word_1_735' title='bbox 3399 5924 3544 5985; x_wconf 68' lang='grc' dir='ltr'><strong>ωυι.</strong></span> 
     </span>
    </p>
   </div>
  </div>
