4032 6464
506 425 584 482 49
1613 420 1901 485 EBBONIS
1936 422 2241 499 EPISQQPI
2278 423 2674 497 RHEMENSIS
3722 437 3801 503 ao

512 540 747 596 “tudine
771 541 1054 610 tut-iusque
1087 555 1269 606 sexus,
1295 538 1388 609 qui
1415 553 1609 595 omnes
1635 553 1761 594 cum
1794 538 1961 595 ramis
1985 536 2099 607 μὴ
2122 541 2175 600 Α
2199 536 2622 597 ﬂirminl‘redum
2644 538 3041 611 presbyterum,
3068 549 3257 612 postea
3292 555 3422 601 vero
3450 542 3800 608 Belvacensis

510 648 720 688 marum
758 642 814 689 et
848 635 1019 690 cereis
1056 634 1389 715 ardentibus,
1423 632 1718 702 laudesque
1744 631 1855 686 Deo
1891 632 2098 687 intimis

507 740 576 782 ex
614 726 869 783 cordibus
901 735 957 781 et
992 712 1375 787 excelsissimis
1418 725 1643 782 vocibus
1674 718 2093 795 proclamantes,

504 814 665 888 longe
701 818 752 875 ei
799 820 869 875 ab
898 818 1128 875 ecclesia
1166 817 1542 895 obviaverunt,
1572 825 1628 872 et
1669 830 1841 886 usque
1884 816 1949 870 ad
2005 828 2095 871 ec-

498 900 731 966 clesiam
786 910 1153 966 indesinenter
1198 908 1490 980 psallentes
1541 923 1664 964 eum
1698 908 2091 987 perduxerunt.

502 998 657 1057 Tunc
683 1001 926 1056 oratione
955 999 1237 1071 completa,
1270 1000 1590 1070 silentioque
1612 999 1884 1070 imposito,
1908 1014 2094 1055 ascen-

501 1092 582 1148 dit
622 1091 904 1148 Bothadus
946 1092 1232 1163 episcopus
1280 1091 1597 1157 ambonem,
1653 1090 1859 1146 ducens
1904 1104 2090 1145 secum

496 1185 844 1256 lngobertum
875 1185 1227 1249 monachum,
1252 1194 1307 1239 et
1339 1184 1518 1254 primo
1543 1182 1810 1254 allocutus
1838 1188 1924 1239 est
1959 1196 2092 1253 gau-

497 1278 661 1333 denti
676 1278 831 1348 plebe
855 1276 921 1332 de
958 1277 1300 1333 desiderabili
1333 1276 1640 1332 reversione
1668 1274 1868 1346 proprii
1900 1283 2088 1345 pasto-

494 1370 593 1437 ris,
634 1379 690 1427 et
732 1370 965 1441 qualiter
1000 1371 1284 1427 restitutus
1325 1385 1357 1425 a
1395 1376 1582 1439 saneto
1613 1368 1866 1433 concilio,
1896 1382 1991 1423 seu
2019 1367 2089 1424 ab

491 1448 821 1533 imperatore
871 1461 1164 1529 Lothario,
1220 1463 1300 1517 eis
1349 1462 1747 1518 remittebatur.
1804 1460 1873 1515 Et
1922 1458 2087 1530 jussit

489 1554 834 1629 lngobertum
865 1557 1188 1631 monachum
1217 1555 1327 1610 alta
1360 1568 1491 1611 voce
1517 1554 1689 1624 ipsam
1723 1552 1841 1623 ejus
1871 1553 2086 1608 restitu-

492 1650 692 1706 tionem
728 1650 926 1719 legere.
962 1650 1237 1705 Dederunt
1259 1648 1421 1703 etiam
1443 1656 1708 1719 praesente
1733 1646 1879 1702 omni
1906 1644 2081 1701 eccle-

489 1740 570 1799 sia
594 1742 755 1816 legati
783 1744 1156 1814 episcoporum
1179 1742 1550 1814 unusquisque
1574 1756 1856 1796 assensum
1878 1738 2081 1816 proprii

489 1832 575 1890 sui
608 1814 846 1905 episcopi
872 1843 928 1890 et
957 1834 1131 1904 plebis
1152 1834 1410 1905 scriptum
1447 1851 1459 1887 :
1486 1833 1578 1903 qui
1608 1847 1799 1888 omnes
1834 1814 2081 1886 ecclesiae

2201 627 2441 684 ecclesiae
2466 630 2797 701 episcopum.
2835 630 3066 686 Sinistra
3099 642 3277 688 autem
3317 649 3480 690 manu
3520 639 3798 699 sustinens

2176 732 2323 785 eum
2358 718 2578 787 Simeon
2616 724 2929 795 episcopus,
2952 724 3199 780 similiter
3238 742 3349 782 suae
3386 727 3559 797 partis
3597 728 3797 802 Erpni-

2194 826 2325 865 num
2366 812 2700 884 episcopum,
2732 823 2790 871 et
2832 815 3048 871 Vitaum
3078 816 3344 892 [Jutaum]
3380 819 3797 883 Cameracensis

2193 902 2436 960 ecclesiae
2478 904 2945 979 clior-episcopum.
2976 907 3045 963 Et
3072 908 3153 965 sic
3207 911 3275 967 ad
3323 920 3571 971 sanctum
3617 915 3796 975 altare

2193 1011 2315 1052 cum
2338 1013 2404 1055 eo
2428 1000 2801 1069 procedentes,
2831 1002 2900 1056 ad
2927 1002 3204 1072 propriam
3245 1003 3429 1061 sedem
3465 1021 3591 1061 eum
3618 1008 3794 1068 dedu—

2191 1095 2409 1152 xerunt,
2440 1097 2600 1158 atque
2625 1104 2748 1145 eum
2772 1105 2839 1146 eo
2866 1092 3049 1147 cuncti
3077 1093 3352 1160 sedentes,
3379 1095 3435 1150 in
3463 1098 3611 1153 omni
3651 1113 3792 1169 pon-

2191 1179 2378 1239 tificali
2402 1180 2579 1239 cilicio
2611 1182 2726 1252 ipsa
2754 1182 2843 1237 die
2867 1183 2918 1238 ei
2948 1186 3510 1242 communicaverunt.
3542 1183 3793 1247 Fuerun‘

2189 1281 2370 1343 autem
2398 1289 2496 1344 per
2537 1274 2757 1345 longum
2786 1275 3021 1345 spatium
3057 1277 3176 1348 ejus
3216 1280 3500 1336 exsulatus
3552 1281 3792 1341 ordinati

2187 1365 2426 1439 episcopi
2456 1380 2522 1420 eo
2568 1367 2810 1431 absente,
2857 1366 3077 1425 Simeon
3118 1368 3425 1440 episcopus,
3462 1370 3644 1441 Lupus
3677 1373 3793 1442 epi-

2185 1472 2411 1529 scopus,
2441 1459 2710 1529 Erpuinus
2755 1459 3070 1531 episcopus;
3122 1461 3262 1530 quod
3301 1462 3626 1518 omnimodis
3662 1479 3788 1519 san-

2185 1554 2443 1611 ctissimis
2490 1553 2810 1626 prohibetur
2844 1555 3162 1610 canonibus.
3208 1553 3311 1622 Qui
3354 1556 3620 1626 completa
3659 1573 3785 1614 eum

2182 1646 2328 1700 omni
2364 1646 2562 1717 gaudio
2591 1654 2646 1701 et
2687 1644 2873 1701 laetitia
2908 1645 3320 1702 consecratione
3348 1655 3403 1701 et
3441 1646 3785 1705 solemnitate

2181 1738 2431 1795 sacrificii
2459 1748 2725 1811 prmsente
2744 1739 2892 1793 omni
2918 1738 3161 1794 Ecclesia
3188 1738 3462 1808 deprecati
3490 1748 3615 1795 sunt
3635 1756 3781 1811 eum,

2183 1840 2243 1885 ut
2270 1831 2438 1901 ipsius
2470 1830 2795 1886 auctoritate
2822 1845 3009 1886 eorum
3037 1837 3371 1885 statueretur
3401 1845 3465 1886 ac
3496 1831 3785 1888 roborare-

486 1924 556 1981 ab
594 1924 878 1996 lugoberto
914 1925 1175 1980 monacho
1204 1924 1418 1994 publice
1456 1924 1641 1980 relecti
1672 1932 1817 1980 sunt.
1847 1920 1929 1977 Ad
1958 1920 2079 1975 ulti-
2105 1925 2152 1986 B
2184 1932 2272 1978 tur
2297 1923 2584 1979 ordinatio.
2616 1922 2717 1993 Qui
2754 1921 3146 1995 benignissime
3185 1937 3372 1977 eorum
3396 1916 3589 1992 preces
3615 1924 3784 1978 obau-

486 2031 635 2073 mum
660 2017 806 2072 dedit
832 2017 1014 2071 lutaus
1045 2014 1280 2090 [Vitatis]
1309 2016 1725 2085 chorepiscopus
1750 2024 1805 2070 et
1837 2012 2074 2068 vicarius

486 2104 803 2162 Theoderici
836 2106 1071 2177 episcopi
1103 2120 1384 2161 assensum
1411 2104 1550 2159 infra
1585 2104 1868 2174 scriptum.
1903 2102 2073 2170 Quem

484 2199 688 2265 idcirco
724 2203 812 2257 hic
847 2217 957 2272 prae
982 2202 1193 2259 caneris
1238 2201 1584 2267 inseruimus,
1627 2201 1883 2273 quatinus
1918 2200 1969 2253 in
2008 2215 2074 2255 eo

481 2303 538 2351 et
588 2311 676 2351 res
728 2304 879 2367 gesta
923 2295 1049 2352 licet
1096 2294 1337 2351 breviter
1379 2296 1770 2366 comprehensa
1820 2292 2074 2363 liquidius

481 2389 735 2461 cognosci
782 2388 972 2457 possit,
1012 2396 1067 2444 et
1103 2403 1400 2445 consensus
1433 2404 1621 2444 eorum
1655 2387 1747 2459 qui
1775 2394 2072 2455 praesentes

482 2481 672 2541 adesse
699 2496 804 2536 non
829 2480 1115 2537 valuerunt
1132 2482 1186 2536 in
1211 2480 1554 2535 restitutione
1573 2477 1709 2547 ejus,
1733 2474 2072 2531 manifestius

479 2554 726 2644 intelligi.
766 2592 783 2625 ι
818 2572 954 2627 Dum
997 2588 1104 2628 non
1161 2572 1393 2628 habetur
1438 2569 1794 2640 incognitum,
1847 2566 1990 2636 quod
2038 2580 2070 2619 a

478 2661 723 2733 pluribus
754 2663 968 2717 videtur
1001 2675 1123 2716 esse
1152 2669 1507 2729 compertum,
1558 2658 1790 2730 qualiter
1826 2657 2069 2713 Ecclesia

478 2754 595 2811 haec
626 2755 861 2810 maxima
887 2754 1185 2827 Galliarum
1212 2752 1313 2809 sub
1339 2752 1598 2823 regimine
1626 2750 1958 2805 Francorum
1990 2746 2071 2803 di-

476 2848 649 2902 versis
689 2845 1185 2918 perturbationibus
1224 2861 1289 2901 ae
1327 2842 1610 2900 discordiis
1645 2842 1951 2913 principum
1981 2840 2068 2894 in-

475 2939 788 3010 dignatione
816 2938 1051 2993 violenta
1079 2938 1196 2994 istis
1224 2935 1553 3006 temporibus
1582 2935 1784 3006 agitata
1815 2941 2064 2988 vexatur.

475 3028 630 3103 Unde
676 3040 733 3085 et
780 3029 1001 3100 plurimi
1053 3029 1431 3102 episcoporum
1476 3042 1507 3080 a
1570 3026 1802 3097 propriis
1849 3025 2066 3080 sedibus

475 3120 702 3192 expulsi,
744 3128 837 3174 aut
884 3120 1074 3175 timore
1115 3118 1387 3174 derelictis
1435 3118 1686 3190 gregibus
1735 3117 1963 3173 diversis
2011 3117 2065 3171 in

470 3215 717 3287 partibus
745 3214 1080 3271 exsulantur.
1114 3210 1261 3265 Inter
1293 3225 1430 3279 quos
1467 3210 1629 3265 etiam
1665 3208 1814 3264 Ebbo
1852 3208 2063 3263 archie-

2178 2015 2332 2071 diens
2378 2014 2524 2069 dedit
2564 2014 2644 2069 eis
2699 2014 2914 2085 publice
2967 2028 3151 2069 coram
3218 2023 3565 2071 sacrosancto
3615 2013 3779 2071 altari

2175 2107 2404 2162 annulos
2436 2115 2491 2162 et
2515 2106 2737 2165 baculos
2764 2122 2875 2164 sua:
2904 2107 3246 2164 auctoritatis
3275 2108 3330 2162 in
3362 2107 3779 2165 confirmatione

2174 2215 2361 2255 eorum
2413 2198 2791 2263 ordinationis,
2843 2206 2899 2253 et
2937 2197 3200 2253 allocutus
3243 2206 3325 2254 est
3380 2200 3448 2254 de
3495 2199 3576 2253 eis
3626 2196 3778 2253 omni

2174 2292 2448 2359 Ecclesiae,
2480 2302 2540 2345 ut
2565 2290 2768 2345 scirent
2794 2290 3031 2344 universi
3061 2304 3120 2345 se
3146 2289 3200 2343 in
3235 2289 3514 2351 cbaritate,
3551 2304 3672 2359 quae
3703 2303 3777 2343 ex

2173 2385 2285 2439 Deo
2314 2391 2417 2448 est,
2448 2397 2636 2438 eorum
2678 2381 3006 2438 ordinationi
3043 2381 3370 2447 consentire,
3409 2381 3613 2452 absque
3636 2380 3772 2437 sub-

2171 2476 2383 2531 sistere.

2242 2584 2439 2641 Postea
2464 2598 2596 2641 vero
2622 2582 2899 2654 accipiens
2930 2582 3194 2638 auxilium
3222 2589 3279 2639 et
3305 2581 3629 2653 legationem
3654 2580 3772 2654 jam

2172 2697 2314 2753 saepe
2348 2681 2445 2736 fati
2486 2680 2729 2736 Lotharii
2769 2679 3138 2750 imperatoris,
3167 2679 3246 2735 ad'
3274 2678 3457 2733 limina
3488 2679 3775 2737 beatorum

2170 2774 2414 2847 perrexit
2443 2773 2845 2847 apostolorum,
2876 2787 2983 2829 non
3015 2772 3148 2829 satis
3188 2772 3398 2827 habens
3448 2770 3501 2825 in
3547 2768 3771 2825 restitu-

2170 2868 2317 2924 tione
2356 2883 2453 2924 sua
2479 2868 2596 2922 sine
2623 2865 2934 2937 apostolicae
2957 2864 3101 2923 sedis
3126 2867 3471 2930 auctoritate,
3496 2877 3770 2921 consensu
3858 2864 3865 2871 ’

2172 2969 2443 3016 tantorum
2478 2959 2876 3030 episcoporum,
2910 2966 2967 3014 et
3004 2957 3235 3013 aliorum
3281 2957 3548 3012 bonorum
3588 2954 3771 3039 hemi-

2170 3069 2320 3109 num.
2366 3052 2469 3108 Ubi
2514 3066 2545 3106 a
2590 3051 2834 3122 piissimo
2876 3064 2942 3105 ac
2994 3047 3227 3120 spiritali
3273 3056 3426 3121 patre
3481 3045 3766 3118 Gregorio,

2169 3143 2370 3199 domno
2390 3141 2640 3197 videlicet
2662 3139 2976 3212 apostolico,
3003 3139 3390 3212 benignissime
3410 3147 3496 3195 est
3513 3144 3766 3206 receptus

2169 3242 2227 3291 et
2254 3233 2546 3304 apostolica
2575 3233 2898 3288 auctoritate
2924 3232 3239 3304 plenissime
3273 3232 3575 3296 restitutus,
3601 3228 3767 3284 sicuti

469 3284 724 3379 piscopus
754 3306 1078 3363 lthemensis
1110 3304 1354 3362 ecclesiae
1378 3312 1561 3374 raptus
1589 3320 1621 3358 a
1664 3303 1879 3374 propria
1913 3303 2063 3368 sede,

2170 3342 2336 3398 penes
2379 3340 2478 3380 nos
2535 3325 2816 3381 habemus.
2870 3323 3213 3380 Postremum
3263 3323 3496 3393 denique
3550 3320 3772 3376 functos

466 3399 776 3471 principum
823 3398 1193 3469 indignatione
1239 3396 1476 3451 violenta
1532 3396 1585 3450 in
1633 3395 1826 3450 exsilio
1872 3395 2066 3452 ductus

467 3497 574 3551 est.
609 3488 762 3545 Unde
807 3497 864 3543 et
911 3487 1164 3543 reductus
1208 3485 1308 3542 sub
1355 3486 1621 3549 custodia,
1669 3496 1729 3539 ut
1761 3486 2062 3556 periculum

470 3568 759 3636 imminens
789 3579 1061 3643 evaderet,
1103 3588 1159 3635 et
1192 3578 1404 3639 furores
1443 3578 1881 3649 persequentium
1922 3577 2065 3632 miti-

467 3683 642 3745 garet,
685 3671 1000 3727 redimendo
1031 3680 1243 3742 tempus
1282 3679 1343 3725 ut
1371 3662 1579 3725 meliori
1614 3685 1671 3724 se
1710 3669 1939 3739 tempori
1977 3684 2063 3723 re-

467 3773 733 3836 servaret,
765 3780 889 3821 cum
928 3779 1199 3820 consensu
1240 3763 1615 3833 episcoporum
1650 3759 1945 3832 pontificali
1977 3774 2061 3815 se-

466 3855 630 3911 cessit
658 3871 687 3910 a
723 3855 1044 3920 ministerio,
1081 3855 1207 3909 dum
1238 3855 1380 3908 inter
1409 3863 1645 3908 terrores
1674 3860 1730 3906 et
1759 3852 2059 3910 discordias

464 3948 607 4021 ratio
636 3961 742 4001 non
776 3947 905 4001 sinit
934 3945 1215 4001 immolare
1240 3945 1514 4011 victimas,
1548 3945 1757 4000 dicente
1783 3944 2012 4001 Domino
2039 3963 2056 4003 :

466 4037 525 4094 Si
564 4039 722 4109 offers
778 4056 966 4095 munus
1007 4049 1154 4094 tuum
1201 4038 1272 4092 ad
1326 4037 1517 4103 altare,
1552 4047 1601 4091 et
1646 4038 1718 4092 ibi
1757 4039 2058 4093 recordatus

2166 3420 2391 3492 pacifice
2432 3418 2555 3490 plus
2606 3434 2771 3489 quam
2806 3416 3029 3474 biennio
3070 3415 3321 3473 omnibus
3370 3412 3771 3485 episcopalibus

2165 3514 2375 3579 ciliciis,
2401 3514 2612 3570 vocavit
2636 3528 2737 3569 nos
2763 3510 2876 3581 jam
2906 3526 3046 3581 saepe
3083 3509 3194 3567 fata
3226 3517 3412 3586 mater.
3438 3504 3768 3561 Rhemensis

2165 3605 2394 3662 ecclesia
2450 3605 2520 3659 ad
2568 3604 2768 3676 gradus
2819 3602 3246 3670 ecclesiasticos,
3297 3600 3366 3657 ad
3407 3614 3565 3675 quos,
3615 3597 3764 3654 Deus

2162 3698 2333 3765 novit,
2372 3710 2490 3753 non
2541 3696 2846 3766 importune
2893 3710 2993 3752 nos
3041 3694 3326 3765 gessimus,
3372 3692 3465 3751 sed
3500 3689 3765 3747 electione

2162 3790 2537 3846 ministrorum
2580 3785 2854 3849 Ecclesiae,
2904 3784 3402 3854 magistrorumque
3447 3790 3759 3839 nostrorum

2162 3879 2571 3943 acclamatione,
2604 3876 2768 3931 etiam
2792 3882 2957 3944 atque
2985 3873 3257 3930 oblatione
3293 3873 3461 3933 totius
3506 3872 3763 3933 Ecclesia:

2160 3971 2322 4031 delati
2365 3982 2572 4026 sumus.
2627 3965 2756 4021 Post
2810 3965 2929 4020 haec
2973 3980 3103 4020 vero
3158 3963 3463 4020 dividentes
3518 3965 3661 4021 inter
3701 3982 3763 4025 se

2158 4077 2324 4134 regna
2353 4068 2597 4133 paterna,
2639 4058 2927 4114 Lotharius
2966 4059 3259 4128 imperator
3293 4073 3357 4114 ac
3393 4058 3626 4117 domnus
3652 4076 3753 4116 no-

2156 4164 2270 4213 ster
2315 4152 2543 4210 Carolus
2584 4152 3010 4224 gloriosissimus
3052 4168 3181 4218 rex,
3221 4152 3438 4223 devenit
3464 4151 3577 4222 jam
3614 4166 3759 4223 saepe

2155 4248 2298 4304 dicta
2330 4254 2507 4303 mater
2540 4253 2727 4302 nostra
2755 4245 3083 4303 Rhemensis
3112 4245 3345 4305 ecclesia
3374 4247 3431 4303 in
3461 4256 3669 4318 partem
3698 4254 3758 4304 et

462 4316 1051 4411 ρθυεΑΕουᾏθεῘωὴευω
1096 4315 1471 4411 ιτεηίιμίιιὶοη
1509 4324 1753 4411 “imi”???
1798 4317 2051 4411 τεῖίωίάίῑν
2153 4335 2415 4395 ditionem
2455 4334 2827 4411 gloriosissimi
2874 4336 3021 4405 regis
3061 4334 3264 4402 Caroli,
3314 4351 3439 4392 cum
3462 4315 3597 4407 _quo
3633 4345 3755 4393 erat

460 4408 667 4485 placuit
690 4408 1022 4479 principibus
1045 4417 1102 4465 et
1132 4408 1537 4480 magistratibus
1565 4409 1963 4473 ecclesiasticis,
1992 4414 2053 4461 ut
2152 4428 2496 4501 gratissimus
2514 4443 2577 4485 ac
2590 4408 3003 4499 potentissimus
3026 4426 3231 4484 Fulcho
3256 4428 3442 4492 abbas,
3463 4428 3555 4498 qui
3579 4428 3755 4499 ipsam

462 4502 637 4567 isdem
669 4510 859 4572 pastor
884 4502 950 4557 ad
982 4501 1224 4559 debitum
1255 4501 1395 4558 ovile
1424 4511 1808 4566 reverteretur,
1840 4508 1896 4555 et
1923 4514 2052 4556 oves
2151 4520 2440 4579 ecclesiam
2466 4522 2646 4577 (ιοηιηί
2686 4520 2951 4579 Ludovici
2974 4519 3317 4593 imperatoris
3343 4529 3500 4576 antea
3524 4519 3752 4592 presby-

461 4611 618 4705 quas,
648 4595 1549 4705 compulsusreliquerajtntuendas
1584 4597 1726 4701 idem
1762 4595 2044 4705 reciperet.
2073 4641 2129 4705 Β
2155 4622 2238 4670 te,
2268 4613 2599 4685 obtinuerat,
2641 4622 2700 4669 et
2739 4612 2917 4685 arma
2976 4610 3219 4681 ejusdem
3266 4612 3431 4684 regis,
3472 4626 3596 4667 cum
3642 4626 3753 4682 quo

463 4118 628 4205 fueris
666 4134 793 4204 quia
846 4133 1012 4203 frater
1059 4141 1181 4188 tuus
1205 4132 1356 4187 habet
1407 4131 1609 4204 aliquid
1656 4132 1928 4188 adversum
1982 4144 2057 4202 te,

463 4223 697 4296 [diuque
734 4224 805 4279 ibi
831 4241 1019 4280 munus
1059 4234 1229 4292 tuum,
1264 4233 1319 4280 et
1356 4234 1572 4281 caetera.
1603 4224 1892 4295 Postquam
1927 4240 2056 4281 vero

462 4685 671 4769 Quibus
707 4695 774 4741 et.
813 4686 1194 4767 ecclesiasticis
1226 4686 1423 4744 debitis
1466 4689 1716 4759 negotiis,
1745 4701 1853 4758 ego
1872 4685 2049 4742 Theo-

461 4778 677 4855 dericus
702 4778 1108 4836 Cameracensis
1142 4780 1429 4853 episcopus
1456 4794 1736 4838 assensum
1777 4780 2051 4838 canonicis

461 4875 731 4948 praebens,
767 4877 910 4933 sicut
941 4877 1093 4949 prius
1121 4878 1186 4934 de
1220 4878 1363 4933 illius
1390 4878 1629 4933 discessu
1670 4872 2050 4944 compatiendo

464 4968 631 5033 dolui,
679 4970 755 5025 ita
790 4968 952 5026 modo
998 4970 1064 5026 de
1114 4970 1283 5041 ipsius
1327 4969 1636 5027 reversione
1680 4967 2046 5039 congaudens,

464 5061 878 5122 constitutiones
920 5062 1019 5123 bas
1058 5062 1330 5117 seniorum
1364 5060 1449 5117 vel
1477 5058 1705 5117 fratrum
1746 5060 2050 5116 roboranda

448 5154 761 5226 Iubscripsi
798 5173 812 5209 :
843 5155 969 5226 quia
1019 5154 1149 5210 talia
1193 5168 1335 5224 saepe
1379 5153 1670 5225 contigisse
1724 5161 1781 5210 et
1828 5153 1884 5209 in
1929 5153 2051 5210 aliis

464 5245 633 5318 gestis
674 5244 1054 5302 ecclesiasticis
1097 5244 1221 5316 legi.
1262 5264 1282 5297 ι
1316 5242 1412 5299 His
1452 5242 1527 5298 ita
1560 5243 1817 5314 peractis,
1853 5244 2049 5299 iterum

464 5337 815 5395 reboantibus
850 5332 1036 5409 signis,
1064 5345 1122 5393 et
1152 5333 1482 5391 vociferante
1506 5334 1652 5389 omni
1679 5334 1942 5401 Ecclesia,
1978 5333 2048 5390 Te

463 5426 633 5489 Deum
674 5426 974 5493 laudamur,
1021 5426 1213 5503 ductus
1254 5432 1337 5480 est
1373 5421 1489 5492 jam
1517 5438 1658 5494 sazpe
1696 5425 1870 5481 dictus
1895 5425 2047 5480 Ebbo

463 5518 748 5591 episcopus
796 5517 853 5573 in
899 5513 1234 5580 vestiarium,
1289 5524 1344 5571 et
1385 5514 1605 5570 indutus
1655 5515 2046 5585 episcopalibus

463 5610 822 5675 vestimentis,
845 5608 1092 5667 similiter
1110 5608 1275 5664 etiam
1300 5609 1390 5664 alii
1413 5608 1669 5678 episcopi,
1693 5617 1747 5666 et
1768 5626 2046 5681 processe-

464 5714 592 5758 runt
617 5720 741 5760 cum
764 5718 830 5759 eo
857 5705 923 5760 ad
951 5701 1365 5759 celebrationem
1395 5703 1586 5760 Missae.
1612 5703 1747 5760 Nam
1768 5705 2045 5762 Rothadus

462 5796 746 5868 episcopus
783 5794 974 5851 dextra
1003 5810 1163 5851 manu
1191 5810 1313 5851 eum
1343 5804 1671 5864 sustentans,
1702 5797 1891 5853 habuit
1933 5813 2044 5853 suae

464 5886 636 5959 partis
674 5886 881 5959 Lupum
911 5885 1318 5979 Cataiaunensis
1354 5886 1597 5946 ecclesiae
1628 5889 1959 5964 epiSCOpum,
1988 5899 2044 5948 et

2156 4712 2296 4770 erat,
2326 4705 2522 4760 iterum
2546 4703 2780 4776 adeptus
2807 4711 2890 4759 est
2915 4716 3056 4759 eam.
3090 4700 3256 4770 Cujus
3294 4702 3551 4772 impetum
3586 4710 3753 4773 atque

2157 4793 2396 4857 furorem
2432 4802 2676 4851 metuens
2708 4794 2823 4864 jam
2858 4808 3000 4865 saepe
3036 4794 3214 4850 dictus
3255 4791 3407 4849 Ebbo
3441 4792 3746 4864 episcopus,

2157 4888 2356 4958 quippe
2391 4887 2483 4956 qui
2516 4886 2711 4941 nedum
2740 4902 2863 4942 cum
2890 4886 3082 4942 eodem
3114 4899 3240 4956 rege
3265 4883 3578 4955 paciﬁcatus
3605 4894 3744 4954 erat,

2158 4995 2280 5036 cum
2321 4978 2595 5045 Lothario,
2622 4978 2713 5049 qui
2747 4978 3001 5050 primitus
3029 4979 3348 5044 adbaeserat,
3390 4980 3744 5049 remanendo,

2159 5070 2402 5134 secessit,
2430 5078 2486 5125 et
2517 5086 2642 5127 cum
2671 5084 2737 5127 eo
2769 5078 3034 5136 moratus,
3060 5068 3256 5129 timens
3286 5068 3412 5140 quia
3438 5069 3747 5128 nullatenus

2156 5175 2309 5217 suam
2347 5160 2569 5231 adipisci
2616 5168 2800 5230 posset
2830 5158 3057 5232 paciﬁce
3090 5160 3295 5226 sedem,
3325 5156 3617 5230 apostolica
3646 5176 3743 5216 au-

2155 5251 2404 5309 ctoritate
2431 5259 2486 5306 et
2526 5266 2793 5308 consensu
2830 5252 3224 5324 episcoporum,
3257 5251 3398 5307 dono
3426 5250 3587 5306 etiam
3626 5251 3738 5307 Lu-

2153 5342 2328 5399 dovici
2357 5340 2497 5413 regis
2524 5340 2829 5398 Germaniae
2874 5341 3101 5419 adeptus
3129 5350 3213 5419 est
3234 5356 3331 5411 pro
3356 5348 3596 5411 tempore
3624 5341 3739 5411 ipse

2152 5448 2352 5489 vacans
2376 5441 2659 5501 vacantem
2686 5434 2867 5487 sedem
2894 5430 3288 5499 Hiltinesbeim,
3318 5432 3563 5504 aspirans
3595 5448 3737 5488 sem-

2151 5540 2248 5595 per
2289 5524 2356 5581 ad
2398 5524 2670 5603 propriam
2704 5522 2900 5578 sedem.
2956 5522 3129 5593 Quam
3175 5524 3441 5595 siquidem
3470 5539 3500 5578 a
3537 5523 3735 5580 domno

2150 5610 2344 5671 Carolo
2371 5631 2516 5686 rege,
2546 5615 2674 5673 licet
2701 5615 2875 5671 valida
2905 5614 3099 5688 pedum
3138 5614 3454 5670 infirmitate
3480 5630 3736 5684 gravare-

2150 5717 2273 5774 tur,
2318 5708 2578 5777 repetisse
2620 5706 2910 5771 multorum
2960 5707 3269 5761 testimonio
3326 5707 3729 5777 comprobatur.

2150 5800 2302 5858 Unde
2353 5799 2674 5856 necessitate
2716 5797 3043 5869 compulsus,
3091 5797 3156 5851 ad
3201 5797 3508 5868 praedictam
3546 5797 3731 5852 sedem

2148 5892 2525 5949 liiltinesbeim
2588 5898 2898 5958 revertens,
2976 5889 3273 5947 secundum
3299 5898 3303 5902 ’
3334 5889 3728 5953 restitutionem
