4032 6476
214 496 277 554 Ἀ
1640 482 2009 553 ΡΟΕΜΑΤΙΑ.
3390 474 3464 531 ει

213 601 514 675 apostolica:
736 598 1025 674 episcopali
1064 600 1240 663 cilicio
1272 601 1499 661 functus
1528 613 1700 670 usque
1729 599 1786 654 in
1810 601 1865 675 Α
1888 597 2007 651 nire
2051 594 2270 651 meruit.
2345 593 2455 650 Illis
2495 603 2674 650 autem
2716 593 2787 648 ita
2843 590 3310 655 contendentibus,
3360 603 3461 644 nos

211 697 369 752 linem
420 695 547 753 vitae
594 695 998 755 immutabiliter
1049 695 1219 757 fuisse
1268 694 1624 755 convincitur.
1678 680 1782 748 Ubi

212 784 350 840 inter
387 793 581 841 caetera
618 785 785 843 multa
812 786 977 855 bona,
1006 785 1248 863 diversas
1279 786 1443 845 etiam
1475 784 1605 857 fecit
1631 785 1780 847 ordi-

209 874 472 939 nationes,
498 891 617 946 quae
645 874 850 947 absque
868 876 974 935 ulla
1001 892 1237 950 unquam
1268 876 1684 950 reprehensione
1711 877 1782 947 ab

208 963 463 1019 omnibus
480 963 590 1021 Deo
615 965 935 1031 amabilihus
955 967 1250 1045 gaudenter
1269 967 1661 1041 amplexantur.

271 1052 483 1111 Interea
519 1070 646 1115 vero
676 1057 1046 1130 unusquisque
1067 1068 1312 1114 uestrum
1347 1058 1404 1115 in
1443 1073 1543 1114 suo
1590 1059 1781 1117 ordine

207 1145 429 1217 paciﬁce
450 1147 796 1211 ministravit,
823 1158 983 1219 atque
1011 1165 1133 1205 eum
1161 1150 1411 1206 omnibus
1439 1152 1506 1206 ad
1534 1151 1779 1223 eamdem

208 1247 432 1293 matrem
454 1238 750 1303 Ecclesiam
769 1239 1181 1307 conﬂuentibus,
1205 1249 1315 1297 tam
1333 1242 1599 1315 episcopis
1615 1258 1781 1313 quam

208 1331 370 1385 etiam
399 1332 638 1400 regibus,
668 1341 830 1404 atque
851 1334 1058 1389 eunetis
1090 1333 1418 1404 potentibus,
1473 1333 1779 1389 communi-

207 1424 386 1478 cavit:
415 1424 585 1481 donec
606 1425 719 1496 jam
748 1427 1090 1496 supradictus
1140 1426 1367 1483 Carolus
1394 1442 1492 1484 rex
1531 1428 1780 1485 eamdem

178 1514 489 1570 ecclesiam
523 1516 682 1588 longo
705 1527 831 1587 post
855 1527 1097 1588 tempore
1123 1521 1420 1575 reverendo
1450 1520 1566 1575 viro
1616 1519 1782 1575 Hinc-

204 1620 356 1662 maro
376 1608 777 1679 gubernandam
798 1612 1088 1667 commisit.
1120 1611 1220 1679 Qui
1261 1614 1444 1668 statim
1481 1622 1603 1683 post
1632 1615 1779 1670 ordi-

204 1696 477 1751 nationem
503 1713 655 1753 suam
686 1700 843 1755 nobis
867 1700 1093 1756 infestus
1141 1702 1451 1759 ministrare
1479 1705 1776 1774 prohibuit.

203 1785 297 1841 Cui
320 1804 445 1843 cum
475 1790 755 1846 humiliter
780 1792 995 1863 culpam
1017 1803 1257 1849 nostram
1287 1795 1607 1865 abjeCtionis
1635 1814 1778 1869 qua:-

201 1882 370 1936 rendo
394 1883 896 1955 interrogassemus,
916 1884 1115 1939 nullam
1142 1888 1298 1942 nobis
1314 1888 1525 1957 culpam
1545 1890 1781 1967 objicere

1885 702 2099 761 semper
2144 685 2420 763 humiliter
2470 695 2533 759 et
2571 684 2796 761 paciﬁca
2850 693 3096 741 nostram
3146 680 3463 738 sustinendo

1882 781 2222 853 portavimus
2246 778 2659 853 ignominiosam
2687 775 3061 847 dejectionem.

1955 875 2222 933 Defuncto
2251 882 2434 951 autem
2446 872 2561 943 jam
2583 873 2727 947 dicto
2743 873 3054 929 ordinatore
3068 877 3257 929 nostm
3274 882 3464 929 mense

1884 969 2100 1033 Martio,
2129 967 2311 1025 statim
2337 966 2572 1025 obtinuit
2614 965 2864 1027 dominus
2902 973 3091 1020 noster
3140 959 3503 1019 Hincmarus'

1884 1066 2024 1136 apud
2055 1063 2304 1133 Carolum
2327 1078 2533 1135 regem,
2560 1070 2622 1119 ut
2646 1070 2970 1117 convocaret
2991 1061 3255 1132 synodum
3300 1058 3489 1131 Sues-r

1884 1158 2055 1214 sionis
2083 1157 2223 1228 apud
2252 1156 2640 1219 monasterium
2663 1154 2852 1211 Sancti
2891 1153 3153 1219 Medardi,
3197 1159 3253 1209 et
3299 1150 3467 1221 jussit

1883 1264 1983 1304 nos
2010 1248 2124 1304 fere
2173 1257 2303 1305 tunc
2336 1247 2594 1318 temporis
2626 1243 3036 1316 quatuordecim
3074 1258 3302 1297 numero
3335 1255 3465 1311 pre-

1884 1342 2130 1414 sbyteros
2154 1349 2210 1396 et
2237 1339 2494 1398 diaconos
2526 1339 2656 1396 illuc
2678 1340 2787 1406 ire,
2811 1338 3135 1410 promittens
3164 1352 3225 1393 se
3260 1336 3329 1392 de
3362 1352 3467 1395 no-

1881 1432 1970 1488 bis
1998 1431 2426 1487 misericorditer
2466 1415 2849 1499 traetaturum.
2899 1428 3004 1496 Qui
3050 1434 3362 1491 renuentes,
3410 1434 3469 1482 et

1884 1523 2163 1579 humiliter
2193 1523 2564 1593 deprecantes,
2595 1537 2664 1577 ne
2687 1537 2786 1577 nos
2808 1520 2937 1575 illuc
2960 1521 3027 1575 ad
3057 1518 3321 1589 majorem
3370 1533 3469 1572 no-

1885 1623 2052 1670 stram
2080 1613 2451 1691 confusionem
2489 1614 2570 1670 ire
2599 1613 2803 1668 faceret
2843 1618 2898 1668 et
2937 1610 3316 1682 dejectionem,
3360 1622 3470 1665 non

1885 1708 2114 1772 audivit,
2164 1707 2259 1762 sed
2301 1706 2480 1777 potius
2522 1703 2800 1773 magistris
2844 1702 3046 1757 nostris
3089 1699 3366 1770 praecepit,
3408 1705 3471 1753 ut

1884 1786 2209 1854 omnimodis
2235 1812 2333 1852 nos
2360 1796 2487 1850 illuc
2516 1795 2596 1850 ire
2618 1793 2860 1849 facerent
2886 1810 2898 1845 :
2933 1791 3078 1861 quod
3106 1798 3160 1844 et
3201 1790 3468 1843 fecerunt.

1884 1889 2173 1944 Venientes
2207 1897 2386 1943 autem
2414 1886 2562 1953 illuc,
2602 1884 2858 1957 praecepit
2883 1883 3038 1937 nobis
3077 1881 3205 1936 dare
3234 1879 3471 1934 libellum

200 1971 393 2038 voluit,
417 1974 512 2029 sed
544 1985 721 2030 tamen
745 1990 775 2028 a
802 1975 1032 2045 propriis
1053 1976 1241 2035 ciliciis
1260 1992 1475 2035 cessare
1504 1963 1777 2050 pnecepit.
1810 1963 1861 2024 Β
1887 1980 2328 2054 proclamationis
2357 1998 2371 2034 :
2397 1978 2539 2048 quod
2582 1976 2806 2032 minime
2848 1974 3185 2035 volebamus,
3237 1970 3472 2026 scientes

199 2060 300 2128 Qui
334 2071 518 2117 autem
564 2063 632 2118 ab
656 2065 885 2119 ecclesia
914 2065 1206 2121 Rhemensi
1235 2082 1303 2122 ex
1334 2070 1488 2124 nobis
1529 2071 1785 2127 recedere

192 2166 301 2222 pro
322 2152 427 2207 hac
451 2153 639 2208 eadem
666 2154 1050 2211 interdictione
1087 2157 1396 2224 noluerunt,
1428 2160 1632 2231 absque
1677 2164 1785 2219 ulla

198 2246 635 2303 contradictione
662 2258 850 2318 postea
878 2264 1094 2319 semper
1114 2250 1575 2309 ministraverunt.
1635 2255 1790 2311 Unde

199 2345 404 2407 quanta
424 2336 601 2408 jurgia
624 2346 681 2393 et
708 2341 1081 2397 contentiones
1114 2342 1256 2397 inter
1277 2358 1400 2398 eum
1432 2352 1489 2399 et
1541 2354 1787 2400 nostrum

201 2426 571 2482 ordinatorem
586 2425 701 2495 jam
728 2428 1026 2499 saepissime
1064 2431 1269 2495 dictum
1296 2432 1573 2505 Ebbonem
1619 2435 1788 2490 exsti-

204 2520 392 2583 terint,
417 2518 634 2591 longum
657 2530 740 2577 est
760 2523 957 2577 litteris
982 2524 1460 2594 comprehendere,
1493 2525 1617 2596 quia
1643 2527 1788 2596 quod

204 2610 514 2679 expetierat
532 2614 788 2684 consequi
813 2614 1077 2684 nequivit.
1103 2614 1349 2670 Obtinuit
1373 2618 1517 2672 enim
1565 2619 1785 2673 tandem

201 2701 345 2769 apud
384 2702 686 2771 piissimum
715 2703 948 2759 Leonem
974 2720 1192 2776 papam,
1232 2715 1293 2760 ut
1315 2706 1469 2762 daret
1498 2708 1547 2762 ei
1576 2708 1788 2778 iudices

199 2808 314 2848 suae
352 2794 761 2859 vicissitudinis,
796 2796 1103 2869 Drogonem
1121 2799 1455 2870 episcopum,
1504 2799 1786 2872 Otgarium

200 2886 697 2957 archiepiscopum,
728 2887 881 2945 Hecti
907 2890 1399 2962 archiepiscopum,
1447 2901 1502 2949 et
1543 2893 1786 2950 Gunbal-

198 2976 329 3032 dum
356 2978 841 3051 archiepiscopum.
872 2982 1025 3038 Unde
1038 2992 1092 3037 et
1113 2983 1310 3040 litteris
1327 2984 1439 3054 jam
1459 2986 1603 3041 dicto
1626 2985 1789 3042 Hinc-

197 3084 359 3125 maro
405 3072 625 3128 mittens
659 3076 933 3146 prmeepit,
967 3083 1026 3131 ut
1049 3077 1128 3132 eis
1158 3093 1310 3134 suam
1359 3079 1785 3136 vicissitudinem

196 3160 531 3219 habentibus
560 3166 626 3221 ad
650 3181 843 3225 causas
874 3167 1176 3233 reddendas
1194 3176 1385 3226 contra
1408 3170 1687 3226 Ebbonem
1729 3186 1789 3227 se

198 3251 457 3309 Treveris
477 3266 852 3325 praesentaret.
883 3258 1036 3326 Quod
1064 3260 1306 3327 minime,
1329 3261 1497 3317 variis
1547 3261 1786 3317 interve-

1882 2075 1999 2146 jam
2029 2090 2095 2130 ex
2122 2081 2296 2144 parte,
2342 2073 2482 2127 sicut
2519 2078 2574 2126 et
2615 2079 2804 2141 postea
2841 2066 3182 2123 manifestius
3217 2062 3471 2134 cognovi-

1890 2181 2032 2230 mus,
2059 2163 2187 2234 quid
2217 2164 2282 2233 de
2306 2163 2461 2218 nobis
2482 2161 2840 2217 tractabatur.
2866 2157 3073 2213 Tamen
3103 2157 3231 2211 licet
3272 2153 3469 2218 coacti,

1893 2256 2142 2310 dedimus
2166 2255 2369 2319 caeteri,
2396 2262 2622 2323 excepto
2646 2268 2775 2317 uno,
2801 2251 2915 2322 qui,
2958 2250 3273 2320 priusquam
3321 2246 3474 2301 Ebbo

1892 2351 2289 2408 removeretur,
2316 2343 2512 2398 litteris
2545 2342 2823 2398 canonicis
2860 2341 3089 2397 traditus
3123 2346 3209 2393 est
3242 2336 3474 2392 Liutado

1895 2432 2265 2488 Vincentiensi
2306 2432 2584 2503 episeopo,
2614 2440 2671 2489 et
2699 2439 2890 2501 postea
2932 2429 3151 2484 licentia
3188 2436 3245 2483 et
3284 2428 3475 2498 depre—

1891 2526 2107 2581 catione
2138 2526 2306 2595 ipsius
2333 2525 2615 2581 nobiseum
2643 2522 2947 2579 ordinatus.
2977 2522 3124 2591 ’lpse
3173 2521 3318 2575 enim
3356 2527 3478 2574 erat

1889 2632 2015 2674 cum
2040 2616 2234 2672 Carolo
2257 2630 2404 2687 rege,
2434 2624 2489 2671 et
2519 2613 2824 2670 nullatenus
2861 2614 2929 2667 ad
2967 2612 3232 2685 synodum
3271 2614 3425 2667 venit
3457 2629 3472 2665 :

1845 2693 1853 2703 ’
1891 2711 2091 2781 quippe
2118 2706 2271 2777 cujus
2300 2708 2549 2779 proprius
2584 2706 2867 2776 episcopus
2907 2703 2982 2758 ibi
3013 2718 3121 2758 non
3173 2711 3314 2758 erat.
3367 2700 3477 2758 Sed

1891 2816 1995 2861 nec
2019 2800 2154 2870 ipse,
2179 2799 2337 2856 sicuti
2365 2806 2419 2854 et
2447 2814 2565 2863 nos,
2590 2798 2660 2853 ad
2679 2796 2944 2869 synodum
2966 2794 3227 2851 canonice
3252 2800 3476 2850 vocatus

1893 2893 2211 2949 advenerat.
2240 2890 2472 2960 ideoque
2499 2903 2656 2945 suum
2680 2904 2877 2944 nomen
2903 2886 3030 2942 illuc
3071 2886 3333 2956 scriptum
3366 2900 3475 2942 non

1892 2982 2064 3046 misit,
2093 2982 2223 3038 licet
2251 2980 2464 3037 dicatur
2499 2980 2783 3051 scripsisse
2824 2979 2878 3034 in
2918 2978 3098 3033 libello
3127 2992 3159 3032 a
3187 2976 3345 3033 nobis
3383 2990 3478 3030 vo-

1890 3071 2023 3128 lenti
2046 3073 2407 3144 praeceptione
2431 3072 2755 3142 subscripto,
2790 3079 2844 3126 et
2874 3086 2970 3141 per
3008 3067 3376 3140 Sigloardum,
3421 3074 3480 3121 et

1891 3165 2210 3231 Leutonem,
2234 3173 2397 3235 atque
2424 3163 2590 3227 Isaac,
2622 3163 2750 3218 illuc
2774 3161 3142 3217 transmisisse
3169 3177 3181 3213 :
3206 3148 3359 3230 quod
3375 3158 3475 3213 mi-

1892 3257 2040 3312 nime
2067 3256 2213 3312 fecit.
2277 3257 2414 3312 Dato
2456 3265 2639 3311 autem
2694 3254 2897 3320 libello,
2943 3266 3170 3324 surgens
3214 3250 3477 3306 dominus

194 3343 481 3400 nientibus
521 3349 920 3415 occasionibus,
968 3350 1033 3405 ad
1070 3348 1320 3406 effectum
1367 3354 1629 3421 pervenit.
1677 3352 1786 3407 Ista
1812 3332 1861 3397 C
1893 3359 2080 3406 noster
2111 3349 2438 3404 Hincmarus
2461 3347 2903 3418 archiepiscopus
2934 3343 3097 3414 elegit
3118 3342 3219 3398 sibi
3236 3340 3472 3411 judices,

191 3449 322 3504 quae
349 3436 493 3493 inter
522 3440 639 3495 haec
663 3440 772 3496 duo
796 3441 946 3512 signa
971 3441 1261 3509 habentur,
1285 3444 1355 3499 ab
1379 3444 1496 3513 ipso
1522 3445 1789 3500 monacho

188 3534 250 3579 et
282 3527 358 3587 ab
384 3527 471 3587 his
495 3528 587 3597 qui
607 3528 970 3595 interfuerunt
994 3532 1333 3589 audivimus:
1361 3548 1462 3591 nos
1484 3543 1668 3591 tamen
1686 3535 1789 3606 ipsi

186 3630 307 3670 non
326 3616 593 3675 vidimus.
626 3634 645 3667 ‹
668 3617 936 3672 Similiter
954 3620 1118 3674 etiam
1145 3629 1205 3674 ut
1227 3621 1423 3687 fertur,
1459 3623 1600 3678 sicut
1640 3624 1793 3677 audi-

183 3707 390 3761 vimus
435 3707 650 3776 quando
715 3707 937 3779 pallium
997 3710 1066 3764 ab
1114 3711 1409 3780 apostolica
1452 3713 1796 3787 auctoritate

186 3798 379 3854 isdem
405 3797 729 3853 Hihcmarus
753 3799 928 3868 petiit,
958 3814 1066 3855 non
1095 3809 1255 3855 antea
1277 3801 1569 3871 impetrare
1596 3802 1792 3872 potuit,

187 3903 372 3959 quam
412 3890 482 3943 ab
513 3889 847 3945 Ermenardo
898 3892 1130 3961 quodam
1172 3890 1471 3948 Orbacehsi
1523 3894 1791 3950 monacho

190 3980 383 4037 eidem
415 3988 616 4047 sanctae
662 3981 923 4053 {totum
966 3984 1083 4049 sedi
1127 3995 1472 4051 sacramento
1514 3984 1793 4045 ﬁrmatum

194 4082 305 4139 est,
344 4072 621 4130 Ebbonem
645 4073 758 4144 jam
799 4077 996 4131 saeculo
1034 4078 1365 4144 decessisse;
1413 4094 1536 4134 cum
1584 4079 1782 4146 adhuc,

198 4165 327 4222 licet
361 4175 643 4223 senectute
663 4175 720 4222 et
741 4168 909 4224 variis
932 4168 1339 4227 inﬁrmitatibus
1381 4178 1661 4243 gravatus,
1696 4187 1793 4229 su-

203 4265 419 4324 perstes
443 4266 645 4324 tamen,
674 4258 857 4314 sedem
898 4258 1270 4317 Hiltinesbeim
1311 4261 1539 4331 paciﬁee
1582 4272 1795 4335 regeret

202 4362 265 4441 ac
287 4349 647 4441 gubernaret.
671 4347 778 4405 Sed
805 4358 985 4406 tamen
1018 4351 1083 4421 ip
1098 4352 1237 4427 ipsis
1256 4353 1570 4441 apostolicae
1598 4362 1793 4415 aucto-

201 4440 389 4496 ritatis
416 4440 636 4508 litteris,
681 4443 878 4513 quibus
905 4445 1082 4527 eidepi
1124 4440 1424 4519 Hincmaro
1468 4462 1601 4519 usus
1644 4449 1793 4520 pallii

201 4546 502 4589 concessus
523 4541 628 4600 est,
652 4542 828 4601 caute,
868 4543 929 4591 ut
979 4537 1035 4591 iu
1086 4538 1309 4595 scriniis
1351 4547 1553 4595 sanctae
1602 4540 1797 4597 matris

201 4621 473 4680 Romanae
499 4624 754 4682 Ecclesiae
779 4628 1008 4683 inveniri
1033 4637 1234 4699 potest,
1266 4632 1531 4705 insertum
1556 4630 1792 4703 legitur:

1888 3444 2236 3506 Wenilonem
2277 3442 2767 3513 archiepiscopum,
2821 3437 3155 3494 Amalricum
3208 3435 3479 3506 archiepi-

1890 3551 2137 3606 scopum,
2166 3534 2458 3592 Pardulum
2481 3548 2695 3603 quoque
2728 3532 3042 3602 episcopum
3082 3543 3238 3585 suum
3277 3525 3477 3582 suifra-

1893 3641 2141 3696 ganeum,
2172 3625 2561 3681 commendans
2586 3624 2637 3679 ei
2664 3624 2829 3678 etiam
2859 3622 3035 3677 locum
3070 3635 3248 3687 suum.
3307 3616 3481 3672 Iussit

1846 3751 1853 3757 »
1895 3722 2079 3769 autem
2108 3729 2207 3769 nos
2227 3715 2449 3785 eligere,
2478 3715 2571 3782 qui
2590 3714 2705 3783 jam
2730 3714 2798 3767 ab
2830 3713 2949 3782 ipso
2989 3710 3126 3775 solo,
3178 3711 3223 3765 si
3267 3710 3347 3762 fas
3398 3716 3482 3762 est

1897 3804 2102 3877 dicere,
2129 3818 2238 3859 non
2255 3802 2516 3859 canonice
2529 3800 2984 3857 excommunicati
2999 3813 3235 3855 eramus.
3266 3797 3497 3873 Manen-,
3574 3786 3579 3791 “

1895 3902 1979 3950 tes
2004 3901 2183 3949 autem
2209 3892 2265 3948 in
2289 3894 2391 3948 hac
2409 3892 2645 3947 maxima
2664 3890 3035 3955 tribulatione,
3063 3890 3315 3944 timentes
3331 3887 3472 3958 quod
3489 3877 3501 3899 ”

1891 3985 1942 4045 si
1964 4001 2073 4045 non
2095 3983 2437 4056 eligeremus,
2462 3982 2733 4054 superbia:
2775 3990 2832 4041 et
2874 3980 3209 4052 arrogantize.
3242 3980 3465 4050 deputa-

1893 4088 2082 4144 retur;
2106 4078 2150 4134 si
2179 4086 2361 4133 autem
2388 4076 2734 4149 eligeremus,
2769 4075 3077 4131 nullatenus
3107 4074 3265 4131 nobis
3295 4071 3479 4143 profu-

1895 4180 2079 4233 turum
2104 4171 2430 4236 sciebamus,
2452 4184 2577 4226 eum
2601 4169 2781 4224 omnia
2809 4168 3072 4223 violenter
3097 4166 3252 4223 nobis
3298 4173 3481 4221 extor-

1897 4262 2223 4334 quebantur,
2274 4262 2402 4333 quia
2448 4261 2656 4317 scilicet
2698 4275 2799 4316 nos
2840 4259 3087 4331 proloqui
3139 4271 3478 4328 nequaquam

1896 4354 2144 4419 cedebat,
2171 4353 2265 4417 vel
2286 4353 2753 4431 condemnationis
2778 4350 3174 4423 praeiudicium,
3224 4350 3309 4406 vel
3354 4364 3480 4404 evo-

1896 4448 2040 4504 catio
2081 4463 2188 4504 non
2222 4448 2412 4520 legalis
2441 4450 2509 4509 ad
2544 4447 2828 4523 synodum.
2882 4445 3101 4503 Iudices
3152 4446 3349 4510 etiam,
3388 4444 3481 4514 qui

1850 4558 1863 4564 ε
1897 4547 2056 4595 erant
2085 4539 2247 4595 nobis
2267 4537 2521 4611 eligendi,
2550 4537 2807 4608 quoniam
2836 4552 2944 4592 non
2985 4532 3304 4606 intermsita
3346 4544 3483 4589 tem-

1898 4631 2047 4703 poris
2076 4630 2354 4697 dilatione,
2398 4644 2585 4684 verum
2617 4627 2809 4683 subita:
2855 4625 3270 4683 necessitudinis
3314 4625 3481 4679 inter-

201 4714 571 4773 Concedimus
592 4720 687 4775 tibi
729 4735 888 4777 usum
924 4722 1095 4792 pallii,
1144 4724 1293 4779 salva
1336 4694 1516 4780 tamen
1566 4691 1794 4781 conten-
1821 4691 2190 4795 D‘pellatione
2238 4691 2423 4777 essent
2466 4718 2733 4792 eligendi;
2777 4734 2905 4775 cum
2953 4718 3248 4774 secundum
3299 4716 3481 4787 legum

202 4806 355 4863 tione
386 4823 513 4879 quae
546 4810 687 4866 inter
708 4819 762 4867 te
786 4821 839 4867 et
866 4812 1144 4869 Ebbonem
1190 4815 1439 4871 habetur.
1471 4835 1490 4867 ι
1523 4816 1609 4873 Ad
1626 4832 1792 4888 quam

203 4898 583 4956 contentionis
616 4901 766 4957 litem
797 4902 1109 4987 ﬁniendam,
1151 4905 1298 4969 nullo
1349 4907 1599 4978 imperio,
1646 4908 1789 4965 nulla

201 5003 457 5061 unquam
482 4993 821 5049 auctoritatis
846 4995 1206 5066 praeceptione
1238 4997 1407 5054 isdem
1429 4997 1581 5056 Ebbo
1604 5014 1793 5071 perve-

1899 4816 2197 4871 constituta
2212 4828 2313 4885 per
2326 4812 2587 4884 temporis
2609 4811 2843 4883 spatium
2863 4810 2987 4882 eligi
3001 4808 3212 4880 iudices
3227 4807 3480 4873 debeant,

1900 4915 1964 4981 ut
1980 4908 2193 4983 possint
2219 4902 2506 4978 diligenter
2530 4903 2747 4962 edoceri
2796 4902 2992 4977 quibus
3043 4903 3112 4959 de
3163 4901 3327 4958 rebus
3371 4899 3485 4955 sint

1892 4999 2208 5071 iudicaturi.
2294 5008 2297 5011 ‘

212 5151 3471 5181 _—.—_—_——_____——-————uu———-I——‘

1310 5288 1743 5381 EBBONIS
1815 5294 2383 5381 POEMATIA.
2486 5274 2491 5279 ’

1411 5450 1709 5523 (Flodoard.,
1732 5450 1864 5525 Hist.
1886 5450 2022 5507 Eccl.
2044 5448 2252 5517 Rhein.)

1672 5582 2075 5603 ﬂ

206 5795 684 5873 Inscriptionum
715 5799 862 5857 Ebbo
880 5802 1106 5874 prwﬁmit
1132 5802 1359 5859 ecclesiae
1401 5803 1586 5861 Sanct:
1628 5805 1799 5862 Petri.

210 5930 533 5989 Ludovicus
550 5930 733 5991 Caesar
772 5930 946 5990 factus
973 5942 1263 5991 coronante
1315 5932 1592 6008 Stephano

1906 5665 2021 5724 Hac
2047 5665 2104 5721 in
2131 5664 2261 5722 sede
2290 5676 2429 5735 papa
2452 5675 2649 5734 magno
2677 5678 2690 5714 :
2721 5666 2849 5716 tunc
2872 5666 2929 5715 et
2948 5654 3063 5713 Eho
3088 5650 3334 5729 pontih

1903 5756 2276 5814 Fundamenta
2303 5752 2582 5810 renovavit
2605 5749 2925 5808 cuncta-loci
2949 5748 3124 5813 istius,

1906 5852 2069 5910 Urbis
2083 5849 2207 5922 jura
2230 5848 2334 5905 sibi
2356 5848 2591 5904 subdens
2611 5844 2806 5917 praesul
2837 5843 2989 5898 auxit
3014 5842 3217 5899 omnia.
