4032 6446
290 469 369 531 95
1629 460 1722 522 DE
1754 453 2235 520 GRAMMATICA.
3488 455 3564 518 26

303 605 3555 644 Μ

1599 760 2227 843 FRAGMENTA

797 942 926 1093 EX
1001 959 1304 1090 LIBRO
1388 949 1952 1085 ERMANRIGI
2027 951 2161 1080 DE
2243 941 2934 1080 GRAMMATICA
2983 925 3051 996 ’⁸

1275 1185 1367 1241 AD
1393 1180 1851 1243 GRIMOALDUM
1881 1175 2576 1244 ARCHICAPELLANUM,

1247 1315 1363 1381 Ubi
1391 1313 1590 1378 multa
1623 1312 1696 1375 de
1720 1312 1879 1375 viris
1911 1308 2273 1374 illustribus
2305 1309 2372 1373 S.
2405 1305 2598 1371 Galli.

1612 1453 1840 1518 (Mabill.,
1863 1453 1981 1508 Yet.
2006 1450 2257 1514 Analect.)

329 1673 432 1733 Diu
445 1689 576 1732 sane
589 1674 722 1732 mihi
734 1672 1110 1747 pertractanti,
1125 1677 1519 1743 praeceptorum
1535 1667 1866 1733 doctissime,
1895 1673 1952 1735 Α
1971 1662 2056 1719 bis
2083 1669 2192 1716 tam
2221 1657 2504 1731 limpidum
2525 1665 2688 1730 atque
2714 1654 2989 1714 salubrem
3023 1658 3186 1717 totius
3204 1659 3332 1717 boni
3359 1661 3566 1723 fontem

284 1783 395 1838 quo
418 1769 596 1840 primo
625 1767 908 1824 exordium
951 1763 1312 1837 adipiscenda:
1355 1762 1563 1818 dilectae
1622 1759 1873 1815 amicitiae

281 1869 480 1915 vestra;
500 1875 750 1932 caperem
777 1900 792 1926 ,
819 1859 962 1915 inter
992 1858 1162 1913 multa
1201 1855 1382 1912 animo
1418 1853 1661 1925 opposita
1684 1867 1874 1908 occur-

284 1958 482 2006 rerunt
504 1950 634 2005 mihi
663 1950 771 2006 duo
796 1963 990 2020 magna
1018 1945 1307 2002 luminaria
1339 1963 1354 2001 :
1382 1944 1651 2000 luminare
1671 1940 1870 2011 majus,

281 2057 397 2112 quo
427 2041 796 2096 illuminamur
822 2049 884 2096 ut
904 2038 1155 2110 diligatur
1183 2037 1348 2102 Deus,
1379 2044 1433 2090 et
1472 2035 1738 2089 luminare
1765 2033 1870 2088 mi-

283 2147 392 2187 nus
422 2132 565 2187 unde
588 2131 869 2202 proximus
900 2146 914 2182 :
940 2129 1006 2183 ad
1034 2142 1154 2197 quae
1179 2133 1448 2196 praecepta
1476 2131 1671 2179 caetera
1693 2123 1872 2178 cohae-

283 2231 430 2288 rent,
463 2221 627 2277 veluti
657 2221 820 2276 etiam
850 2217 1054 2274 nomini
1082 2225 1137 2271 et
1170 2216 1358 2281 verbo,
1382 2215 1436 2269 in
1466 2213 1661 2286 quibus
1686 2228 1874 2285 perso-

282 2328 411 2369 nam
435 2321 684 2367 tenemus
707 2318 768 2366 et
796 2319 1000 2374 actum,
1039 2315 1250 2364 caetera:
1273 2315 1456 2378 partes
1509 2321 1698 2362 omnes
1735 2305 1874 2361 invi-

282 2417 403 2458 cem
427 2401 748 2472 appendent.
774 2399 912 2456 Cum
940 2399 1085 2455 enim
1112 2413 1223 2454 non
1246 2398 1434 2469 ignoro
1461 2404 1513 2452 te
1539 2405 1650 2451 tam
1672 2395 1726 2450 in
1743 2409 1873 2466 poe-

280 2502 428 2550 mate
453 2509 614 2564 quam
640 2493 696 2548 in
724 2491 873 2548 omni
905 2500 1024 2546 arte
1062 2489 1306 2560 priorum
1358 2487 1600 2558 adprime
1625 2497 1867 2552 cautum,

282 2584 339 2639 in
370 2594 604 2649 tantum,
634 2592 696 2639 ut
740 2583 1012 2640 interdum
1051 2583 1321 2638 cothurno
1359 2580 1589 2645 comico,
1618 2577 1867 2648 aliquau-

279 2675 352 2730 do
398 2690 528 2732 vero
583 2684 733 2732 veste
781 2674 1137 2746 septemplici,
1165 2689 1329 2746 quam
1379 2671 1578 2743 Sophia
1623 2672 1727 2728 sibi
1754 2671 1870 2728 suis

279 2768 531 2824 manibus
566 2776 832 2834 texuerat,
860 2766 1078 2822 indutus
1100 2765 1330 2821 miriﬁce
1366 2763 1637 2836 procedis.
1663 2762 1870 2818 Praeter

280 2857 398 2913 hazc
423 2859 588 2914 etiam
619 2859 847 2931 gemmis
875 2858 1121 2914 omnium
1140 2858 1402 2913 virtutum
1429 2856 1744 2921 adornatus,
1768 2857 1868 2911 hu-

278 2948 510 3006 militate
542 2951 879 3022 praecipuus,
911 2943 1122 3019 j’ustitia
1168 2957 1498 3021 temperans,
1547 2946 1867 3004 fortitudine

1976 1754 2264 1819 concessit,
2287 1752 2432 1809 unde
2456 1760 2653 1808 cuncta
2675 1752 2901 1823 paciﬁca
2923 1761 2978 1808 et
2996 1753 3150 1809 utilia
3176 1767 3392 1827 semper
3430 1757 3567 1813 hau-

1974 1845 2164 1911 rimus,
2193 1844 2552 1915 haustumque
2580 1844 2694 1914 ipse
2719 1844 2971 1900 omnibus
2999 1844 3067 1898 ad
3111 1859 3171 1901 se
3216 1847 3566 1918 properanti-

1972 1939 2074 1995 bus
2108 1937 2424 1994 indeﬁciens
2451 1939 2656 2008 praebet
2683 1947 2739 1994 et
2759 1939 2909 2008 cupit
2950 1939 3181 1995 hauriri.

2045 2029 2153 2086 Sed
2176 2030 2344 2086 eheu!
2380 2029 2522 2086 idem
2547 2029 2664 2101 ipse
2696 2040 2808 2086 tam
2837 2031 3013 2088 labilis
3051 2031 3170 2088 fons
3198 2049 3268 2090 ne
3297 2034 3408 2092 late
3435 2034 3567 2092 ﬂue-

1971 2131 2077 2189 ret,
2100 2137 2259 2193 quam
2277 2138 2420 2201 saepe
2438 2123 2892 2180 machinamentis
2917 2127 3277 2196 quorumdam
3319 2137 3430 2186 tam
3453 2131 3566 2201 pri-

1970 2219 2242 2277 vatorum,
2289 2197 2450 2283 quam
2490 2214 2656 2269 etiam
2699 2214 3042 2271 ethnicorum
3069 2232 3166 2272 seu
3212 2197 3565 2275 externorum

1975 2302 2254 2357 hominum
2299 2302 2582 2374 dispendio
2634 2305 2954 2372 obstruitur,
3001 2323 3218 2365 eremus
3268 2309 3469 2380 prodit,
3502 2326 3566 2366 ac

1971 2397 2162 2453 bestia:
2203 2397 2520 2466 loquuntur,
2549 2399 2719 2455 donec
2743 2411 3086 2472 restagnatus
3123 2403 3180 2458 in
3209 2419 3348 2471 sese,
3378 2414 3433 2460 et
3457 2421 3566 2461 non

1971 2488 2091 2544 sine
2114 2488 2358 2559 periculo
2387 2490 2471 2545 sui
2494 2491 2890 2561 patientissime
2937 2508 2996 2549 se
3021 2495 3305 2562 exedebat,
3341 2497 3563 2568 Deoque

1969 2597 2093 2637 eum
2115 2589 2434 2652 protegente
2486 2583 2654 2638 armis
2704 2584 3098 2654 rempublicam
3120 2585 3477 2642 defendebat:
3511 2589 3567 2643 in

1969 2672 2125 2743 cujus
2151 2673 2317 2728 etiam
2337 2671 2540 2729 laribus
2571 2682 2628 2728 tu
2661 2673 2777 2744 ipse
2806 2674 2972 2730 veluti
3000 2675 3172 2732 ﬁdelis
3192 2675 3310 2732 Jola
3337 2693 3568 2734 conver-

1969 2774 2142 2830 satus,
2171 2764 2423 2835 latusque
2451 2765 2734 2821 dexterum
2772 2768 3088 2834 observans,
3140 2770 3318 2825 nostri
3368 2771 3567 2826 melius

1967 2871 2132 2926 quam
2160 2856 2599 2926 incomparabilis
2628 2859 2700 2913 sit
2725 2857 2842 2927 ejus
2883 2859 3078 2928 pietas,
3105 2859 3280 2916 virtus
3308 2869 3364 2919 et
3414 2862 3568 2933 inge-

1966 2950 2136 3016 nium,
2162 2949 2392 3005 aliarum
2417 2951 2656 3023 gentium
2687 2950 2895 3023 legibus
2920 2953 2934 3007 !
2965 2953 3165 3025 quippe
3205 2954 3298 3024 qui
3339 2954 3395 3010 in
3452 2953 3566 3010 Deo

277 3055 522 3108 serenus,
547 3041 835 3113 prudentia
885 3049 1106 3107 cautus,
1155 3041 1509 3110 temperantia
1566 3041 1865 3106 modestus,
1894 3034 1944 3095 B
1971 3041 2087 3098 solo
2110 3042 2408 3111 potentiam
2436 3043 2693 3114 possidet,
2716 3053 2774 3099 et
2790 3045 2946 3115 c0pia
2984 3044 3297 3100 divitiarum
3323 3043 3440 3115 ejus
3482 3055 3567 3102 est

277 3131 394 3186 zelo
420 3131 517 3188 Dei
550 3131 810 3199 fervidus,
837 3132 1103 3203 patientia
1137 3132 1466 3198 lenissimus,
1497 3131 1578 3186 'in
1624 3131 1870 3189 adversis

278 3221 586 3294 latissimus
607 3263 624 3290 ,
653 3222 711 3278 in
743 3222 1021 3294 prosperis
1059 3223 1396 3279 humillimus
1437 3221 1718 3295 pares..Et
1741 3237 1868 3290 .non

277 3311 552 3368 immerito
574 3313 661 3370 his
701 3313 968 3370 virtutum
1011 3313 1112 3371 alis
1141 3323 1368 3372 caetems
1397 3315 1664 3386 praecellis
1691 3333 1706 3369 :
1740 3315 1867 3386 quia

275 3401 452 3472 primo
479 3402 658 3458 aetatis
686 3401 910 3461 llosculo
935 3405 1078 3461 inter
1119 3405 1328 3462 aulicos
1354 3407 1639 3463 beatorum
1684 3405 1866 3478 Augu-

275 3502 485 3550 storum
505 3509 688 3552 mores
715 3496 1124 3554 decentissimos
1153 3498 1422 3555 enutritus
1467 3513 1548 3566 es,
1577 3506 1690 3554 tam
1731 3498 1866 3570 dog-

274 3599 367 3639 na
397 3584 568 3639 totius
615 3585 934 3654 disciplinae,
985 3603 1148 3655 quam
1186 3604 1436 3643 normam
1464 3599 1613 3646 recte
1650 3589 1868 3645 vivendi

279 3671 350 3726 ab
377 3672 460 3727 eis
490 3671 746 3741 didicisti,
770 3674 864 3744 qui
892 3674 949 3730 in
975 3676 1124 3732 omni
1149 3677 1378 3748 imperio
1422 3693 1546 3734 cum
1572 3681 1683 3736 Deo
1722 3695 1871 3736 sum-

274 3761 352 3817 mi
383 3761 559 3819 fuere.
1095 3809 1099 3813 .

347 3853 457 3910 Sed
480 3862 535 3910 et
556 3854 819 3914 hactenus
863 3858 980 3915 rivo
1001 3857 1398 3931 iucundissimo
1423 3877 1488 3918 ac
1516 3861 1572 3918 in
1599 3863 1747 3918 omni
1765 3863 1872 3918 vir-

278 3952 455 4001 tutum
477 3955 762 4004 stemmate
799 3949 1119 4023 przefulgido
1144 3967 1212 4010 ex
1255 3953 1583 4024 primoribus
1629 3953 1870 4010 fontibus

283 4040 456 4097 totius
491 4042 722 4115 Europa:
740 4047 1016 4103 emananti
1041 4047 1301 4116 cobaeres,
1340 4048 1612 4105 Ludovico
1661 4049 1870 4106 scilicet

279 4130 635 4192 dilectissimo
672 4137 788 4208 regi
810 4146 1020 4206 nostro,
1049 4140 1143 4212 qui
1189 4141 1332 4208 licet'
1352 4143 1652 4214 angustiori
1697 4143 1872 4202 limite

282 4232 573 4295 terrarum,
601 4228 805 4288 virtute
844 4239 1025 4288 tamen
1066 4233 1236 4290 vincit
1260 4233 1544 4292 Herculem
1580 4245 1868 4294 centauros

282 4318 668 4390 domimntem,
697 4330 751 4380 et
793 4324 1036 4396 agilitate
1082 4326 1351 4399 Ulyssem.
1391 4328 1671 4402 Interroga
1718 4328 1868 4387 Scia-

280 4429 377 4473 vos
402 4417 462 4472 in
491 4433 643 4490 gyro,
673 4428 729 4476 et
758 4436 865 4478 non
892 4423 1108 4480 miraris
1151 4424 1385 4495 epitoma
1430 4440 1631 4482 meum.
1693 4424 1870 4483 Habe—
1897 4384 1942 4450 Ο

281 4523 403 4565 mus
432 4509 664 4582 denique
687 4528 810 4581 nos,
844 4514 1012 4586 ipsius
1033 4516 1239 4573 alumni
1283 4518 1620 4589 pauperculi,
1666 4519 1723 4574 in
1776 4534 1871 4577 eo-

282 4598 405 4655 dem
435 4601 551 4658 rivo
575 4603 812 4673 majores
841 4605 1026 4676 copias
1057 4606 1314 4679 Scythico
1343 4607 1511 4664 Canai
1559 4607 1870 4679 formasque

282 4689 427 4763 ipsas
454 4690 572 4752 Nilo
599 4695 969 4766 praeferentes.
997 4696 1059 4753 Ei
1093 4698 1302 4769 gratias
1324 4697 1630 4765 referimus,
1653 4698 1745 4769 qui
1773 4713 1871 4755 no-

354 4862 381 4892 ι
417 4851 478 4908 In
500 4853 828 4927 bibliotheca
867 4855 1056 4914 Sancti
1093 4857 1230 4913 Galli
1277 4857 1492 4915 libellus
1530 4856 1684 4927 cujus
1728 4856 1871 4927 frag-

283 4931 468 4998 menta
483 4923 674 4998 damus
696 4936 880 4998 exstat
903 4943 1026 4983 cum
1047 4929 1150 4998 hoc
1173 4928 1364 4998 titulo:
1400 4923 1621 4984 Orditur
1650 4923 1872 4998 epistola

283 4990 584 5067 Ermenrici
625 4996 848 5067 episcopi
888 4999 956 5052 ad
986 4997 1238 5053 damnum
1268 4990 1865 5053 Grimoldum‘alibatcm

282 5069 330 5116 et
374 5064 874 5140 archicapeltanu'm.
928 5067 1109 5125 Codex
1159 5069 1397 5125 auctoris
1437 5077 1596 5124 aetate
1634 5070 1868 5140 scriptus

284 5133 477 5212 est,__id
505 5133 599 5190 est
615 5136 682 5191 ab
707 5138 863 5212 annis
885 5141 1213 5212 octingentis
1239 5159 1256 5212 :7
1277 5155 1385 5212 quo
1410 5148 1655 5212 tempore
1681 5133 1868 5194 Sa'ncti

283 5199 424 5279 galli
450 5208 782 5279 monasterio
803 5199 1384 5279 pmemthrimold'us,
1409 5209 1502 5279 qui
1523 5199 1666 5265 illius
1685 5222 1870 5264 coeno-

387 5275 627 5354 regimen
654 5278 780 5354 iniit
804 5271 952 5334 anno
978 5280 1104 5346 8H,
1136 5290 1274 5337 teste
1300 5271 1640 5335 Ekkéhardo.
1673 5279 1868 5334 Libelli

286 5345 477 5421 titulus
501 5348 781 5421 primaria
818 5366 978 5406 manu
1026 5345 1282 5408 exaratus
1315 5362 1398 5407 est
1433 5360 1868 5421 praeternomen

284 5415 539 5540 Episcopi,
557 5421 871 5477 secundaria
891 5461 906 5487 ,
948 5423 1042 5478 sed
1065 5422 1284 5493 antiqua
1302 5462 1318 5490 ,
1347 5415 1509 5477 manu
1549 5421 1864 5490 ascriptum.

335 5488 638 5540 rmenricus
679 5492 770 5540 hic
805 5492 905 5540 fuit
936 5489 1232 5540 m'nnachns
1265 5493 1578 5540 Anaiensis-
1625 5492 1762 5540 alius
1801 5490 1864 5540 ab

335 5488 638 5559 rmenricus
679 5492 770 5547 hic
803 5492 905 5547 fuit
936 5488 1232 5548 monachus
1261 5488 1578 5559 A’ugiensis,
1625 5488 1762 5548 alius
1801 5490 1867 5546 ab

288 5555 608 5634 Ermenrico
633 5564 898 5634 monacho
921 5563 1311 5634 Elewangensi.
1335 5555 1504 5620 Porro
1524 5555 1591 5618 ex
1611 5563 1696 5618 his
1717 5562 1865 5634 frag-

290 5630 659 5706 menti_s_inter
685 5633 800 5706 alia
819 5630 1190 5706 intelligimus,
1224 5635 1594 5706 Walafredum
1633 5630 1868 5706 Arugien-

287 5711 409 5773 sem
427 5700 699 5770 abbatem,
720 5704 872 5772 cujus
891 5700 1036 5760 mors
1055 5706 1109 5759 in
1132 5721 1330 5760 annum
1352 5706 1454 5762 849
1469 5720 1536 5760 ex
1553 5700 1866 5773 Hepidanno

287 5777 344 5848 et
364 5769 672 5848 llermanno
692 5769 902 5848 incidit,
923 5776 1121 5848 obiisse
1146 5775 1506 5848 in_legatione,
1529 5769 1690 5848 qua—In
1707 5772 1866 5843 jussu

287 5837 547 5897 Ludovici
586 5837 898 5918 Germania—
917 5847 1058 5918 regis
1091 5849 1158 5903 ad
1184 5837 1435 5903 Carolum
1469 5837 1586 5918 ejus
1617 5837 1860 5911 fratrem,

288 5925 648 5989 Cognomeuto
672 5916 929 5994 Calvum,
955 5916 1284 5996 susceperat.
1311 5917 1369 5979 ln
1397 5916 1654 5999 praedicto
1680 5918 1867 5980 codice

1972 3134 2250 3206 sapientiae
2271 3135 2451 3191 decus.
2481 3135 2690 3207 Quippe
2714 3137 2835 3192 aliis
2860 3138 3070 3207 sophia,
3096 3146 3155 3193 ut
3202 3138 3407 3194 dictum
3460 3149 3564 3204 est,

1970 3224 2166 3297 impar,
2195 3239 2297 3280 avo
2327 3232 2539 3280 tantum
2565 3235 2719 3296 parte
2740 3242 2967 3284 censore
2994 3226 3272 3297 judicatus
3300 3244 3316 3283 :
3373 3238 3564 3300 quate-

1969 3331 2074 3371 nus
2108 3330 2175 3371 eo
2205 3317 2492 3386 superstite
2518 3317 2743 3384 habeas,
2778 3321 2921 3376 unde
2948 3319 3225 3392 ingenium
3271 3321 3563 3392 grandaeva

1964 3405 2080 3478 jam
2108 3408 2260 3464 senio
2280 3407 2482 3466 fessum
2505 3425 2762 3478 exacuas,
2788 3418 2844 3466 et
2863 3425 2960 3466 seu
2988 3409 3241 3467 Carolum
3287 3410 3554 3482 optimum

1971 3517 2085 3575 prae
2103 3501 2275 3559 oculis
2310 3503 2496 3570 habes,
2524 3503 2601 3558 nil
2632 3504 2705 3561 sit
2726 3503 2815 3560 vel
2857 3504 3001 3576 quod
3029 3503 3234 3572 doleas,
3275 3504 3364 3560 vel
3396 3503 3566 3576 perti-

1972 3609 2204 3650 mescas.
2229 3593 2336 3650 Sed
2357 3597 2473 3651 haec
2498 3593 2665 3650 latius
2694 3595 2848 3652 alias.

2047 3687 2336 3753 Caeterum,
2360 3688 2435 3742 mi
2464 3688 2786 3745 charissima
2813 3688 3109 3756 didascale,
3139 3702 3210 3744 ne
3236 3702 3326 3744 me
3352 3687 3565 3759 longius

1976 3775 2045 3831 ab
2065 3775 2300 3846 incoepta
2326 3776 2415 3830 via
2439 3792 2717 3848 egressum
2762 3777 3035 3849 objurges,
3058 3779 3224 3834 redeo
3252 3779 3471 3834 demum
3498 3781 3567 3836 ad

1975 3867 2028 3923 id
2053 3909 2068 3934 ,
2097 3882 2208 3939 quo
2231 3883 2423 3924 omnes
2450 3869 2683 3926 virtutes
2711 3877 2980 3941 spectant,
3021 3871 3125 3926 hoc
3149 3879 3254 3938 est,
3285 3879 3346 3927 ut
3389 3872 3567 3943 primo

1974 3961 2260 4031 diligamus
2288 3963 2455 4018 Deum
2486 3972 2542 4019 et
2562 3963 2850 4020 Dominum
2873 3973 3122 4022 nostrum
3143 3980 3212 4022 ex
3239 3973 3355 4021 toto
3379 3963 3563 4031 corde,

1972 4062 2028 4110 et
2048 4067 2114 4108 ex
2139 4063 2254 4110 tota
2279 4055 2478 4122 anima,
2510 4063 2567 4112 et
2587 4071 2655 4112 ex
2677 4065 2789 4113 tota
2818 4066 3033 4125 mente,
3073 4057 3170 4129 qui
3221 4066 3309 4114 est
3361 4066 3565 4114 aeterna

1970 4145 2340 4218 pulchritudo,
2367 4156 2570 4204 aeterna
2600 4149 2850 4218 dulcedo,
2878 4159 3080 4208 :eterna
3112 4152 3374 4218 suavitas,
3403 4161 3564 4207 aeter-

1972 4253 2044 4293 na
2073 4237 2392 4310 fragrantia,
2419 4249 2622 4296 aeterna
2642 4240 2977 4312 iucunditas,
3026 4252 3319 4315 perpetuus
3367 4245 3562 4310 honor,

1971 4328 2290 4386 indeﬁciens
2320 4329 2570 4389 felicitas.
2618 4332 2754 4390 Dein
2783 4333 3064 4406 diligamus
3107 4336 3386 4407 proximos
3435 4350 3562 4392 nos-

1975 4428 2087 4480 tros
2112 4430 2368 4494 tanquam
2390 4438 2490 4480 nos
2519 4424 2684 4496 ipsos.

2044 4513 2238 4572 Postea
2265 4525 2452 4572 auctor
2471 4518 2580 4588 agit
2605 4518 2668 4573 de
2682 4519 2860 4573 anima
2885 4527 2934 4574 et
2949 4520 3151 4574 ratione
3170 4536 3190 4584 ;
3212 4528 3321 4574 tum
3341 4517 3513 4573 subdit
3540 4533 3560 4572 :

1971 4607 2100 4666 Haec
2130 4609 2368 4676 idcirco,
2418 4609 2485 4665 de
2511 4609 2705 4666 animae
2749 4619 2893 4666 statu
2949 4610 3034 4666 vel
3080 4611 3408 4677 substantia,
3447 4619 3560 4664 tam

1969 4685 2322 4774 late’protuli,
2348 4710 2410 4758 ut
2435 4702 2610 4759 sciant
2635 4701 2894 4774 legentes,
2924 4703 3016 4774 qui
3049 4717 3108 4759 se
3137 4703 3306 4758 Deum
3336 4701 3559 4773 diligere

1971 4854 2124 4909 deest
2155 4853 2400 4918 libellus,
2447 4868 2608 4918 quem
2650 4855 2715 4909 de
2752 4855 3058 4918 ἕησωρείοηε
3099 4857 3413 4913 monasterii
3443 4855 3556 4910 Au-

1971 4924 2206 4994 giensis,
2239 4932 2295 4980 et
2335 4923 2401 4978 de
2433 4923 2554 4979 Vita
2595 4923 2839 4993 ejusdem
2875 4923 2977 4982 loci
3007 4929 3395 4984 monachorum
3423 4943 3454 4982 a
3497 4942 3556 4983 se

1973 4995 2243 5121 scriptum.
2256 4995 2603 5120 Eit'menricus
2623 4995 2722 5052 sub
2739 4995 2901 5052 ﬁnem
2924 4998 3265 5068 superiorum
3287 4998 3558 5068 fragmen-

1997 5079 2153 5120 orum
2231 5082 2302 5120 m
2336 5104 2350 5118 .
3369 5109 3373 5113 .

1973 5073 2153 5120 torum
2193 5065 2350 5120 dixit.
2990 5065 3007 5068 “
3369 5109 3373 5113 .

2044 5135 2312 5191 Homerus
2347 5144 2538 5206 poeta,
2577 5137 2730 5204 cujus
2770 5137 2973 5194 mentio
3012 5137 3074 5192 ﬁt
3107 5138 3210 5195 sub
3240 5140 3434 5206 ﬁnem,
3472 5147 3558 5193 est

1971 5206 2285 5278 Grimaldus
2306 5207 2580 5278 magister,
2603 5207 3050 5278 cuii'Watafridus
3077 5207 3306 5268 Strabus
3335 5223 3557 5267 carmen

1971 5278 2241 5352 quoddam
2275 5277 2556 5344 inscribit,
2577 5277 2650 5352 de
2669 5277 2942 5352 Grimaldo
2967 5282 3242 5352 magistro,
3274 5295 3434 5352 quem
3458 5293 3558 5348 p0-

1972 5345 2088 5403 stea
2117 5345 2408 5404 Homerum
2438 5347 2677 5419 appellat
2705 5350 2790 5404 his
2813 5351 2993 5406 verbis
3018 5369 3033 5406 :

2105 5484 2331 5550 Quamvis
2353 5486 2525 5536 subter
2545 5498 2662 5550 agas
2684 5499 2860 5548 regum
2881 5487 3117 5540 tabularia
3141 5491 3304 5547 vitam,

2095 5547 2199 5612 Eon
2224 5554 2276 5598 te
2302 5556 2564 5610 przetereo,
2580 5547 2899 5612 specubusne
2923 5550 3118 5612 latebis,
3139 5551 3374 5602 Homero.

2094 5609 2212 5674 {Novi
2235 5609 2442 5674 namque
2467 5609 2641 5674 Sicana
2665 5613 2756 5662 tibi
2779 5611 2947 5674 spelea
2972 5609 3186 5674 placere,

2093 5671 2236 5722 Solus
2261 5672 2341 5720 ubi
2366 5675 2553 5724 mensis
2576 5671 2820 5724 Musarum
2845 5683 2896 5724 et
2918 5671 3086 5724 amore
3108 5672 3300 5725 fruaris.

1892 5757 2158 5848 DItaque
2207 5777 2345 5832 alius
2392 5777 2493 5832 fuit
2533 5779 2800 5834 Homerus
2849 5779 2950 5849 iste
2998 5777 3314 5849 Angilberto
3359 5776 3558 5849 abbate

1972 5847 2304 5923 Centulens‘i,
2332 5850 2418 5903 cui
2438 5850 2542 5923 hoc
2568 5865 2763 5923 nomen
2793 5847 3228 5923 ascriptum—est:
3258 5849 3400 5912 alius
3423 5848 3556 5910 item

1973 5936 2004 5980 a
2031 5919 2311 5980 Grimaldo
2343 5919 2796 5994 archicapellauo.
