4032 6450
480 362 548 419 27
1551 360 1929 419 caussam
1966 358 2273 419 nomen!
2311 358 2675 445 AUGIENSIS

3678 374 3753 446 93.

481 477 822 549 proﬁtentur,
857 476 1000 546 quod
1030 477 1103 532 ita
1137 490 1258 532 eum
1287 475 1508 545 diligere
1556 477 1751 533 debent
1805 476 1966 530 veluti
2000 483 2055 529 tu
2082 479 2135 538 Α
2160 474 2277 529 sine
2303 474 2465 530 dubio
2493 476 2821 532 domicilium
2863 478 3142 549 proprium
3172 479 3353 549 habet,
3380 496 3504 553 qua:
3524 473 3629 541 etsi
3650 503 3752 558 pro

479 569 679 640 diligis,
705 584 769 624 ex
797 576 906 624 tota
942 570 1186 625 videlicet
1216 569 1413 634 anima,
1444 570 1497 624 id
1542 578 1623 625 est
1653 585 1773 624 cum
1824 572 2053 634 ratione,

478 670 535 715 et.
561 676 683 715 cum
713 660 966 717 omnibus
987 660 1234 716 sensibus
1261 659 1398 724 suis,
1430 659 1533 714 ﬁde
1549 659 1726 724 ﬁrma,
1764 676 1859 730 spe
1883 668 2053 721 certa,

477 751 745 806 charitate
773 750 1011 821 perfecta
1035 767 1051 816 ;
1079 750 1306 805 credens
1326 747 1381 804 in
1406 765 1551 815 eum,
1581 764 1805 820 sperans
1836 750 1889 804 in
1908 764 2053 814 eum,

476 841 703 911 diligens
731 857 853 896 eum
881 856 912 895 a
946 856 1053 911 quo
1099 840 1309 907 omnia,
1340 840 1394 894 in
1440 856 1547 910 quo
1595 841 1796 907 omnia,
1856 850 1912 897 et
1958 855 2057 912 per

474 947 634 1001 quem
665 932 846 987 omnia
866 914 1173 1003 suutbona,
1202 939 1360 999 atque
1391 931 1785 1000 permanentia.

544 1043 626 1099 Ob
652 1042 805 1112 cujus
827 1057 1091 1104 amorem,
1124 1042 1249 1097 licet
1275 1043 1460 1097 habitu
1485 1044 1715 1108 litereas,
1762 1044 1943 1099 animo
1968 1052 2051 1099 ta-

472 1151 595 1190 men
631 1135 841 1204 spernis
868 1148 1107 1203 praesens
1131 1133 1411 1199 saeculum,
1466 1135 1688 1204 cupiens
1737 1135 1959 1191 dissolvi
1999 1142 2055 1191 et

471 1238 591 1279 esse
611 1240 733 1278 cum
756 1223 972 1278 Christo
1004 1241 1016 1278 :
1050 1232 1267 1278 terrena
1291 1234 1455 1293 atque
1511 1226 1824 1297 temporalia
1883 1227 2053 1299 magis

469 1331 633 1386 agens
657 1331 723 1371 ex
745 1315 948 1381 debito,
975 1330 1136 1384 quam
1176 1330 1243 1369 ex
1283 1316 1617 1381 intentione;
1666 1319 2053 1373 misericordiae

468 1406 725 1475 operibus
754 1405 988 1471 deditus,
1039 1406 1405 1475 hospitalitate
1426 1408 1749 1477 praecipuus,
1798 1409 1891 1463 Dei
1940 1424 2053 1464 ser-

467 1498 600 1551 vitio
625 1498 881 1561 intentus,
915 1513 1075 1552 omne
1101 1500 1242 1567 quod
1268 1499 1334 1553 ad
1377 1499 1605 1564 cultum,
1627 1499 1710 1553 vel
1748 1501 1813 1554 ad
1838 1501 2053 1571 religio-

467 1603 593 1643 nem
616 1588 811 1644 divina:
839 1590 1057 1658 pietatis
1097 1589 1354 1659 pertinet,
1382 1591 1526 1660 quod
1564 1590 1738 1651 Graeci
1764 1594 2051 1650 θεοσεϐείαν

468 1686 687 1747 vocant,
717 1695 1058 1750 summopere
1083 1680 1234 1737 colis.
1264 1680 1587 1737 Sacerdotes
1611 1681 1815 1739 Christi
1848 1684 2046 1755 diligis,

468 1786 703 1842 vasaque
753 1786 1030 1827 sacrarum
1063 1771 1257 1826 mdium
1282 1782 1579 1838 restanras,
1611 1774 1937 1828 monasteria
1968 1774 2049 1828 vi-

2158 576 2403 636 tempore
2424 568 2698 637 aliquanto
2726 570 2781 624 in
2809 571 2929 627 aliis
2955 573 3089 629 locis
3120 582 3459 647 commorata
3480 577 3669 646 fuerit,
3692 589 3753 638 et

2157 657 2516 726 particulatim
2541 675 2599 714 se
2619 660 2692 715 ibi
2717 664 3035 730 ostenderit,
3057 666 3148 721 hic
3183 675 3361 725 tamen
3386 683 3603 740 semper
3620 687 3752 730 cum

2159 747 2265 803 ﬁlia
2296 756 2352 804 et
2379 750 2629 806 ministra
2660 760 2771 808 tota
2802 756 3071 811 consistit.

2229 838 2337 895 Nec
2367 848 2450 896 est
2485 842 2887 900 adventantium
2923 845 3191 918 hospitum
3244 849 3403 917 ullus,
3436 854 3523 908 cui
3562 856 3632 911 ab
3662 856 3752 913 bis

2159 931 2332 993 tribus
2366 949 2472 989 non
2506 946 2844 993 occurratur.
2876 937 3016 999 Sunt
3058 941 3201 1007 enim
3235 940 3439 1013 jugiter
3479 946 3641 1002 simul
3667 948 3750 1003 in-

2157 1026 2525 1096 dissolubiles,
2573 1038 2636 1085 ut
2678 1030 2947 1088 funiculus
2994 1036 3223 1105 triplex,
3264 1046 3319 1091 et
3369 1037 3512 1093 inter
3558 1054 3752 1099 omnes

2156 1132 2389 1188 sparsae,
2422 1120 2648 1193 integrae
2689 1131 2869 1178 tamen
2907 1141 3075 1179 unum
3101 1127 3351 1182 omnibus
3383 1129 3752 1186 ministerium

2155 1210 2412 1283 praebent.
2463 1215 2509 1266 A
2549 1212 2704 1283 cujus
2745 1215 2950 1269 scilicet
2987 1218 3271 1273 charitatis
3310 1219 3566 1275 uberibus
3601 1223 3750 1277 suxit

2156 1300 2385 1357 domnus
2426 1303 2770 1374 Engilpertus
2804 1306 3143 1377 largitatem,
3180 1318 3235 1363 et
3280 1310 3750 1379 ingeniosissimus

2155 1389 2479 1449 Herimodus
2515 1395 2902 1467 benignitatem
2937 1418 2950 1452 :
2992 1402 3151 1455 ambo
3182 1408 3288 1459 tam
3320 1402 3430 1457 Deo
3461 1420 3621 1472 quam
3650 1406 3749 1460 ho-

2154 1480 2389 1553 minibus
2409 1484 2733 1554 dignissimi,
2760 1487 2851 1542 tibi
2869 1489 3036 1543 etiam
3058 1492 3274 1546 domino
3296 1494 3621 1549 charissima
3644 1512 3749 1565 per

2152 1574 2333 1628 omnia
2377 1574 2711 1643 ﬁdelissimi,
2752 1595 2851 1634 ceu
2891 1596 3052 1636 aurea
3094 1583 3416 1638 candelabra
3454 1585 3639 1641 lucent
3689 1586 3747 1643 in

2153 1664 2314 1720 domo
2345 1674 2434 1721 tua
2464 1676 2590 1723 ante
2618 1668 2805 1724 Deum.
2838 1671 2948 1726 Nec
2975 1682 3134 1729 nocet
3168 1675 3210 1730 si
3247 1675 3407 1731 unius
3451 1677 3541 1732 lux
3584 1677 3749 1749 paulo

2153 1754 2448 1819 ferventius
2475 1762 2657 1828 ardet,
2686 1763 2911 1820 alterius
2937 1782 3066 1823 vero
3096 1768 3292 1835 lenius,
3322 1778 3375 1824 et
3401 1772 3469 1826 ob
3503 1773 3605 1827 hoc
3630 1773 3747 1828 lon-

466 1865 619 1927 sitas,
661 1877 726 1917 ac
751 1863 965 1917 visitata
993 1872 1221 1933 paterno
1249 1863 1442 1919 alfcctu
1472 1865 1734 1941 disponis,
1773 1875 1826 1919 et
1865 1881 2049 1936 aequa-
2078 1847 2127 1907 B
2154 1849 2275 1941 gius
2302 1867 2315 1903 :
2344 1866 2472 1941 cum
2508 1860 2796 1924 utrumque
2826 1858 3064 1926 placeat,
3097 1868 3151 1914 et
3176 1861 3365 1916 botrus
3392 1862 3483 1932 qui
3511 1879 3539 1915 a
3565 1863 3749 1920 calore

464 1955 704 2019 nimiter,
734 1954 909 2023 siqua
937 1954 1142 2008 suntin
1183 1955 1262 2010 eis
1310 1956 1580 2021 anomala,
1625 1957 1830 2028 dirigis,
1888 1967 2050 2027 atque

463 2047 530 2098 ad
559 2053 758 2099 statum
788 2044 1058 2113 :equitatis
1091 2044 1362 2113 perducis.
1406 2044 1472 2098 Et
1518 2054 1738 2117 propter
1773 2062 1932 2117 quem
1968 2046 2052 2102 vel

464 2143 686 2205 propter
712 2133 840 2205 quid
872 2134 986 2187 haec
1016 2133 1131 2203 agis
1152 2173 1166 2198 ,
1192 2131 1293 2187 nisi
1318 2140 1538 2204 propter
1578 2134 1744 2188 Deum
1787 2151 1947 2206 quem
1971 2136 2051 2190 di-

466 2226 610 2296 ligis,
641 2235 695 2281 et
728 2235 951 2297 propter
974 2226 1280 2296 proximum
1325 2242 1484 2295 quem
1510 2227 1578 2280 ita
1610 2227 1786 2299 diligis
1816 2237 1874 2282 ut
1899 2237 1948 2283 te
1972 2230 2051 2299 ip-

466 2333 605 2382 sum,
630 2333 695 2372 ac
739 2317 1007 2371 interdum
1034 2317 1318 2388 plusquam
1351 2325 1402 2373 te
1451 2319 1668 2389 ipsum?
1696 2320 1881 2375 Nonne
1927 2338 2050 2375 cum

469 2408 650 2463 cibum
678 2407 761 2463 vel
782 2416 987 2462 vestem
1018 2406 1114 2462 tibi
1142 2408 1439 2475 subtrahis,
1471 2419 1524 2462 et
1547 2409 1801 2479 indigenti
1836 2409 2047 2476 tribuis,

467 2499 800 2570 indigentem
833 2499 1141 2570 proximum
1173 2498 1457 2569 plusquam
1491 2505 1543 2552 te
1578 2498 1751 2567 ipsum
1778 2497 1955 2552 colis?
1984 2500 2050 2553 Et

465 2602 526 2647 ut
583 2594 677 2648 tibi
743 2603 964 2664 pernota
1017 2592 1323 2647 incutiam:
1372 2572 1634 2663 eccekpro
1692 2591 2049 2647 invictissime

460 2700 587 2754 rege
620 2692 807 2739 nostro
834 2691 956 2755 post
986 2682 1178 2749 Deum,
1223 2690 1477 2752 tanquam
1503 2698 1600 2752 pro
1638 2684 1815 2753 capite
1840 2693 2046 2750 nostro,

456 2775 615 2843 eique
641 2774 963 2828 charissima
989 2772 1206 2827 laterali
1232 2783 1408 2840 costa,
1430 2783 1591 2843 atque
1619 2789 1717 2844 pro
1750 2782 1858 2829 tota
1889 2774 2050 2829 simul

458 2868 611 2939 prole
658 2868 780 2923 inde
832 2868 1175 2939 procedente,
1228 2868 1447 2936 quantis
1466 2867 1717 2938 precibus
1759 2868 2046 2935 incumbis,

462 2970 800 3031 quantasque
834 2960 1049 3031 vigilias
1094 2961 1332 3030 pateris,
1379 2970 1510 3033 quot
1559 2961 1752 3027 itinera
1800 2961 2045 3028 conﬁcis,

461 3060 771 3121 quantaque
802 3051 929 3106 hinc
958 3060 1013 3105 et
1065 3052 1189 3106 inde
1237 3052 1292 3107 in
1314 3068 1601 3107 commune
1635 3053 1824 3125 vulgus
1849 3070 2049 3129 expen-

457 3146 575 3201 dis?
602 3144 879 3211 Ambulas,
906 3145 1101 3211 curris,
1134 3147 1188 3200 in
1240 3146 1510 3201 montibus
1555 3155 1789 3215 reptans,
1827 3147 1880 3201 in
1943 3145 2041 3201 llu-

457 3238 695 3293 minibus
726 3246 955 3305 natans;
986 3238 1150 3293 silvas
1179 3238 1500 3308 pertransis,
1525 3247 1580 3293 et
1600 3239 1796 3293 volitas
1819 3238 1873 3292 in
1898 3254 2046 3294 cam-

453 3329 536 3399 pis
557 3347 568 3383 :
593 3344 694 3385 nec
723 3337 809 3405 est
831 3326 944 3399 jam
974 3328 1059 3384 his
1090 3328 1242 3383 labor
1268 3328 1541 3399 diligentis
1568 3328 1769 3395 animo,
1800 3327 1928 3399 quia
1968 3328 2048 3381 la-

452 3424 553 3479 bor
581 3423 723 3493 parit
749 3423 1090 3495 patientiam,
1118 3423 1378 3495 patientia
1403 3422 1766 3490 tolerantiam,
1820 3424 2050 3480 toleran-

454 3516 528 3568 tia
561 3506 935 3570 assiduitatem
956 3554 972 3581 ,
1004 3514 1294 3569 assiduitas
1324 3520 1502 3568 autem
1535 3515 1754 3570 adducit
1799 3516 2046 3571 charita-

454 3616 585 3663 tem.
679 3650 685 3659 .
856 3672 860 3677 ‘
996 3652 1005 3661 .
1536 3604 1539 3605 ⁷

529 3697 660 3753 Tum
688 3696 853 3754 multa
881 3699 1033 3771 ajfert
1072 3700 1136 3754 de
1176 3700 1451 3755 dilectione
1487 3702 1732 3771 proximi,
1762 3703 1951 3758 deinde
1982 3703 2046 3760 de

450 3800 680 3863 quatuor
692 3791 968 3845 virtutibus
984 3792 1361 3858 cardinalibus,
1377 3804 1421 3847 et
1435 3793 2049 3850 intellectualibus.Post—-

453 3885 667 3939 modum
693 3883 959 3937 descendit
973 3884 1040 3935 ad
1056 3886 1499 3953 grammaticalia,
1517 3903 1577 3939 ac
1598 3886 1803 3939 demum
1828 3888 1959 3941 redit
1975 3888 2044 3942 ad

451 3971 675 4027 moralia
697 3971 761 4025 de
780 3971 1078 4037 dilectione,
1104 3973 1167 4025 de
1189 3973 1387 4040 anima,
1411 3975 1476 4028 de
1503 3975 1882 4046 redemptione;
1906 3989 1951 4033 et
1975 3979 2043 4034 ad

450 4062 658 4115 laudem
702 4062 864 4131 ipsius
893 4056 1189 4116 Grimoaldi
1222 4065 1555 4133 postmodum
1577 4068 1688 4122 Ita'c
1709 4070 1883 4128 subdit
1915 4085 1934 4124 :
1964 4073 2046 4129 Ac

450 4171 519 4211 nc
549 4171 633 4210 me
661 4156 714 4210 in
736 4156 823 4211 his
846 4155 1097 4213 laudibus
1127 4159 1463 4229 bypocritam
1488 4162 1708 4228 sentias,
1745 4164 1919 4220 dicam
1944 4167 2043 4222 tibi

451 4245 655 4315 absque
678 4244 799 4302 fuco
828 4246 1211 4315 simulationis,
1238 4251 1388 4320 quia,
1416 4261 1577 4320 prout
1599 4254 1757 4320 nosti,
1786 4256 2039 4313 bealissi-
2088 4240 2089 4243 η

448 4352 537 4391 mo
562 4346 893 4408 praeceptore
932 4354 1053 4393 meo
1073 4338 1421 4396 Walahfredo
1457 4359 1556 4413 pro
1600 4360 1860 4418 responso
1908 4364 2041 4419 quo-

448 4429 574 4483 dam
601 4430 782 4485 domni
827 4431 970 4502 regis
999 4431 1066 4485 ad
1090 4431 1338 4487 Carolum
1371 4450 1687 4506 germanum
1711 4454 1867 4493 suum
1912 4434 2059 4510 per?

446 4529 626 4589 gente,
660 4521 844 4594 ibique
895 4522 1171 4590 defuncto,
1203 4525 1419 4580 interim
1456 4542 1564 4597 quo
1595 4545 1715 4583 eum
1748 4531 1869 4586 inde
1911 4544 2059 4600 spe-_

449 4610 608 4666 rabas
634 4610 958 4668 incolumem
1000 4629 1362 4681 reversurum,
1388 4616 1596 4685 jussisti
1644 4636 1729 4674 me
1759 4621 1824 4675 de
1857 4619 2033 4673 Anva-

445 4699 596 4753 vensi
633 4700 985 4767 monasterio,
1018 4702 1085 4756 ad
1118 4705 1503 4759 monasterium
1529 4704 1587 4760 S.
1625 4704 1763 4761 Galli
1786 4722 2030 4763 commo-

445 4789 637 4855 randi,
666 4798 722 4845 et
764 4790 1007 4859 discendi
1041 4793 1217 4865 gratia
1262 4796 1553 4866 proﬁcisci,
1589 4798 1769 4869 ibique
1790 4816 1820 4855 a
1850 4799 2034 4857 fratri-

443 4884 545 4939 bus
569 4884 868 4941 honoriﬁce
886 4895 1162 4956 receptum
1186 4888 1499 4959 aliquandiu
1513 4894 1858 4960 commorari,
1884 4896 2032 4965 quod

442 4984 497 5031 et
521 4974 624 5030 feci
643 4976 797 5048 juxta
822 4989 1152 5051 praeceptum
1191 4977 1539 5053 benignitatis
1586 4995 1802 5040 vestrae.
1827 4986 2030 5042 Navem

442 5069 759 5135 conscendi,
790 5077 953 5141 atque
980 5071 1108 5129 illuc
1136 5088 1257 5129 cum
1301 5074 1451 5129 omni
1488 5076 1863 5145 prosperitate,
1917 5075 2028 5132 Deo

442 5162 798 5233 gubernante,
845 5165 1089 5233 perveni,
1138 5173 1427 5236 tantasque
1461 5168 1690 5223 virtutes
1737 5166 1789 5222 in
1835 5168 2028 5222 iisdem

443 5254 708 5311 fratribus
735 5259 1010 5329 conspexi,
1041 5268 1100 5314 ut
1129 5261 1216 5315 vix
1248 5261 1389 5325 illas,
1422 5277 1490 5315 ne
1515 5261 1662 5316 dicas
1686 5273 1793 5325 me,
1817 5261 1911 5319 sed
1936 5277 2030 5316 ne-

441 5363 546 5416 que
578 5348 939 5419 Pythagoram
988 5353 1054 5407 de
1098 5351 1262 5409 Samo
1310 5368 1586 5423 egressum
1623 5360 1805 5422 putem
1851 5353 2027 5423 eloqui

440 5452 619 5508 posse.
660 5440 811 5497 Alius
834 5443 983 5499 enim
1006 5444 1114 5498 alio
1139 5444 1414 5509 humilior,
1442 5454 1497 5499 et
1525 5444 1816 5513 patientior
1872 5445 2023 5525 inve-

442 5531 608 5596 nitur,
631 5548 732 5589 nec
753 5543 838 5589 est
871 5534 1021 5591 zelus
1060 5549 1275 5590 amarus
1298 5537 1440 5590 inter
1465 5551 1577 5603 eos,
1610 5536 1692 5591 vel
1728 5536 1942 5592 invidia:
1963 5537 2027 5591 li-

440 5637 539 5675 vor
564 5636 579 5676 :
616 5625 711 5679 sed
744 5625 856 5681 sola
876 5627 1117 5682 ebaritas
1138 5626 1207 5681 ibi
1231 5627 1588 5697 principatur,
1627 5637 1681 5683 et
1704 5630 1913 5700 justitia
1935 5644 2022 5685 re-

441 5722 591 5787 gnat.
624 5714 690 5769 Et
704 5716 784 5772 sic
811 5717 1048 5772 Charitas
1075 5724 1251 5771 mater
1290 5727 1373 5772 est
1396 5720 1677 5785 virtutum,
1710 5729 1765 5775 et
1793 5737 2022 5777 concor-

442 5804 663 5865 diatilia
688 5807 824 5881 ejus,
860 5822 929 5864 ac
967 5808 1284 5885 simplicitas
1327 5825 1517 5868 earum
1570 5811 1862 5884 pedisequa
1914 5814 2027 5871 illic

2153 1939 2283 1993 solis
2308 1940 2466 1996 citius
2488 1982 2502 2007 ,
2544 1953 2599 1997 et
2624 1945 2715 2012 qui
2748 1961 2869 2001 sero
2898 1951 3248 2016 maturescit;
3280 1960 3335 2005 et
3361 1966 3533 2021 equus
3564 1954 3743 2021 velox,

2153 2039 2208 2085 et
2236 2032 2326 2100 qui
2358 2034 2739 2104 pedetemptim
2779 2038 3051 2105 ambulat,
3083 2055 3234 2111 aeque
3266 2041 3511 2095 laudatur
3539 2043 3606 2097 ab
3632 2044 3741 2110 his,

2152 2122 2242 2191 qui
2268 2122 2534 2177 interdum
2550 2123 2725 2193 hujus,
2744 2126 3012 2183 interdum
3034 2145 3161 2185 vero
3180 2130 3320 2186 illius
3341 2132 3594 2200 utilitate,
3619 2149 3744 2203 pro-

2152 2220 2211 2266 ut
2241 2230 2327 2269 res
2353 2214 2534 2280 liceat,
2566 2226 2812 2271 utuntur.

2223 2304 2463 2375 Longum
2519 2316 2601 2361 est
2653 2323 2783 2364 sane
2823 2326 2921 2381 per
2967 2311 3204 2383 singulos
3242 2317 3561 2376 nominatim
3611 2324 3749 2382 velle

2152 2396 2481 2462 discurrere,
2513 2409 2742 2469 quantos
2761 2444 2775 2466 ,
2804 2402 3100 2473 qualesque
3129 2407 3222 2461 Dei
3252 2406 3484 2467 famulos
3518 2415 3570 2469 in
3598 2417 3747 2474 omni

2152 2495 2267 2541 arte
2292 2496 2346 2541 et
2369 2488 2629 2544 virtutum
2653 2500 2936 2547 stemmate
2963 2495 3241 2552 redimitos
3266 2497 3338 2554 ibi
3359 2501 3611 2558 viderim.
3638 2506 3748 2563 Sed

2151 2598 2325 2650 neque
2352 2582 2405 2637 in
2427 2583 2671 2640 mdiﬁciis
2698 2589 3076 2642 construendis
3097 2604 3163 2643 ex
3186 2593 3332 2646 omni
3357 2596 3606 2665 materia,
3636 2608 3749 2661 tam

2152 2674 2445 2729 industrios
2474 2675 2639 2742 viros,
2664 2677 2747 2730 vel
2774 2692 2897 2732 raro
2935 2694 3160 2749 usquam
3207 2685 3384 2753 reperi
3413 2686 3573 2743 sicuti
3602 2690 3741 2747 bene

2151 2766 2204 2820 in
2236 2767 2362 2821 nido
2384 2777 2630 2843 apparet,
2653 2770 2841 2839 quales
2863 2771 3108 2829 volucres
3129 2775 3202 2831 ibi
3222 2777 3545 2849 inhabitant.
3572 2784 3748 2844 Cerne

2148 2858 2429 2914 basilicam
2453 2869 2509 2914 et
2534 2862 2767 2916 caanobii
2799 2862 3121 2933 claustrum.
3147 2876 3202 2923 et
3226 2886 3332 2924 non
3359 2873 3573 2928 miraris
3599 2877 3746 2946 quod

2151 2952 2345 3006 refero.
2377 2951 2446 3006 Et
2473 2969 2541 3008 ne
2569 2954 2637 3008 de
2659 2955 2911 3011 omnibus
2933 2957 3145 3025 sileam,
3183 2961 3311 3029 quid
3338 2973 3421 3017 est
3453 2964 3743 3022 Uvinilxar-

2153 3052 2269 3109 tus,
2302 3043 2406 3099 nisi
2447 3043 2561 3115 ipse
2590 3045 2874 3102 Daedalus?
2911 3049 2995 3104 vel
3024 3052 3144 3121 quis
3173 3052 3443 3110 lsenricus
3464 3097 3477 3123 ,
3508 3058 3613 3114 nisi
3645 3059 3745 3114 Be-

2153 3137 2313 3191 selcel
2345 3139 2647 3194 secundus?
2678 3140 2730 3194 in
2758 3141 2914 3212 cujus
2940 3158 3101 3197 manu
3132 3154 3380 3201 versatur
3406 3164 3620 3220 semper
3643 3151 3745 3206 do-

2152 3229 2397 3296 labrum,
2424 3238 2652 3301 excepto
2688 3234 2904 3301 quando
2941 3242 3050 3289 stat
3087 3235 3153 3290 ad
3188 3236 3380 3293 altaris
3410 3241 3551 3299 sacri
3584 3241 3745 3297 mini-

2150 3323 2397 3379 sterium.
2436 3322 2611 3379 Tanta
2642 3326 2919 3383 humilitas
2954 3329 3008 3382 in
3040 3327 3121 3383 eis
3144 3337 3250 3395 est,
3282 3340 3341 3385 ut
3366 3339 3476 3385 tam
3511 3332 3743 3403 perfecti

2149 3414 2251 3468 viri
2304 3429 2411 3469 non
2457 3414 2818 3487 dedignentur
2866 3433 3000 3486 opus
3049 3418 3308 3472 rusticum
3351 3434 3448 3489 per
3490 3436 3548 3475 se
3592 3422 3741 3493 ipsos

2149 3507 2399 3575 actitare,
2427 3519 2717 3581 pensantes
2746 3510 3005 3583 scriptum
3038 3529 3050 3565 :
3082 3509 3398 3567 Humilitate
3420 3523 3741 3585 penetratur

2148 3600 2369 3667 coelum,
2397 3609 2453 3657 et
2478 3602 2741 3659 charitate
2768 3604 3083 3681 pervenitur
3110 3606 3176 3660 ad
3209 3623 3434 3678 regnum
3458 3609 3741 3685 sempiter-

2147 3707 2297 3745 num.
2328 3692 2467 3759 Quid
2493 3709 2784 3750 memorem
2811 3695 2878 3749 de
2909 3697 3108 3751 domno
3132 3697 3438 3768 Amalgero,
3476 3700 3529 3753 in
3561 3702 3740 3758 consi-

2146 3783 2233 3838 liis
2270 3785 2528 3855 provido,
2573 3794 2627 3839 et
2652 3785 3003 3840 universitate
3043 3800 3252 3839 morum
3290 3788 3577 3845 honestate
3603 3807 3741 3861 prte-

2148 3872 2335 3929 claro?
2377 3875 2434 3929 In
2476 3874 2656 3928 divino
2696 3883 2874 3928 autem
2914 3874 3063 3929 cultu
3104 3890 3266 3945 quam
3309 3878 3593 3950 religiosus
3633 3883 3732 3953 sit,

2142 3964 2375 4034 testatur
2400 3966 2570 4019 altare
2599 3981 2820 4021 aureum
2838 4006 2854 4031 ,
2884 3974 3013 4023 ante
3040 3969 3182 4038 quod
3207 3971 3393 4027 sedulo
3423 3975 3607 4042 sedet,
3635 3990 3735 4035 nec

2139 4056 2284 4125 jacet
2310 4073 2493 4112 orans.
2528 4056 2704 4112 Taceo
2734 4057 2799 4113 de
2828 4058 3028 4116 domno
3062 4058 3344 4133 Radgero,
3379 4065 3497 4122 viro
3532 4068 3735 4140 simpli-

2145 4148 2395 4213 cissimo,
2423 4162 2705 4218 usquequo
2734 4157 2957 4205 ventum
2990 4150 3153 4208 fuerit
3188 4156 3252 4210 ad
3288 4155 3409 4225 hoc,
3438 4173 3544 4227 quo
3570 4158 3732 4229 latius

2144 4242 2198 4297 id
2224 4242 2431 4296 valeam
2459 4257 2758 4312 exponere,
2799 4245 3034 4314 qualiter
3060 4249 3237 4303 omnis
3268 4253 3610 4323 congregatio
3639 4253 3731 4315 illa

2140 4347 2238 4402 per
2266 4340 2437 4387 totum
2479 4332 2617 4389 diem
2654 4334 2996 4393 laboraverat
3030 4338 3085 4393 in
3124 4356 3230 4394 una
3270 4341 3638 4399 columnarum
3665 4346 3730 4401 il-

2141 4424 2335 4491 larum,
2357 4442 2476 4496 quae
2510 4427 2565 4481 in
2589 4426 2815 4484 basilica
2836 4430 2948 4501 ipsa
2971 4431 3343 4489 circumstant.
3369 4433 3450 4490 Ad
3478 4435 3726 4492 ultimum

2141 4519 2390 4574 omnibus
2411 4518 2522 4590 ja'm
2554 4519 2733 4588 fessis,
2770 4539 2834 4579 ac
2868 4523 2993 4580 inde
3028 4527 3429 4595 secedentibus,
3458 4528 3603 4584 solus
3637 4528 3728 4587 ille
3798 4522 3801 4525 ⁷

2141 4612 2208 4667 ab
2243 4611 2478 4684 incoepto
2518 4629 2682 4684 opere
2720 4630 2827 4670 non
2867 4617 3125 4683 recessit;
3170 4617 3263 4672 sed
3309 4627 3487 4674 tamen
3525 4617 3727 4677 frustra

2140 4704 2400 4767 sudabat,
2433 4715 2719 4774 antequam
2752 4707 2805 4760 in
2847 4707 2963 4761 haec
2988 4706 3149 4762 verba
3176 4709 3454 4777 prorupit,
3486 4709 3672 4764 dicens
3705 4727 3720 4765 :

2140 4795 2340 4851 Sancte
2366 4794 2516 4849 Galle
2541 4834 2555 4859 ,
2586 4795 2728 4853 ﬁnde
2764 4796 2946 4862 illam,
2976 4796 3282 4868 mirumque
3320 4799 3377 4869 in
3414 4800 3632 4859 modum
3666 4801 3722 4857 in

2140 4887 2224 4942 bis
2252 4886 2432 4942 verbis
2467 4887 2786 4956 simpliciter
2813 4888 3005 4944 edictis
3046 4892 3199 4960 rupis
3232 4890 3379 4945 illius
3404 4890 3587 4947 moles
3625 4892 3727 4946 im-

2138 4994 2321 5034 mensa
2344 5020 2359 5044 ,
2396 4994 2494 5033 sua
2529 4989 2720 5050 sponte
2749 4979 2874 5036 inde
2905 4982 3032 5037 ﬁssa
3068 4984 3289 5048 enituit,
3317 4981 3461 5038 unde
3492 4993 3604 5041 tota
3633 4984 3723 5053 illa

2133 5070 2417 5127 multitudo
2445 5080 2569 5128 ante
2596 5072 2893 5137 laboravit,
2920 5081 2983 5129 ut
3006 5084 3194 5144 aperte
3221 5075 3442 5132 daretur
3473 5077 3735 5149 intelligi,

2131 5163 2272 5232 quod
2301 5163 2441 5220 hanc
2466 5164 2668 5220 findere
2693 5180 2800 5222 non
2826 5166 2979 5221 labor
3004 5166 3280 5223 hominum
3296 5207 3312 5232 ,
3344 5167 3441 5225 sed
3465 5168 3721 5225 meritum

2131 5254 2302 5309 sancti
2342 5252 2478 5310 Galli
2515 5256 2725 5326 potuit,
2765 5272 2885 5326 qua:
2918 5272 3017 5329 per
3058 5257 3452 5314 invocationem
3482 5258 3718 5317 nominis

2131 5344 2246 5414 ejus
2267 5346 2583 5417 simplicem,
2601 5357 2712 5403 tam
2736 5348 2889 5405 facile
2912 5350 3035 5405 ﬁssa
3060 5351 3326 5421 apparuit.
3344 5351 3413 5406 Et
3425 5351 3551 5423 quia
3573 5351 3717 5408 idem

2135 5439 2245 5507 ipse
2282 5437 2451 5495 frater
2492 5440 2740 5496 columna
2777 5442 3074 5512 spiritualis
3110 5442 3323 5500 aediﬁcii
3359 5444 3494 5510 fuit,
3536 5444 3594 5499 in
3622 5444 3717 5507 tali

2126 5532 2394 5587 miraculo
2420 5534 2624 5603 optime
2653 5533 2869 5589 claruit.

2201 5625 2443 5697 Longum
2467 5635 2553 5680 est
2575 5627 2808 5696 denique
2829 5628 2873 5681 si
2889 5627 3069 5681 omnia
3094 5626 3310 5681 illorum
3331 5626 3560 5683 fratrum
3577 5630 3713 5685 bene

2129 5727 2279 5787 gesta
2298 5758 2313 5784 ,
2342 5718 2536 5788 quibus
2565 5733 2659 5787 per
2689 5718 2945 5773 meritum
2973 5717 3143 5773 sancti
3167 5716 3303 5772 Galu
3335 5721 3709 5790 prmeminent,

2130 5814 2292 5870 velim
2339 5822 2450 5868 tam
2494 5813 2645 5868 brevi
2680 5826 2931 5868 sermone
2964 5811 3316 5882 concludere,
3357 5814 3484 5870 dum
3521 5827 3713 5872 omnes
