4032 6446
232 417 303 478 29
1488 444 1491 449 ι
1572 411 1662 466 DE
1696 408 2179 466 GRAMMATICA.
3428 413 3501 471 50

234 543 401 584 unum
428 525 575 592 sint,
612 532 675 583 et
709 524 810 597 ipsi
841 525 896 583 in
925 523 1178 590 Christo,
1218 531 1272 578 et
1312 521 1560 580 Christus
1598 525 1652 579 in
1684 525 1766 580 eis
1796 543 1809 579 :
1839 526 1890 589 Α
1917 525 2033 581 haec
2059 526 2221 581 etiam
2253 524 2319 582 de
2345 539 2451 580 uno
2483 525 2629 582 fonte
2658 541 2764 582 non
2789 526 2998 597 putavit
3021 526 3325 587 sitihundus
3350 527 3503 587 sitim

231 619 359 690 quia
384 616 519 672 nihil
542 613 871 687 impossibile
891 623 973 671 est
998 615 1159 686 capiti
1188 614 1321 680 Deo,
1343 614 1434 684 qui
1455 614 1624 687 diligit
1649 631 1816 671 mem-

231 712 331 767 bra
364 727 461 767 sua
497 728 510 763 :
544 710 638 767 sed
678 723 781 765 nec
818 708 1019 780 aliquid
1060 707 1126 762 ad
1166 706 1561 777 impetrandum
1604 708 1817 765 ditiicile

230 805 338 862 erit
365 803 624 860 membris
652 803 767 861 suis
786 842 803 869 ,
830 802 924 873 qui
954 802 1035 859 sic
1073 803 1346 858 cohaerent
1378 802 1540 872 capiti
1570 816 1688 859 suo.
1718 800 1821 857 Fa-

233 906 373 963 teor,
391 896 572 953 omnia
602 893 893 951 laudabilia
916 892 1023 948 vidi
1053 893 1106 949 in
1146 893 1317 959 eis,et
1341 893 1610 963 praecipue
1630 892 1815 948 chari-

234 998 402 1046 tatcm
434 989 719 1055 ridentem,
752 995 804 1044 et
836 1002 1002 1045 unum
1032 987 1117 1041 vel
1144 1001 1426 1056 nusquam;
1451 985 1534 1042 vel
1558 987 1608 1041 iu
1633 986 1819 1058 paucis

231 1083 324 1138 hic
353 1082 556 1137 nullum
587 1082 994 1144 mussitantem;
1026 1079 1433 1149 completurque
1472 1079 1528 1134 in
1568 1079 1647 1135 eis
1673 1078 1817 1150 quod

230 1176 364 1232 olim
389 1175 531 1231 Deus
554 1189 650 1245 per
673 1173 998 1244 Prophetam
1026 1188 1183 1229 suum
1208 1172 1458 1243 promisit
1481 1173 1663 1229 dicens
1703 1190 1715 1226 :
1748 1170 1818 1225 Et

229 1266 441 1322 veniens
467 1265 710 1322 habitabo
736 1284 853 1321 cum
876 1267 950 1321 eis
968 1307 983 1332 ,
1007 1276 1056 1320 et
1075 1268 1175 1336 ipsi
1205 1283 1430 1332 mecum,
1461 1276 1507 1321 et
1531 1268 1669 1322 inter
1699 1266 1820 1322 illo:

228 1356 532 1424 ambulabo,
562 1368 611 1413 et
644 1376 733 1414 ero
754 1359 965 1414 illorum
996 1357 1159 1424 Deus,
1188 1368 1236 1414 et
1264 1360 1362 1430 ipsi
1386 1369 1539 1414 erunt
1567 1360 1694 1414 milii
1727 1378 1819 1431 po-

226 1449 409 1520 pulus.
448 1448 516 1503 Et
535 1448 692 1517 juxta
725 1450 1024 1505 Psalmistze
1060 1450 1519 1514 cohortationem,
1564 1465 1720 1506 senes
1746 1451 1819 1506 ibi

228 1555 358 1595 cum
376 1540 681 1611 junioribus
718 1556 929 1612 semper
963 1541 1183 1599 laudant
1212 1558 1405 1597 nomen
1439 1541 1671 1597 Domini.

305 1631 752 1705 Quapropter,mi
775 1634 1094 1691 charissime
1114 1635 1275 1690 Pater
1304 1636 1501 1692 domne
1522 1634 1817 1703 Grimolde,

228 1723 324 1780 diu
352 1725 666 1796 opitulatum
701 1728 898 1781 mentis
932 1741 1067 1782 meae
1098 1726 1448 1782 intentionem
1476 1743 1619 1782 nunc
1647 1726 1823 1805 reclu-~

226 1816 464 1871 dendam
498 1818 693 1873 sentio.
726 1818 862 1886 Quia
892 1826 1071 1873 tamen
1099 1819 1237 1873 bona
1265 1818 1319 1872 in
1347 1828 1430 1882 te,
1460 1818 1590 1873 etin
1615 1818 1820 1874 familia

225 1914 347 1970 tua,
371 1921 469 1977 per
502 1908 591 1962 Dei
619 1882 847 1979 gratiam
875 1908 1152 1978 conspexi,
1180 1923 1277 1963 ceu
1309 1909 1516 1963 basium
1547 1909 1819 1979 quoddam
1846 1882 1895 1944 Β

222 1997 534 2067 rependens
554 1999 808 2054 charitati
830 2009 1042 2065 vestrae,
1064 2000 1294 2070 cogitavi
1321 2000 1525 2070 scripto
1545 2016 1819 2055 commen-

220 2088 368 2143 dare
391 2104 512 2158 qua:
541 2090 673 2144 mihi
712 2099 966 2146 constant
1002 2092 1068 2146 de
1102 2101 1282 2146 vestra
1312 2092 1549 2147 bonitate
1577 2101 1703 2147 nota
1721 2133 1736 2158 ,
1765 2098 1821 2148 et

220 2178 571 2248 dignissima.
605 2179 675 2234 Et
702 2196 799 2235 cur
826 2196 931 2235 non
970 2181 1243 2235 memoria:
1268 2181 1537 2236 tradimus
1568 2179 1707 2235 facta
1736 2182 1817 2234 vi-

222 2274 415 2326 rorum
452 2285 574 2326 cum
613 2270 833 2327 Christo
865 2272 1160 2327 viventium
1183 2312 1197 2337 ,
1242 2273 1285 2327 si
1319 2280 1470 2329 tanto
1496 2274 1673 2327 studio
1696 2272 1826 2342 legi-

221 2377 354 2417 mus
383 2360 523 2417 facta
552 2363 831 2418 hominum
871 2363 1179 2435 iniquorum
1211 2373 1543 2420 mortuorum
1568 2408 1582 2432 ,
1614 2375 1669 2421 et
1696 2381 1822 2421 cum

221 2453 445 2510 diabolo
473 2455 529 2511 in
568 2454 782 2512 inferno
807 2456 1177 2528 sepultorum?
1215 2456 1353 2524 Quid
1406 2458 1552 2512 enim
1580 2455 1813 2527 Jupiter,

221 2545 313 2601 vel
342 2545 582 2613 Mavors,
617 2547 722 2602 nisi
751 2548 998 2605 homines
1022 2549 1280 2619 pessimi?
1315 2558 1368 2604 et
1406 2550 1533 2621 quid
1563 2565 1594 2604 e
1624 2557 1820 2605 contra

220 2646 451 2693 sanctus
478 2636 867 2705 Columbanus,
894 2648 948 2694 et
974 2649 1195 2694 sanctus
1221 2637 1407 2694 Gallus
1429 2640 1531 2695 nisi
1569 2640 1819 2696 homines

219 2729 418 2801 Optimi
465 2728 725 2785 fuerunt?
772 2746 1004 2802 quorum
1050 2730 1286 2797 familia,
1339 2731 1504 2784 tantis
1552 2741 1819 2785 terrarum

221 2822 423 2894 Spatiis
451 2822 717 2893 dirempta
736 2866 750 2891 ,
780 2823 904 2879 talis
930 2834 1041 2888 est,
1069 2831 1129 2879 ut
1158 2841 1262 2879 una
1298 2824 1398 2890 sit;
1432 2832 1688 2893 tantaque
1713 2832 1815 2890 est,

218 2923 285 2968 ut
322 2929 419 2984 per
446 2913 543 2970 Dei
573 2914 806 2986 gratiam
839 2918 993 2989 signa
1021 2916 1202 2971 faciat.
1246 2916 1353 2973 Sed
1394 2915 1521 2987 quia
1552 2916 1617 2970 de
1644 2916 1820 2970 omni-

220 3006 334 3061 bus
375 3005 592 3080 longum
638 3019 722 3065 est
762 3026 1219 3079 commemorare,
1261 3011 1344 3066 vel
1388 3012 1455 3066 de
1499 3010 1605 3064 vita
1645 3010 1818 3065 sancti

220 3095 400 3166 Galli,
432 3100 584 3169 cujus
612 3113 669 3157 tu
698 3113 883 3174 pastor
910 3120 1069 3175 quam
1101 3103 1304 3175 optime
1344 3105 1616 3174 tugurium
1642 3103 1817 3174 possi-

222 3196 348 3260 des,
375 3203 432 3252 et
459 3195 714 3253 familiam
746 3199 917 3270 regis;
947 3200 1110 3256 liceat
1135 3200 1337 3255 amoris
1366 3215 1527 3256 causa
1553 3200 1815 3255 virtutum

222 3278 348 3357 ejus
371 3289 630 3357 quosdam
657 3286 922 3346 ﬂoscellos
952 3292 1275 3362 decarpere,
1302 3301 1355 3346 et
1380 3291 1623 3347 metricis
1649 3292 1816 3347 melo-

221 3378 336 3434 diis
358 3418 374 3444 ,
412 3392 512 3433 ceu
558 3380 780 3435 floreum
817 3382 1065 3437 diadema
1107 3383 1269 3453 capiti
1316 3392 1407 3436 tuo
1441 3397 1765 3452 componere
1796 3400 1810 3436 :

222 3477 291 3524 ut
322 3470 367 3524 si
394 3471 641 3540 superius
669 3480 722 3527 te
750 3475 897 3528 omni
926 3475 1184 3529 virtutum
1210 3476 1406 3530 decore
1435 3475 1544 3529 dixi
1574 3491 1814 3545 gemma-

223 3567 368 3625 tum,
402 3561 518 3615 sine
539 3576 739 3616 corona
760 3572 970 3617 tantum
992 3580 1099 3637 non
1125 3574 1176 3619 te
1204 3566 1386 3621 videat
1408 3566 1487 3620 sol
1516 3567 1811 3623 stellatum.

225 3651 465 3722 Scripsit
510 3652 694 3723 itaque
737 3652 976 3722 ejusdem
1020 3653 1349 3711 confessoris
1405 3656 1607 3711 Christi
1650 3660 1817 3711 vitam

221 3742 574 3812 supradictus
601 3753 904 3813 praeceptor
931 3761 1104 3812 meus,
1132 3746 1215 3799 vir
1233 3745 1646 3814 simplicissime
1669 3749 1814 3813 vitae,

220 3842 282 3890 et
318 3848 417 3903 per
454 3835 634 3890 omnia
670 3845 861 3903 rectae,
906 3837 1135 3892 domnus
1175 3836 1556 3894 Walhafredus
1590 3841 1686 3899 tibi
1727 3856 1818 3901 no-

222 3924 493 3991 tissimus,
517 3941 678 3996 quem
704 3927 865 3982 etiam
895 3937 948 3982 tu
979 3930 1094 3998 ipse
1118 3937 1179 3984 ut
1202 3930 1409 4000 peritus
1425 3930 1704 4001 cathegeta
1724 3948 1816 4001 pe-

223 4014 397 4071 ritum
429 4019 726 4088 sopliistam
759 4020 1042 4087 enutristi,
1080 4032 1134 4077 et
1168 4029 1229 4076 ut
1263 4022 1385 4091 plus
1428 4022 1481 4076 in
1522 4023 1680 4078 domo
1717 4024 1813 4079 Dei

224 4105 473 4176 luceret,
510 4108 711 4165 lumine
750 4110 845 4177 Dei
872 4122 1204 4193 prieyeutum
1234 4127 1397 4182 super
1430 4113 1813 4175 candelabrum

227 4201 475 4257 elevasti.
507 4200 611 4257 Sed
639 4203 742 4258 heu
768 4218 867 4274 pro
895 4204 1078 4259 dolor!
1113 4221 1257 4261 mors
1288 4206 1500 4269 acerba,
1540 4222 1658 4275 quae
1681 4206 1812 4262 nulli

226 4307 455 4363 parcere
491 4294 670 4355 novit,
713 4294 893 4350 subito
926 4311 1051 4351 eum
1096 4297 1249 4352 nobis
1285 4298 1405 4352 tulit
1442 4311 1457 4352 :
1498 4313 1602 4354 nec
1633 4307 1814 4353 tamen

229 4383 330 4438 sibi
376 4384 614 4438 animam
662 4384 804 4439 illam
847 4387 1183 4453 vindicavit,
1228 4404 1391 4458 quam
1432 4388 1686 4445 Christus
1729 4406 1818 4445 as-

228 4476 478 4546 sumpsit.
510 4475 689 4532 Voluit
717 4491 846 4533 vero
874 4476 965 4532 ille
983 4479 1195 4550 poetico
1223 4479 1490 4535 cothurno
1509 4490 1659 4553 gesta
1688 4482 1816 4536 bea-

1918 632 2069 670 suam
2110 632 2267 687 posse
2314 617 2510 672 sedari.
2549 617 2631 673 Ad
2668 633 2817 673 mare
2844 620 3111 685 cucurrit,
3153 620 3360 676 scilicet
3397 619 3501 676 Ho-

1917 722 2129 761 merum
2159 707 2342 763 ncscio
2372 722 2533 777 quem
2562 723 2761 763 novum
2786 724 2884 779 pro
2912 710 3012 765 hac
3040 725 3102 767 re
3126 711 3387 768 invocans
3416 711 3503 771 cis

1917 797 2202 867 Rhenum,
2239 800 2331 871 qui
2370 800 2423 855 in
2451 816 2658 855 morem
2693 800 2871 858 Flacci
2912 818 3019 859 non
3054 805 3225 860 currit
3271 806 3324 862 in
3366 822 3501 878 poe-

1918 902 2079 956 mate,
2123 892 2217 947 sed
2260 892 2398 947 ﬂuit.
2424 892 2647 963 Insuper
2685 900 2740 946 et
2762 893 2925 964 Alpes
2948 895 3399 966 philosophantur
3426 898 3507 953 vi.

1918 999 2037 1039 rum
2057 1024 2069 1046 ,
2101 982 2202 1039 sub
2225 983 2420 1055 quibus
2452 980 2634 1054 iugum
2667 980 3043 1040 Sambutinum
3080 985 3381 1055 Radpertus
3424 987 3505 1059 lyq

1920 1080 2032 1134 rico
2068 1078 2311 1149 possidet
2359 1093 2492 1133 sono
2540 1096 2553 1132 :
2597 1085 2653 1131 et
2696 1076 2742 1131 si
2780 1086 2968 1133 nosset
3009 1088 3165 1135 antra
3202 1078 3499 1145 Musarum,

1920 1180 2063 1229 esset
2090 1172 2249 1238 talis,
2293 1179 2354 1226 ut
2381 1170 2646 1242 Cynthius
2675 1167 2887 1238 Apollo.
2916 1168 3084 1237 Cujus
3117 1172 3303 1240 poesis
3323 1170 3509 1243 prisco

1921 1268 1965 1325 si
1996 1266 2267 1322 interdum
2292 1265 2592 1320 alternatur
2615 1277 2790 1326 more,
2829 1261 3156 1319 Hartmodus
3189 1263 3305 1333 ejus
3344 1277 3507 1322 aures

1922 1359 2122 1423 avellit,
2145 1366 2267 1428 apta
2290 1358 2579 1428 repingens
2605 1354 2940 1426 proprietati.
2967 1352 3102 1411 Nam
3124 1361 3179 1408 et
3197 1354 3311 1423 ipse
3330 1355 3510 1429 scien-

1920 1452 2050 1506 tiam
2082 1449 2490 1520 philosophandi
2514 1448 2695 1511 habet,
2721 1455 2778 1499 ut
2804 1444 3123 1500 Aristoteles
3150 1445 3418 1501 calamum
3450 1446 3507 1501 in

1921 1552 2156 1599 mentem
2179 1542 2412 1613 erigens.
2441 1541 2507 1595 Et
2542 1540 2668 1609 quia
2693 1538 2860 1593 multa
2888 1544 3015 1592 sunt
3037 1536 3300 1593 miracula
3327 1536 3509 1595 sancti

1922 1633 2091 1701 Galli,
2130 1634 2314 1704 plures
2365 1632 2521 1687 decet
2555 1631 2755 1685 habeat
2804 1627 3188 1698 astipulatores
3245 1626 3505 1698 multipli-

1922 1744 2121 1799 cesque
2156 1727 2481 1781 laudatores.
2511 1724 2587 1779 Ac
2614 1738 2683 1778 ne
2712 1723 2858 1778 solus
2885 1722 2936 1777 in
2967 1719 3084 1789 ejus
3109 1721 3265 1777 laude
3291 1720 3507 1787 sileam,

1924 1836 2097 1890 usque
2134 1818 2395 1874 beneﬁcia
2434 1817 2696 1871 immensa
2725 1814 2779 1868 in
2818 1826 2904 1867 me
2940 1813 3056 1883 ipso
3080 1819 3335 1882 expertus
3364 1825 3504 1877 sum,

1921 1919 2032 1966 tam
2061 1911 2114 1965 in
2138 1909 2290 1966 vocis
2322 1907 2597 1974 claritate,
2622 1922 2782 1978 quam
2811 1906 2971 1962 etiam
3005 1903 3058 1959 in
3087 1903 3264 1959 luctus
3288 1902 3391 1957 mei
3422 1916 3510 1959 so-

1921 2003 2152 2068 lamine,
2189 2001 2263 2056 ita
2297 2008 2359 2057 ut
2388 2007 2550 2056 noctu
2580 2007 2709 2055 ante
2740 1996 2995 2053 tinnitum
3022 1996 3187 2062 nolae,
3217 1996 3364 2052 hunc
3385 2010 3502 2052 ver-

1921 2112 2041 2153 sum
2069 2103 2317 2154 cantaret
2341 2102 2470 2150 ante
2496 2106 2584 2148 me
2609 2111 2623 2147 ε

2199 2279 2241 2329 0
2264 2278 2478 2340 alumne,
2504 2282 2614 2329 tuos
2634 2277 2905 2341 comprime
2936 2275 3117 2328 luctus.

1923 2463 2093 2533 Quem
2122 2464 2288 2520 etiam
2328 2460 2534 2519 luctum
2552 2477 2654 2534 pro
2687 2463 2928 2518 manenti
2958 2461 3265 2527 concordia,
3290 2474 3358 2516 ne
3388 2476 3511 2532 pro-

1920 2565 2042 2627 pter
2070 2571 2158 2609 me
2198 2554 2399 2609 ibidem
2430 2567 2670 2622 unquam
2700 2561 3023 2617 mutaretur,
3064 2552 3120 2606 in
3150 2560 3337 2622 crypta
3365 2551 3511 2621 ejus-

1922 2649 2043 2704 dem
2060 2648 2232 2702 sancti
2255 2647 2366 2702 Deo
2379 2646 2514 2701 fudi.
2530 2645 2871 2715 Quapropter
2889 2644 3015 2699 licet
3035 2658 3197 2714 supra
3217 2642 3510 2698 nominatis

1919 2740 2095 2809 poetis
2116 2739 2218 2794 sim
2241 2735 2521 2805 ahjectior,
2549 2744 2605 2791 et
2624 2736 2692 2791 ob
2713 2735 2951 2806 ipsorum
2981 2734 3212 2790 facetam
3234 2734 3511 2790 urbanita-

1923 2838 2030 2885 tem
2064 2832 2196 2886 satis
2216 2838 2430 2901 spretus
2447 2869 2462 2895 ,
2485 2828 2613 2899 quia
2635 2841 2735 2883 nec
2756 2834 2971 2897 poetam
2996 2841 3098 2881 nec
3126 2835 3510 2882 amusaeterum

1925 2923 2298 3001 [ἀμυσώτερον]
2315 2938 2402 2978 me
2414 2938 2535 2978 esse
2560 2920 2844 2993 proﬁteor:
2865 2928 3043 2976 tamen
3067 2930 3248 2976 vestra
3271 2921 3508 2977 auctori-

1922 3027 2031 3074 tate
2046 3018 2289 3088 jubente,
2307 3018 2502 3089 quibus
2522 3016 2688 3072 verba
2719 3015 3007 3080 delectant,
3025 3015 3091 3071 de
3106 3014 3319 3085 magnis
3336 3029 3506 3086 parva

1919 3122 2174 3180 excerpo,
2201 3119 2308 3164 etc.

1989 3202 2137 3257 lntcr
2166 3202 2280 3256 hcce
2311 3194 2475 3255 etiam
2502 3208 2559 3254 et
2579 3200 2858 3272 cujusdam
2886 3197 3139 3254 Scotticae
3163 3212 3306 3269 perac
3325 3195 3507 3273 jacula

1918 3309 2140 3358 vereor,
2174 3309 2267 3347 seu
2293 3308 2358 3347 ex
2392 3291 2564 3346 latere
2586 3291 2780 3346 emissa
2799 3331 2815 3357 ,
2844 3306 2963 3361 quae
2993 3289 3151 3343 modo
3182 3288 3234 3341 in
3262 3286 3508 3356 partibus

1915 3386 2171 3443 Ausoniae
2204 3386 2414 3456 puttoni
2451 3383 2746 3447 Littonias',
2786 3382 2870 3438 vel
2911 3381 3055 3436 aliud
3086 3381 3220 3465 quid
3244 3379 3505 3452 incogniti

1915 3478 2022 3533 cibi
2051 3476 2270 3545 colligit,
2295 3485 2350 3531 et
2372 3476 2498 3531 licet
2525 3475 2710 3530 attrita
2739 3474 2938 3539 fronte,
2967 3472 3266 3544 apparebit,
3292 3469 3508 3539 quando

1916 3576 2071 3637 putto
2097 3566 2223 3622 inde
2245 3566 2499 3643 gustabit.
2532 3564 2747 3645 Tertius
2776 3564 2937 3617 timor
2955 3578 3043 3617 me
3069 3562 3286 3631 premit,
3312 3560 3508 3617 Calvus

1912 3657 2024 3724 jam
2048 3658 2224 3712 dictus
2246 3658 2491 3725 partibus
2513 3657 2599 3711 his
2624 3655 2830 3719 favens,
2846 3654 2939 3708 sed
2957 3663 3048 3708 tuo
3066 3652 3346 3723 privilegio
3369 3665 3509 3706 sem-

1918 3762 2016 3816 per
2057 3747 2226 3799 salvo.
2269 3745 2591 3799 Consolatnr
2632 3736 2860 3797 me'una
2902 3759 2991 3797 res
3031 3758 3194 3811 super
3230 3756 3296 3796 eo
3331 3760 3342 3793 :
3379 3741 3506 3811 quia

1918 3838 2042 3892 talis
2068 3836 2262 3892 Calvus
2297 3851 2571 3904 nunquam
2594 3834 2700 3889 erit
2726 3832 2906 3889 salvus
2924 3872 2939 3897 ,
2968 3832 3077 3887 imo
3104 3831 3208 3886 erit
3229 3830 3426 3895 salvus,
3457 3828 3507 3887 si

1916 3930 2053 3985 bene
2080 3927 2243 3983 fuerit
2267 3925 2481 3981 Calvus.

1987 4018 2244 4087 Haneque
2279 4016 2743 4087 horripilationem
2792 4014 2976 4070 forsan
3019 4014 3075 4069 in
3113 4022 3276 4086 ponte
3312 4012 3507 4069 Cumc-

1918 4111 2056 4166 tensi
2082 4112 2342 4171 hauserat
2358 4151 2373 4175 ,
2407 4110 2637 4179 quando.
2656 4108 2722 4163 tt:
2748 4107 3075 4185 Bomepcnsi
3112 4106 3361 4162 coenobio
3386 4104 3507 4161 reli-

1916 4204 2075 4274 quias
2112 4203 2281 4257 sancti
2326 4201 2647 4257 Columbani
2692 4216 2876 4256 secum
2912 4192 3091 4255 Ferens
3125 4199 3316 4264 rediit,
3353 4207 3407 4254 et
3435 4199 3504 4254 ob

1916 4292 2181 4350 incuriam
2221 4288 2511 4363 quamdam
2550 4293 2617 4347 de
2654 4292 2778 4347 navi
2817 4290 3130 4362 egrediens,
3160 4304 3381 4359 proram
3410 4288 3506 4344 im-

1915 4389 2092 4459 pegit,
2118 4397 2176 4443 et
2210 4387 2265 4442 in
2307 4402 2457 4442 mare
2482 4385 2679 4441 cecidit
2707 4400 2722 4439 :
2752 4385 2985 4456 indeque
3030 4400 3061 4438 a
3099 4383 3505 4440 sublevantibus

1917 4496 2193 4545 emersus,
2222 4479 2512 4552 putabatur
2552 4493 2583 4534 a
2619 4478 2801 4533 nautis
2841 4488 2901 4533 ut
2941 4486 3087 4534 esset
3128 4477 3348 4541 Paulus.
3394 4475 3504 4533 Sed

228 4571 425 4628 tissimi
442 4569 583 4628 Galli
608 4586 847 4638 comere,
872 4573 967 4628 sed
994 4581 1166 4633 morte
1191 4582 1518 4643 praeventus,
1558 4575 1724 4628 vitam
1757 4575 1811 4629 in
1838 4609 1892 4670 Ι)
1917 4575 2044 4645 quia
2072 4582 2132 4628 ut
2157 4574 2428 4644 quondam
2462 4571 2632 4627 Jacob
2674 4572 3041 4646 claudicabat,
3082 4572 3330 4642 cognitus
3363 4580 3447 4626 est
3470 4587 3503 4626 a

228 4661 339 4716 vita
364 4662 559 4717 finivit.
591 4662 741 4718 Unde
765 4674 869 4735 ego
902 4673 1119 4735 rogatus
1145 4678 1263 4719 sum
1299 4679 1328 4717 a
1356 4664 1675 4734 quibusdam
1702 4664 1810 4719 fra-

231 4754 424 4819 tribus,
451 4764 507 4808 et
534 4755 801 4825 praecipue
824 4770 854 4809 a
882 4755 1232 4811 devotissimo
1252 4754 1544 4825 Gozperto,
1566 4770 1636 4809 ne
1662 4756 1811 4812 dicas

229 4843 422 4910 Calvo,
454 4844 549 4899 sed
583 4844 705 4914 pilis
734 4845 940 4916 cephali
975 4853 1266 4901 auretenus
1308 4847 1487 4912 nudo,
1540 4848 1686 4902 omni
1731 4856 1812 4903 ta~

230 4949 351 4989 men
393 4944 582 4990 sancta
610 4932 982 4991 benevolentia
1017 4936 1213 5007 pleno,
1256 4935 1551 4993 felicissimi
1596 4940 1809 4996 abbatis

228 5022 484 5095 Cozperti
515 5033 736 5095 nepote,
767 5041 891 5082 cum
919 5029 1152 5096 quadam
1175 5028 1227 5082 vi
1261 5028 1549 5098 impulsus,
1579 5039 1638 5086 ut
1663 5031 1807 5101 quod

229 5120 488 5190 magister
519 5119 746 5174 devotus
789 5134 897 5175 non
935 5120 1216 5190 impleret,
1255 5136 1354 5193 ego
1393 5121 1562 5177 cliens
1606 5123 1812 5179 assecla

229 5210 530 5283 compleam
552 5209 682 5271 illud
710 5210 911 5291 factum
928 5252 945 5277 ,
975 5226 1225 5287 asserens
1247 5227 1369 5268 esse
1396 5228 1564 5269 unum
1595 5224 1705 5270 tam
1734 5214 1814 5270 in-

229 5303 480 5372 cipientis
507 5318 574 5358 ex
605 5305 806 5369 animo,
836 5320 997 5375 quam
1024 5305 1357 5375 perﬁcientis
1377 5307 1677 5375 praemium.
1706 5306 1809 5362 Fe-

230 5395 555 5463 cissemque,
576 5394 769 5460 fateor,
792 5395 846 5449 in
870 5395 970 5451 hac
991 5410 1049 5451 re
1071 5395 1212 5450 votis
1231 5396 1380 5460 satis,
1406 5395 1451 5450 si
1472 5396 1810 5465 supradictus

230 5486 459 5542 dilectus
484 5495 670 5543 noster
704 5487 758 5541 in
789 5487 893 5543 hac
929 5488 1190 5557 petitione
1222 5488 1455 5557 aliquam
1490 5488 1813 5557 patientiam

230 5577 523 5635 habuisset.
557 5576 653 5632 Est
687 5578 831 5631 enim
866 5586 974 5632 tam
1015 5576 1277 5633 ferventis
1300 5578 1495 5643 studii,
1533 5587 1593 5632 ut
1622 5579 1674 5649 in
1706 5595 1811 5634 una

232 5670 526 5742 eademque
554 5669 709 5736 hora,
736 5680 791 5725 et
815 5670 897 5726 lac
924 5669 1051 5725 velit
1073 5671 1330 5741 mulgere,
1354 5679 1407 5726 et
1436 5688 1655 5727 caseum
1682 5689 1806 5744 pre-

232 5780 379 5847 mere
407 5780 422 5819 :
454 5780 575 5821 cum
613 5780 711 5821 nec
751 5764 923 5820 Roma
953 5782 1058 5820 una
1088 5764 1175 5819 die
1211 5765 1282 5820 sit
1312 5766 1524 5820 condita
1544 5807 1559 5833 ,
1592 5766 1685 5821 sed
1717 5781 1805 5820 ne-

234 5869 336 5961 que
363 5856 601 5914 triticum
625 5857 814 5914 eodem
851 5857 938 5914 die
968 5856 1210 5924 metitur,
1242 5871 1348 5931 quo
1378 5856 1694 5913 seminatur.
1724 5856 1807 5911 Ad

1918 4665 2239 4721 ducentibus
2260 4705 2275 4724 .
2305 4672 2365 4718 ut
2393 4664 2447 4723 is
2466 4671 2640 4729 esset,
2682 4663 2773 4733 qui
2806 4670 2957 4718 antea
2997 4678 3095 4734 per
3123 4677 3182 4718 se
3213 4662 3333 4718 talis
3362 4663 3506 4719 ince-

1917 4754 2095 4810 debat.
2127 4754 2342 4810 Grande
2372 4763 2550 4809 tamen
2581 4762 2787 4808 tantum
2822 4753 3121 4825 periculum
3142 4794 3157 4818 ,
3192 4761 3249 4808 et
3280 4751 3504 4809 laudan-

1917 4848 2019 4904 dus
2057 4849 2229 4913 Deus,
2261 4848 2349 4917 qui
2388 4862 2510 4902 eum
2546 4847 2797 4903 liberavit
2836 4863 2932 4917 per
2961 4864 3118 4904 suum
3156 4848 3497 4905 miraculum.

1917 4934 2148 5007 Haecque
2178 4936 2310 4992 alias
2339 4953 2438 4992 suo
2463 4937 2580 4992 loco
2602 4938 2829 4994 dicenda
2858 4938 3125 5009 relinquo.

1985 5028 2283 5095 Caeterum,
2314 5029 2387 5082 mi
2433 5029 2691 5099 magister
2728 5038 2782 5083 et
2820 5030 3035 5085 domine
3071 5031 3418 5098 amabillime,
3446 5031 3501 5087 in

1914 5118 2061 5175 calce
2093 5119 2252 5189 hujus
2281 5119 2523 5189 epistola
2553 5120 2894 5175 sanctitatem
2921 5130 3162 5177 vestram
3190 5123 3386 5178 obnixe
3411 5123 3504 5178 de-

1913 5227 2099 5284 posco,
2125 5221 2186 5268 ut
2215 5227 2386 5284 nugas
2409 5214 2694 5283 praesentis
2713 5214 2911 5283 eloquii
2940 5215 3046 5271 mei
3066 5216 3141 5270 ita
3167 5216 3496 5289 suscipiatis,

1911 5304 2078 5359 veluti
2103 5304 2305 5373 optime
2335 5304 2548 5360 conﬁdo
2576 5306 2631 5359 in
2657 5306 3037 5375 paternitatem
3065 5305 3324 5363 vestram.

1981 5394 2215 5465 Adiunxi
2265 5405 2446 5452 autem
2493 5406 2548 5453 et
2589 5398 2716 5452 huic
2757 5398 2909 5468 operi
2947 5399 3110 5454 breve
3155 5397 3496 5468 opusculum,

1911 5486 2058 5556 quod
2094 5486 2161 5540 de
2190 5486 2514 5556 incmptione
2543 5487 2715 5542 nostri
2751 5487 3013 5554 caanobii,
3050 5497 3107 5542 et
3141 5487 3370 5542 fratrum
3399 5488 3498 5546 ibi-

1914 5578 2034 5631 dem
2058 5577 2166 5632 Deo
2186 5577 2560 5632 famulantium
2589 5579 2699 5632 vita
2730 5580 3065 5650 conscripsi;
3097 5579 3323 5649 ipsaque
3347 5580 3495 5637 dicta

1911 5670 2028 5722 vim
2062 5684 2158 5737 per
2182 5669 2361 5722 omnia
2391 5668 2703 5723 doctissimo
2724 5669 2920 5725 domno
2953 5667 3215 5723 Gothaldo
3240 5668 3495 5742 episcopo

1911 5763 1994 5817 vel
2022 5763 2381 5834 approbanda,
2418 5781 2510 5819 seu
2540 5764 2822 5819 refutanda
2853 5763 3244 5820 commendavi.
3275 5765 3341 5820 Et
3365 5765 3494 5836 quia

1909 5855 1999 5911 ille
2024 5857 2139 5912 hac
2168 5856 2269 5912 sibi
2290 5865 2446 5930 grata
2475 5856 2812 5932 dijudicavit,
2832 5865 3014 5915 vestro
3036 5873 3145 5916 non
3173 5858 3387 5935 ingrata
3408 5853 3493 5929 jw
