4032 6498
1077 319 1106 326 ,κ

461 447 524 503 31
1372 441 1865 499 ERCHAMBERTI
1903 440 2382 500 FRISINGENSIS
2421 441 2727 502 EPISCOPI
3670 434 3750 496 32

460 561 603 617 dicio
647 559 1006 616 examinanda
1046 557 1330 614 destinavi.
1380 556 1554 612 Simul
1588 564 1643 611 et
1687 557 1790 612 hoc
1828 556 2042 626 scitote,
2072 563 2122 624 Α
2152 555 2374 612 Rhenus
2402 557 2472 612 ab
2496 556 2751 613 Ausoniis
2779 555 3114 612 descendens
3135 524 3408 612 montibus
3436 555 3582 623 altis,

455 655 602 726 quod
639 667 741 709 nec
773 653 829 709 in
865 668 990 709 cera
1013 652 1113 707 -vcl
1154 652 1208 706 in
1250 649 1430 706 tabula
1462 651 1578 706 haec
1632 650 1898 721 expressi,
1928 649 2040 714 sed,

456 745 601 802 sicut
639 744 695 800 in
741 743 1100 816 pmsentibus
1135 740 1336 798 scholis
1375 741 1574 797 dictata
1612 750 1770 808 sunt,
1812 741 1886 797 ita
1918 749 2048 797 sunt

458 841 618 897 vobis
647 840 854 896 directa
888 858 901 895 :
930 847 990 894 ut
1017 839 1064 893 si
1090 837 1273 894 forsan
1303 853 1488 894 coram
1513 838 1651 894 lecta
1682 855 1789 894 non
1825 839 2043 908 placue-

458 930 602 998 rint,
635 946 744 987 non
772 932 845 987 sit
867 930 1022 986 dolor
1047 930 1253 1000 perisse
1270 971 1286 997 ,
1316 931 1460 1000 quod
1484 938 1700 986 constat
1722 930 1826 986 vile
1855 930 2043 986 fuisse.

460 1023 518 1078 In
558 1025 727 1095 priori
765 1023 985 1094 quidem
1013 1038 1178 1093 opere
1211 1021 1461 1078 Anicium
1503 1023 1750 1078 Boetium
1781 1037 1902 1077 sum
1929 1021 2050 1076 imi-

459 1121 634 1180 tatus,
668 1115 721 1168 in
748 1114 853 1169 isto
874 1128 1007 1169 vero
1046 1111 1299 1183 Prosperi
1339 1113 1514 1169 nostri
1547 1128 1755 1169 morem
1791 1127 1856 1167 ex
1893 1121 2048 1182 parte

458 1213 698 1260 secutus.
727 1204 808 1260 Tu
835 1219 966 1260 vero
988 1245 1004 1269 ,
1031 1205 1220 1260 doctor
1247 1204 1617 1276 sagacissime,
1644 1204 1850 1275 lynceis
1875 1204 2046 1259 oculis

457 1300 512 1354 in
539 1299 735 1355 talibus
766 1307 948 1366 utens,
978 1297 1317 1354 orationibus
1345 1299 1452 1354 tuis
1482 1315 1570 1354 me
1607 1298 1824 1368 adjuva,
1856 1305 2049 1368 quate-

459 1408 562 1447 nus
593 1393 661 1452 ad
689 1401 906 1463 portum
934 1393 1134 1463 quietis
1165 1393 1486 1462 quandoque
1514 1397 1772 1463 prospere
1799 1398 2048 1447 evectum

462 1484 653 1538 audias
694 1499 780 1538 me
820 1483 964 1538 inter
999 1483 1307 1539 Iustissimos
1336 1483 1577 1538 celeuma
1606 1497 1673 1537 ex
1703 1481 1812 1536 allo
1848 1496 2050 1537 canen-

459 1585 595 1630 tem.
627 1574 828 1630 Sancta
857 1585 913 1630 et
937 1575 1315 1646 inseparabilis
1349 1575 1590 1630 Trinitas
1627 1590 1724 1630 vos
1749 1590 1875 1630 cum
1900 1574 2050 1630 omni

457 1682 623 1739 grege
668 1674 850 1723 vestro
898 1667 1036 1723 bene
1081 1667 1264 1724 valere
1308 1666 1500 1732 faciat,
1547 1665 1653 1722 mei
1700 1667 2050 1724 memorande

461 1775 675 1831 semper
703 1760 757 1815 in
786 1775 923 1817 aevo.
957 1760 1150 1816 Amen.

531 1893 575 1951 Ο
606 1895 735 1952 felix
761 1904 913 1952 vates
939 1896 1169 1972 senioris
1199 1896 1418 1952 nomine
1448 1896 1660 1968 dignus,

602 1989 884 2046 Poscimus
919 1999 1158 2060 optatam
1187 1991 1276 2046 det
1309 1990 1405 2045 tibi
1431 1989 1681 2047 Christus
1706 2007 1884 2064 opem,
1912 2000 2020 2046 etc.

464 2100 607 2157 Sane
637 2113 928 2173 antequam
960 2103 1027 2158 de
1053 2103 1174 2158 Vita
1200 2103 1372 2158 sancti
1403 2103 1542 2158 Galli
1580 2105 1782 2175 aliquid
1813 2115 2051 2176 tangam,

463 2194 530 2248 de
561 2201 762 2248 sancta:
800 2193 1083 2250 Trinitatis
1127 2195 1367 2249 essentia
1405 2195 1492 2250 vel
1537 2195 1840 2251 substantia
1879 2210 2054 2265 pauca

463 2285 660 2349 dicam,
689 2294 793 2341 etc.

534 2377 718 2433 Primo
747 2394 899 2447 sane,
933 2388 1222 2450 antequam
1250 2381 1316 2437 de
1347 2380 1470 2436 Vita
1495 2381 1667 2437 sancti
1694 2379 1831 2436 Galli
1871 2389 2054 2450 tanga-

463 2485 608 2536 mus,
637 2469 704 2526 de
735 2471 842 2526 situ
868 2469 1057 2542 patria:
1087 2471 1246 2541 hujus
1279 2482 1334 2528 et
1362 2472 1672 2528 fluminibus
1703 2471 1840 2541 ejus,
1875 2471 2053 2526 Rheni

463 2560 670 2618 scilicet
704 2571 759 2619 et
796 2563 1060 2630 Danubii,
1085 2565 1372 2622 dicendum
1401 2565 1712 2621 summatim
1740 2573 1920 2619 ratum
1959 2563 2056 2618 du-

466 2666 665 2709 xtmus.

465 2771 619 2828 Nunc
641 2775 875 2845 primum
897 2775 1015 2832 loca
1038 2785 1320 2848 tangentes
1343 2791 1464 2834 cum
1492 2778 1710 2834 flumine
1735 2779 1946 2846 Rheno,

465 2863 524 2917 In
559 2867 756 2935 quibus
776 2878 862 2924 est
885 2880 1252 2926 commoratus
1282 2872 1629 2944 dignissimus
1653 2875 1835 2941 heros,
1874 2883 1980 2930 etc.

467 2953 579 3010 Has
610 2957 823 3030 Europa
851 2969 998 3018 tenet
1023 2963 1205 3032 prisco
1232 2965 1331 3020 sub
1369 2965 1585 3020 nomine
1606 2973 1816 3036 gentes,

467 3043 614 3112 Quas
637 3047 818 3106 Hister
845 3067 1030 3108 secum
1058 3056 1256 3110 retinet
1284 3055 1515 3110 divortia
1540 3055 1737 3112 Rheni.

469 3135 538 3191 Et
562 3140 696 3195 satis
729 3142 859 3198 hinc
885 3145 1087 3200 dictum
1108 3187 1123 3213 ,
1152 3146 1360 3202 clarum
1389 3163 1534 3204 nunc
1568 3162 1802 3219 persono
1836 3147 2055 3203 flumen.

2147 649 2205 704 In
2233 647 2606 721 Brigantinum
2634 665 2784 705 mare
2812 664 2872 705 se
2899 658 3149 721 stagnare
3172 649 3403 704 videtur.

2147 739 2386 810 Antiquo
2409 755 2476 795 ex
2516 739 2780 796 ﬂuviO'sic
2806 739 2984 796 dictus
3007 739 3224 796 nomine
3251 739 3477 807 Pontus,

2149 831 2254 898 Qui
2284 831 2446 886 modo
2476 830 2800 886 Podamicus
2835 830 3110 887 vocitatur
3146 829 3358 902 gurgite
3389 836 3545 886 noto.

2147 925 2218 982 Et
2237 927 2363 982 dum
2391 941 2448 983 se
2475 926 2716 982 extendit
2741 925 2945 981 circum
2975 941 3073 995 per
3096 925 3256 997 longa
3287 923 3525 991 viarum,

2148 1019 2450 1075 Fertilitate
2471 1019 2555 1075 sui
2578 1017 2740 1073 nullis
2762 1025 2948 1073 manet
2975 1016 3392 1089 aaquiparandus

2149 1112 2508 1177 Fluminibus,
2531 1121 2799 1184 praestans
2823 1111 3021 1182 piscosi
3049 1112 3308 1184 germinis
3328 1127 3541 1184 agmen.

2150 1205 2288 1262 Hinc
2313 1221 2500 1277 aequor
2521 1205 2757 1261 medium
2786 1214 2937 1260 secat
2960 1214 3014 1260 et
3035 1205 3414 1275 complectitur
3436 1205 3655 1271 urbem,

2149 1297 2379 1355 Nomine
2407 1316 2528 1370 qua:
2557 1298 2760 1370 proprii
2789 1309 2873 1355 est
2896 1299 3042 1368 regis
3061 1297 3374 1355 Constantia
3405 1298 3574 1363 dicta,

2151 1394 2324 1462 Quam
2348 1394 2604 1450 Salomon
2635 1409 2781 1450 nunc
2808 1393 3039 1448 antistes
3061 1393 3394 1449 clarissimus
3427 1399 3613 1457 ornat,

2151 1485 2409 1542 Doctrina
2441 1495 2498 1542 et
2522 1487 2723 1557 pietate
2749 1485 2843 1542 Dei
2871 1485 3128 1556 cultuque
3158 1486 3444 1556 benignus.

2153 1577 2289 1633 Exin
2319 1579 2670 1650 progrediens
2695 1578 2842 1648 parit
2877 1575 3084 1633 Auvam
3115 1577 3317 1648 cespite
3343 1576 3572 1644 claram,

2151 1667 2329 1724 Insula
2356 1685 2477 1740 qua:
2501 1678 2583 1724 est
2611 1669 2732 1724 aliis
2758 1669 3107 1739 praestantior
3134 1669 3306 1740 Augia
3328 1666 3463 1723 sola.

2151 1761 2327 1831 Auget
2355 1761 2500 1816 enim
2530 1759 2763 1816 indoctis
2787 1761 3002 1816 doctam
3025 1775 3148 1815 cum
3171 1759 3422 1830 dogmate
3449 1757 3645 1825 vitam,

2153 1853 2372 1908 Fertilis
2402 1853 2690 1908 arboribus
2721 1868 2843 1908 cum
2873 1853 3074 1907 vitibus
3103 1851 3342 1920 undique
3370 1851 3567 1905 cincta.

2079 1924 2128 1984 Β
2157 1947 2274 2014 Quo
2306 1946 2466 2002 flores
2493 1955 2721 2002 vernant
2747 1961 2990 2016 semper,
3023 1960 3131 2016 quo
3162 1943 3274 1999 lilia
3302 1944 3530 2014 spirant.

2159 2038 2290 2106 Quae
2322 2054 2408 2093 me
2440 2038 2612 2092 nutrit
2640 2052 2832 2103 ovans,
2859 2046 2914 2092 et
2941 2052 3064 2092 cum
3092 2036 3388 2091 nutrimine
3413 2042 3602 2090 sancto
3626 2051 3642 2100 ;

2161 2133 2332 2202 Quam
2359 2132 2539 2188 laudet
2563 2131 2856 2202 pOpulus...
2888 2131 3016 2186 hinc
3048 2146 3218 2200 usque
3244 2129 3536 2185 Britannos

2159 2225 2323 2292 Cujus
2351 2225 2501 2280 adest
2529 2224 2837 2279 Folcwinus
2865 2231 3067 2289 custos,
3093 2223 3387 2285 Candidus,
3419 2221 3609 2290 abbas,

2162 2297 2428 2385 Tempore
2451 2315 2543 2385 qui
2566 2314 2726 2385 longo
2755 2315 2939 2370 salvus
2969 2315 3039 2370 sit
3063 2314 3260 2370 charus
3287 2311 3504 2384 adopto,

2160 2407 2222 2460 Et
2258 2406 2441 2460 multis
2470 2406 2628 2461 annis
2652 2407 2942 2477 tranquilla
2969 2421 3102 2476 pace
3126 2405 3357 2461 fruatur.

2160 2499 2442 2554 Possideat
2479 2498 2596 2554 sine
2626 2498 2733 2554 fine
2768 2515 2920 2555 novae
2940 2542 2955 2568 ,
2979 2509 3034 2556 et
3061 2516 3196 2556 nova
3225 2499 3418 2571 gaudia
3447 2498 3572 2554 vitae
3592 2540 3606 2564 ,
3644 2507 3757 2553 etc.

2163 2591 2302 2657 Quin
2335 2590 2517 2662 potius
2549 2600 2776 2646 cunctos
2805 2591 3082 2647 dimittens
3106 2608 3202 2647 ore
3226 2591 3503 2662 Pelasgos,

2163 2684 2358 2738 Totum
2381 2699 2440 2739 se
2472 2681 2894 2739 versatGallum
2925 2693 3142 2740 cantate
3173 2685 3417 2748 beatum,

2163 2776 2883 2846 Gallum,inquam,Domini,
2899 2787 3146 2835 sanctum
3159 2787 3213 2834 et
3227 2778 3427 2849 pietate
3441 2777 3755 2847 benignum,

2163 2869 2329 2941 Cujus
2351 2885 2536 2924 amore
2564 2870 2782 2940 quidem
2806 2872 3053 2942 cupimus
3079 2887 3180 2964 pos
3215 2871 3454 2928 scribere
3487 2869 3753 2940 quaedam.

2165 2961 2273 3018 Sed
2300 2970 2355 3016 tu
2377 2961 2572 3017 blanda
2603 2979 2767 3018 manu
2793 2964 2907 3019 haec
2935 2975 2988 3019 tu
3015 2961 3354 3031 ne'scindas,
3383 2961 3636 3018 Homere.

2144 3055 2305 3122 ,Quin
2333 3053 2498 3108 etiam
2528 3069 2751 3126 magnas
2777 3057 2987 3127 magnis
3016 3057 3256 3112 concede
3285 3053 3560 3128 magistris
3593 3071 3606 3105 :

2163 3145 2236 3201 At
2255 3161 2451 3217 parvas
2478 3145 2662 3215 parvis
2693 3156 2908 3204 nostras
2938 3149 3006 3204 da
3031 3149 3294 3204 carminis
3318 3147 3469 3204 odas.

1714 3427 1888 3472 ANNO
1929 3425 2164 3472 DOMINI
2207 3424 2479 3470 DCCCLIII
2490 3453 2505 3469 .

1236 3607 2426 3790 ERCHAMBE
2449 3603 3008 3784 RTUS

1665 3901 2145 3961 FRISINGENSIS
2181 3901 2582 3963 EPISCOPUS.

1017 4141 1462 4224 ΝΟΤΙΤΙΑ
1537 4141 2054 4222 ΗΙΞΤΟΒΙΟΛ

2176 4143 2280 4225 ΙΝ
2357 4137 3230 4222 ERCHAMBERTUM.

1629 4299 1873 4379 (Rabric.,
1897 4297 2130 4351 Bibliotb.
2153 4300 2287 4351 med.
2313 4306 2365 4352 et
2389 4299 2474 4352 inf.
2497 4298 2630 4362 Lat.)

551 4518 936 4592 ERCRAIBERTI
958 4519 1323 4592 fragmentum
1340 4534 1408 4592 eg
1423 4519 1679 4592 bireuiario
1698 4535 1876 4591 regum
1893 4517 2070 4592 Frans-
2097 4527 2142 4590 C
2175 4523 2515 4591 Scriptorum
2561 4520 2628 4575 de
2655 4517 2818 4592 rebus
2857 4513 3373 4592 francorum,_pag.
3409 4507 3535 4574 780,
3560 4505 3697 4592 781,7
3717 4510 3775 4592 et

479 4606 658 4662 eorum
705 4601 751 4644 et
793 4590 1243 4662 majorumdomus
1285 4609 1316 4646 a
1362 4590 1692 4662 Chlodhario
1758 4590 1938 4660 usque
1997 4591 2066 4646 ad

483 4657 888 4734 Tireodoricum'
908 4662 1195 4734 Dagoberti
1215 4663 1449 4734 junioris
1476 4661 1668 4734 filium,
1690 4661 1803 4717 sive
1831 4657 2066 4734 ab_anno

480 4727 594 4784 615·
609 4733 673 4784 ad
705 4731 805 4786 727
830 4734 970 4803 apud
989 4727 1309 4799 Frehertim,
1330 4742 1461 4788 tom.
1493 4732 1515 4786 l
1540 4732 1878 4803 Scriptorum
1902 4731 2070 4803 Franj-

480 4816 690 4864 corum,
721 4818 844 4875 pag.
866 4802 1011 4871 7167;
1044 4805 1185 4874 apud
1211 4805 1486 4860 Andream
1515 4804 1589 4860 du
1617 4802 1849 4870 Chesne,
1877 4813 2016 4859 tom.
2045 4802 2068 4856 ι

1161 4916 1618 4930 πει-..η-’ν--σ--ι-κ

1323 4916 1558 4929 ..σν-νυσσ-

2175 4585 2317 4664 apud
2367 4594 2708 4664 Ruinartum_
2735 4589 2825 4664 ad_
2849 4585 3176 4664 Gregorium
3219 4585 3615 4664 Turonensem,
3641 4591 3771 4664 pag.

2177 4647 2336 4719 ἠδὲ.
2369 4647 2518 4720 ίνὶἀθ
2565 4670 2620 4718 et
2669 4657 2926 4717 Carolum
2962 4647 3049 4712 Le
3082 4653 3294 4720 Cointe,
3317 4659 3447 4710 tom.
3481 4647 3548 4704 ιν
3580 4647 3773 4702 Anna-

2176 4737 2327 4805 lium,
2351 4751 2475 4808 pag.
2512 4734 2632 4790 176.

495 4919 1618 4936 Wwyww—~
3711 4919 3754 4945 -

1773 5063 2503 5147 ERCHAMBERTI

485 5247 770 5334 Epistola
794 5248 876 5315 ad
905 5268 1058 5317 suos
1093 5250 1174 5316 de
1211 5267 1479 5332 corpore
1508 5233 2202 5332 sancti‘Bartholomaei
2232 5247 2508 5328 apostoli
2557 5246 2627 5310 in
2677 5238 3021 5322 Boiariam,
3066 5248 3140 5306 ut
3173 5239 3524 5314 ferebatur,
3557 5234 3773 5303 allato.

1632 5394 1792 5457 (Pez.,
1817 5391 2107 5446 Thesaurus
2129 5394 2342 5460 Anecd.,
2370 5401 2486 5446 tom.
2507 5392 2619 5458 γι.)

558 5629 1004 5700 Eacnmanarus,
1021 5629 1117 5686 Dei
1141 5626 1314 5705 gratia
1343 5628 1600 5695 donante,
1622 5628 1840 5686 humilis
1865 5629 2081 5702 episco-
2105 5631 2311 5697 D.dam
2340 5630 2448 5698 vir,
2477 5631 2696 5686 nomine
2721 5627 2898 5698 Felix,
2928 5642 3027 5701 per
3053 5626 3281 5684 missum
3313 5639 3470 5680 suum
3494 5621 3785 5680 demanda-

487 5742 606 5799 pus,
653 5727 902 5783 omnibus
932 5728 1193 5784 fratribus
1239 5726 1454 5782 Christo
1484 5723 1841 5781 militantibus
1872 5722 1928 5781 in
1972 5723 2079 5783 Do-

489 5818 638 5875 mino
666 5817 914 5874 salutem.

559 5908 803 5980 Denique
830 5923 1124 5983 cognoscat
1159 5909 1536 5969 benevolentia
1565 5919 1746 5970 vestra
1771 5913 1917 5986 quod
1958 5914 2079 5989 qui-
2117 5994 2134 6012 ι

2189 5724 2268 5779 vit
2297 5723 2497 5778 seniori
2529 5730 2713 5778 nostro
2740 5720 3090 5791 rege,dicens
3123 5733 3184 5773 se
3209 5732 3407 5787 corpus
3451 5713 3508 5770 S.
3547 5713 3784 5768 Bartho—

2190 5820 2367 5876 lomaei
2399 5819 2624 5890 apostoli
2657 5825 2711 5871 ct
2743 5817 2982 5886 aliorum
2996 5820 3307 5869 sanctorum
3334 5824 3565 5879 corpora
3589 5821 3780 5862 secum

2194 5913 2397 5971 nostris
2430 5909 2678 5980 partibus
2719 5907 2980 5964 detulere.
3028 5903 3184 5970 Quod
3207 5916 3306 5960 nos
3352 5916 3475 5957 cum
3503 5896 3700 5971 gaudio
3722 5912 3782 5979 οι
