4032 6440
188 368 264 428 33

1557 341 2070 406 FRAGMENTUM.
3391 345 3465 406 ει

188 482 376 544 libenti
404 479 586 536 animo
608 476 782 534 Deum
811 471 1079 531 laudando
1111 468 1436 526 audivimus.
1470 463 1578 523 Sed
1600 466 1778 522 adhuc
1804 469 1854 530 Α
1881 461 2034 518 Felix
2063 475 2252 518 verum
2281 460 2426 518 dicat
2459 469 2556 520 aut
2579 461 2769 521 aliter:
2815 468 2873 521 et
2893 476 2964 522 ne
2995 461 3215 522 fallente
3253 463 3468 523 diabolo

188 579 458 638 incertum
495 571 781 633 habemus,
809 575 990 622 utrum
1037 561 1296 620 credibile
1335 559 1492 616 nobis
1540 558 1774 614 existere

189 669 403 733 debeat,
435 681 503 720 an
532 678 642 720 non
682 659 907 732 contigit
943 656 1130 714 ﬁdeles
1159 653 1392 711 senioris
1418 651 1590 708 nostri
1638 649 1774 705 iusi-

190 761 302 820 mul
333 758 550 816 venisse
598 756 655 810 in
682 769 778 810 sua
805 750 1142 822 lpramentia:
1179 755 1236 804 et
1263 747 1330 803 de
1369 761 1434 802 eo
1479 742 1777 814 incipieba-

189 868 312 911 mus
343 847 614 906 meditari.
654 846 723 901 Et
747 852 874 900 tunc
904 843 1145 908 demum,
1169 838 1386 911 quando
1423 835 1778 908 pertractavi-
1807 853 1812 860 ·

192 958 337 1007 mus,
372 940 447 996 ita
495 953 596 994 nos
635 934 1100 999 coadunavimus,
1145 931 1454 987 triduanum
1505 927 1774 1000 jejunium

192 1049 376 1110 agere,
411 1040 678 1106 quatenus
703 1047 736 1087 a
767 1031 878 1087 Deo
911 1028 1279 1099 omnipotente
1305 1026 1360 1080 in
1398 1024 1672 1096 aliquibus
1702 1023 1775 1079 si-

192 1128 311 1202 gnis
331 1126 490 1182 nobis
531 1122 819 1180 ostendere
846 1134 1174 1186 mereamur,
1203 1117 1250 1174 si
1271 1117 1386 1189 ipse
1425 1115 1774 1188 supradictus

1879 569 1981 610 nos
2007 553 2264 624 decipiat.
2301 552 2578 626 Rogamus
2605 571 2738 613 vero
2781 563 2838 612 et
2875 556 3151 628 jubemus,
3179 556 3273 627 qui
3303 573 3469 630 spon-

1878 655 2038 704 tanea
2067 647 2350 704 voluntate
2389 647 2495 704 hoc
2517 647 2784 720 jejunium
2819 649 2999 706 colere
3023 649 3377 725 [volueritis],
3407 660 3468 709 ut

1879 744 2198 801 abstineatis
2227 759 2326 800 vos
2354 759 2387 799 a
2411 744 2539 801 vino
2567 752 2622 800 et
2645 760 2811 801 carne
2832 752 2887 800 et
2906 745 3066 801 medo
3087 754 3143 800 et
3165 745 3458 813 melscada,

1879 835 2112 903 cervisa,
2144 843 2201 892 et
2226 835 2292 891 de
2313 835 2454 890 lacte
2493 841 2548 889 et
2575 849 2701 902 ovo,
2727 843 2782 890 et
2805 835 3094 906 sequimini
3138 850 3358 891 crucem
3398 837 3467 892 ad

1881 929 2074 986 horam
2096 943 2294 986 nonam
2315 929 2372 985 in
2396 945 2472 985 xu
2493 927 2562 984 Κ.
2587 927 2863 1003 [Kalend]
2883 930 2940 985 in
2961 945 3017 984 ιι
3038 928 3105 984 Κ.
3120 970 3135 995 ,
3165 936 3222 984 et
3244 944 3279 982 x
3299 928 3388 994 K.,
3412 936 3471 984 et

1882 1031 1943 1078 ut
1972 1023 2130 1079 istam
2160 1021 2408 1079 notitiam
2427 1020 2548 1078 aliis
2577 1021 2632 1078 in
2659 1030 2819 1078 antea
2847 1036 2956 1078 non
2982 1020 3265 1095 negligatis
3294 1027 3469 1076 trans-

1882 1115 2118 1172 mittere.

219 1269 3438 1308 ww

1053 1412 1778 1495 ERCHAMBERTI
1856 1393 2628 1494 FRAGMENTUM.

895 1574 1004 1637 Ea:
1037 1571 1362 1635 Breviart'o
1399 1587 1614 1651 regum
1646 1568 2060 1643 Francorum,
2097 1574 2154 1630 et
2188 1562 2740 1647 majorumdomus.

254 1805 618 1867 Chlodharius
638 1819 734 1862 rex
757 1803 824 1860 de
843 1801 1076 1868 Austris,
1097 1810 1384 1874 postquam
1405 1801 1773 1859 Theodericus
1801 1812 1851 1874 Β
1881 1801 2056 1857 donec
2095 1798 2314 1856 tandem
2339 1796 2632 1868 aliquando
2671 1801 2793 1866 post
2817 1801 3050 1851 mortem
3075 1792 3340 1851 Gotefridi
3374 1795 3472 1852 du-

185 1912 242 1960 et
269 1901 684 1959 Theodebertus
711 1911 866 1970 reges
909 1905 966 1952 et
1000 1897 1245 1969 germani
1276 1895 1478 1953 mortui
1506 1903 1651 1962 sunt,
1682 1912 1775 1953 re-

183 1993 333 2066 cepit
380 2005 606 2064 regnum
651 2003 859 2054 eorum,
907 1987 1137 2043 consilio
1172 1996 1230 2044 et
1268 1987 1534 2058 adjutorio
1563 1987 1775 2058 Pippini

182 2084 457 2150 senioris,
501 2082 594 2152 qui
641 2089 770 2136 tunc
815 2079 1077 2149 temporis
1115 2080 1481 2151 majordomus
1526 2089 1662 2135 erat.
1711 2081 1780 2136 Et

183 2175 419 2234 sortitus
459 2181 544 2228 est
585 2170 842 2241 praefatus
886 2185 981 2226 rex
1025 2169 1189 2224 trium
1230 2185 1520 2240 regnorum
1565 2185 1782 2224 monar-

184 2267 371 2325 thiam
395 2263 669 2320 sexdecim
694 2261 881 2334 annis,
897 2260 1042 2315 sicut
1071 2259 1149 2314 illi
1170 2270 1394 2314 sanctus
1417 2259 1782 2315 Columbanus

188 2359 332 2414 abba
366 2356 421 2410 in
447 2345 766 2426 prophetico
791 2351 984 2422 spiritu
1013 2359 1174 2405 antea
1202 2349 1453 2420 praedixit
1485 2368 1497 2404 :
1531 2350 1659 2420 quia
1691 2349 1783 2405 ille

187 2445 558 2504 Theodericus
582 2459 679 2500 rex
702 2443 992 2514 instigante
1007 2439 1309 2496 Brunihilta
1333 2441 1451 2495 avia
1475 2457 1571 2496 sua
1593 2440 1660 2496 de
1681 2455 1780 2496 suo

188 2540 526 2600 monasterio
558 2538 709 2593 illum
735 2535 1079 2607 expulerunt.
1115 2534 1288 2602 Quam
1317 2533 1480 2590 etiam
1509 2534 1691 2589 statim
1721 2545 1781 2590 ut

189 2631 606 2704 comprehendit
624 2628 1008 2694 Chlodharius,
1042 2627 1211 2682 vitam
1237 2627 1594 2699 ignominiose
1624 2627 1782 2683 ﬁnire

193 2725 343 2782 fecit.
396 2721 769 2793 Majordomus
814 2728 944 2776 tunc
985 2718 1372 2776 Gundolandus
1409 2719 1495 2774 vir
1533 2719 1782 2791 egregius

191 2826 333 2875 erat.

264 2913 396 2969 Post
420 2926 527 2967 non
554 2909 784 2966 multum
809 2923 906 2963 rex
927 2904 1214 2978 praefatum
1250 2904 1536 2976 Pippinum
1577 2903 1632 2960 in
1673 2903 1783 2959 Au-

191 3006 323 3062 stris
362 3020 485 3062 cum
534 3003 646 3059 ﬁlio
696 3017 794 3058 suo
829 3001 942 3073 jam
991 3000 1174 3056 adulto
1232 2999 1535 3072 Dagoberto
1594 2997 1780 3062 misit,

191 3100 394 3157 ibidem
423 3113 546 3154 cum
576 3112 756 3170 regem
787 3095 1260 3159 constituendum,
1295 3095 1582 3165 ipsumque
1625 3093 1677 3148 ei
1725 3091 1782 3146 in

191 3191 659 3261 majoremdomus
680 3203 746 3244 ac
773 3188 1124 3260 paedagogum
1155 3188 1511 3242 constituens.

265 3282 602 3354 Dagobertus
626 3295 743 3344 rex,
759 3287 877 3350 post
896 3286 1128 3333 mortem
1145 3277 1335 3350 patris,
1353 3277 1599 3348 regnavit
1621 3275 1780 3333 annis

191 3372 489 3429 sexdecim.
536 3370 637 3427 llic
684 3368 1004 3441 magniﬁcus
1046 3369 1292 3424 ecclesiis
1319 3369 1414 3425 Dei
1455 3369 1680 3442 largitor
1715 3386 1781 3426 ac

191 3466 513 3523 distributor
540 3463 661 3518 fuit.
711 3463 1078 3532 Majordomus
1108 3460 1226 3530 ejus
1262 3461 1636 3517 Erchanoldus
1660 3461 1782 3534 [Er-

189 3559 557 3630 chanbaldus]
587 3559 672 3612 vir
698 3557 928 3620 illuster,
959 3557 1187 3626 Pippiuo
1226 3558 1442 3613 interim
1484 3559 1539 3612 in
1583 3559 1782 3615 Auster

193 3652 372 3715 duce,
423 3664 488 3704 ac
535 3661 643 3703 non
687 3653 811 3716 post
849 3644 1080 3699 multum
1127 3654 1342 3700 mortuo
1383 3654 1506 3718 post
1550 3655 1782 3702 mortem

118 3731 120 3733 ’
191 3739 489 3812 Dagoberti
516 3740 677 3808 regis.

263 3831 605 3890 Chlodoveus
626 3847 742 3899 rex,
759 3831 901 3887 ﬁlius
917 3831 1229 3904 Dagoberti,
1247 3832 1494 3904 regnavit
1509 3832 1784 3888 sexdecim

196 3926 381 3993 annis,
413 3927 504 3997 qui
533 3925 683 3982 omni
713 3925 988 3997 spurcitia:
1025 3924 1238 3981 deditus
1262 3923 1385 3980 fuit.
1418 3923 1783 3994 Majordomus

199 4020 288 4091 qui
318 4033 499 4090 supra.

265 4109 631 4167 Chlodharius
657 4123 775 4176 rex,
805 4107 947 4164 ﬁlius
972 4106 1285 4172 Chlodovei,
1308 4106 1485 4162 adhuc
1506 4107 1560 4162 in
1586 4107 1779 4178 puerili

203 4213 354 4261 etate
384 4219 494 4260 sua:
516 4201 816 4272 iuventutis
839 4210 1084 4256 mortuus
1107 4207 1211 4268 est,
1242 4201 1593 4271 regnavitque
1622 4200 1781 4256 annis

203 4305 454 4368 quatuor.
477 4295 842 4367 Majordomus
867 4293 1158 4349 Ebroinus.

268 4387 641 4443 Theodoricus
667 4399 786 4452 rex,
811 4384 954 4440 ﬁlius
975 4383 1289 4451 Chlodovei,
1318 4382 1492 4440 frater
1511 4382 1780 4440 Chlodha-

206 4481 288 4547 rii,
320 4481 572 4551 regnavit
599 4479 757 4534 annis
785 4476 1179 4533 novemdecim.
1229 4476 1594 4549 Majordomus
1644 4477 1779 4532 Ber-

204 4567 430 4628 tharius.
458 4571 576 4640 Quo
600 4570 802 4636 occiso,
833 4569 1095 4641 Pippinus
1111 4569 1298 4640 junior
1325 4568 1470 4624 ﬁlius
1492 4568 1780 4641 Ansegisili

209 4662 465 4736 [Ansgisi]
499 4663 722 4718 veniens
751 4661 818 4718 de
853 4660 1170 4726 Austrasiis,
1205 4658 1470 4715 successit
1494 4658 1550 4713 in
1578 4659 1783 4729 princi-

207 4763 386 4826 patum
413 4751 893 4824 majorumdomus.
1695 4806 1704 4814 _

271 4849 481 4905 Exhinc
510 4860 667 4918 reges
700 4860 919 4910 nomen,
941 4831 1049 4900 non
1077 4843 1340 4900 honorem
1373 4843 1579 4900 habere
1601 4857 1782 4914 crepe-

209 4949 342 4996 runt.
395 4938 600 5006 Quibus
631 4943 812 4990 tamen
857 4935 950 4990 ubi
978 4937 1328 4992 constitutum
1363 4935 1560 5000 fuerat,
1605 4935 1782 4991 victus

208 5031 377 5089 fuerat
402 5031 730 5097 exuberans,
770 5028 1120 5101 custodiaque
1142 5028 1288 5101 jugis
1312 5044 1444 5100 erga
1472 5028 1592 5084 illos
1617 5028 1805 5084 habe-’

207 5125 381 5193 batur,
416 5141 486 5181 ne
526 5122 731 5194 aliquid
751 5121 874 5192 jure
901 5121 1190 5194 potestatis
1229 5136 1392 5192 agere
1415 5121 1642 5193 possint.
1673 5120 1783 5178 Illis

211 5234 437 5292 namque
459 5217 792 5289 temporibus
812 5230 877 5271 ac
897 5215 1161 5292 deinceps
1178 5211 1502 5270 Gotel‘redus
1526 5215 1634 5270 dux
1655 5214 1782 5271 Ala-

211 5290 558 5377 mannorum,
595 5309 882 5380 caeterique
927 5290 1347 5380 circumquaque
1389 5307 1555 5364 duces
1595 5308 1780 5364 nolue-

214 5416 331 5462 runt
351 5407 732 5476 obtemperare
761 5403 988 5459 ducibus
1010 5401 1345 5458 Francorum
1363 5443 1377 5468 ,
1402 5417 1468 5457 eo
1491 5403 1633 5473 quod
1673 5418 1780 5458 non

216 5507 500 5570 potuerunt
522 5498 738 5571 regibus
778 5497 1042 5554 Meroveis
1077 5497 1308 5562 servire,
1334 5496 1473 5552 sicut
1503 5504 1662 5553 antea
1689 5511 1780 5552 so—

217 5591 291 5650 liti
338 5595 568 5652 fuerant.
617 5593 741 5649 ideo
792 5607 851 5649 se
899 5591 1272 5662 unusquisque
1329 5606 1512 5648 secum
1573 5591 1782 5657 tenuit,

1881 1896 1983 1964 cis,
2017 1893 2208 1951 Carius
2230 1895 2523 1963 caeterique
2544 1891 2819 1964 principes
2847 1891 3184 1947 Francorum
3208 1891 3471 1962 paulatim

1880 1988 1950 2044 ad
1972 2003 2030 2043 se
2060 2001 2323 2042 revocare
2357 1985 2478 2042 illos
2503 1992 2620 2041 arte
2645 2000 2752 2056 qua
2780 1993 3035 2056 poterant
3063 1984 3337 2042 studuere.

1951 2075 2320 2137 Chlodoveum
2346 2079 2525 2135 adhuc
2547 2093 2779 2147 puerum
2805 2078 2974 2133 ﬁlium
3005 2077 3326 2136 Theodorici
3344 2094 3475 2138 con-

1882 2172 2113 2227 stituunt
2155 2185 2362 2243 regem,
2403 2171 2496 2242 qui
2555 2179 2764 2226 tantum
2817 2172 3067 2244 regnavit
3097 2188 3270 2231 annos
3315 2176 3469 2232 duos.

1884 2262 2247 2332 Majordomus
2267 2263 2528 2334 Pippinus
2551 2263 2645 2334 qui
2671 2278 2856 2334 supra.

1904 2413 1909 2421 ,
1953 2351 2359 2407 Childebertum
2388 2351 2558 2406 ﬁlium
2593 2351 2938 2419 Theodorici,
2976 2352 3203 2410 fratrem
3241 2354 3474 2414 Chlodo-

1882 2441 1988 2508 vei,
2017 2451 2262 2497 statuunt
2287 2442 2343 2496 in
2367 2457 2617 2514 regnum,
2639 2444 2730 2514 qui
2762 2445 3007 2515 regnavit
3033 2461 3205 2503 annos
3239 2457 3474 2518 septem-

1883 2535 2080 2592 decim.
2125 2534 2491 2606 Majordomus
2534 2536 2884 2591 constituitur
2927 2536 3291 2608 Grimoaldus,
3331 2542 3474 2599 ﬁlius

1882 2626 2118 2699 Pippini,
2151 2627 2278 2698 quia
2307 2627 2422 2697 ipse
2461 2625 2725 2698 Pippinus
2766 2637 3032 2700 tngrotare
3072 2640 3334 2703 cmperat,
3365 2649 3474 2706 qua

1883 2721 2204 2778 inﬁrmitate
2228 2730 2285 2778 et
2307 2720 2560 2789 moritur,
2603 2729 2659 2777 et
2696 2721 2916 2778 interim
2946 2721 3292 2782 Grimoaldus
3324 2729 3473 2783 occi-

1885 2812 2052 2868 ditur.

1955 2906 2321 2979 Dagobertum
2368 2907 2537 2963 ﬁlium
2581 2907 2916 2966 Childeberti
2965 2925 3146 2983 regem
3195 2921 3476 2980 statuunt,

1885 3000 1978 3070 qui
2014 3001 2468 3080 regnavit‘annos
2512 3001 2771 3080 quinque.
2803 3001 3169 3080 Majordomus
3205 3004 3474 3061 Tbedoal-

1887 3092 1988 3148 dus
2013 3093 2158 3148 ﬁlius
2195 3077 2479 3159 Grimaldi,
2507 3102 2632 3165 post
2656 3075 2820 3164 quem
2851 3079 3212 3167 Régnifredus
3245 3096 3474 3170 [Ragin-

1806 3176 1852 3239 C
1886 3182 2113 3256 fredus].

1955 3276 2066 3331 Illis
2110 3276 2446 3348 temporibus
2491 3276 2713 3341 Carlus,
2744 3277 2888 3334 ﬁlius
2921 3277 3134 3351 Pippini
3163 3295 3229 3336 ex
3269 3297 3472 3338 concu-

1881 3370 2049 3436 bina,
2103 3369 2158 3424 in
2207 3369 2453 3425 custodia
2505 3385 2536 3424 a
2585 3369 2872 3427 Plectrude
2923 3381 3173 3428 matrona
3227 3374 3474 3445 ejusdem

1883 3462 2095 3534 Pippini
2121 3464 2404 3518 tenebatur
2431 3480 2443 3516 :
2477 3462 2773 3518 auxiliante
2801 3464 3032 3520 Domino
3056 3464 3148 3520 vix
3174 3466 3364 3522 evasit.

1953 3555 2269 3611 Danihelem
2293 3557 2568 3626 quondam
2589 3556 2871 3624 clericum,
2895 3559 3118 3615 caesarie
3139 3561 3332 3631 capitis
3356 3576 3476 3618 cre-

1885 3657 2088 3712 scente,
2139 3661 2321 3716 regem
2366 3647 2564 3703 Franci
2602 3650 2962 3717 constituunt,
2998 3666 3163 3721 quem
3203 3635 3480 3726 Chilperi-i

1887 3751 2010 3790 cum
2060 3744 2372 3805 nuncupant
2419 3755 2432 3790 :
2475 3738 2601 3806 quia
2643 3739 2927 3794 deﬁciente
2973 3743 3226 3812 prosapia
3262 3760 3476 3816 regum,

1886 3827 2034 3882 illum
2062 3842 2222 3899 quem
2259 3827 2703 3900 propinquiorem
2747 3829 3014 3885 Meroveis
3042 3831 3289 3889 invenire
3316 3843 3469 3905 pote-

1885 3928 2028 3986 rant,
2076 3928 2344 3985 statuere;
2381 3920 2508 3990 quia
2551 3919 2786 3975 Merovei
2830 3921 2915 3993 (ut
2953 3921 3126 3994 aiunt)
3160 3924 3301 3980 sicut
3329 3926 3475 3981 anti-

1883 4013 2067 4083 quitus
2120 4011 2398 4078 Nazaraei,
2436 4012 2583 4068 nullo
2623 4013 2816 4085 capitis
2861 4014 3012 4070 crine
3064 4014 3237 4073 inciso
3291 4025 3470 4074 erant.

1883 4104 2256 4174 Regnavitqne
2287 4105 2444 4181 annis
2477 4121 2592 4161 sex.

1953 4195 2177 4251 Interim
2222 4195 2516 4265 praedictus
2562 4194 2751 4253 Carlus
2775 4197 3029 4269 princeps
3067 4197 3135 4254 ad
3161 4198 3473 4260 Austrasios

1881 4296 2234 4359 paternarum
2272 4289 2482 4345 sedium
2529 4289 2846 4362 aufugiens,
2896 4292 3080 4363 ibique
3105 4295 3473 4367 principatum

1882 4384 2171 4454 arripiens,
2196 4398 2488 4456 regemque
2506 4384 2608 4440 sibi
2632 4386 2849 4440 nomine
2869 4386 3266 4452 Chlodharium.
3279 4389 3476 4446 consti-

1885 4485 2063 4543 tuens,
2095 4476 2264 4533 multa
2290 4477 2430 4533 bella
2458 4494 2582 4533 cum
2610 4477 2918 4550 Chilperico
2954 4495 3084 4553 rege
3121 4490 3178 4537 et
3222 4498 3322 4539 suo
3356 4498 3472 4539 ma—

1882 4567 2199 4640 joredomus
2237 4567 2458 4624 nomine
2494 4568 2836 4641 Reganfredo
2861 4572 3153 4640 commisit,
3179 4589 3380 4644 eosque
3414 4583 3475 4630 ut

1889 4658 2059 4714 voluit
2085 4660 2381 4729 superavit,
2404 4667 2461 4714 et
2484 4659 2796 4716 thesaurum
2824 4663 2995 4734 patris
3016 4663 3100 4720 sui
3123 4681 3155 4721 a
3185 4665 3474 4724 Plectruda

1872 4750 2120 4821 -recepit,
2146 4763 2385 4822 suusque
2412 4765 2510 4807 rex
2536 4750 2896 4811 Chlodharius
2934 4763 3058 4826 post
3093 4771 3203 4812 non
3242 4757 3470 4814 multum

1887 4842 2042 4898 obiit.

1959 4934 2353 4992 Theodericum
2379 4936 2550 4992 ﬁlium
2577 4935 2863 5009 Tagoberti
2885 4938 3221 5016 [Dagoberti]
3237 4942 3474 5013 junioris

1887 5027 2083 5085 Franci
2114 5029 2170 5085 in
2199 5045 2383 5101 regem
2411 5031 2514 5087 sibi
2541 5029 2810 5101 statuunt,
2841 5034 2934 5105 qui
2958 5036 3196 5092 nutritus
3239 5037 3293 5092 in
3341 5036 3470 5094 Cala

1887 5123 2219 5179 monasterio
2243 5131 2385 5191 erat,
2409 5125 2760 5198 regnavitque
2782 5128 2938 5183 annis
2962 5142 3079 5184 sex.
3103 5126 3471 5198 Majordomus

1887 5229 1954 5270 ac
1980 5215 2236 5287 princeps
2261 5214 2518 5282 Carolus;
2545 5217 2639 5288 qui
2651 5215 2764 5287 jam
2788 5225 3022 5290 utraque
3047 5234 3212 5293 regna
3242 5219 3470 5274 viriliter

1888 5310 2218 5381 gubernans,
2261 5311 2684 5383 circumquaque
2714 5327 2836 5367 cum
2878 5312 3096 5385 regibus
3138 5329 3200 5368 ac
3241 5311 3468 5367 ducibus

1889 5401 2029 5458 bella
2082 5416 2296 5473 semper
2345 5405 2650 5474 superando
2694 5404 3037 5461 committens
3063 5444 3079 5470 ,
3125 5405 3297 5459 donec
3342 5417 3466 5459 eum

1889 5512 2080 5554 omnes
2117 5497 2401 5565 vincendo,
2433 5500 2526 5571 qui
2571 5501 2621 5557 ei
2667 5499 2926 5558 contrarii
2964 5499 3082 5557 fore
3123 5496 3468 5568 videbantur,

1890 5589 2106 5647 vincere
2132 5591 2435 5648 constabat.

1574 5861 2108 5894 ψ-
