4032 6448
252 376 323 434 57
1282 373 1371 429 ne
1407 370 1759 429 MTHARDO
1795 369 1886 429 ET
1919 369 2088 429 EJUS
2123 370 2481 429 paosma.
3154 356 3161 361 ’
3428 373 3537 434 58'

256 506 448 551 omnes
488 489 656 572 fuere.
682 491 738 546 Is
765 501 932 572 certe,
961 495 1181 572 staturae
1213 490 1507 572 elegantia,
1537 488 1825 572 vultusque
1853 492 1901 551 Α
1929 488 2033 572 ista
2074 487 2286 572 poesint
2325 503 2456 572 cum_
2481 486 2713 572 .Adriaui
2750 486 3008 572 praedicta
3038 485 3354 572 feplstqia,
3390 504 3502 572 non

256 570 570 626 venustate,
611 563 821 617 cunctis
859 564 1073 630 gratus,
1120 577 1243 616 cum
1283 557 1593 615 liberalibus
1634 557 1828 630 studiis

256 636 501 706 apprime
543 629 1002 706 erudituscsset,
1043 639 1570 706 parentumsu_asu,
1630 629 1834 698 princi-

254 702 493 777 pumque
514 703 1062 777 assensu,_clericatus
1078 704 1235 777 titulo
1252 702 1558 777 iusigniius,
1578 714 1830 777 magnum

252 770 358 849 pia:
384 770 809 849 conversationis
853 774 1032 849 lumen
1065 774 1331 849 palatiuis
1350 770 1598 844 praebuit.
1639 770 1831 849 Pipino

253 841 487 914 inortuo,
519 844 745 898 Carolus
769 841 1145 914 Angilbertum
1173 841 1367 898 habuit
1390 856 1415 883 δ
1445 856 1555 912 prae
1580 841 1831 914 omnibus

256 913 761 979 familiarissimum,
794 911 1035 969 omnium
1076 920 1407 969 secretorum
1433 911 1731 974 conscium,
1774 920 1831 965 et

254 987 541 1057 primatem
578 984 977 1056 capellanorum
1002 985 1129 1057 fecit
1158 1000 1172 1049 ;
1220 985 1557 1057 sibiquoque
1580 982 1828 1035 eumdem

253 1054 612 1113 silentiarium
635 1054 844 1121 statuit,
891 1066 950 1109 ut
994 1054 1108 1123 ejus
1152 1055 1378 1109 consilio
1406 1068 1628 1123 regnum
1660 1060 1831 1108 totum

250 1136 623 1197 componeret,
656 1135 817 1197 atque
850 1127 1024 1180 eidem
1048 1126 1305 1197 Bertham
1335 1125 1503 1197 tiliam
1524 1138 1677 1197 suam
1705 1136 1833 1197 ceu:

251 1192 431 1268 jugein
470 1195 645 1262 dedit;
697 1192 763 1250 ad
808 1204 1150 1268 augmentum
1198 1194 1423 1268 palatini
1469 1193 1713 1268 horteris,
1752 1192 1831 1247 illi

261 1263 422 1323 toiius
454 1268 742 1322 maritimae
777 1263 941 1320 terra:
986 1263 1541 1321 ducatu—commisso.
1588 1263 1831 1331 Hincque

253 1337 551 1393 Nithardus
580 1346 785 1402 noster,
825 1344 879 1391 et
920 1336 1207 1400 ilarnidus,
1244 1333 1709 1407 procreati._Po§t
1737 1333 1832 1387 ali-

252 1408 401 1478 quod
433 1421 561 1479 vero
600 1417 831 1479 tempus,
879 1423 1000 1462 cum
1036 1404 1385 1479 Augilbertus
1414 1404 1566 1479 gravi
1605 1404 1831 1479 aﬂ‘eetus

251 1474 591 1543 inﬁrmitate,
618 1474 900 1534 monastici
949 1474 1154 1532 ordinis
1198 1474 1459 1532 subeundi
1481 1484 1676 1529 ‘votum
1722 1474 1832 1529 Deo

252 1559 638 1617 nuncupasset,
670 1549 963 1603 valetudini
1008 1548 1318 1611 restitutus,
1368 1547 1550 1617 primo
1573 1545 1830 1600 Bertham

247 1614 561 1688 conjugem,
592 1614 749 1676 sacro
792 1619 1059 1673 velamine
1099 1614 1493 1688 consecratam,
1526 1614 1658 1688 loco
1696 1631 1834 1688 icon—

249 1686 467 1765 gruenti
495 1691 638 1745 intra
682 1689 983 1765 coenobium
1013 1688 1336 1765 Centulense
1356 1726 1370 1750 ,
1388 1686 1588 1765 vigiliis
1614 1695 1667 1740 et
1686 1687 1829 1757 jeju-

247 1758 359 1815 iliis
386 1767 698 1816 vacaturum
723 1760 1026 1815 collocavit.
1055 1759 1366 1828 Ibidemque
1407 1758 1533 1828 mox
1574 1758 1689 1828 ipse
1716 1772 1833 1812 mo-

1932 555 2109 613 video.
2141 555 2249 611 Nec
2275 567 2422 612 certe
2444 558 2532 612 hic
2547 555 2895 629 lngelrannus
2914 566 3089 629 potest
3111 555 3233 614 esse
3252 559 3507 618 Metensis

1933 628 2392 699 archiepiscopus,
2418 630 2511 699 qui
2533 628 2837 684 subCarolo
2851 628 3039 697 Magno
3060 638 3262 684 sanctae
3286 632 3507 698 capellas

1931 697 2286 771 primieerius
2322 697 2441 771 fuit.
2486 698 2708 771 Obierat
2748 700 2891 771 enim
2931 699 3020 754 ille
3054 714 3197 755 anno
3228 703 3251 741 δ
3279 697 3402 756 791.
3433 702 3509 759 At

1933 769 2059 823 dum
2087 769 2420 840 Engilramni
2443 770 2683 840 memini.
2725 770 2892 840 aliud,
2936 771 3077 840 quod
3108 785 3246 840 pene
3285 772 3505 828 excide-

1931 849 2034 899 rat.
2067 839 2343 894 memoria:
2372 839 2632 899 recurrit;
2665 840 2757 907 qui
2784 839 2901 894 ﬁeri
2936 839 3128 907 possit,
3160 849 3218 895 ut
3239 857 3359 896 cum
3389 842 3504 896 An-

1968 858 2034 899 Bl.
2067 858 2343 894 memoria:
2372 858 2632 899 I'CCUI'I‘II;
2665 858 2757 907 QUI
2784 858 2901 894 1181⁵1
2973 858 3128 905 08511,
3160 858 3218 895 υῐ
3239 858 3359 896 cum
3389 858 3504 896 An-

1968 911 2332 988 ilbertti_s__sub
2378 909 2571 988 Carolo
2615 909 2807 982 Magno
2837 858 3297 988 arcKicapeilanus
3341 911 3506 988 fuerit

1968 926 2193 965 ubertas
2232 926 2332 966 suo
2378 926 2571 965 ωιόιο
2615 926 2807 982 magno
2837 926 3297 981 arcmcapeuanus
3341 926 3506 968 merit

1928 926 2117 1104 iquod
2162 981 2304 1035 illius
2350 982 2475 1034 vita:
2519 990 2735 1040 auctor.
2786 990 2844 1035 et
2872 982 2985 1051 jam
3020 983 3237 1037 laudata
3282 982 3509 1052 epistola

1978 1052 2151 1104 driani
2200 1048 2478 1104 indicantl
2528 1060 2636 1104 tam
2675 1051 2900 1104 nrmcise
2946 1062 3122 1104 tamen
3169 1052 3508 1104 Adalhardus

1978 1048 2151 1122 driani
2200 1048 2478 1122 indicant)
2528 1060 2636 1105 tam
2675 1048 2900 1122 prtecise
2946 1062 3122 1107 tamen
3169 1048 3508 1108 Adalbardus

1932 1121 2177 1194 (majoris
2206 1122 2662 1194 Corbetaaabbas,
2688 1122 2830 1194 apud
2858 1121 3207 1177 Hincmarum
3232 1124 3455 1194 epistola
3475 1122 3510 1176 5

1931 1190 2051 1263 cap.
2079 1192 2170 1263 27)
2196 1193 2296 1247 sub
2320 1190 2514 1247 Carolo
2539 1191 2735 1261 Magno
2773 1191 2938 1247 hosce
2976 1201 3094 1263 tres
3131 1190 3359 1259 tantum,
3384 1194 3512 1249 Ful-

1930 1261 2121 1318 radum
2154 1261 2400 1334 "scilicet,
2448 1263 2941 1334 Engelramnumﬂt
2976 1261 3340 1318 Hildiboldum
3384 1280 3513 1334 apo—

1932 1334 2206 1389 crisiarios
2250 1332 2415 1388 fuisse
2451 1332 2678 1388 asserat.
2711 1332 2821 1389 Nec
2859 1332 3004 1388 enim
3046 1332 3512 1403 archicapellanus

1931 1403 2069 1459 alius
2094 1406 2162 1459 ab
2191 1405 2557 1473 apocrisiario.
2590 1403 2725 1458 Nam
2751 1413 2808 1459 et
2827 1417 2843 1445 ι
2871 1403 3283 1473 apocrisiarium
3305 1413 3516 1461 nostra-

1932 1484 2034 1538 tes,
2076 1474 2250 1544 inquit
2274 1475 2388 1544 ipse
2424 1473 2789 1540 Adalhardus,
2829 1474 3166 1543 capellanum
3211 1475 3510 1544 appellant.

1929 1545 2059 1601 lude
2078 1546 2239 1599 etiam
2254 1545 2547 1600 Alcuinusl
2584 1546 2792 1601 huncce
2814 1544 3246 1616 Engilramnum,
3268 1554 3513 1600 sanctum

1932 1615 2148 1687 capellae
2192 1616 2601 1687 primicerium;
2652 1624 2706 1687 et
2758 1614 3134 1687 episcoporum
3193 1614 3514 1672 Metensium

1932 1685 2267 1751 chronicuin,
2292 1688 2562 1751 eumdem,
2590 1686 2776 1755 palatii
2792 1685 3293 1754 iarcbicapellanum
3313 1702 3518 1741 nuncu-

1930 1765 2079 1827 pant.
2114 1758 2312 1812 Verum
2346 1757 2412 1827 de
2442 1757 2525 1811 his
2552 1756 2705 1811 alias.
2734 1757 2815 1811 Ad
2852 1757 3227 1827 Angilbertum
3266 1758 3429 1813 redeo
3452 1757 3513 1821 k;

248 1831 410 1884 nacbi
450 1831 822 1886 indumentum
845 1848 874 1885 a
900 1821 1296 1955 Simphoriand
1318 1821 1487 1898 ipsibs
1506 1821 1610 1882 loci
1634 1827 1831 1881 abbate
1863 1845 1910 1905 Β
1931 1821 2079 1882 anno
2109 1830 2304 1897 quippe
2331 1826 2432 1881 796
2456 1843 2582 1909 cum
2607 1827 2716 1882 Leo
2742 1842 2876 1897 papa
2904 1821 3026 1910 post
3044 1827 3343 1910 Adrianum
3366 1827 3514 1909 ordi-

248 1903 492 1955 suscenit
525 1918 537 1953 :
565 1917 629 1955 ac
648 1903 837 1955 eodem
870 1903 934 1954 ab
974 1909 1061 1955 ate
1090 1902 1226 1955 intra
1253 1902 1417 1955 breve
1442 1907 1653 1955 temnus
1681 1898 1833 1953 dece-
1937 1907 2099 1953 natus
2132 1898 2311 1952 claves
2352 1897 2708 1953 confessronis
2750 1907 2923 1953 sancti
2967 1895 3113 1953 Petri
3163 1898 3303 1955 (seu.
3339 1904 3400 1952 ut
3445 1906 3514 1953 ait

246 1903 492 1971 suscepit
525 1918 537 1953 :
565 1917 629 1956 ac
648 1903 837 1957 eodem
870 1898 1061 1955 abbate
1090 1902 1226 1955 intra
1253 1902 1417 1955 breve
1442 1907 1653 1968 tempus
1681 1898 1833 1953 dece-

244 1973 448 2042 dente,
500 1971 1055 2042 omnium‘suﬂ‘ragiis
1106 1971 1321 2042 (Carolo
1366 1985 1492 2042 rege
1541 1972 1835 2042 annuente)

242 2040 539 2105 suffectus,
589 2040 913 2097 Centulense
963 2039 1092 2095 illud
1118 2039 1519 2095 monasterium
1568 2039 1744 2109 (quod
1782 2040 1837 2094 in

242 2111 504 2174 Pontivo,
540 2112 883 2165 Ambianensi
923 2110 1146 2165 dimcesi
1191 2112 1386 2172 situm,
1424 2119 1720 2178 sanctoque
1745 2110 1839 2164 Ri-

242 2182 444 2252 chario
466 2181 699 2235 dicatum
721 2181 825 2252 est)
846 2190 1156 2236 restaurare
1176 2179 1476 2252 constituit,
1498 2187 1553 2233 et
1572 2180 1837 2252 aediﬁciis,

242 2251 447 2315 rebus,
498 2248 1000 2320 inonachorumque
1044 2265 1273 2305 numero
1318 2250 1598 2318 ampliare.
1641 2248 1842 2303 Verum

247 2320 342 2376 cui
375 2334 518 2376 anno
546 2323 879 2377 ascriberem
928 2320 1310 2391 Symplioriani
1354 2320 1585 2391 obitum,
1619 2320 1842 2373 initum-

240 2406 358 2464 que
380 2393 448 2447 ab
468 2391 784 2462 Angilberto
810 2389 1132 2464 eabbat‘itium
1163 2390 1291 2446 illud
1321 2389 1577 2464 cilicium,
1598 2391 1841 2464 upudum

242 2458 371 2518 sum
433 2458 734 2519 assecutus.
792 2462 1017 2518 Constat
1068 2471 1220 2517 certe
1277 2475 1418 2515 anno
1460 2459 1565 2515 792
1606 2458 1839 2515 Felicem

242 2532 280 2605 Ρ
298 2532 674 2605 υτεειίωηιιω
692 2534 1025 2603 episcopum,
1041 2549 1141 2604 per
1155 2533 1530 2605 Angilhertum
1546 2542 1569 2570 θ
1587 2531 1838 2605 abbatem

240 2602 307 2661 in
343 2602 628 2674 praesentia
653 2602 887 2659 Adriani
911 2602 1194 2673 apostolici
1223 2604 1542 2674 deductum,
1590 2602 1839 2674 haeresim

244 2671 441 2739 suam,
472 2675 613 2729 facta
642 2671 1013 2738 confessione,
1044 2676 1354 2729 damnasse.
1389 2674 1457 2727 Et
1492 2673 1629 2727 forte
1668 2671 1842 2727 fuerit

242 2744 491 2814 ejusdem
516 2742 642 2799 anni
667 2746 895 2815 epistola
925 2746 1137 2799 Alcuini
1157 2745 1227 2799 28
1252 2744 1398 2815 [Ms.,
1428 2743 1518 2815 65]
1552 2742 1617 2796 ad
1642 2742 1837 2797 Adria-

244 2830 380 2887 num
406 2814 720 2885 pontiﬁcem
761 2823 1018 2887 magnum
1039 2857 1052 2881 ,
1084 2830 1191 2884 qua
1217 2814 1477 2887 A’lcuin‘us
1500 2814 1585 2887 ’(in
1621 2815 1843 2887 scriptis

241 2886 461 2967 libris),
487 2888 560 2967 ita
591 2885 893 2967 Angilberti
922 2887 1209 2967 meminit:
1244 2885 1431 2967 «Quia
1477 2885 1843 2967 electissimus

242 2956 435 3011 domn’i
460 2956 564 3011 mei
589 2956 731 3025 regis
760 2958 980 3020 missus,
1006 2958 1147 3011 filius
1167 2958 1417 3027 equidem
1455 2970 1609 3012 meus
1638 2956 1841 3011 chan‘s—

243 3028 421 3082 simus
452 3028 821 3098 Angilbertus,
857 3030 921 3082 ad
962 3029 1353 3092 beatissimam,
1392 3040 1621 3081 summa:
1659 3035 1843 3081 aucto-

245 3098 430 3153 ritatis
466 3097 658 3153 vestrm
680 3140 694 3163 ,
724 3097 978 3169 dirigitur
1005 3098 1410 3169 paternitatem,
1438 3110 1547 3152 non
1577 3112 1717 3169 esse,
1745 3113 1841 3152 ne-

244 3183 404 3243 cesse
428 3167 857 3243 putavi,‘litteris
899 3167 1148 3234 exarare,
1175 3170 1317 3243 quod
1350 3167 1439 3224 ille
1468 3170 1558 3243 vir
1581 3168 1770 3243 ﬁdelis
1784 3177 1839 3222 et

241 3239 489 3310 prudctns
531 3240 724 3295 melius
750 3242 873 3294 viva
903 3254 1033 3295 voce
1067 3242 1362 3295 secundum
1398 3240 1709 3293 mandatum
1739 3240 1837 3293 do-

242 3310 361 3364 mni
404 3310 545 3381 regis
591 3312 812 3366 auribus
859 3311 1191 3367 excellentiae
1231 3318 1427 3364 vestrae
1465 3311 1662 3380 poterit
1708 3310 1833 3364 inti-

243 3380 483 3452 mare.)
507 3389 611 3436 ctc.
648 3380 1016 3452 Eumdemque
1048 3390 1208 3436 vocat
1236 3382 1394 3452 regite
1434 3381 1726 3452 voluntatis
1751 3396 1837 3435 se-

243 3450 571 3516 cretarium,
602 3467 664 3506 ac
699 3450 951 3507 omnibus
978 3453 1165 3507 amicis
1190 3451 1343 3506 valde
1371 3450 1583 3506 ﬁdelem
1614 3452 1833 3506 asserit.

245 3521 570 3590 Quanquam
598 3523 814 3576 nescius
836 3538 943 3576 non
968 3524 1096 3585 sim,
1122 3523 1265 3589 quod
1283 3531 1339 3575 et
1361 3522 1601 3590 baecipsa
1621 3522 1837 3576 Alcuini

245 3591 483 3660 epistola
514 3591 573 3660 in
621 3604 822 3643 annum
847 3591 949 3660 79:5
970 3591 1259 3660 commode
1293 3591 1445 3658 rejici
1482 3592 1684 3660 possit,
1729 3606 1841 3658 quo

250 3657 373 3729 ipse
394 3659 664 3713 Adrianus
688 3674 824 3730 papa
853 3658 1160 3728 Capitulare
1180 3657 1361 3712 Caroli
1382 3657 1559 3730 Magni
1584 3657 1842 3713 adversus

247 3726 539 3816 sA—yneillum,
575 3726 737 3799 quain
758 3726 946 3811 Graeci
966 3730 1252 3816 septimam
1273 3728 1455 3816 voeari
1476 3726 1716 3816 voluere;
1740 3743 1842 3816 per

244 3797 626 3871 Angilbertum
656 3797 1043 3861 transmissum
1064 3800 1164 3871 sibi
1187 3812 1329 3865 esse,
1362 3797 1610 3871 litteris}
1644 3797 1841 3871 adCa-

247 3869 427 3924 rolum
458 3869 631 3937 ipsum
661 3884 862 3940 regem.
882 3871 1112 3925 monuit.
1140 3869 1246 3924 Sed
1273 3871 1415 3924 inest
1438 3869 1571 3940 mihi
1598 3869 1839 3940 hoceﬁloco

247 3941 339 4011 hic
360 3941 673 4011 scrupulus,
700 3938 843 4011 quod
884 3941 936 3994 in
972 3942 1178 4011 scripto
1218 3940 1404 3994 codice
1433 3938 1486 4007 (e
1510 3954 1617 4011 quo
1641 3955 1662 3977 α
1691 3938 1844 3994 Elias

244 4010 505 4075 Philiras,
525 4012 575 4065 id
596 4019 677 4066 est
697 4010 935 4065 Joannes
955 4010 1147 4075 'l‘ilius,
1164 4011 1485 4065 notissimus
1506 4010 1598 4063 ille
1618 4018 1834 4079 patrum

247 4081 799 4151 artateBriocensis,
849 4082 973 4136 dein
1023 4080 1309 4136 Meldensis
1347 4081 1666 4151 episcOpus,
1702 4095 1840 4149 opus

246 4151 397 4222 illud,
415 4150 597 4207 Caroli
623 4153 825 4222 Magni,
846 4152 999 4208 libris
1028 4161 1261 4222 quatuor
1290 4150 1622 4217 absolutum,
1647 4152 1837 4206 adver-

247 4238 350 4295 sus
370 4221 600 4295 Crescite
625 4221 887 4295 synOdum
914 4222 981 4295 de
1007 4221 1297 4295 aderandis
1320 4223 1663 4295 imaginibus,
1694 4237 1838 4277 anno

250 4293 394 4348 1549
420 4292 609 4365 edidit)
641 4290 777 4365 haec,
803 4294 871 4365 in,
902 4294 1066 4357 calce,
1091 4294 1361 4365 habentur
1388 4311 1401 4345 ε
1435 4290 1453 4340 ἓ
1483 4290 1838 4365 lngelrannus

251 4365 424 4435 abbas
446 4363 599 4433 jussu
625 4364 801 4420 Caroli
826 4364 1004 4435 Magni
1036 4364 1179 4435 hunc
1202 4364 1399 4419 librum
1428 4365 1669 4434 scripsit,
1695 4373 1749 4418 et
1772 4363 1840 4419 ad

250 4433 548 4489 Adrianum
586 4450 777 4506 papam
819 4433 960 4490 tulit.
1003 4454 1023 4487 ι
1072 4434 1352 4501 Quomodo
1386 4433 1843 4505 enim’quadrare

1937 1907 2099 1953 natus
2130 1895 2311 1952 claves
2352 1897 2708 1969 confessionis
2744 1895 2923 1953 sancti
2967 1895 3125 1969 Petri
3163 1898 3303 1969 (seu,
3339 1904 3400 1952 ut
3445 1898 3521 1953 ait

1942 1978 2096 2038 poeta
2129 1970 2301 2022 Saxo:
2324 1986 2343 2019 ι
2363 1965 2554 2023 Claves
2578 1970 2773 2037 quibus
2792 1978 2876 2023 est
2899 1965 3362 2024 confessio'sancti
3386 1983 3516 2025 con-

1940 2048 2152 2110 servata
2182 2039 2344 2093 Paetri
2366 2039 2410 2110 ι)
2434 2049 2488 2093 et
2516 2039 2767 2094 vexillum
2789 2038 3049 2095 Romana:
3071 2040 3220 2095 urbis
3248 2040 3317 2095 ad
3342 2053 3521 2110 regem

1938 2108 2189 2164 Carolum
2216 2126 2337 2163 cum
2366 2108 2486 2165 aliis
2509 2110 2825 2165 muneribus
2842 2110 3097 2176 misisset,
3124 2118 3257 2165 etut
3279 2108 3521 2165 mitteret

1941 2180 2173 2249 aliquem
2203 2182 2267 2235 de
2286 2182 2639 2251 optimatibus
2661 2180 2797 2246 suis,
2819 2180 2888 2237 ad
2906 2180 3338 2237 conﬁrmandum
3368 2178 3388 2219 ι
3416 2179 3521 2235 sibi

1940 2265 2045 2322 pe_r_
2056 2261 2471 2322 sacramentum
2494 2293 2508 2316 ,
2544 2251 2848 2307 Romanum
2898 2251 3188 2322 populum,
3232 2259 3520 2322 rogasset:

1948 2338 1969 2369 ‹
1999 2319 2193 2374 Missus
2218 2329 2303 2374 est
2327 2322 2394 2391 ad
2421 2322 2558 2376 hanc
2587 2337 2702 2377 rem
2730 2319 3075 2391 Angilbertus
3116 2323 3285 2378 abbas
3303 2319 3523 2378 'mona-

1943 2391 2094 2444 sterii
2124 2391 2301 2464 sancti
2326 2390 2588 2464 Richarii,
2623 2406 2718 2464 per
2743 2390 2904 2464 quem
2933 2393 3096 2448 etiam
3122 2408 3371 2464 magnam
3393 2408 3525 2464 par—

1944 2472 2052 2532 tem
2100 2460 2373 2532 thesauri,
2419 2478 2582 2531 quem
2624 2460 2907 2517 Henricus
2949 2463 3058 2516 dux
3100 2460 3523 2532 Forojulietisis,

1941 2531 2169 2600 spoliata
2230 2528 2510 2586 Hunorum
2546 2533 2743 2603 _rcgia,
2789 2548 2909 2601 qua:
2962 2532 3200 2603 Hringus
3238 2528 3523 2599 vocatur,

1941 2603 2128 2673 eodem
2160 2615 2303 2657 anno
2326 2603 2438 2673 regi
2463 2602 2529 2657 de
2546 2601 2824 2673 Pannonia
2856 2601 3132 2667 attulerat,
3161 2604 3329 2669 misit,
3364 2623 3382 2657 ι
3415 2612 3525 2659 etc.

1943 2671 2079 2725 Tum
2117 2687 2248 2744 vero
2301 2671 2888 2744 detulitﬁAngiibertus
2940 2682 2996 2728 et
3026 2674 3257 2744 Alcuini
3302 2686 3341 2713 ω
3384 2675 3528 2729 litte-

1943 2758 2034 2866 {as
2083 2743 2150 2866 ald
2196 2742 2433 2799 Leonem
2468 2743 2534 2798 Ill
2577 2742 2651 2798 et'
2680 2742 2968 2799 Paulinum
3006 2743 3408 2814 Aquileiensem
3431 2760 3527 2815 pa—

1968 2828 2109 2866 riarc
2132 2827 2259 2866 iam.

1942 2821 2043 2867 tria
2052 2821 2259 2867 rcham.

2015 2883 2226 2937 Interea
2294 2893 2527 2954 surgunt
2571 2884 2814 2954 praedicti
2848 2884 3036 2940 Sancti
3084 2885 3346 2952 Ricbarii,
3412 2886 3530 2942 sive

1944 2952 2284 3009 Centulensis
2314 2952 2627 3010 monasterii
2651 2954 2899 3019 aedilicia,
2949 2964 3005 3010 et
3029 2966 3142 3011 tres
3172 2957 3391 3012 tandem
3417 2957 3528 3013 illic

1944 3034 2139 3098 erectae
2163 3025 2406 3080 ecclesia:
2431 3042 2467 3098 a_
2479 3027 2767 3098 duodecim
2808 3026 3206 3098 venerabilibus
3252 3028 3529 3098 episcopis

1943 3095 2203 3169 dedicatae
2256 3105 2404 3169 eunt,
2434 3095 2796 3169 Meginhardo
2844 3097 3065 3169 scilicet;
3107 3094 3530 3169 Rothomagensi

1943 3166 2217 3290 episculpo,
2247 3166 2502 3249 Georgio,
2525 3166 2816 3235 Absalone,
2856 3167 3126 3250 Gerlrido,
3156 3166 3529 3234 Pleonefﬂil-

1943 3239 2095 3290 dicar
2133 3253 2188 3290 ο.
2235 3237 2530 3290 Teodomo.
2563 3238 2867 3290 Ydelm‘aro.
2917 3237 3231 3290 Benedicto.
3280 3240 3526 3290 Kellano.

1942 3237 2188 3307 digardo,
2235 3237 2530 3304 Teodoino,
2563 3238 2867 3303 Ydelm‘aro,
2917 3237 3231 3306 Benedicto,
3279 3240 3526 3304 Kellauo,

1938 3305 2147 3363 Joanne
2180 3318 2442 3377 praeterea
2470 3318 2525 3363 et
2551 3309 2773 3365 Passivo
2802 3318 3002 3365 sanctae
3048 3310 3306 3366 Romanae
3333 3311 3525 3367 Eccle—

1940 3379 2033 3452 siae
2056 3379 2265 3449 legatis.
2296 3379 2449 3452 Quod
2470 3381 2696 3451 contigit
2747 3381 2907 3452 paulo
2933 3390 3059 3436 ante
3088 3383 3339 3452 adeptum
3369 3398 3399 3437 a
3426 3381 3533 3437 Ca-

1940 3396 2033 3432 suae
2056 3396 2265 3449 legans.
2296 3396 2449 3446 uuou
2470 3396 2696 3451 contigit
2784 3396 2907 3435 auio
2933 3396 3059 3436 ante
3088 3396 3339 3452 adeptum
3369 3398 3399 3437 a
3426 3396 3527 3437 ua-

1938 3448 2056 3503 rolo
2096 3465 2304 3521 magno
2359 3451 2663 3520 imperium.
2728 3396 2898 3519 (gnem
2925 3460 2980 3506 et
3030 3452 3159 3507 huic
3197 3451 3527 3510 dedicationi

1940 3520 2251 3593 interfuisse
2286 3521 2411 3593 quis
2435 3520 2576 3577 forte
2616 3520 2932 3593 conﬁceret,
2988 3537 3055 3577 ex
3082 3523 3168 3578 his
3202 3539 3322 3593 qu:e
3361 3522 3524 3579 Nibe-

1942 3589 2441 3663 luiigus,_;Annale_s
2487 3593 2638 3656 editi,
2688 3592 2919 3663 Regino,
2969 3589 3274 3649 Ademarus
3322 3594 3376 3648 in
3406 3594 3531 3650 Vita

1941 3656 2120 3729 Caroli
2164 3660 2367 3729 Magni,
2405 3661 2571 3716 Poeta
2613 3656 2799 3727 saxo:
2818 3672 2875 3717 et
2895 3656 2987 3717 alii
3028 3672 3379 3729 annotarunt,
3428 3664 3533 3719 Ca-

1944 3726 2120 3780 rolum
2167 3726 2310 3783 anno
2332 3730 2542 3784 Domini
2568 3731 2673 3785 800
2700 3743 2949 3786 sanctum
2976 3733 3183 3787 Pascha
3229 3726 3375 3789 apud
3395 3733 3535 3789 San-

1945 3750 2120 3780 unqu
2167 3750 2310 3783 anno
2333 3750 2542 3784 uomlnl
2568 3750 2673 3785 δυυ
2700 3750 2949 3786 sanetum
2976 3750 3183 3787 rascna
3229 3750 3257 3787 a
3300 3750 3369 3789 uu
3395 3750 3532 3789 ball-

1945 3805 2090 3851 ctum
2119 3806 2165 3855 ιι,
2188 3796 2500 3873 Richarium
2534 3799 2860 3873 celebrasse.
2906 3801 3011 3873 S_ed
3053 3811 3199 3873 stare
3219 3750 3408 3857 itrnon
3434 3818 3532 3873 po-

1947 3875 2069 3928 test,
2115 3882 2238 3922 cum
2273 3870 2414 3936 apud
2440 3868 2719 3925 Centulam
2766 3870 2882 3925 Kal.
2921 3869 3196 3927 Januariis
3248 3872 3404 3929 istius
3434 3868 3533 3928 ile-

1943 3936 2230 3994 dicationis
2259 3938 2313 4010 (e
2337 3949 2446 3995 vet.
2468 3941 2632 4011 libro)
2664 3940 2909 3999 ecclesiae
2931 3936 3247 3998 solernni'tas
3268 3942 3383 3998 ﬁat.
3410 3942 3530 4011 Quo

1942 4021 2073 4084 vere
2102 4018 2320 4084 ornatu,
2369 4010 2673 4084 quibusque
2704 4022 3017 4084 sanctorum
3058 4013 3374 4084 pignoribus
3428 4010 3527 4070 ec-

1941 4077 2165 4133 clesiam
2208 4079 2297 4135 ille
2325 4077 2477 4135 suam
2510 4077 2787 4147 ditaverit,
2841 4084 2894 4137 in
2923 4077 3254 4139 breviculum
3288 4084 3394 4141 hoc
3427 4100 3531 4142 nec

1926 4149 2137 4224 potuit,
2169 4165 2268 4205 nec
2289 4151 2472 4224 debuit
2499 4153 2754 4224 congeri;
2793 4154 2871 4210 uti
2901 4153 3113 4224 aliquot
3135 4153 3278 4210 illius
3317 4171 3528 4222 versus,

1943 4220 2174 4293 sparsim
2220 4229 2273 4274 et
2302 4222 2451 4276 varie
2481 4220 2757 4287 collectos,
2814 4220 3027 4289 addere,
3085 4220 3273 4280 eadem
3326 4220 3524 4293 mente,

1932 4302 2051 4362 tuon
2075 4291 2270 4345 visum.
2327 4292 2587 4347 Eumdem
2618 4308 2781 4362 porro
2814 4293 3068 4351 Caralitin
3111 4311 3236 4351 mox
3279 4291 3525 4355 futurum

1943 4356 2347 4435 Imperatorem,
2380 4356 2729 4435 Angilbertus
2754 4381 2968 4434 quoque
2993 4365 3219 4423 Romam
3244 4369 3536 4428 comitatus

1944 4439 2052 4497 est,
2101 4440 2157 4487 et
2184 4448 2216 4485 a
2242 4434 2439 4488 domno
2478 4434 2664 4490 Leone
2692 4435 2758 4490 Ill
2796 4436 3080 4508 privilegio
3114 4445 3139 4472 ⁰
3170 4436 3428 4507 obtinuit,
3470 4450 3534 4496 ut

325 4565 456 4643 {ab
477 4576 699 4643 auctere
720 4564 856 4643 Vitae
872 4565 1059 4643 domui
1079 4566 1409 4643 Angilberti;
1432 4574 1487 4621 et
1505 4566 1574 4619 ab
1596 4565 1841 4643 Hariulfo
1867 4567 1921 4628 D
1945 4575 2208 4643 praztores
2234 4583 2383 4643 sues,
2408 4569 2550 4643 inter:
2573 4553 2778 4643 milites
2801 4568 2871 4623 ad
2894 4585 3215 4643 responsas,
3242 4570 3359 4627 sive
3386 4585 3522 4643 apo-

254 4635 310 4689 in
340 4634 573 4691 Historia
601 4636 941 4692 Centulensis
967 4634 1277 4699 monasterii
1311 4636 1406 4690 lib.
1435 4652 1495 4701 n,
1520 4651 1642 4706 cap.
1675 4638 1728 4690 2.

329 4706 357 4746 ι’
388 4706 653 4778 Corrupte
676 4709 806 4763 editi
842 4708 964 4763 libri
994 4706 1198 4763 Adonis
1235 4706 1557 4762 Viennensis
1595 4708 1839 4762 Aurelia-

256 4792 385 4832 num
414 4787 626 4837 vocant.
1754 4830 1757 4833 .

330 4858 354 4887 ο
382 4848 617 4921 Annales
656 4850 798 4904 enim
851 4848 1146 4921 Moguntini
1190 4850 1349 4921 (quos
1396 4848 1632 4921 ptjmum
1658 4849 1718 4903 P.
1749 4849 1838 4903 Pi-

257 4919 406 4990 μιωο
435 4920 713 4985 debemus,
739 4918 984 4989 quosque
1014 4918 1208 4974 denuo
1236 4918 1409 4989 Marq.
1438 4918 1711 4975 Freherus
1742 4935 1832 4990 pa-

255 4987 457 5045 latiuus
495 4987 837 5046 consiliarius
872 4987 993 5045 cum
1018 4987 1393 5045 continuatore
1431 4990 1684 5047 Fuldensi
1714 4987 1834 5048 nio-

253 5061 432 5120 nacbo
454 5061 642 5134 edidit)
668 5062 1043 5132 Angilbertum
1075 5062 1327 5116 abbatem
1356 5069 1572 5116 vocant.

328 5146 355 5192 ά
385 5151 505 5207 Jum
540 5153 732 5208 barum
763 5146 1109 5208 meminimus
1136 5169 1321 5223 supra.

335 5257 359 5285 ο
382 5245 619 5319 Sanctus
637 5248 781 5319 enim
795 5246 1030 5304 Joannes
1042 5246 1284 5319 Baptista
1309 5242 1484 5304 dictus
1503 5248 1649 5305 Elias
1668 5249 1835 5319 alter;

168 5382 171 5387 ι
258 5324 311 5371 et
336 5318 523 5428 rmiger
553 5317 663 5371 tilia
693 5318 873 5384 arbor,
898 5318 1100 5373 nostris
1118 5317 1319 5375 ‘vocata
1347 5319 1497 5374 tillet.

394 5389 558 5428 "unm
585 5388 750 5428 nman
777 5391 1010 5428 aprinum
1038 5406 1142 5428 nnn
1181 5389 1321 5428 aliud
1348 5406 1497 5428 runtur

264 5440 271 5445 .
338 5384 357 5428 ἲ
394 5384 754 5464 Cujuscodex
777 5391 1011 5459 scriptus
1037 5406 1146 5446 non
1179 5389 1322 5446 aliud
1348 5406 1509 5461 quam
1536 5384 1838 5464 Angilberti

259 5474 458 5519 nomen
490 5459 671 5516 habet.

338 5556 363 5627 ε
391 5553 626 5610 Annales
636 5553 884 5627 Francici
906 5552 1072 5627 (apud
1091 5553 1364 5627 Canisium
1389 5563 1519 5611 tom.
1534 5555 1622 5627 ΠΙ)
1641 5572 1692 5625 p.
1713 5556 1841 5623 215,

378 5634 559 5679 tamen
576 5633 830 5695 corrupte
843 5624 1194 5697 Angiltranus
1214 5625 1543 5693 nominatur,
1562 5624 1845 5699 scriptura:

342 5709 410 5750 ιο.

294 5796 301 5801 -
335 5767 365 5806 ιι
395 5766 477 5821 Ab
507 5766 791 5824 Anastasio
817 5771 870 5824 in
904 5770 1079 5823 Leone
1107 5767 1173 5822 ΠΙ
1195 5767 1525 5827 Hildiraidus
1550 5780 1787 5828 vocatur.

344 5831 365 5851 “
396 5838 643 5895 Habuere
676 5842 1034 5912 quarumdam
1066 5839 1468 5911 provinciarum
1496 5843 1755 5912 praesides
1779 5858 1844 5901 ac

1947 4639 2242 4694 crisiarios.
2273 4638 2335 4693 N.
2364 4639 2494 4707 just.
2522 4639 2615 4705 24,
2648 4655 2695 4695 c.
2729 4637 2783 4705 4,
2813 4647 2868 4695 et
2888 4637 3055 4709 25,'c.
3084 4642 3133 4698 1.

2019 4721 2033 4835 ἶ
2057 4710 2315 4836 7igipistola
2344 4709 2415 4765 25
2439 4711 2580 4781 apud
2601 4709 2882 4766 Canisium
2924 4728 3046 4783 quae
3073 4712 3128 4767 in
3158 4712 3362 4785 scripto
3384 4711 3525 4770 libro

1944 4790 2028 4838 est
2057 4790 2141 4836 7H.

2017 4853 2044 4893 ιι
2088 4851 2364 4921 lpsissima
2420 4853 2585 4907 verba
2642 4853 2876 4908 exhibeo
2933 4850 3211 4910 Godefridi
3273 4854 3528 4915 monachi

1943 4922 1997 5006 β.
2054 4922 2399 5006 Pantaleonis
2448 4923 2517 5006 ad
2568 4921 2848 5006 Coloniam
2899 4939 3174 5006 mskquae
3215 4924 3525 5006 desumpsit

1943 4996 2059 5065 ipse
2086 4995 2156 5065 ab
2183 5002 2403 5065 auctore
2440 4994 2730 5050 Annalium
2758 4994 3172 5065 regumJPipini,
3209 4994 3386 5051 Caroli
3417 4994 3532 5050 Ma-

1946 5062 2036 5136 gni
2058 5074 2112 5119 et
2133 5063 2414 5130 Ludovici,
2442 5081 2577 5135 quos
2602 5062 2914 5121 Herm-anno
2934 5062 3209 5136 Nuénario
3233 5068 3523 5124 debemus:

1984 5150 2196 5211 uosque
2207 5144 2370 5211 poeta
2397 5134 2563 5201 saxo,
2594 5138 2661 5211 de
2689 5136 2867 5211 Gestis
2898 5136 3093 5193 Caroli.
3107 5134 3317 5211 Magni,
3345 5137 3528 5195 studio

2030 5207 2221 5262 ineccii
2248 5207 2443 5272 editus,
2468 5208 2693 5263 tnetrice
2724 5207 2903 5276 vertit.

2025 5276 2043 5315 1
2093 5278 2151 5332 1d
2211 5287 2293 5349 est
2338 5277 2545 5349 Carolo
2580 5278 2792 5349 Magno
2822 5272 2856 5332 ἐ
2914 5274 3175 5334 Videatur
3240 5272 3525 5349 Tbeganus

1948 5348 2202 5474 abusi;
2252 5347 2373 5415 816,
2412 5366 2463 5421 p.
2500 5348 2617 5405 109.
2656 5346 2724 5405 Et
2766 5348 3066 5406 Aventinus
3106 5350 3293 5409 lib.'iv
3324 5346 3520 5407 Annal.

2029 5436 2043 5473 l
2205 5457 2217 5471 .

1992 5434 2217 5475 morum.

2020 5498 2061 5522 ³·
2082 5489 2336 5618 iamcum;
2355 5490 2413 5547 in
2437 5492 2655 5549 excusis
2673 5491 2743 5547 27
2767 5498 2825 5548 et
2848 5489 2940 5549 59.
2962 5489 3035 5547 At
3059 5491 3115 5548 in
3143 5488 3359 5561 optimae
3381 5498 3525 5548 notae

2020 5577 2049 5617 ι.
2327 5601 2340 5614 .

1950 5577 2049 5617 ms.
2083 5570 2153 5615 72
2179 5570 2233 5617 et
2255 5570 2340 5617 75.

2024 5643 2053 5671 ιι
2076 5631 2345 5709 βριτυριθ
2381 5633 2542 5709 bedie
2590 5633 2643 5709 in
2679 5632 2948 5690 Chronico
2988 5628 3282 5702 Reginonis
3326 5632 3527 5709 legitur

1951 5704 2092 5774 apud
2118 5704 2375 5760 Sanctum
2411 5703 2762 5762 Richardum.

1956 5814 1963 5817 -
2026 5786 2050 5811 ο
2079 5775 2233 5842 Quod
2267 5774 2562 5831 Zacharias
2601 5777 2859 5833 diaconus
2900 5774 3257 5845 regionarius,
3309 5787 3364 5834 et
3398 5792 3523 5845 sane

1952 5856 2051 5904 cla:
2079 5856 2241 5916 atque
2270 5846 2579 5918 apostolicae
2608 5847 2862 5903 Romanu:
2884 5842 3136 5905 Ecclesiae
3172 5842 3526 5907 bibliotheca-‘-
