4032 6450
292 420 364 475 45
968 422 1055 478 DE
1095 420 1649 484 DISSENSIONIBUS
1686 428 2017 488 FILIOBUM
2057 430 2376 489 LUDOVICI
2414 434 2519 503 PII.
2559 465 2628 474 —
2662 435 2791 490 LIB.
2826 435 2869 491 1.
2948 395 2955 401 ν
3470 440 3537 495 46

290 540 392 613 set,
417 546 777 621 vocepmagna.
798 536 1181 621 pronuntiavit,
1224 537 1410 595 dicens
1442 554 1457 593 :
1504 539 1858 621 Constan_t_ino
1886 540 1938 607 Α
1963 540 2217 621 utilis,__at
2270 542 2325 597 in
2365 546 2648 621 republica
2671 544 3010 621 versantibus
3038 546 3194 621 plane
3230 546 3533 604 necessaria

288 603 578 658 universali
640 603 960 673 patriarcha:
1005 608 1199 663 multus
1253 625 1464 675 annos,
1498 629 1517 663 ι
1570 622 1674 667 etc.
1731 611 1857 667 limo

288 687 442 746 vero,
466 675 774 746 neutiquam
802 692 830 729 a
862 692 949 731 me
974 692 1071 746 pro
1098 679 1237 733 veris
1279 680 1436 746 plene
1462 691 1668 736 asserta
1700 698 1856 739 nove-

294 696 439 732 νει-υ.
466 696 774 744 ucuuqualn
802 696 830 729 at
862 696 949 731 me
974 696 1071 746 pro
1098 696 1237 733 verts
1316 696 1436 735 tene
1462 696 1668 736 asserta
1700 698 1855 739 nove-

290 742 384 815 ris,
432 743 616 815 lector.
670 744 959 815 Quinimo,
994 747 1037 801 si
1098 748 1238 804 hanc
1279 696 1643 805 fitteraturatu
1689 751 1855 809 calles

287 811 434 885 (qut
463 813 516 868 in
560 811 763 871 forensi
792 817 1009 885 quidem
1040 819 1276 888 palestra
1323 821 1706 879 desudantlbus
1734 834 1853 894 per-

292 976 1484 1007 Μ...-

1963 612 2066 701 est)
2103 612 2325 701 tibique,
2350 612 2482 682 quid
2528 616 2718 670 melius
2734 616 2881 701 istis,
2911 612 3243 682 occurrerit;
3265 632 3369 699 ⁸ηιιε
3412 630 3537 701 φη-

1961 684 2181 757 ditionis
2202 752 2213 757 _
2235 692 2337 737 tua:
2383 699 2706 757 praeconem,
2732 687 2915 756 tuique
2938 702 3227 757 sequacem
3262 686 3537 746 invenisti.

1962 754 2166 810 Fruere
2199 752 2424 827 interea,
2454 764 2509 808 et
2535 755 2672 810 vive.

2373 830 2607 916 Sapienti
2648 862 2819 917 pauca
2858 848 3136 921 auﬁdum.

1489 983 3531 1021 mw

1362 1085 2373 1320 Qunam»:

631 1362 1013 1421 iactum-rt
1052 1361 1230 1433 mn,
1273 1366 1503 1421 cauom
1546 1370 1746 1421 nium
1791 1358 2215 1423 iurauimus
2259 1370 2346 1425 ex
2386 1358 2642 1427 netivus
2681 1366 2851 1431 vim
2894 1362 3185 1449 aesone,

568 1550 625 1613 ε,
713 1516 847 1593 DE
900 1474 1755 1653 msssNSIONIBUS
1814 1516 2319 1596 FILIORUM
2398 1519 2897 1605 LUDOVICI
2958 1525 3101 1605 ru

1583 1678 1793 1741 LIBRI
1837 1679 2241 1754 QUATUOR.

1496 1812 1621 1900 (Ad
1650 1818 1891 1885 annum
1923 1831 2131 1904 uSque
2163 1820 2332 1896 8&3.)

1188 1983 1281 2041 AD
1315 1983 1650 2042 GAROLUM
1684 1984 1974 2044 CALVUM
2014 1986 2440 2047 FBANCORUI
2476 1982 2810 2102 REGBM/

281 2110 482 2172 iterem
520 2134 553 2173 a
591 2118 874 2209 ﬁtfn'gis‘et
913 2118 1331 2209 οοεςιιηιξοὴὶὸιεε
1347 2117 1963 2209 ξνιίιηηιςςίςέπ-ρατςαιξε
2006 2125 2200 2209 partim
2231 2143 2341 2209 cpe
2375 2130 2712 2209 vetustissimi
2765 2148 2865 2209 ms.
2906 2134 3135 2209 podicis,
3164 2141 3252 2209 qui
3284 2152 3453 2199 exstat
3480 2144 3542 2202 in

642 2188 949 2247 bibliotheca
978 2189 1047 2246 Β.
1068 2186 1361 2247 ligatam
1386 2188 1589 2247 Petavii
1620 2186 1681 2248 S.
1712 2186 2018 2261 1⁵ηραηίιὴ
2042 2186 2356 2265 conjectum
2380 2214 2415 2254 α
2439 2186 2597 2257 sensu
2625 2186 2861 2259 historice
2882 2186 3186 2276 desiliat?

1629 2306 2238 2342 _—_——

1532 2436 1831 2515 LIBER
1909 2440 2324 2522 PRIMUS.

1740 2598 2131 2618 -ο-ᾓ

874 2642 1265 2715 PREFATIO.

348 2762 505 2829 Cum,
532 2773 593 2819 ut
620 2760 843 2834 optime,
870 2760 940 2819 mi
969 2764 1217 2835 domine,
1244 2769 1411 2836 nosti,
1448 2770 1562 2843 jam
1592 2788 1732 2844 pene
1756 2792 1853 2832 an-

274 2853 365 2909 nis
389 2852 596 2911 duobus
620 2855 823 2910 illatam
849 2872 878 2910 a
905 2854 1070 2914 fratre
1091 2870 1272 2915 vestro
1300 2850 1727 2930 persecutionem
1756 2883 1853 2924 vos

276 2943 551 3016 vestrique
592 2932 733 3002 baud
765 2963 1036 3019 quaquam
1082 2951 1263 3006 meriti
1301 2955 1654 3024 pateremini,
1696 2958 1848 3014 ante-

275 3056 438 3111 quam
487 3040 922 3100 Cadinellonicam
960 3045 1333 3103 introissemus
1379 3046 1675 3116 civitatem,
1716 3068 1854 3125 pra:-

274 3137 514 3206 cepistis,
539 3147 707 3194 utres
744 3140 943 3195 vestris
969 3141 1300 3211 temporibus
1326 3152 1505 3213 gestas
1534 3144 1657 3217 styli
1678 3144 1852 3201 ofﬁcio

273 3226 550 3282 memoriae
587 3226 879 3284 traderem.
926 3229 1236 3301 Opportuna
1274 3233 1490 3303 quidem
1536 3234 1852 3305 placidaque

273 3334 383 3383 res,
430 3310 623 3386 fateor,
660 3318 839 3376 fuerat
877 3331 1167 3392 przecepta,
1197 3324 1241 3377 si
1284 3324 1451 3379 otium
1482 3325 1613 3380 tanti
1653 3326 1851 3397 negotii

274 3417 337 3465 ut
367 3410 526 3482 digne
552 3422 961 3481 exsequeretur,
992 3412 1184 3469 fuisset
1209 3429 1546 3471 concessum.
1575 3415 1729 3472 Nunc
1756 3433 1853 3472 au-

276 3510 386 3556 tem
414 3502 458 3557 si
499 3503 626 3572 quid
657 3504 836 3558 minus
857 3544 871 3568 ,
911 3490 1287 3585 vellincultius
1329 3523 1492 3576 quam
1525 3511 1848 3579 oportuerit,

273 3607 377 3662 pro
408 3606 586 3645 rerum
620 3593 987 3661 magnitudine
1010 3593 1133 3648 huic
1157 3596 1309 3663 operi
1338 3597 1653 3653 inveneritis
1682 3600 1853 3654 inser—

281 3691 416 3746 tum,
476 3689 626 3736 tanto
673 3680 884 3738 facilior
919 3684 1072 3737 venia
1116 3699 1146 3738 a
1188 3684 1343 3739 vobis
1381 3687 1684 3755 vestrisque
1723 3688 1855 3742 mibi

276 3774 537 3839 debetur,
580 3783 785 3843 quanto
827 3790 913 3829 me
956 3776 1128 3830 nostis
1164 3777 1353 3831 eodem
1396 3777 1611 3834 turbine
1652 3793 1760 3849 quo
1801 3786 1856 3834 et

274 3880 396 3929 vos,
430 3865 557 3918 dum
592 3864 693 3919 hoc
722 3879 857 3934 opus
881 3866 1204 3934 peregerim,
1243 3880 1364 3920 esse
1396 3867 1672 3936 agitatum.
1704 3867 1851 3922 Prte-

1879 2669 1930 2730 B
1960 2660 2166 2723 terrore
2189 2667 2266 2766 ita
2296 2670 2577 2766 repressit,
2599 2679 2662 2727 ut
2682 2656 2816 2731 nihil
2844 2676 2899 2734 in
2929 2678 3160 2750 imperio
3187 2688 3367 2748 moliri
3398 2710 3534 2766 prte-
3586 2648 3597 2659 .

1958 2766 2041 2813 ter
2064 2759 2205 2828 quod
2243 2758 2470 2829 publica:
2495 2763 2715 2820 utilitati
2741 2772 3092 2840 congruebat,
3130 2758 3419 2841 manifeste
3440 2802 3536 2843 au—

1955 2846 2164 2904 derent.
2189 2848 2455 2922 Regnavit
2478 2853 2708 2911 feliciter
2732 2874 2828 2930 per
2854 2876 3026 2920 annos
3050 2866 3185 2924 duos
3213 2879 3269 2925 et
3291 2874 3533 2945 triginta,

1956 2939 2276 3012 imperiique
2304 2944 2666 3014 gubernacula
2716 2950 3068 3010 nihilominus
3093 2972 3216 3014 cum
3248 2939 3395 3019 omni
3419 2939 3536 3022 feli;

1955 3032 2121 3089 citate
2146 3049 2243 3104 per
2271 3053 2445 3093 annos
2471 3043 2877 3108 quatuordecim
2907 3048 3165 3117 possedit.

2024 3120 2209 3181 Haeres
2232 3134 2409 3182 autem
2433 3136 2594 3185 tanta;
2626 3131 2975 3191 sublimitatis
3000 3134 3365 3201 Lodbuwicus
3398 3120 3534 3206 filio-

1954 3230 2073 3269 rum
2106 3214 2222 3283 ejus
2240 3215 2387 3285 justo
2406 3221 2754 3279 matrimonio
2780 3240 3154 3298 susceptorum
3181 3238 3527 3307 novissimus,

1953 3308 2166 3363 caeteris
2215 3308 2619 3381 decedentibus,
2664 3319 2944 3374 successit.
2988 3322 3111 3391 Qui,
3145 3333 3203 3380 ut
3246 3343 3344 3399 pro
3386 3342 3536 3387 certo

1952 3404 2165 3468 patrem
2194 3400 2396 3457 obiisse'
2439 3406 2705 3475 comperit
2732 3406 2901 3481 (815),
2926 3410 3110 3482 Aquas
3145 3416 3214 3470 ab
3241 3417 3533 3487 Aquitania

1952 3489 2198 3573 protinus
2232 3492 2381 3546 venit
2409 3510 2423 3546 :
2456 3510 2563 3563 quo
2591 3496 2826 3568 undique
2852 3500 2920 3554 ad
2953 3492 3010 3557 se
3036 3506 3342 3563 venientem
3368 3524 3535 3581 popu-

1952 3580 2087 3647 lum,
2128 3583 2331 3652 absque
2359 3584 2599 3654 quolibet
2630 3588 3032 3661 impedimento,
3072 3611 3183 3653 suae
3212 3600 3402 3656 ditioni
3432 3580 3531 3656 ad-

1956 3668 2118 3735 dixit;
2145 3671 2211 3724 de
2236 3670 2470 3739 ctcteris,
2511 3674 2599 3744 qui
2638 3677 2739 3731 sibi
2780 3683 2986 3735 creduli
3025 3674 3369 3754 videbantur,
3402 3692 3534 3746 deli-

1956 3760 2260 3816 beraturus.
2304 3761 2463 3817 Initio
2491 3764 2709 3835 quidem
2738 3766 2950 3839 imperii
2976 3777 3210 3843 suscepti
3242 3781 3532 3847 pecuniam

1957 3853 2159 3925 ingenti
2204 3870 2432 3911 numero
2468 3874 2497 3911 a
2527 3867 2682 3930 patre
2713 3861 2954 3917 relictam
2989 3866 3257 3923 trifariam
3294 3871 3535 3929 dividere

277 3956 443 4012 terire
491 3968 674 4012 autem
710 3970 774 4012 ea
823 3971 942 4027 quae
987 3956 1318 4025 temporibus
1369 3955 1442 4027 pii
1471 3958 1643 4026 patris
1684 3957 1849 4033 vestri
1900 4036 1907 4037 ί
1944 3945 2127 4015 jussit,
2158 3945 2395 4003 etunam
2425 3959 2636 4020 partem
2682 3951 2737 4006 in
2776 3944 2997 4010 causam
3021 3944 3225 4015 funeris
3254 3965 3532 4037 expendit,

275 4059 425 4120 gesta
477 4058 622 4116 sunt,
673 4051 1067 4120 disposueram,
1118 4048 1211 4104 sed
1248 4048 1462 4104 facilius
1509 4049 1728 4104 cuilibet
1768 4049 1848 4105 le-
1878 4036 1924 4101 C
1956 4038 2090 4095 duas
2112 4055 2241 4095 vero
2270 4039 2413 4095 inter
2442 4056 2499 4097 se
2527 4051 2581 4098 et
2602 4059 2817 4102 sorores
2856 4063 2982 4104 suas
3008 4064 3036 4104 a
3068 4059 3221 4122 patre
3245 4053 3393 4122 justo
3419 4074 3533 4114 ma-

273 4141 424 4212 genti
478 4139 890 4197 altercationum
938 4149 1243 4195 vestrarum
1289 4141 1491 4197 veritas
1533 4140 1759 4211 patebit,
1803 4141 1850 4199 si

272 4231 546 4301 quaedam,
587 4247 706 4301 quas
748 4246 846 4288 suo
887 4232 942 4286 in
969 4240 1209 4301 tempore
1248 4231 1538 4301 contigisse
1579 4232 1848 4298 novimus,

274 4335 649 4380 summotenus
680 4324 1049 4396 praelibavero.
1093 4323 1193 4378 Avi
1231 4338 1443 4395 quoque
1486 4324 1705 4405 insuper
1761 4339 1850 4379 ve—

275 4420 373 4473 stri
411 4418 776 4473 venerandam
833 4418 1147 4475 memoriam
1191 4420 1289 4488 per
1333 4416 1514 4472 omnia
1566 4415 1851 4471 obmittere

275 4522 452 4567 ratum
476 4513 699 4573 minime
721 4513 948 4585 videtur.
965 4512 1042 4568 Ac
1068 4527 1166 4587 per
1194 4512 1299 4569 hoc
1322 4520 1505 4568 textus
1524 4511 1652 4566 hinc
1673 4518 1852 4566 sumat

273 4606 577 4660 exordium.

348 4782 577 4842 Karolus
602 4785 758 4842 boum
782 4784 1077 4849 memoriae,
1107 4768 1164 4839 et
1194 4780 1387 4837 merito
1405 4778 1650 4853 Magnus,
1675 4779 1851 4850 impe-

279 4888 429 4932 rator
470 4879 538 4933 ab
564 4870 832 4933 universis
863 4874 1169 4932 nationibus
1216 4884 1460 4938 vocatus,
1496 4875 1627 4929 hora
1660 4874 1850 4933 videli-

275 4978 366 5023 cet
396 4969 516 5040 plus
547 4970 724 5023 minus
761 4968 865 5023 diei
893 4968 1073 5031 tertia,
1114 4968 1166 5021 in
1209 4974 1486 5022 senectute
1521 4967 1661 5021 bona
1696 4966 1853 5021 dece-

277 5058 436 5125 dens,
462 5073 674 5133 omnem
701 5058 966 5128 Europam
994 5058 1139 5113 omni
1169 5057 1407 5113 bonitate
1438 5058 1692 5129 repletam
1725 5057 1851 5113 reli-

276 5147 414 5216 quit.
443 5146 537 5202 Vir
563 5144 760 5221 quippe
786 5148 933 5203 omni
955 5148 1217 5218 sapientia
1244 5154 1297 5201 et
1324 5147 1470 5201 omni
1493 5146 1713 5222 virtute,
1746 5146 1850 5200 ltu-

277 5254 499 5293 manum
530 5256 700 5312 genus
740 5256 837 5295 suo
876 5240 927 5294 in
970 5247 1211 5311 tempore
1247 5239 1380 5293 adeo
1412 5236 1747 5309 praecellens,
1794 5247 1853 5292 ut

277 5329 532 5403 omnibus
572 5332 757 5388 urbem
805 5331 1229 5386 inhabitantibus
1272 5329 1553 5395 terribilis,
1606 5330 1854 5385 amabilis

1954 4129 2209 4186 trimonio
2251 4142 2530 4204 susceptas
2556 4133 2755 4201 divisit,
2786 4152 2921 4207 quas
2951 4150 3005 4196 et
3028 4141 3290 4221 instanter
3318 4163 3347 4201 a
3377 4149 3529 4218 pala-

1940 4221 2029 4275 ‘tio
2064 4221 2131 4275 ad
2161 4237 2257 4276 sua
2287 4223 2617 4280 monasteria
2660 4226 2810 4282 abire
2843 4232 3116 4300 praecepit.
3150 4234 3369 4293 Fratres
3397 4254 3528 4309 quo—

1954 4325 2058 4379 que
2096 4312 2273 4367 adhuc
2304 4319 2488 4369 tenera
2534 4324 2714 4383 aetate,
2764 4314 3090 4390 Drogonem,
3134 4322 3437 4396 Hugonem,
3479 4341 3537 4388 et

1954 4399 2369 4468 Theodericum,
2416 4404 2710 4477 participes
2758 4422 2959 4466 mensa
2985 4411 3184 4481 elfecit,
3227 4432 3363 4489 quos
3388 4422 3531 4477 etin
3586 4446 3591 4453 ο

1951 4490 2154 4561 palatio
2200 4508 2305 4547 una
2353 4490 2535 4549 secum
2581 4498 2779 4553 nutriri
2826 4504 3104 4573 praecepit,
3151 4515 3205 4561 et
3250 4492 3530 4569 Bernardo

1951 4578 2135 4650 nepoti
2189 4598 2286 4637 suo
2346 4581 2456 4639 lilio
2501 4585 2711 4656 Pippini
2765 4604 2984 4661 regnum
3043 4593 3204 4651 Italiae
3261 4602 3533 4657 concessit

1956 4669 2126 4742 (818).
2159 4670 2569 4771 Ωυίχίιυοηίεηιὶ
2614 4676 2683 4732 ab
2710 4694 2775 4733 eo
2802 4676 2961 4749 paulo
2988 4692 3107 4753 post
3135 4676 3348 4753 defecit,
3376 4693 3532 4771 capi-

1953 4773 2061 4832 tur,
2110 4766 2165 4821 et
2208 4784 2238 4821 a
2286 4762 2617 4826 Bertmundo
2657 4771 3030 4845 Lugdunensis
3072 4781 3359 4847 provinciae
3376 4762 3533 4855 ‘prae-

1956 4856 2094 4913 fecto
2124 4857 2414 4915 luminibus
2440 4864 2644 4932 pariter
2668 4876 2724 4920 et
2752 4866 2861 4922 vita
2888 4869 3153 4938 privatur.
3191 4872 3328 4932 Hinc
3349 4888 3531 4938 autem

1955 4956 2200 5004 metuens
2244 4965 2311 5003 ne
2340 4960 2463 5019 post
2490 4948 2619 5007 dicti
2660 4951 2856 5009 fratres
2893 4958 3088 5027 populo
3118 4960 3404 5020 sollicitato
3439 4983 3530 5024 ea-

1955 5035 2075 5093 dem
2125 5037 2388 5105 facerent,
2435 5041 2502 5095 ad
2548 5054 2869 5099 conventum
2906 5047 3178 5116 publicum
3215 5069 3310 5112 eos
3348 5060 3535 5115 venire

1955 5133 2227 5203 pnecepit,
2278 5134 2526 5199 totondit,
2569 5152 2633 5192 ac
2679 5153 2776 5207 per
2827 5144 3159 5200 monasteria
3206 5150 3305 5204 sub
3359 5151 3533 5207 libera

1955 5228 2194 5281 custodia
2250 5229 2647 5286 commendavit
2696 5231 2865 5305 (819).
2923 5236 3039 5304 Quo
3093 5249 3346 5313 peracto,
3396 5241 3532 5297 filios

1956 5332 2082 5373 suos
2113 5318 2259 5388 justo
2304 5321 2648 5379 matrimonio
2682 5323 2888 5394 junxit,
2923 5337 2978 5382 et
3022 5331 3330 5387 universum
3363 5331 3527 5402 impe-

277 5423 596 5493 pariterque
654 5432 710 5478 et
759 5423 1093 5479 admirabilis
1136 5422 1443 5494 videretur;
1486 5436 1552 5476 ac
1605 5437 1700 5493 per
1752 5420 1852 5476 hoc
1882 5414 1929 5472 D
1956 5407 2094 5461 rium
2127 5408 2267 5465 inter
2295 5426 2388 5465 eos
2428 5412 2502 5467 ita
2537 5414 2720 5470 divisit
2756 5404 2904 5490 (821)
2939 5428 2997 5474 ut
3024 5420 3281 5491 Pippinus
3308 5422 3523 5492 quidem

277 5527 441 5567 omne
478 5514 762 5583 imperium
805 5515 1054 5569 omnibus
1097 5513 1297 5577 modis,
1337 5519 1394 5565 ut
1429 5511 1642 5585 cunctis
1682 5511 1856 5565 mani-

281 5602 419 5659 feste
453 5603 669 5670 claruit,
714 5605 997 5660 honestum
1032 5612 1087 5663 et
1114 5603 1241 5658 utile
1282 5601 1479 5679 eﬂ‘egit.
1520 5602 1657 5658 Nam
1694 5618 1856 5673 super

279 5707 443 5748 omne
470 5693 614 5765 quod
637 5693 953 5765 admirabile
980 5692 1156 5769 fateor
1186 5690 1333 5757 fore,
1363 5680 1695 5748 Francorum
1722 5693 1855 5748 Bar—

280 5783 647 5854 barorumque
679 5782 878 5840 ferocia
920 5799 982 5839 ac
1012 5784 1184 5838 ferrea
1226 5784 1387 5838 Corda
1407 5824 1421 5847 .
1464 5800 1582 5854 qute
1612 5798 1711 5839 nec
1742 5783 1854 5839 Ro—

282 5888 443 5932 mana
473 5871 715 5947 potentia
758 5873 979 5930 domare
1027 5874 1208 5940 valuit,
1258 5874 1337 5929 hic
1393 5875 1536 5929 solus
1579 5874 1853 5929 moderato

1957 5494 2320 5581 Aquitaniam,
2357 5505 2717 5565 Lodbuwicus
2746 5521 2924 5568 autem
2957 5512 3280 5583 Bajoariam,
3320 5513 3530 5571 Lodba-

1956 5596 2068 5651 rius
2100 5611 2227 5652 vero
2248 5606 2371 5667 post
2401 5598 2697 5656 discessum
2725 5603 2842 5673 ejus
2884 5606 3196 5659 universum
3240 5604 3528 5676 imperium

1956 5693 2181 5747 haberet
2210 5706 2224 5745 :
2251 5692 2338 5746 cui
2375 5701 2430 5748 et
2462 5710 2567 5749 una
2603 5710 2788 5751 secum
2833 5695 3172 5766 imperatoris
3200 5712 3394 5754 nomen
3426 5702 3529 5756 lia-

1957 5784 2083 5841 bere
2120 5784 2403 5839 concessit.
2448 5785 2656 5841 Interea
2696 5785 3056 5857 lrmengardis
3097 5787 3285 5856 regina
3325 5800 3530 5845 mater-

1957 5892 2061 5945 que
2089 5876 2301 5930 illorum
2330 5875 2577 5942 decessit,
2611 5892 2674 5931 ac
2694 5876 2855 5944 paulo
2874 5872 3002 5947 pust
3035 5875 3399 5935 Lodhuwicus
3427 5879 3529 5938 im:-
