4032 6474
484 492 554 547 Η
1561 488 1890 547 ΝΙΤΗΑΒΙΠ
1933 494 1989 547 S.
2033 489 2333 546 RICHARII
2372 488 2665 545 ABBATIS
3666 491 3735 546 48

482 615 704 678 perator
741 603 927 661 Judith
965 608 1020 662 in
1058 605 1466 661 matrimonium
1505 607 1738 678 sumpsit
1775 605 1954 679 (825),
1993 620 2059 661 ex
2085 607 2139 667 Α
2163 603 2416 674 deinceps
2442 603 2623 659 moliri
2655 604 2709 657 in
2740 617 2906 673 regno
2939 611 3244 675 temptaret.
3277 604 3518 675 Cumque
3543 620 3603 662 se
3623 607 3740 664 haec

484 714 590 769 qua
620 696 849 753 Karolus
874 705 1109 753 creatur.

556 786 754 843 Karolo
797 787 1014 857 quidem
1060 795 1207 851 nato,
1260 788 1517 857 quoniam
1563 802 1721 843 omne
1775 787 2058 857 imperium

486 878 627 935 inter
666 878 900 949 reliquos
925 877 1063 932 filios
1092 885 1248 948 pater
1279 878 1556 945 diviserat,
1587 879 1718 949 quid
1752 878 1880 933 huic
1918 878 2061 932 face-

484 980 588 1036 ret,
620 971 918 1041 ignorabat.
952 967 1194 1039 Cumque
1232 970 1425 1033 anxius
1449 979 1605 1041 pater
1634 986 1734 1040 pro
1778 970 1889 1024 ﬁlio
1922 969 2060 1025 filios

486 1071 732 1133 rogaret,
785 1059 999 1113 tandem
1045 1058 1351 1115 Lodharius
1407 1060 1709 1124 consensit,
1764 1075 1829 1114 ac
1875 1075 2058 1114 sacra-

486 1159 667 1204 mento
708 1156 937 1204 testatus
980 1156 1083 1212 est,
1115 1156 1175 1203 ut
1203 1149 1508 1219 portionem
1554 1149 1725 1219 regni,
1766 1163 1925 1217 quam
1952 1147 2060 1202 vel-

482 1241 576 1305 let,
619 1240 796 1295 eidem
829 1248 987 1309 pater
1015 1240 1190 1304 daret,
1240 1248 1580 1308 tutoremque
1616 1254 1680 1294 ac
1724 1237 2061 1294 defensorem

482 1331 627 1387 illius
655 1347 715 1386 se
736 1330 852 1386 fore
894 1340 1089 1387 contra
1121 1346 1311 1387 omnes
1353 1331 1601 1386 inimicos
1628 1331 1745 1401 ejus
1773 1332 1825 1386 in
1858 1331 2057 1399 futuro,

473 1423 707 1492 jurando
748 1408 1005 1478 ﬁrmavit.
1056 1424 1351 1494 [instigante
1388 1434 1570 1478 autem
1614 1425 1866 1495 Hugone,
1909 1424 2058 1493 cujus

484 1516 648 1569 filiam
680 1515 733 1568 in
760 1514 1160 1569 matrimonium
1185 1514 1486 1569 Lodharius
1514 1515 1745 1569 duxerat
1791 1515 1937 1586 (829)
1956 1558 1970 1580 ,
1997 1531 2060 1571 ac

485 1608 796 1673 Mathfrido,
821 1608 1159 1677 eaeterisque,
1194 1622 1318 1663 sero
1346 1623 1404 1662 se
1434 1608 1534 1662 hoc
1567 1605 1760 1661 fecisse
1785 1606 2056 1676 paenituit,

480 1710 534 1754 et
555 1699 1013 1771 quemadmodum
1049 1700 1178 1753 illud
1219 1700 1359 1770 quod
1398 1698 1602 1753 fecerat
1628 1698 1907 1753 annullare
1937 1714 2058 1769 pos-

481 1799 579 1848 set.
609 1791 905 1860 quaerebat.
937 1791 1088 1859 Quod
1128 1801 1335 1862 patrem
1373 1799 1713 1860 matremque
1736 1791 1956 1845 minime
1980 1790 2062 1844 la-

480 1882 605 1947 tuit,
651 1897 716 1937 ac
747 1897 846 1952 per
875 1883 997 1946 hoc,
1045 1882 1172 1938 hinc
1217 1883 1339 1936 inde
1385 1882 1527 1952 quod
1568 1892 1726 1952 pater
1773 1890 2052 1944 statuerat,

2160 695 2235 750 ita
2260 694 2549 760 haberent,
2581 703 2637 748 et
2667 694 2966 764 respublica
2989 695 3264 766 paululum
3294 696 3563 767 respirare
3588 696 3742 753 vide-

2159 791 2328 849 retur,
2355 784 2644 839 confestim
2673 783 3008 841 Guntbaldus
3031 787 3345 851 monachus,
3386 802 3544 856 quem
3573 803 3741 859 supra

2159 876 2603 940 memoravimus,
2640 876 2766 945 quia
2792 876 3019 931 multum
3050 879 3102 932 in
3130 878 3475 934 restitutione
3502 879 3621 951 ejus
3658 881 3743 935 la-

2157 967 2466 1033 boraverat,
2519 968 2792 1023 secundus
2821 969 2873 1023 in
2913 969 3140 1039 impeno
3162 985 3282 1026 esse
3310 970 3541 1026 volebat.
3584 970 3741 1039 Quod

2159 1058 2411 1127 quoniam
2442 1058 2770 1125 Bernardus,
2796 1068 2855 1114 ut
2878 1061 3212 1129 praemissum
3238 1070 3342 1128 est,
3372 1062 3499 1117 olim
3538 1062 3738 1131 fuerat,

2159 1164 2368 1203 summa
2392 1149 2659 1205 industria
2684 1150 2878 1206 iterum
2900 1167 3019 1207 esse
3038 1153 3303 1208 certabat.
3328 1153 3588 1224 Pippinus
3610 1170 3745 1224 quo-

2160 1255 2265 1311 que
2291 1251 2347 1296 et
2373 1241 2753 1306 Lodhuvvicus,
2780 1258 3087 1312 quanquam
3111 1246 3191 1299 eis
3222 1260 3407 1316 regna,
3442 1245 3585 1300 sicut
3617 1261 3744 1316 pro-

2160 1332 2383 1387 missum
2412 1332 2610 1398 fuerat,
2637 1342 2792 1389 aucta
2823 1334 3082 1401 fuissent,
3109 1343 3289 1390 tamen
3324 1343 3385 1389 ut
3420 1336 3472 1390 in
3510 1336 3743 1407 imperio

2159 1432 2280 1493 post
2308 1432 2514 1494 patrem
2538 1426 2699 1494 primi
2730 1436 2930 1493 essent,
2959 1437 3186 1497 uterque
3209 1428 3513 1483 laborabat.
3539 1430 3611 1483 At
3638 1431 3740 1495 illi,

2160 1531 2257 1587 per
2280 1533 2418 1587 quos
2460 1527 2588 1573 tunc
2615 1519 2918 1590 respublica
2958 1522 3313 1587 tractabatur,
3351 1520 3616 1577 voluntati
3649 1537 3743 1577 eo-

2159 1623 2281 1663 rum
2320 1609 2674 1664 obsistebant.

2230 1699 2335 1755 Per
2354 1701 2494 1755 idem
2525 1710 2735 1773 tempus
2763 1704 2909 1775 (855)
2933 1704 3224 1774 Aquitania
3248 1704 3476 1776 Pippino
3519 1706 3742 1776 dempta

2161 1790 2363 1847 Karolo
2404 1793 2598 1859 datur,
2638 1802 2693 1847 et
2727 1794 2777 1848 in
2807 1794 2925 1863 ejus
2950 1796 3211 1865 obsequio
3237 1797 3503 1867 primatus
3530 1800 3740 1867 populi,

2161 1884 2254 1954 qui
2299 1899 2422 1938 cum
2463 1893 2617 1953 patre
2658 1886 2956 1951 sentiebat,
2996 1886 3166 1956 jurat.
3203 1886 3355 1954 Quod
3397 1889 3611 1958 quidem
3659 1892 3729 1959 hi

476 1971 777 2028 Lodharius
801 1974 1045 2030 diruere.
1079 1973 1180 2027 etsi
1221 1989 1329 2027 non
1353 1972 1667 2035 manifeste,
1700 1972 1912 2028 occulte
1943 1982 2052 2027 stu-
2080 1973 2126 2033 B
2154 1988 2290 2043 quos
2333 1989 2496 2043 supra
2532 1974 2835 2041 retulimus,
2877 1977 3116 2046 graviter
3152 1977 3421 2042 ferentes,
3455 1988 3515 2033 ut
3558 1994 3734 2051 respu-

475 2062 658 2118 debat.
688 2062 771 2116 Ad
800 2063 942 2132 quod
971 2062 1300 2117 Bernardum
1341 2064 1629 2133 quemdam
1654 2061 1846 2117 ducem
1877 2062 2057 2132 Septi-

475 2157 671 2212 maniaa
696 2166 853 2227 pater
883 2158 934 2211 in
963 2155 1392 2227 supplementum
1422 2155 1523 2210 sibi
1547 2169 1788 2221 sumens,
1814 2170 2058 2210 camera-

476 2246 614 2300 rium
650 2245 953 2310 constituit,
999 2244 1363 2315 Karolumque
1409 2244 1585 2300 eidem
1629 2246 2050 2309 commendavit,

474 2352 536 2392 ac
566 2337 863 2392 secundum
892 2351 922 2391 a
946 2351 1004 2391 se
1031 2335 1085 2389 in
1117 2335 1344 2405 imperio
1370 2333 1633 2406 praefecit.
1676 2334 1778 2403 Qui
1812 2336 1937 2391 dum
1968 2336 2053 2391 in-

472 2426 719 2481 consulte
760 2426 1033 2496 republica
1084 2426 1417 2492 abuteretur,
1467 2441 1632 2495 quam
1672 2426 1908 2481 solidare
1954 2428 2052 2482 de-

472 2520 605 2583 buit,
634 2521 849 2589 penitus
882 2519 1093 2575 evertit.
1141 2518 1247 2573 Per
1267 2519 1411 2573 idem
1446 2527 1660 2589 tempus
1687 2519 1887 2575 Karolo
1928 2519 2055 2574 Ala-

470 2612 686 2667 mannia
716 2628 813 2683 per
852 2612 1086 2667 edictum
1120 2611 1371 2667 traditur.
1415 2611 1552 2666 Tum
1592 2613 1810 2667 tandem
1840 2612 2054 2668 Lodha-

471 2704 620 2769 rius,
661 2703 814 2774 quasi
843 2702 986 2771 justa
1032 2702 1371 2773 querimonia
1414 2712 1652 2774 reperta,
1698 2710 1806 2757 tam
1854 2702 2054 2758 fratres

470 2815 630 2868 quam
674 2806 728 2854 et
758 2800 1065 2854 universam
1088 2798 1301 2869 plebem
1339 2797 1501 2854 veluti
1531 2798 1599 2852 ad
1638 2800 2049 2853 restaurandum

470 2889 780 2959 reipublicae
831 2897 1029 2945 statum
1085 2890 1379 2946 animabat.
1429 2889 1794 2958 Quamobrem
1847 2891 2051 2960 pariter

470 3000 593 3039 cum
647 2985 794 3039 omni
840 2982 1038 3054 populo
1081 2984 1223 3053 patri
1269 2984 1336 3038 ad
1368 2982 1755 3053 Compendium
1798 2998 2052 3053 superve-

470 3076 625 3131 niunt
674 3074 869 3147 (850).
929 3074 1193 3146 Reginam
1261 3076 1614 3140 velaverunt,
1678 3073 1879 3131 fratres
1934 3076 2051 3146 ejus

470 3167 780 3223 Cunradum
807 3176 862 3222 et
886 3167 1177 3223 Rodulfum
1206 3167 1575 3233 totonderunt,
1601 3176 1762 3239 atque
1794 3170 1849 3224 in
1878 3169 2047 3240 Aqui-

470 3262 670 3315 taniam
703 3261 997 3317 servandos
1025 3261 1252 3330 Pippino
1282 3261 1698 3317 commiserunt.
1739 3262 2049 3318 Bernardus

469 3368 682 3423 quoque
738 3350 862 3423 fuga
918 3351 1103 3421 lapsus
1158 3352 1213 3405 in
1268 3351 1654 3423 Septimaniam
1707 3370 1765 3410 se
1818 3355 2041 3424 recepit.
2075 3332 2119 3395 ο

472 3443 752 3498 Eribertus
778 3441 948 3496 frater
972 3443 1089 3513 ejus
1112 3452 1325 3513 captus,
1369 3460 1434 3499 ac
1468 3445 1760 3501 luminibus
1781 3446 2043 3517 privatus,

467 3535 520 3590 in
549 3532 758 3589 Italiam
795 3532 1182 3589 custodiendus
1212 3535 1461 3592 traditur.
1500 3535 1569 3590 Et
1598 3535 1901 3593 Lodharius
1928 3538 2047 3608 qui-

468 3627 589 3683 dem
625 3642 692 3683 eo
730 3635 917 3682 tenore
961 3626 1237 3696 republica
1282 3628 1493 3699 adepta,
1540 3637 1751 3699 patrem
1785 3639 1839 3685 et
1879 3628 2049 3685 Karo-

468 3716 579 3772 lum
608 3717 707 3772 sub
743 3716 913 3772 libera
957 3718 1203 3773 custodia
1243 3719 1496 3775 servabat
1545 3718 1693 3792 (851)
1724 3739 1736 3773 :
1784 3735 1907 3775 cum
1938 3736 2047 3790 quo

468 3809 782 3872 monachos,
821 3807 912 3877 qui
943 3808 1116 3863 eidem
1147 3809 1312 3863 vitam
1356 3810 1710 3865 monasticam
1743 3811 2045 3876 traderent,

467 3908 523 3954 et
559 3901 806 3955 eamdem
853 3900 1020 3955 vitam
1057 3901 1209 3955 illum
1247 3918 1523 3958 assumere
1569 3902 1876 3965 suaderent,
1929 3918 2048 3958 esse

468 3998 821 4060 praeceperat.
864 3989 971 4047 Res
1016 4000 1196 4047 autem
1240 3992 1469 4062 publica,
1515 3993 1770 4064 quoniam
1822 3994 2049 4063 quisque

468 4080 762 4150 cupiditate
807 4081 1019 4137 illectus
1057 4098 1152 4137 sua
1195 4084 1493 4153 quaerebat,
1536 4083 1775 4153 quotidie
1812 4083 2050 4140 deterius

468 4171 600 4226 ibat.
628 4171 988 4249 Quamobrem
1021 4180 1131 4228 tam
1162 4174 1448 4239 monachi,
1486 4188 1622 4244 quos
1650 4188 1812 4243 supra
1844 4189 2051 4228 memo-

468 4263 726 4329 ravimus,
770 4279 932 4334 quam
964 4274 1019 4321 et
1053 4264 1257 4330 czeteri,
1306 4265 1397 4334 qui
1440 4264 1583 4334 quod
1620 4263 1824 4319 factum
1871 4263 2050 4321 fuerat

468 4352 760 4420 dolebant,
811 4354 958 4409 illum
1006 4358 1351 4425 percunctari
1403 4363 1719 4424 coeperunt,
1766 4354 1813 4409 si
1854 4370 2045 4425 respu-

468 4445 606 4502 blica
635 4446 811 4502 eidem
856 4448 1254 4511 restitueretur,
1287 4462 1355 4501 an
1403 4462 1525 4502 eam
1558 4462 1656 4518 pro
1696 4446 1903 4503 viribus
1942 4448 2049 4503 eri—

466 4553 592 4606 gere
630 4553 694 4593 ac
721 4536 904 4594 fovere
928 4538 1109 4603 vellet,
1157 4538 1499 4608 maximeque
1533 4539 1737 4594 cultum
1777 4538 2044 4604 divinum,

466 4642 572 4696 quo
598 4628 775 4682 omnis
799 4627 934 4682 ordo
959 4636 1143 4682 tuetur
1175 4643 1240 4682 ac
1271 4628 1498 4699 regitur.
1530 4626 1686 4695 Quod
1728 4628 1854 4698 quia
1886 4627 2045 4683 facile

466 4713 794 4783 confessum,
840 4717 894 4771 in
936 4718 1334 4773 restauratione
1375 4718 1492 4788 ejus
1536 4718 1689 4774 ocius
1718 4734 2042 4774 consensum

466 4815 543 4861 est
576 4825 588 4861 :
623 4817 1006 4878 assumptoque
1030 4807 1336 4863 Guntbaldo
1356 4809 1590 4878 quodam
1619 4810 1910 4875 monacho,
1944 4811 2043 4865 sub

468 4898 647 4967 specie
674 4897 951 4969 religionis
986 4898 1040 4952 in
1069 4898 1172 4953 hoc
1196 4900 1412 4970 negotio
1446 4899 1513 4954 ad
1554 4899 1843 4969 Pippinum
1870 4900 2046 4956 Ludo-

469 4992 755 5061 vicumque
792 4989 931 5045 filios
961 4988 1077 5059 ejus
1112 4991 1321 5047 occulte
1357 4990 1558 5046 direxit
1585 5011 1598 5045 :
1630 4992 1970 5061 promittens,
1999 4993 2046 5048 si

470 5083 527 5137 in
551 5098 647 5139 sua
683 5083 1047 5148 restitutione,
1089 5100 1195 5139 una
1230 5100 1352 5139 cum
1378 5085 1463 5140 his
1490 5085 1582 5155 qui
1609 5087 1711 5141 hoc
1732 5085 2041 5155 cupiebant,

468 5177 661 5231 adesse
715 5175 1053 5242 voluissent,
1106 5192 1330 5249 regnum
1380 5178 1624 5247 utrisque
1677 5192 1736 5231 se
1786 5176 2045 5246 ampliare

470 5268 624 5324 velle.
657 5267 736 5323 Ac
760 5282 857 5339 per
889 5267 992 5323 hoc
1021 5268 1279 5339 perfacile
1308 5269 1610 5339 cupidcque
1642 5282 1892 5336 paruere,
1918 5283 2048 5323 con-

468 5368 741 5429 ventuque
794 5360 1072 5427 condicto,
1122 5362 1306 5432 regina
1353 5369 1407 5416 et
1460 5358 1660 5415 fratres
1712 5358 1829 5427 ejus
1870 5359 2044 5414 eidem

469 5453 845 5517 restituuntur,
891 5467 955 5508 ac
983 5453 1134 5524 plebs
1172 5455 1421 5509 universa
1454 5452 1641 5507 ditioni
1676 5451 1793 5520 ejus
1832 5467 1890 5506 se
1920 5451 2046 5506 sub-

470 5542 624 5597 didit.
647 5541 784 5598 Hinc
811 5543 889 5608 hi,
919 5545 1011 5614 qui
1035 5560 1156 5600 cum
1185 5544 1457 5599 Lodhario
1495 5551 1799 5607 senserunt,
1833 5542 1889 5597 in
1918 5557 2046 5597 con-

470 5632 654 5688 cilium
676 5635 910 5700 deducti,
938 5644 993 5690 et
1019 5638 1087 5691 ab
1116 5637 1234 5705 ipso
1258 5633 1532 5691 Lodhario
1557 5634 1624 5690 ad
1648 5644 1879 5690 mortem
1910 5634 2047 5703 diju-

472 5721 658 5791 dicati,
709 5732 821 5790 aut,
862 5726 972 5779 vita
1014 5726 1232 5785 donata,
1283 5725 1335 5777 in
1367 5724 1612 5779 exsilium
1657 5725 1853 5780 retrusi
1899 5733 2041 5780 sunt.

470 5813 797 5899 Lodharium
819 5834 1034 5888 quoque
1054 5817 1164 5874 sola
1186 5816 1332 5871 ltalia
1358 5825 1690 5882 contentum,
1712 5833 1774 5871 ca
1799 5820 2045 5888 pactione

472 5906 623 5963 abire
674 5909 945 5980 permisit,
1003 5920 1059 5963 ut
1107 5918 1259 5963 extra
1306 5909 1473 5979 patris
1524 5909 1852 5966 voluntatem
1913 5906 2047 5964 nihil

2071 4686 2123 4746 D

2159 2064 2299 2121 blica
2330 2066 2596 2122 inutiliter
2637 2076 2989 2132 tractaretur,
3037 2070 3331 2143 divulgant,
3379 2074 3744 2144 populumque

2159 2158 2315 2229 quasi
2345 2156 2413 2213 ad
2431 2159 2636 2230 justum
2663 2160 2901 2232 regimen
2930 2161 3238 2218 sollicitant.
3282 2163 3584 2231 Walanam,
3631 2166 3743 2219 Eli-

2157 2254 2377 2321 sacbar,
2430 2254 2806 2322 Mathfridum,
2855 2264 3205 2327 caeterosque,
3252 2258 3345 2328 qui
3393 2259 3446 2313 in
3486 2259 3741 2315 exsilium

2156 2346 2351 2401 retrusi
2396 2344 2630 2410 fuerant,
2674 2348 2921 2403 custodia
2967 2350 3259 2405 emittunt:
3293 2349 3641 2419 Lodharium,
3679 2364 3742 2408 ut

2102 2502 2103 2505 η
2156 2434 2544 2505 rempublicam
2592 2436 2829 2503 invadat,
2874 2439 3223 2509 compellunt.
3275 2440 3505 2511 Insuper
3555 2453 3736 2499 autem

2168 2532 2223 2579 et
2247 2523 2566 2598 Gregorium
2584 2524 2843 2582 Romanae
2879 2544 3104 2584 summa:
3127 2530 3271 2585 sedis
3307 2531 3640 2601 pontiﬁcem,
3682 2544 3740 2589 ut

2159 2631 2256 2672 sua
2310 2618 2637 2673 auctoritate
2689 2617 2914 2673 liberius
2956 2621 3099 2689 quod
3142 2622 3432 2690 cupiebant
3477 2626 3739 2693 perﬁcere

2151 2717 2391 2780 possent,
2432 2710 2533 2765 sub
2561 2710 2747 2766 eadem
2784 2711 2968 2779 specie
3000 2711 3212 2782 magnis
3249 2713 3502 2782 precibus
3532 2714 3585 2768 in
3612 2730 3741 2785 sup—

2152 2799 2484 2871 plementum
2530 2815 2641 2856 suae
2684 2800 2981 2857 voluntatis
3022 2812 3324 2858 assumunt.
3374 2804 3735 2871 Quamobrem

2154 2892 2468 2962 imperator,
2509 2907 2616 2947 una
2666 2908 2789 2947 cum
2829 2893 2977 2947 omni
3018 2894 3163 2963 quod
3208 2895 3443 2951 habebat
3486 2896 3734 2967 imperio,

2155 2993 2266 3040 tres
2294 3000 2474 3058 reges,
2509 2985 2711 3056 filiique
2755 2987 2891 3057 ejus,
2934 2986 3193 3043 adversus
3217 3003 3342 3044 eum
3370 3006 3493 3045 cum
3533 2991 3736 3062 ingenti

2154 3078 2419 3143 exercitu,
2471 3078 2691 3147 insuper
2712 3093 2851 3149 papa
2889 3076 3185 3149 Gregorius
3224 3096 3347 3134 eum
3386 3082 3532 3136 omni
3564 3082 3736 3136 comi—

2156 3176 2269 3223 tatu
2297 3169 2563 3235 Romano,
2593 3169 2853 3225 Elisatam
2883 3169 3181 3237 conﬂuunt,
3206 3171 3467 3243 juxtaque
3496 3183 3736 3229 montem

2155 3256 2435 3328 Siguualdi
2472 3268 2654 3315 castra
2679 3268 2909 3332 ponunt,
2948 3276 3013 3317 ac
3042 3262 3206 3318 variis
3229 3263 3601 3319 affectionibus
3634 3280 3737 3334 po-

2149 3350 2335 3421 pulum
2364 3359 2426 3407 ut
2454 3368 2482 3407 a
2515 3360 2669 3422 patre
2708 3352 2999 3419 deﬁceret,
3030 3353 3125 3408 lilii
3154 3355 3497 3425 compellunt.
3542 3354 3738 3410 Novis—

2150 3442 2305 3507 sime,
2350 3441 2671 3511 quibusdam
2710 3440 2834 3513 fuga
2872 3440 3056 3511 lapsis,
3106 3457 3229 3498 cum
3269 3443 3546 3513 perpaucis
3575 3452 3741 3511 pater

2152 3533 2387 3601 capitur.
2420 3531 2570 3588 Uxor
2598 3533 2667 3587 ab
2701 3547 2769 3588 eo
2802 3534 3020 3602 dempta
3041 3535 3096 3588 in
3124 3534 3550 3604 Langobardiam
3579 3536 3736 3589 exsi-

2150 3621 2223 3677 lio
2251 3622 2506 3687 mittitur,
2545 3636 2611 3677 ac
2645 3620 2876 3677 Karolus
2906 3637 3012 3677 una
3043 3638 3165 3678 cum
3197 3633 3351 3695 patre
3392 3624 3490 3678 sub
3536 3638 3732 3694 magna

2150 3714 2400 3770 custodia
2430 3722 2701 3769 servatur.
2738 3713 3031 3786 Gregorius
3059 3716 3324 3784 siquidem
3350 3730 3488 3785 papa
3523 3716 3733 3771 itineris

2150 3806 2483 3875 paenitudine
2514 3813 2817 3875 correptus,
2860 3805 3062 3860 tardius
3104 3820 3266 3874 quam
3298 3805 3459 3861 vellet
3501 3805 3729 3863 Romam

2152 3899 2464 3955 revertitur.
2498 3898 2566 3953 Et
2606 3899 2908 3955 Lodharius
2947 3897 3159 3969 quidem
3196 3897 3391 3953 iterum
3437 3914 3505 3955 eo
3548 3909 3732 3956 tenore

2151 3989 2438 4059 imperium
2470 3990 2745 4059 adeptum,
2794 3989 2936 4060 quod
2977 3988 3173 4058 injuste
3206 3999 3313 4044 tam
3354 3989 3512 4045 facile
3541 3991 3733 4047 iterato

2148 4080 2408 4146 obtinuit,
2454 4081 2653 4137 iterato
2701 4081 2913 4137 facilius
2948 4081 3090 4152 juste
3133 4080 3318 4135 amisit
3363 4081 3535 4152 (854).
3596 4082 3734 4136 Nam

2148 4171 2409 4243 Pippinus
2452 4183 2507 4229 et
2545 4174 2908 4229 Lodhuwicus
2952 4172 3197 4229 videntes
3253 4172 3397 4243 quod
3434 4172 3735 4227 Lodharius

2148 4266 2460 4321 universum
2515 4266 2802 4337 imperium
2845 4265 2950 4320 sibi
2988 4264 3284 4330 vindicare,
3316 4264 3545 4334 illosque
3582 4264 3735 4318 dete-

2149 4357 2326 4414 riores
2354 4357 2571 4413 edicere
2598 4357 2778 4424 vellet,
2810 4358 3051 4430 graviter
3076 4356 3344 4413 ferebant.
3380 4358 3605 4427 Insuper
3638 4373 3735 4412 au-

2121 4437 2125 4440 ’
2151 4458 2259 4506 tem
2287 4451 2415 4506 dum
2441 4451 2549 4505 huc
2572 4448 2895 4507 Lambertus
2925 4459 3088 4521 atque
3129 4449 3471 4515 Mathfridus,
3512 4450 3635 4520 quis
3664 4450 3730 4503 il-

2152 4539 2333 4596 lorum
2358 4539 2629 4596 secundus
2657 4547 2779 4609 post
2798 4539 3131 4596 Lodharium
3166 4540 3221 4595 in
3251 4540 3478 4609 imperio
3503 4539 3734 4594 habere-

2152 4637 2256 4694 tur,
2305 4630 2676 4699 ambigerent,
2726 4629 2988 4684 dissidere
3030 4638 3331 4699 coeperunt.
3374 4628 3442 4683 Et
3477 4628 3732 4697 quoniam

2148 4719 2376 4790 quisque
2402 4734 2590 4774 eorum
2628 4719 2846 4789 propria
2880 4718 3178 4789 quaerebat,
3221 4718 3609 4789 rempublicam
3641 4732 3736 4787 pe—

2149 4812 2294 4866 nitus
2331 4809 2695 4881 negligebant.
2748 4810 2900 4877 Quod
2943 4810 3159 4881 quidem
3198 4810 3426 4880 populus
3471 4824 3732 4873 cernens,

2148 4900 2408 4956 molestus
2434 4909 2572 4955 erat.
2615 4899 2952 4956 Occurrebat
2980 4902 3202 4971 insuper
3234 4903 3398 4957 etiam
3427 4901 3551 4957 filiis
3578 4916 3736 4956 vere-

2149 4991 2345 5047 cundia
2379 4999 2435 5048 et
2460 4992 2762 5062 poenitudo,
2790 4994 2935 5063 quod
2964 5002 3174 5062 patrem
3200 4993 3285 5049 bis
3314 4993 3521 5049 honore
3549 4993 3733 5064 priva-

2155 5088 2383 5148 verant;
2427 5081 2694 5137 universae
2725 5081 2894 5151 plebi,
2924 5082 3068 5151 quod
3104 5082 3187 5138 bis
3222 5081 3607 5153 imperatorem
3649 5082 3732 5136 di-

2152 5174 2438 5240 miserant,
2477 5188 2543 5229 ac
2570 5188 2668 5244 per
2694 5174 2799 5228 hoc
2826 5172 2953 5229 hinc
2985 5171 3111 5228 inde
3146 5174 3200 5228 in
3236 5173 3582 5229 restitutione
3617 5171 3737 5241 ejus

2160 5264 2529 5329 consentiunt,
2556 5270 2612 5319 et
2636 5263 2873 5333 undique
2901 5263 2971 5319 ad
3002 5261 3260 5319 Sanctum
3292 5263 3621 5335 Dionysium,
3644 5262 3736 5317 ubi

2153 5362 2281 5409 tunc
2303 5354 2609 5410 Lodharius
2637 5361 2848 5425 patrem
2871 5362 2927 5410 et
2949 5353 3202 5409 Karolum
3225 5353 3495 5417 servabat,
3519 5352 3738 5408 allluere

2151 5445 2504 5500 contendunt.
2534 5446 2777 5501 Gemens
2797 5444 3104 5501 Lodharius
3128 5444 3442 5515 przedictam
3473 5442 3737 5498 animosi-

2153 5542 2317 5589 tatem
2362 5535 2505 5589 vires
2534 5550 2665 5591 suas
2703 5535 3000 5602 excedere,
3048 5544 3337 5605 antequam
3389 5534 3735 5597 conveniant,

2150 5646 2300 5685 arma
2337 5630 2541 5685 sumit:
2575 5638 2785 5700 patrem
2822 5646 2886 5686 ac
2925 5630 3181 5685 Karolum
3224 5629 3471 5696 dimittit,
3518 5628 3739 5683 itinere-

2150 5737 2254 5793 que
2290 5729 2506 5791 arrepto
2541 5721 2807 5793 Viennam
2852 5720 3009 5791 petit.
3048 5720 3211 5777 Plebs
3252 5729 3433 5776 autem
3474 5734 3582 5775 non
3623 5732 3738 5772 mo-

2151 5792 2293 5878 dica,
2322 5828 2440 5882 qua:
2465 5827 2705 5882 praesens
2732 5792 2942 5877 aderat,
2970 5810 3134 5865 etiam
3168 5812 3442 5882 etiamque
3465 5807 3739 5866 Lodhario

2152 5925 2249 5979 pro
2274 5919 2431 5979 patre
2458 5910 2565 5964 vim
2594 5909 2795 5964 inferre
2822 5904 3052 5962 volebat.
3099 5903 3246 5977 Rege
3275 5912 3515 5975 recepto,
3556 5896 3741 5955 basili-
