4032 6444
345 460 417 516 49
1029 457 1116 512 DE
1152 455 1713 515 DISSENSIONIBUS
1750 457 2081 516 FILIORUM
2120 456 2439 512 LUDOVICI
2480 457 2584 513 PII.
2625 487 2694 497 -—
2730 457 2853 512 LIB.
2893 458 2932 512 1.
3538 463 3609 518 50

342 588 464 630 cam
519 572 693 628 sancti
732 572 969 644 Dionysii
1017 588 1122 627 nua
1175 587 1298 627 cum
1343 573 1610 644 episcopis
1667 582 1723 628 et
1772 574 1920 630 omni
1948 576 1996 636 Α
2026 572 2141 635 mit,
2198 579 2255 624 ut
2300 570 2437 625 infra
2485 571 2601 627 dies
2643 580 2873 628 statutos
2916 571 3143 643 Alpibus
3186 575 3491 643 excederet,
3541 592 3608 634 ac

340 667 490 724 clero
530 664 828 732 confluunt,
869 665 1054 721 laudes
1090 665 1203 721 Deo
1242 666 1435 722 devote
1470 665 1728 732 referunt,
1766 681 1921 722 coro-

339 773 469 814 nam
498 764 556 812 et
583 772 735 812 arma
781 757 894 830 regi
920 773 1019 814 suo
1044 759 1347 829 imponunt,
1385 767 1441 813 et
1467 759 1534 814 ad
1567 767 1764 814 caetera
1788 759 1920 814 deli-

336 848 580 909 beraturi
638 852 995 907 contendunt.
1063 851 1397 908 Lodharium
1452 860 1606 923 pater
1667 854 1921 924 persequi

338 941 569 1006 distulit,
600 940 696 996 sed
730 942 958 1013 legatos,
1008 944 1100 1014 qui
1129 959 1253 1000 eum
1284 946 1419 1000 citra
1470 944 1632 1014 Alpes
1662 942 1920 999 festinare

332 1034 610 1105 juberent,
642 1043 764 1103 post
791 1034 940 1089 illum
970 1035 1185 1090 direxit.
1213 1035 1498 1107 Pippinum
1524 1036 1592 1091 ad
1620 1051 1679 1092 se
1701 1037 1920 1091 venien-

338 1130 447 1177 tem
488 1123 719 1194 benigne
756 1124 989 1195 excepit,
1038 1124 1240 1196 gratias
1281 1125 1336 1179 in
1363 1140 1451 1191 eo,
1491 1126 1634 1195 quod
1674 1141 1773 1196 pro
1822 1140 1919 1180 sua

336 1215 680 1271 restitutione
723 1215 1099 1282 laboraverat,
1150 1216 1260 1287 egit
1293 1235 1308 1272 :
1338 1232 1403 1272 ac
1458 1216 1656 1271 reverti
1698 1231 1823 1271 eum
1864 1216 1918 1272 in

337 1305 711 1376 Aquitaniam,
738 1305 823 1387 uti
846 1307 1135 1376 petiverat,
1164 1307 1430 1377 permisit.
1462 1307 1600 1363 Hinc
1629 1308 1754 1364 inde
1788 1307 1921 1364 fide-

336 1396 435 1460 les,
478 1397 571 1466 qui
599 1409 918 1464 evaserant,
949 1408 1005 1454 et
1040 1401 1429 1471 rempublicam
1469 1418 1657 1475 regere
1692 1418 1919 1459 consue-

335 1498 555 1554 verant,
613 1476 893 1545 confluunt
936 1509 948 1544 :
989 1507 1112 1547 cum
1158 1493 1354 1563 quibus
1412 1494 1609 1551 itinere
1665 1504 1916 1566 arrepto,

335 1578 505 1649 Aquis
527 1580 821 1636 hiematum
851 1582 1008 1653 petit,
1049 1583 1377 1655 tandemque
1404 1585 1791 1641 Lodbuwicum
1826 1601 1918 1641 ve-

334 1671 573 1726 nientem
628 1682 904 1743 gratanter
947 1676 1164 1745 excepit
1205 1690 1220 1731 τ
1265 1692 1425 1747 quem
1475 1686 1532 1732 et
1583 1693 1688 1732 una
1733 1693 1917 1733 secum

334 1778 498 1819 causa
528 1766 762 1834 prresidii
793 1782 913 1823 esse
944 1770 1220 1839 praecepit.
1254 1769 1466 1826 Interea
1492 1771 1569 1835 hi,
1613 1772 1704 1841 qui
1727 1771 1914 1828 Judith

335 1857 387 1911 in
417 1858 565 1913 Italia
589 1860 900 1925 servabant,
928 1862 1210 1918 audientes
1235 1863 1379 1932 quod
1406 1863 1711 1919 Lodharius
1734 1864 1914 1936 fugam

334 1949 553 2014 inierat,
597 1961 651 2004 et
687 1960 843 2021 pater
878 1952 1162 2023 imperium
1201 1954 1443 2026 regebat,
1473 1964 1689 2026 arrepta
1728 1932 1912 2012 Judith
1942 1932 1990 1993 Β

336 2039 519 2111 fugam
562 2042 771 2108 ineunt,
814 2045 983 2114 Aquis
1022 2061 1281 2116 prospere
1324 2048 1666 2116 perveniunt,
1699 2058 1913 2119 gratum

336 2145 533 2185 munus
563 2132 881 2202 imperatori
920 2134 1186 2190 deferunt.
1225 2136 1610 2192 Verumtamen
1654 2140 1798 2193 haud
1832 2152 1915 2196 est

336 2224 494 2278 thoro
535 2226 685 2296 regio
725 2235 973 2296 recepta,
1025 2228 1196 2284 donec
1234 2242 1295 2283 se
1333 2228 1653 2284 criminibus
1690 2229 1917 2299 objectis

334 2316 642 2384 innoxiam,
681 2319 810 2388 quia
840 2319 1160 2374 criminator
1187 2321 1395 2386 deerat,
1433 2332 1777 2376 sacramento
1809 2337 1915 2379 una

333 2419 455 2460 cum
485 2407 800 2478 propinquis
829 2422 1011 2464 coram
1040 2409 1196 2480 plebe
1219 2408 1418 2464 effecit.

403 2495 507 2552 Per
537 2499 678 2555 idem
709 2508 922 2573 tempus
963 2502 1110 2575 (835)
1140 2502 1461 2559 Matbfridus
1489 2512 1545 2559 et
1568 2502 1909 2572 Lambertus,

334 2590 626 2660 ceterique
647 2607 678 2646 a
701 2602 854 2662 parte
879 2593 1155 2660 Lodharii,
1183 2610 1349 2665 penes
1379 2594 1616 2651 Marcam
1644 2596 1913 2651 Britanni-

332 2697 454 2739 cam
504 2684 875 2740 morabantur.
928 2686 1009 2740 Ad
1059 2702 1196 2757 quos
1250 2685 1529 2757 pellendos
1583 2687 1782 2743 missus
1830 2697 1914 2743 est

334 2773 506 2840 Vodo,
550 2782 605 2829 ct
635 2790 825 2831 omnes
852 2775 993 2830 inter
1033 2775 1339 2846 Sequanam
1365 2785 1419 2831 et
1447 2775 1683 2846 Ligerim
1711 2778 1913 2849 degen-

333 2876 435 2923 tes.
459 2867 584 2937 Qui,
609 2886 772 2926 manu
791 2871 969 2926 valida
1000 2870 1248 2937 collecta,
1286 2872 1413 2927 hinc
1448 2880 1611 2943 atque
1637 2873 1762 2929 inde
1783 2889 1914 2929 con-

331 2972 617 3018 venerunt.
675 2964 743 3019 Et
798 2964 896 3020 hos
944 2966 1163 3035 quidem
1220 2966 1497 3036 paucitas,
1546 2981 1610 3021 ac
1666 2980 1764 3035 per
1809 2968 1914 3023 hoc

333 3068 545 3108 summa
588 3056 907 3122 necessitas,
948 3058 1233 3113 unanimes
1268 3055 1467 3113 effecit.
1507 3057 1783 3115 Vodoncm
1817 3075 1915 3114 au-

336 3152 440 3198 tem
472 3150 526 3199 et
559 3159 685 3199 suos
725 3147 959 3201 maxima
991 3146 1280 3202 multitudo
1307 3163 1560 3213 securos,
1598 3148 1909 3215 discordes,

332 3245 388 3292 et
433 3237 772 3294 inordinatos
821 3240 1073 3295 reddidit.
1133 3238 1475 3311 Quapropter
1522 3240 1708 3310 praelio
1757 3255 1909 3296 com-

334 3330 519 3393 misso,
578 3328 851 3402 fugerunt.
901 3330 1107 3387 Cecidit
1146 3331 1317 3397 Vodo,
1361 3340 1416 3387 et
1454 3330 1589 3395 Odo,
1626 3332 1909 3400 Vivianus,

331 3417 642 3488 Fulbertus,
670 3438 734 3477 ac
757 3423 928 3493 plebis
958 3424 1238 3479 innumera
1278 3425 1589 3481 multitudo.
1612 3424 1764 3494 Quod
1793 3427 1913 3496 qui-

334 3514 456 3567 dem
493 3514 664 3568 citato
692 3529 855 3570 cursu
893 3516 1126 3571 victores
1153 3516 1421 3572 Lodhario
1445 3526 1721 3584 notantes,
1762 3535 1915 3574 man-

337 3605 473 3658 dant
504 3613 565 3657 ut
593 3606 918 3673 quantocius
945 3615 1127 3675 posset
1162 3606 1267 3660 illis
1293 3622 1415 3661 cum
1444 3609 1687 3661 exercitu
1715 3624 1912 3663 occur-

340 3704 440 3749 rat.
508 3694 610 3761 Qui
658 3695 890 3751 libenter
937 3695 1148 3766 paruit,
1202 3704 1259 3751 et
1305 3696 1638 3752 Cavillonum
1693 3698 1917 3753 collecta

336 3805 501 3844 manu
528 3788 704 3843 valida
730 3789 896 3854 venit,
928 3789 1203 3844 civitatem
1238 3789 1521 3844 obsidione
1547 3790 1719 3845 cinxit
1747 3810 1760 3845 :
1783 3805 1919 3860 prte-

337 3882 516 3936 liando
552 3881 789 3936 triduum
830 3880 1065 3946 obsedit,
1106 3888 1161 3935 et
1208 3880 1427 3934 tandem
1472 3880 1660 3935 urbem
1700 3890 1915 3952 captam

336 3989 441 4028 una
465 3988 585 4027 cum
616 3972 861 4028 ecclesiis
896 3972 1156 4028 incendit.
1192 3970 1524 4043 Gerbergam
1564 3988 1713 4028 more
1750 3971 1917 4028 male-

337 4065 562 4119 ﬁcnrum
608 4064 661 4118 in
705 4063 917 4118 Ararim
959 4063 1128 4132 mergi
1158 4063 1431 4132 praecepit.
1480 4061 1832 4117 Gozhclmum
1862 4071 1917 4118 et

337 4157 573 4211 Senilam
622 4153 995 4227 [Gauzelinum
1038 4162 1094 4209 et
1142 4152 1406 4225 Sanilam]
1457 4153 1636 4223 capite
1684 4155 1912 4223 punivit.

337 4249 565 4304 Warino
588 4258 765 4303 autem
797 4249 963 4303 vitam
998 4247 1237 4311 donavit,
1271 4256 1329 4302 et
1366 4254 1424 4301 ut
1448 4263 1509 4303 se
1536 4248 1789 4318 deinceps
1818 4263 1917 4319 pro

307 4341 540 4395 ‘viribus
563 4338 798 4407 jnvaret,
820 4334 1175 4407 jurejurando
1202 4336 1546 4392 constrinxit.
1577 4336 1711 4392 ilinc
1733 4347 1916 4392 autem

336 4430 642 4488 Lodharius
671 4439 725 4485 ct
755 4430 836 4486 sui
867 4429 1076 4486 duobus
1106 4430 1304 4501 praeliis
1333 4428 1565 4485 feliciter
1602 4433 1769 4501 gestis
1796 4446 1915 4486 ma-

337 4524 616 4595 gnanimes
652 4521 852 4588 effecti,
882 4522 1191 4577 universum
1217 4521 1502 4592 imperium
1542 4521 1799 4592 perfacile
1829 4521 1915 4575 in-

338 4618 534 4671 vadere
578 4624 878 4687 sperantes,
928 4616 995 4670 ad
1037 4624 1233 4670 caetera
1276 4615 1626 4670 deliberaturi
1668 4615 1915 4672 Aurelia-

338 4724 557 4765 nensem
578 4710 765 4766 urbem
806 4717 1012 4780 petunt.
1040 4708 1196 4776 Quod
1234 4716 1386 4777 pater
1408 4707 1656 4773 audiens,
1680 4722 1712 4763 e
1740 4707 1911 4763 Fran-

337 4800 419 4857 cia
447 4817 607 4857 manu
651 4801 825 4857 valida
870 4802 1119 4865 collecta,
1162 4801 1381 4871 insuper
1422 4800 1754 4857 Lodbuwico
1797 4801 1911 4859 filio

336 4908 455 4958 suo,
487 4908 609 4948 cum
633 4893 925 4959 universis,
957 4894 1048 4963 qui
1074 4901 1224 4947 trans
1253 4891 1502 4948 Rhenum
1536 4893 1911 4961 morabantur,

335 4982 391 5037 in
422 4982 679 5038 auxilium
720 4982 822 5039 sibi
846 4992 1141 5053 assumpto,
1174 4990 1384 5038 tantum
1426 4981 1634 5039 facinus
1661 5000 1692 5039 a
1716 4982 1829 5039 filio
1855 4984 1911 5040 in

338 5075 620 5146 imperium
651 5062 998 5133 commissum
1028 5076 1397 5133 vindicaturus
1420 5078 1679 5147 perrexit.
1712 5077 1914 5134 Lodha-

337 5166 453 5221 rius
482 5182 698 5238 quoque
723 5168 911 5223 eadem
938 5182 1033 5239 spe
1050 5208 1065 5232 ,
1096 5183 1202 5238 qua
1225 5167 1464 5224 Francos
1490 5169 1762 5224 abducere
1788 5184 1914 5224 con-

337 5267 614 5323 sueverat,
639 5259 928 5324 animatus,
960 5258 1040 5313 ire
1066 5259 1259 5315 obvius
1297 5268 1474 5314 ratum
1502 5259 1675 5315 duxit.
1703 5259 1783 5315 Ac
1817 5275 1915 5331 per

338 5350 443 5406 hoc
476 5349 602 5405 hinc
644 5350 770 5405 inde
817 5348 1114 5417 conﬂuunt,
1153 5363 1424 5420 supraque
1460 5348 1715 5417 fluvium,
1755 5351 1914 5421 juxta

338 5442 523 5497 villam
565 5458 685 5515 quae
731 5442 1018 5498 Calviacus
1061 5442 1260 5498 dicitur
1302 5451 1483 5498 castra
1525 5451 1754 5512 ponunt.
1806 5441 1913 5498 Sed

335 5534 558 5601 Franci,
599 5550 665 5592 eo
701 5537 845 5607 quod
890 5536 1269 5605 imperatorem
1297 5534 1382 5589 bis
1412 5533 1763 5604 reliquerant,
1797 5548 1910 5605 pm-

338 5630 582 5687 nitudine
611 5629 870 5699 correpti,
912 5636 969 5684 et
994 5637 1054 5681 ut
1091 5627 1285 5682 deinde
1311 5626 1417 5681 tale
1446 5626 1576 5696 quid
1611 5626 1914 5682 committe-

339 5730 463 5777 rent
505 5730 660 5789 turpe
686 5719 1011 5790 judicantes,
1063 5718 1132 5774 ad
1173 5716 1532 5772 defectionem
1577 5715 1780 5785 impelli
1820 5715 1915 5772 de-

340 5813 547 5882 dignati
569 5820 712 5867 aunt.
752 5810 1114 5878 Quamobrem
1143 5824 1267 5865 cum
1290 5822 1392 5864 nec
1423 5808 1583 5881 fugae,
1611 5824 1713 5865 nec
1739 5807 1912 5881 praelii

338 5905 516 5963 locum
542 5906 767 5970 videret,
807 5920 869 5959 ea
898 5904 1149 5975 pactione
1177 5902 1471 5958 novissime
1492 5903 1740 5973 prelium
1773 5903 1915 5959 dire-

1939 3292 1986 3356 C

1942 4655 1996 4716 D

2020 664 2296 734 deinceps,
2328 666 2445 720 sine
2472 667 2643 736 patris
2664 666 2929 738 jussione,
2960 666 3096 721 fines
3123 665 3369 724 Francia
3394 670 3603 739 ingredi

2022 774 2127 812 non
2155 763 2524 828 praesumeret,
2553 765 2608 811 et
2641 765 2792 811 extra
2829 757 2999 827 patris
3038 757 3367 814 voluntatem
3397 760 3452 816 in
3482 759 3604 831 ejus

2020 847 2247 917 imperio
2275 847 2531 915 deinceps
2554 847 2688 901 nihil
2718 848 2897 902 moliri
2929 857 3237 920 temptaret.
3268 847 3422 916 Quod
3448 860 3504 905 et
3526 851 3603 906 ita

2020 957 2079 996 se
2125 949 2179 995 et
2222 956 2348 996 suos
2386 951 2722 1008 servaturos,
2762 950 2874 997 tam
2913 943 2961 998 is
2998 957 3160 1015 quam
3206 952 3261 999 et
3302 944 3386 999 sui
3422 959 3603 1003 sacra-

2020 1042 2203 1090 mento
2226 1034 2602 1090 firmaverunt.

2089 1124 2186 1180 His
2210 1125 2283 1180 ita
2309 1126 2626 1197 compositis
2647 1126 2820 1198 (838),
2860 1133 3033 1197 pater,
3079 1129 3156 1183 uti
3184 1139 3379 1185 etcum
3402 1129 3600 1201 quibus

2019 1225 2396 1282 consueverat,
2430 1217 2715 1288 imperium
2742 1219 2981 1288 regebat.
3025 1219 3224 1275 Videns
3248 1231 3427 1276 autem
3458 1225 3600 1293 quod

2017 1305 2246 1377 populus
2291 1307 2439 1363 nullo
2485 1309 2646 1363 modo
2691 1309 2879 1365 diebus
2927 1310 3052 1365 vitae
3086 1325 3197 1365 suae
3242 1313 3391 1368 illum
3436 1315 3599 1370 relin-

2017 1413 2228 1468 quere,
2284 1399 2361 1452 uti
2409 1407 2804 1464 consueverat,
2863 1401 3058 1467 vellet,
3108 1414 3376 1459 conventu
3431 1406 3600 1477 Aquis

2017 1487 2197 1545 hieme
2226 1490 2451 1555 indicto,
2494 1491 2800 1561 portionem
2841 1493 2992 1564 regni
3033 1493 3118 1549 his
3158 1495 3405 1551 terminis
3441 1507 3598 1552 nota-

2018 1588 2128 1636 tam
2156 1582 2356 1638 Karolo
2402 1583 2567 1649 dedit,
2607 1584 2660 1639 id
2682 1593 2766 1639 est
2808 1600 2839 1639 a
2877 1585 3010 1640 mari
3050 1601 3147 1657 per
3178 1586 3311 1643 fines
3350 1586 3600 1644 Saxonis:

2015 1690 2188 1745 usque
2224 1677 2290 1731 ad
2320 1677 2456 1732 ﬁnes
2484 1676 2887 1744 Ribuariorum,
2936 1687 3102 1734 totam
3132 1680 3386 1748 Frisiam,
3418 1692 3473 1737 et
3503 1699 3601 1752 per

2016 1765 2153 1822 fines
2184 1767 2569 1823 Ribuariorum
2598 1769 2885 1824 comitatus
2920 1769 3127 1836 Muilla,
3160 1770 3303 1837 Halt,
3335 1772 3599 1827 Traham—

2016 1858 2243 1923 molant,
2276 1858 2582 1930 Masagobbi
2625 1859 3001 1933 [Masagouvi].
3037 1861 3404 1919 Deinde'vero
3445 1865 3601 1933 quid-

2018 1949 2146 2017 quid
2176 1950 2320 2005 inter
2364 1950 2567 2005 Mosam
2596 1958 2651 2005 et
2682 1950 2989 2021 Sequanam
3017 1969 3188 2022 usque
3225 1953 3594 2021 Burgundiam

2016 2054 2124 2093 una
2145 2054 2270 2094 cum
2319 2039 2666 2097 Viridunensi
2711 2043 2963 2098 consmtit
3004 2062 3017 2098 :
3060 2052 3116 2100 et
3156 2045 3223 2100 de
3266 2045 3598 2117 Bnrgundia,

2018 2130 2326 2187 Tullensem
2351 2173 2366 2199 ,
2420 2133 2790 2190 Odornensem
2811 2176 2825 2201 ,
2875 2135 3169 2193 Bedensem
3194 2178 3210 2203 ,
3258 2137 3599 2205 Blescnsem,

2016 2222 2392 2291 Parthensem,
2419 2235 2678 2297 utrosque
2710 2227 3025 2296 Barrenses,
3065 2229 3437 2297 Brionensem,
3474 2232 3600 2287 Tri-

2018 2315 2284 2382 casinum,
2323 2317 2853 2389 Autisiodorensem,
2904 2321 3253 2390 Senonicum,
3291 2325 3603 2382 Wastinen-

2018 2420 2153 2470 sem,
2178 2405 2609 2475 Milidunensem,
2642 2409 3040 2482 Stampensem,
3065 2414 3427 2479 Castrensem,
3449 2414 3603 2470 Pari-

2017 2494 2256 2561 siacum;
2304 2504 2360 2551 et
2407 2498 2600 2554 deinde
2648 2514 2747 2569 per
2786 2498 3093 2570 Sequanam
3134 2519 3305 2574 usque
3350 2506 3404 2559 in
3452 2520 3602 2559 mare

2017 2584 2313 2652 Oceanum,
2348 2594 2401 2642 et
2432 2602 2531 2657 per
2577 2588 2752 2659 ipsum
2802 2606 2953 2645 mare
3002 2606 3171 2663 usque
3220 2596 3274 2647 in
3322 2592 3599 2648 Frisiam:

2016 2692 2205 2734 omnes
2253 2678 2506 2734 videlicet
2549 2680 2915 2751 episcopatus,
2962 2683 3237 2750 abbatias,
3290 2685 3599 2749 comitatus,

2016 2776 2200 2842 fiscos,
2247 2784 2304 2831 et
2330 2775 2513 2831 omnia
2549 2776 2687 2831 infra
2734 2776 3021 2848 prmdicftos
3062 2778 3198 2835 fines
3227 2780 3600 2846 consistentia,

2015 2884 2139 2923 cum
2169 2867 2420 2923 omnibus
2449 2867 2517 2922 ad
2545 2884 2603 2924 se
2629 2868 3042 2939 pertinentibus,
3078 2871 3133 2925 iu
3162 2887 3486 2943 quacunque
3518 2888 3603 2926 re-

2016 2960 2175 3033 gione
2222 2960 2609 3023 consistebant,
2659 2969 2714 3015 et
2758 2962 2840 3016 sui
2880 2960 3021 3030 juris
3070 2977 3192 3018 esse
3239 2964 3598 3019 videbantur:
3650 3000 3659 3007 -

2017 3070 2124 3108 una
2158 3068 2282 3109 cum
2314 3054 2637 3108 auctoritate
2667 3053 2847 3108 divina
2892 3063 3056 3126 atque
3084 3064 3332 3126 paterna,
3376 3055 3603 3126 praefato

2015 3144 2129 3199 filio
2157 3160 2256 3199 suo
2274 3143 2474 3199 Karolo
2493 3144 2657 3209 dedit,
2700 3143 3026 3215 firmumque
3056 3154 3114 3199 ut
3141 3155 3485 3215 permaneret
3506 3147 3600 3200 Dei

2014 3235 2405 3305 omnipotentis
2446 3234 2787 3289 clementiam
2816 3236 3082 3290 exoravit.
3111 3236 3397 3292 Hilduinus
3424 3246 3602 3293 autem

2019 3330 2189 3385 abbas
2212 3329 2455 3384 ecclesiae
2502 3329 2675 3384 sancti
2724 3329 2985 3401 Dionysii,
3028 3338 3082 3384 et
3113 3329 3389 3386 Gerardus
3416 3347 3602 3387 comes

2012 3420 2255 3477 Parisius
2304 3422 2543 3477 civitatis
2584 3422 2873 3492 czetcrique
2910 3437 3101 3477 omnes
3135 3422 3421 3492 praedictos
3472 3422 3605 3478 fines

2013 3515 2382 3569 inhabitantes
2412 3524 2805 3581 convenerunt,
2834 3514 3104 3584 fidemque
3130 3524 3473 3571 sacramento
3500 3515 3605 3570 Ka-

2016 3602 2132 3658 rolo
2159 3603 2527 3657 firmaverunt.
2552 3602 2705 3669 Quod
2733 3603 2951 3673 quidem
2972 3602 3277 3660 Lodharius
3306 3614 3358 3659 et
3389 3604 3606 3659 Ludhu-

2016 3690 2186 3744 vvicus
2216 3690 2520 3754 audientes,
2566 3692 2806 3762 graviter
2852 3692 3135 3747 ferebant:
3166 3694 3308 3748 unde
3346 3702 3402 3748 et
3440 3693 3604 3748 collo~

2018 3782 2205 3851 quium
2237 3781 2569 3836 indixerunt.
2611 3783 2694 3836 Ad
2720 3784 2862 3853 quod
2880 3785 3183 3848 venientes,
3226 3802 3350 3840 cum
3382 3788 3606 3843 nihilex

2017 3876 2104 3931 his
2130 3875 2400 3946 indignari
2422 3892 2480 3930 se
2502 3890 2659 3946 posse
2687 3876 2957 3943 viderent,
2988 3875 3179 3932 callide
3207 3878 3609 3935 dissimulantes

2022 3967 2302 4039 quippiam
2339 3982 2398 4021 se
2430 3976 2615 4021 contra
2650 3967 2821 4038 patris
2860 3968 3190 4024 voluntatem
3233 3969 3408 4025 moliri
3446 3970 3605 4037 velle,

2018 4060 2407 4114 discesserunt.
2453 4058 2844 4113 Verumtamen
2889 4060 2959 4114 ob
3004 4059 3058 4114 id
3096 4060 3423 4132 colloquium
3461 4077 3610 4117 com-

2016 4148 2186 4203 motio
2235 4164 2340 4202 non
2378 4148 2589 4203 modica
2636 4157 2823 4205 exorta
2876 4159 2977 4214 est,
3036 4150 3131 4204 sed
3179 4149 3337 4206 facile
3381 4153 3603 4223 quievit.

2016 4238 2156 4294 llinc
2177 4248 2358 4294 autem
2389 4237 2721 4294 Carisiacum
2763 4238 3034 4295 mediante
3062 4240 3411 4312 Septembrio
3439 4246 3603 4310 venit,

2018 4332 2450 4402 seditionemque
2480 4332 2771 4402 quamdam
2808 4332 3061 4387 similiter
3088 4332 3345 4404 perfacile
3375 4337 3603 4402 sedavit,

2019 4438 2082 4478 ac
2131 4422 2357 4494 priefato
2403 4422 2601 4477 Karolo
2649 4439 2801 4478 arma
2852 4431 2907 4479 et
2952 4440 3243 4492 coronam,
3296 4443 3510 4482 necnon
3552 4438 3603 4485 et

2017 4515 2305 4586 quamdam
2329 4516 2630 4586 portionem
2668 4511 2820 4586 regni
2848 4515 2991 4571 inter
3026 4516 3334 4586 Sequanam
3366 4528 3421 4573 et
3446 4519 3604 4589 Lige-

2020 4623 2135 4664 rem
2172 4608 2342 4673 dedit,
2394 4608 2679 4679 Pippinum
2733 4623 2797 4662 ac
2843 4607 3131 4673 Karolum,
3187 4619 3247 4664 ut
3299 4609 3602 4677 videbatur,

2018 4701 2302 4755 unanimes
2342 4698 2519 4756 eﬂ'ecit
2552 4718 2565 4754 :
2603 4715 2669 4755 ac
2706 4699 2902 4755 deinde
2948 4700 3234 4771 Pippinum
3286 4703 3338 4757 in
3376 4703 3604 4773 Aquita-

2017 4793 2164 4849 niam
2200 4794 2351 4848 abire
2391 4808 2513 4848 cum
2548 4791 2721 4862 gratia
2761 4792 3042 4861 permisit;
3090 4792 3346 4848 Karolum
3390 4809 3519 4850 vero
3551 4794 3605 4848 in

2018 4893 2225 4953 partem
2244 4884 2415 4955 regni,
2436 4898 2600 4952 quam
2628 4882 2677 4937 ei
2701 4882 2946 4949 dederat,
2977 4883 3193 4939 direxit.
3222 4883 3339 4951 Quo
3360 4885 3603 4950 veniens,

2017 4991 2206 5031 omnes
2231 4977 2330 5032 hos
2360 4975 2496 5030 fines
2535 4975 2903 5031 inhabitantes
2943 4976 3009 5032 ad
3037 4976 3188 5032 illum
3216 4963 3513 5045 venerunt,
3550 4989 3605 5035 et

2019 5068 2182 5123 ﬁdem
2220 5076 2562 5124 sacramento
2608 5069 2974 5125 commendati
3021 5070 3196 5126 eidem
3229 5070 3600 5127 firmaverunt.

2017 5156 2221 5215 Eodem
2254 5166 2494 5229 tempore
2526 5157 2806 5213 nuntiatur
2833 5160 2974 5230 quod
3005 5158 3363 5217 Lodbuwicus
3393 5177 3424 5216 a
3450 5170 3605 5233 patre

2018 5267 2120 5307 suo
2164 5252 2499 5316 descivisset,
2548 5259 2605 5307 et
2649 5251 2910 5322 quidquid
2955 5260 3105 5309 trans
3154 5252 3398 5309 Rhenum
3451 5255 3603 5326 regni

2017 5346 2417 5412 continebatur,
2448 5344 2551 5400 sibi
2581 5344 2858 5401 vindicare
2887 5345 3069 5402 vellet.
3107 5345 3262 5415 Quod
3291 5353 3451 5415 pater
3479 5345 3602 5416 ejus

2017 5438 2263 5504 audiens,
2297 5438 2502 5494 indicto
2539 5447 2833 5506 conventu,
2865 5439 3193 5512 Magontiam
3219 5439 3497 5506 convenit,
3537 5455 3601 5497 ac

2020 5529 2248 5599 trajecta
2279 5531 2523 5586 exercitu
2564 5530 2751 5603 fugere
2781 5532 2930 5588 illum
2960 5534 3013 5587 in
3045 5530 3348 5599 Bajoariam
3381 5546 3602 5604 compu-

2019 5622 2099 5677 lit.
2142 5620 2272 5678 Post
2299 5621 2469 5693 Aquis
2499 5621 2778 5678 exsultans
2807 5623 2985 5687 rediit,
3029 5620 3309 5689 quoniam.
3357 5638 3600 5694 quocun-

2018 5732 2125 5790 que
2144 5732 2202 5772 se
2214 5724 2478 5783 verterat,
2504 5724 2635 5771 nutu
2659 5717 2842 5771 divi-no
2868 5716 3041 5771 victor
3060 5723 3200 5771 erat.
3216 5714 3599 5774 Verumtamen

2017 5810 2485 5885 ingruente.senili
2507 5819 2690 5876 aetate,
2733 5819 2789 5865 et
2819 5816 3041 5880 propter
3071 5811 3254 5867 varias
3285 5808 3600 5865 atllietiones

2016 5919 2155 5975 pene
2169 5903 2440 5972 decrepita
2460 5904 2796 5967 imminente,
2816 5910 2992 5957 mater
3015 5904 3365 5973 ac.primores
3386 5897 3593 5970 populi.
