4032 6458
449 479 506 534 5|
1519 481 1844 536 NITHARDI
1886 481 1942 535 S.
1985 481 2284 536 RICHABII
2323 481 2612 538 ABBATIS
2865 515 2868 520 ι
3636 491 3708 546 52

449 601 536 668 qui
567 599 616 653 in
645 597 918 656 voluntate
947 601 1118 674 patris
1137 617 1234 672 pro
1263 599 1459 656 Karolo
1479 600 1872 666 laboraverant,
1907 619 2020 658 me-
2049 605 2101 664 Α
2127 603 2240 658 rolo
2270 607 2628 674 conferretur,
2658 607 2955 672 consensit,
2978 615 3032 660 et
3061 621 3164 660 una
3193 623 3314 661 cum
3345 615 3496 678 patre
3519 621 3708 662 coram

450 699 678 754 tuentes,
731 691 774 746 si
813 690 1026 746 infectis
1075 691 1232 746 rebus
1283 691 1587 760 decederet,
1633 695 1752 748 odia
1799 695 2024 749 fratrum

449 801 617 854 usque
649 787 713 842 ad
751 787 1172 842 internecionem
1205 787 1304 844 sibi
1337 789 1632 858 insurgere,
1667 795 1838 842 ratum
1861 787 2026 840 duxe-

449 885 574 942 runt
623 889 678 931 ut
721 879 1008 948 quemlibet
1053 893 1082 931 e
1129 876 1254 932 ﬁliis
1301 888 1457 949 pater
1505 883 1554 932 in
1600 879 2022 950 supplementum

446 972 542 1024 sibi
599 979 896 1026 assumeret
935 989 947 1024 :
980 979 1035 1024 et
1083 971 1128 1025 si
1173 981 1294 1040 post
1349 974 1641 1034 discessum
1687 974 1802 1042 ejus
1843 973 2023 1027 cmtcri

447 1067 740 1120 concordes
773 1081 890 1120 esse
924 1065 1147 1126 nollent.
1189 1067 1378 1122 saltem
1413 1067 1464 1122 hi
1491 1067 1597 1130 duo
1629 1068 1910 1122 unanimes
1939 1065 2021 1120 ef-

448 1159 586 1216 fecti,
620 1157 862 1210 valerent
895 1159 1148 1226 resistere
1177 1159 1476 1216 invidorum
1513 1159 1751 1216 factioni.
1780 1159 2022 1229 Cumque

445 1250 764 1304 necessitate
806 1250 1062 1314 instante,
1098 1265 1160 1304 ac
1186 1265 1279 1320 per
1317 1251 1417 1304 hoc
1449 1251 1679 1306 assiduis
1715 1252 2020 1304 meditatio-

443 1343 598 1398 nibus
647 1343 702 1396 in
759 1343 861 1400 hac
907 1343 1171 1408 electione
1219 1351 1596 1408 versarentur,
1646 1345 2019 1400 universorum

441 1435 706 1488 sententia
737 1435 1027 1496 consensit,
1073 1435 1117 1494 si
1153 1433 1454 1496 Lodharius
1485 1445 1692 1490 certum
1732 1451 1788 1490 se
1823 1437 1874 1490 in
1919 1437 2020 1492 hoc

441 1525 658 1594 negotio
691 1527 928 1593 pratbere
957 1525 1135 1588 vellet,
1186 1542 1307 1584 cum
1338 1541 1402 1580 eo
1431 1527 1608 1582 foedus
1648 1528 1770 1582 iniri
1802 1529 2016 1584 debere.

441 1613 597 1678 Nam,
631 1615 706 1668 uti
736 1615 1070 1684 prannissum
1096 1625 1200 1680 est,
1233 1617 1370 1670 idem
1401 1617 1526 1672 olim
1573 1619 1710 1690 patri
1753 1619 2020 1690 matrique

441 1723 502 1760 ac
543 1707 737 1762 Karolo
770 1707 1078 1778 iuraverat,
1123 1717 1176 1760 ut
1213 1719 1422 1780 partem
1471 1711 1620 1782 regni
1662 1727 1822 1780 quam
1863 1710 2020 1766 vellet

439 1811 612 1870 pater,
642 1803 816 1856 eidem
849 1802 1021 1866 daret,
1049 1809 1100 1856 et
1131 1805 1376 1858 eamdem
1402 1819 1458 1856 se
1487 1805 1794 1858 consentire
1822 1811 1874 1858 et
1898 1821 2018 1872 pro-

441 1901 618 1964 tegere
655 1893 726 1948 illi
774 1905 960 1950 contra
1009 1909 1196 1950 onmes
1243 1894 1490 1948 inimicos
1533 1895 1783 1948 omnibus
1830 1895 2016 1950 diebus

2125 702 2268 755 omni
2307 703 2502 772 populo
2534 704 2610 760 ita
2643 719 2700 758 se
2735 703 2872 758 velle
2921 703 3278 768 annuntiavit.
3331 701 3465 766 [line
3524 715 3705 774 autem

2123 803 2280 864 pater
2307 793 2524 852 fratres.
2555 803 2714 866 prout
2741 795 2927 862 valuit,
2955 796 3234 852 unanimes
3261 793 3472 860 cili-cit,
3507 811 3710 866 rogans

2125 902 2186 940 ac
2215 887 2514 956 deprecans
2535 897 2593 942 ut
2621 888 2848 942 invicem
2881 903 2936 942 se
2967 887 3271 957 diligerent,
3301 896 3358 950 et
3394 893 3449 940 ut
3473 887 3605 956 alter
3637 889 3706 942 ab

2124 978 2296 1032 altero
2337 988 2711 1048 protegeretur
2735 979 3052 1044 adhortans,
3085 987 3305 1042 exorat,
3335 989 3384 1040 et
3417 980 3558 1048 quod
3589 979 3704 1034 ﬁeri

2124 1067 2600 1136 desielerat,optat.
2633 1068 2836 1134 Quibus
2867 1068 3122 1136 peractis,
3145 1067 3375 1136 benigne
3405 1080 3456 1122 ct
3481 1071 3709 1140 paciliec

2127 1158 2452 1212 Lodharium
2487 1159 2537 1212 in
2572 1159 2774 1214 Italiam
2803 1161 3031 1220 dilatum
3063 1159 3398 1228 remissionis
3427 1165 3620 1238 gratia,
3641 1179 3708 1218 ac

2123 1251 2276 1320 regni
2301 1251 2643 1312 muneribus,
2673 1251 2988 1314 remi'tens,
3024 1261 3362 1322 sacramenta
3398 1269 3514 1321 qua:
3563 1270 3708 1322 sa'pe

2116 1343 2658 1418 juraverat,'quoties
2705 1341 2758 1396 in
2793 1343 2940 1396 illum
2973 1343 3293 1411 deliquerat,
3319 1345 3532 1418 quoties
3567 1345 3704 1398 deli-

2121 1442 2204 1486 cta
2241 1433 2416 1486 eidem
2465 1433 2792 1498 donaverat,
2841 1433 2891 1486 in
2943 1433 3260 1488 memoriam
3317 1435 3610 1500 reducens,
3641 1451 3706 1490 ac

2121 1525 2224 1600 piis
2249 1525 2550 1580 visceribus
2581 1541 2827 1588 monens,
2857 1527 3267 1590 contestabatur
3309 1541 3374 1592 ne
3412 1525 3600 1582 saltem
3649 1527 3702 1580 id

2121 1619 2262 1690 quod
2297 1629 2424 1672 tunc
2457 1617 2749 1680 novissime
2785 1626 3125 1688 peregerant,
3159 1633 3449 1686 coramque
3491 1619 3704 1672 cunctis

2119 1707 2190 1761 ila
2223 1725 2282 1763 sc
2311 1707 2450 1762 velle
2497 1707 2935 1772 conlirmaverat,
2967 1707 3218 1762 frustrari
3265 1707 3504 1778 quolibet
3541 1711 3702 1764 modo

2117 1800 2416 1870 permittat.
2685 1781 2690 1790 Ι

2189 1891 2388 1946 Eodem
2441 1898 2711 1960 tempore,
2746 1897 2808 1944 ut
2855 1889 3116 1962 Pippinus
3167 1889 3510 1951 decessisset,
3545 1901 3703 1962 pater

437 1985 558 2038 vita:
599 1999 708 2044 sure
737 1985 974 2046 deberet.
1024 1983 1383 2049 Quamobrem
1427 1985 1619 2040 missos
1659 1984 1930 2054 deligunt,
1961 1995 2015 2040 et
2046 1975 2089 2032 Β
2123 1985 2366 2042 nuntium
2421 1993 2726 2056 acceperat,
2775 1991 2830 2036 ct
2871 1999 2999 2052 pars
3043 1983 3288 2054 quaadam
3319 1983 3536 2052 populi,
3571 1983 3700 2054 quid

437 2076 488 2130 in
520 2077 726 2134 Italiam
767 2078 830 2130 ad
859 2075 1186 2146 Lodharium
1230 2077 1449 2130 mittunt
1485 2095 1495 2129 :
1525 2077 1922 2146 promittentes,
1969 2077 2012 2130 si

435 2170 602 2238 patris
627 2168 956 2228 voluntatem
981 2169 1230 2238 deinceps
1257 2183 1380 2239 erga
1411 2167 1664 2224 liarolum
1689 2183 2011 2224 conservare

435 2261 610 2324 vellet,
651 2261 828 2314 omnia
881 2275 998 2330 qua:
1047 2261 1098 2326 in
1161 2260 1306 2314 illum
1355 2261 1614 2316 hactenus
1653 2261 2008 2330 delinquet'at,

433 2355 660 2416 remitti,
706 2363 760 2412 et
797 2370 956 2408 onme
995 2370 1254 2425 regnum,
1294 2356 1496 2424 absque
1549 2355 1817 2426 Bajoaria,
1870 2357 2012 2410 inter

431 2445 576 2500 illum
621 2455 676 2500 et
712 2445 966 2506 Karolum
1019 2445 1385 2502 dividendum.
1430 2443 1559 2512 Qua}
1601 2446 1856 2514 quorﬁam
1903 2444 2009 2518 Lo-

429 2538 618 2592 dhario
642 2549 694 2592 et
724 2537 835 2594 suis
867 2546 978 2592 rata
1011 2537 1350 2600 videbantur,
1394 2549 1620 2604 utraque
1652 2551 1716 2590 ex
1749 2545 1900 2604 parte
1932 2535 2012 2604 sic

433 2631 588 2694 velle,
623 2646 688 2684 ac
721 2632 798 2686 sic
815 2645 872 2688 se
893 2630 1170 2700 perlicere,
1193 2629 1530 2696 juraverunt.

499 2721 637 2790 Ergo
667 2719 729 2778 ad
767 2721 958 2778 urbem
983 2718 1316 2792 Vangionum
1341 2729 1609 2776 conventu
1639 2719 1846 2776 indicto
1879 2733 2012 2774 eon-

427 2818 691 2878 venerunt
747 2809 916 2880 (859),
947 2811 998 2862 in
1029 2827 1134 2880 quo
1165 2811 1464 2864 Lodharius
1489 2809 1786 2864 humillime
1819 2809 1886 2861 ad
1913 2823 2010 2876 pe-

427 2903 520 2956 des
541 2901 711 2970 patris
735 2916 918 2970 coram
942 2901 1150 2962 cunctis
1175 2902 1424 2970 procidit,
1443 2902 1624 2958 dicens
1649 2919 1663 2954 :
1705 2920 1722 2952 ‹
1763 2899 1896 2964 Novi
1925 2915 2010 2953 me

430 3007 612 3046 coram
671 2991 779 3044 Deo
831 2999 884 3058 et
945 2999 1017 3058 te,
1069 2991 1282 3046 domine
1327 3001 1515 3061 pater,
1549 2991 1855 3062 deliquisse.
1893 2990 2006 3044 Non

427 3097 676 3154 regnum,
711 3081 804 3146 sed
837 3081 1246 3154 indulgentiam,
1278 3091 1331 3138 et
1361 3091 1420 3136 ut
1459 3085 1688 3154 gratiam
1719 3093 1864 3160 tuam
1895 3099 2006 3138 me-

425 3193 564 3242 rear,
597 3191 798 3246 quzcso.
841 3196 859 3227 ι
901 3175 1044 3230 idem
1074 3187 1274 3244 autem,
1303 3185 1363 3234 ut
1389 3178 1512 3248 pius
1545 3193 1610 3234 ac
1646 3178 1881 3246 clemens
1911 3193 2004 3252 pa-

423 3279 526 3330 ter,
549 3277 604 3324 et
635 3269 826 3326 delicta
856 3269 1144 3340 postulanti
1185 3271 1423 3338 indulsit,
1457 3281 1509 3326 et
1538 3273 1766 3342 gratiam
1794 3274 2000 3344 roganti

2116 2095 2246 2134 avus
2268 2077 2334 2131 de
2361 2093 2528 2148 regno
2555 2075 2637 2130 vel
2663 2075 2949 2148 nepotibus
2972 2075 3205 2146 juberct,
3237 2075 3653 2144 prtestolahatur
3681 2095 3695 2130 :

2115 2187 2239 2242 pars
2270 2177 2472 2232 autem,
2524 2177 2740 2240 arrepto
2789 2167 2898 2222 lilio
2950 2167 3064 2237 ejus
3109 2165 3366 2238 Pippino,
3399 2168 3522 2240 quia
3568 2178 3696 2222 natu

2113 2264 2382 2316 maximus
2428 2271 2568 2326 erat,
2617 2259 2956 2332 tyrannidem
3000 2260 3306 2312 exercebat.
3363 2257 3700 2330 Quapropter

2113 2353 2196 2405 his
2225 2353 2316 2412 ita,
2344 2359 2400 2404 ut
2445 2349 2724 2420 przel'atum
2767 2357 2880 2416 est,
2917 2363 3036 2402 cum
3095 2347 3364 2402 Lodhario
3407 2347 3693 2422 perfectis,

2113 2442 2332 2496 collecta
2367 2458 2526 2498 manu
2561 2441 2762 2508 valida,
2793 2457 2889 2514 per
2927 2439 3278 2510 Cavillonem,
3321 2441 3696 2518 Clarummon-

2117 2543 2224 2588 tem
2255 2551 2362 2588 una
2393 2549 2516 2588 cum
2549 2531 2742 2588 Carolo
2773 2550 2834 2587 ac
2862 2543 3036 2588 matre
3077 2543 3234 2604 pater
3279 2535 3435 2606 petit,
3470 2550 3532 2588 ac
3575 2551 3700 2606 par-

2115 2635 2220 2680 tem
2249 2625 2448 2696 pepuli,
2482 2641 2600 2696 qua!
2631 2625 2780 2680 illum
2813 2626 3228 2696 prfestolabatur
3265 2625 3426 2684 inihi.
3465 2627 3694 2698 benigne

2113 2717 2336 2788 recepit.
2371 2717 2432 2770 Et
2465 2717 2718 2786 quoidam
2747 2717 2870 2770 olim
2897 2733 3119 2790 regnum
3155 2718 3456 2790 Aquitaniic
3499 2717 3695 2776 Carolo

2111 2809 2424 2872 donaverat,
2446 2817 2500 2861 ut
2529 2809 2602 2863 illi
2630 2823 2688 2864 se
2715 2811 3176 2876 commendarent,
3205 2811 3470 2866 hortando
3499 2813 3690 2878 suasit,

2109 2900 2292 2970 jussit.
2323 2899 2424 2970 Qui
2456 2916 2644 2954 omnes
2687 2901 3068 2966 commendati,
3120 2901 3292 2958 eidem
3347 2912 3690 2957 sacramento

2109 2991 2270 3048 ﬁdem
2333 2991 2702 3064 ﬁrmaverunt.
2755 2991 2882 3046 Post
2925 2991 3068 3066 quod
3117 2993 3388 3066 quomodo
3437 3001 3691 3064 tyrannos

2108 3087 2820 3158 compesceret,contendit.
2871 3085 2975 3142 Per
3033 3087 3174 3140 idem
3223 3095 3433 3158 tempus
3473 3087 3691 3142 Ludho-

2107 3181 2276 3252 wicus
2308 3197 2336 3234 a
2361 3179 2602 3250 Bajoaria
2635 3179 2792 3234 solito
2831 3197 2979 3236 more
3011 3197 3279 3252 egressus,
3309 3181 3687 3236 Alamanniam

2109 3271 2328 3338 invasit,
2359 3288 2479 3328 cum
2513 3271 2836 3346 quibusdam
2863 3271 3116 3344 Toringis
3151 3281 3206 3328 et
3242 3271 3545 3328 Saxonibus
3575 3273 3686 3328 sol-

423 3359 692 3414 concessit
723 3377 733 3412 :
769 3375 833 3414 eo
861 3359 1064 3416 scilicet
1086 3369 1246 3430 pacto
1274 3371 1332 3416 ut
1357 3340 1610 3432 deinceps
1649 3363 1780 3418 nihil
1803 3340 1808 3344 ’
1829 3340 2002 3442 quoli-
2030 3340 2074 3402 Ο
2109 3361 2326 3416 licitatis
2381 3340 2548 3434 (841)):
2583 3361 2944 3432 Quamobrem
2977 3340 3130 3434 paler
3161 3363 3276 3444 ejus
3304 3365 3369 3419 ab
3391 3365 3686 3434 Aquitania

421 3451 512 3504 bet
539 3449 698 3504 modo
721 3461 910 3516 contra
939 3467 1090 3506 suam
1123 3451 1450 3510 voluntatem
1485 3469 1582 3508 nec
1621 3454 1674 3506 in
1721 3451 1998 3520 Karolum,

423 3556 520 3596 nec
555 3543 610 3596 in
644 3558 868 3616 regnum
896 3543 1090 3606 alicubi
1118 3547 1335 3618 egisset.
1390 3547 1524 3604 Dein
1571 3547 1798 3616 benigne
1853 3548 2000 3604 illum

419 3637 653 3704 excepit,
683 3651 746 3692 ac
789 3637 1126 3702 tiCOSCIlitlllS,
1151 3640 1352 3708 gratias
1395 3637 1505 3696 Deo
1549 3653 1646 3706 pro
1683 3639 1792 3694 ﬁlio
1841 3655 2000 3708 quem

422 3741 672 3780 aversum
713 3728 1158 3790 reconciliavct‘at
1197 3729 1324 3800 egit.
1357 3727 1438 3784 Ad
1480 3729 1762 3796 prandium
1807 3731 1999 3790 deinde

419 3820 662 3882 conversi
697 3829 852 3886 sunt,
885 3821 936 3874 in
961 3823 1258 3882 crastinum
1287 3823 1354 3876 de
1381 3822 1591 3878 caeteris
1613 3863 1626 3886 ,
1656 3839 1774 3892 qtae
1804 3825 1884 3878 sui
1907 3823 1998 3890 ju-

421 3921 692 3976 ravcrant,
724 3911 1094 3970 deliberaturi.
1135 3913 1228 3968 llic
1273 3923 1448 3970 autem
1500 3913 1664 3966 altera
1709 3913 2000 3966 emu'ilium

421 4003 626 4064 ineunt.
653 4003 788 4066 Hine
817 4017 986 4074 pater,
1026 4013 1084 4058 ut
1117 4005 1196 4076 sui
1235 4003 1571 4072 iuravermit,
1605 4005 1865 4074 perlicere
1905 4020 1998 4058 cu-

418 4093 572 4162 piens
605 4112 618 4148 :
658 4111 676 4144 ι
717 4095 872 4155 Ecce,
909 4095 1002 4160 ﬁli,
1041 4105 1098 4150 ut
1145 4097 1528 4164 promiseram,
1561 4113 1786 4168 regnum
1837 4111 1998 4152 omne

419 4203 600 4252 coram
625 4195 676 4242 te
706 4198 816 4252 est;
853 4189 1030 4244 divide
1066 4187 1194 4250 illud
1223 4197 1383 4258 prout
1411 4187 1649 4244 libuerit.
1680 4189 1832 4254 Quod
1865 4189 1906 4242 si
1940 4197 1996 4246 tu

418 4278 666 4332 diviseris
687 4319 701 4344 ,
730 4280 964 4350 partium
993 4279 1184 4338 electio
1213 4277 1392 4338 Caroli
1423 4280 1544 4336 erit.
1578 4278 1635 4334 Si
1676 4289 1856 4340 autem
1899 4295 1995 4334 nos

420 4367 550 4424 illud
575 4369 938 4432 diviserimus,
957 4371 1206 4426 similiter
1233 4371 1464 4440 partium
1487 4369 1676 4428 electio
1709 4380 1796 4424 tua
1821 4371 1941 4424 erit.
1971 4392 1986 4430 ι

419 4459 570 4526 Quod
607 4461 748 4524 idem
778 4476 900 4526 cum
929 4477 1024 4534 per
1055 4463 1287 4524 triduum
1317 4462 1560 4520 dividere
1581 4462 1759 4528 vellet,
1780 4463 1873 4524 sed
1901 4463 1996 4516 mi-

417 4565 566 4606 lllllle
587 4560 790 4622 posset,
825 4552 1101 4624 Josippum
1136 4563 1296 4622 atque
1337 4553 1662 4610 liichardum
1691 4555 1758 4608 ad
1781 4563 1992 4624 patrem

417 4641 630 4710 direxit,
661 4643 956 4714 deprecans
983 4654 1038 4708 ut
1071 4645 1156 4698 ille
1185 4653 1240 4704 et
1269 4646 1350 4704 sui
1397 4661 1622 4714 regnum
1667 4647 1988 4712 dividerent,

415 4735 759 4804 partiumque
788 4736 984 4798 electio
1004 4737 1104 4792 sibi
1132 4739 1539 4800 concederetur.
1570 4739 1792 4809 Insuper
1823 4757 1981 4802 vero,

419 4825 556 4880 inea
599 4825 720 4892 ﬁde,
746 4842 912 4894 quam.
943 4827 1045 4884 illis
1075 4825 1408 4896 iuraverant,
1451 4833 1630 4890 testati
1669 4841 1816 4898 sunt,
1846 4831 1988 4904 quod

416 4911 513 4986 pro
541 4917 686 4986 nulla
709 4933 768 4982 re
797 4917 924 4982 alia,
957 4919 1060 4978 nisi
1085 4921 1196 4986 sola
1239 4922 1540 4998 ignorantia
1591 4926 1888 4995 regionum,
1935 4927 1986 4982 id

415 5025 674 5082 peragere
701 5009 956 5082 dill‘erret.
985 5012 1340 5078 Quamobrem
1369 5025 1523 5085 pater
1543 5059 1556 5084 ,
1583 5027 1640 5078 ut
1667 5021 1871 5090 :equius
1896 5035 1988 5074 va-

417 5099 532 5166 luit,
558 5115 780 5172 regnum
807 5117 964 5174 omue
991 5106 1192 5176 absque
1215 5107 1460 5178 Balearia
1484 5129 1606 5172 cum
1641 5114 1751 5168 suis
1779 5113 1982 5178 divisit,

415 5199 468 5244 et
500 5206 528 5243 a
561 5191 704 5246 Mosa
751 5204 966 5268 partem
1007 5197 1306 5256 Australem
1355 5200 1654 5256 Lodharius
1696 5219 1818 5260 cum
1873 5205 1984 5262 suis

416 5281 594 5354 elegit,
621 5283 862 5352 quinimo
910 5297 964 5341 et
1018 5291 1238 5360 accepit.
1277 5290 1568 5350 Occiduam
1603 5311 1762 5362 vero,
1787 5305 1846 5356 ut
1876 5295 1978 5352 Ca-

425 5432 1864 5468 Μ’*-

2109 3463 2412 3520 revocatus,
2446 3456 2668 3526 dimisso
2693 3457 2946 3512 videlicet
2981 3457 3172 3513 Carolo
3203 3474 3306 3528 una
3341 3475 3464 3530 eum
3507 3467 3684 3514 matre

2105 3545 2221 3615 ejus
2247 3545 2479 3602 Pietavis
2513 3563 2525 3601 :
2557 3549 2670 3618 ipse
2703 3565 2830 3604 vero
2860 3559 3107 3605 sanctum
3135 3551 3340 3606 Pascha
3377 3549 3541 3619 Aquis
3587 3566 3684 3602 ce-

2105 3636 2248 3690 lebra
2259 3639 2348 3700 vit,
2368 3649 2420 3692 et
2448 3639 2524 3692 sic
2548 3656 2654 3694 uno
2675 3639 2970 3711 eodemque
2989 3643 3176 3714 itinere
3195 3643 3488 3714 Ton-iugum
3507 3643 3654 3712 petiit
3669 3683 3682 3696 .

2100 3725 2147 3781 Δ
2173 3744 2276 3798 qua
2309 3729 2634 3786 Lodhuvvico
2657 3729 2766 3786 lilio
2787 3733 2901 3802 ejus
2923 3732 3093 3806 pulso,
3115 3749 3210 3801 per
3241 3731 3460 3806 Sclavos
3491 3733 3685 3786 itinere

2105 3819 2399 3892 νυςῖυηιριυ,
2433 3835 2554 3876 cum
2597 3821 2648 3873 in
2681 3819 2976 3888 Bajoariam
3008 3821 3190 3894 fugere
3241 3822 3518 3892 compulit.
3566 3823 3683 3892 Quo

2102 3919 2343 3980 peracto,
2377 3909 2493 3963 Kal.
2529 3907 2652 3964 Julii
2685 3911 2748 3964 ad
2776 3911 3106 3982 Vangionum
3141 3912 3328 3966 urbem
3351 3924 3678 3968 conventum

2103 4001 2311 4066 indixit,
2339 4001 2402 4054 ad
2433 4003 2574 4072 quod
2613 3999 2940 4056 Lodharium
2987 4002 3151 4056 lilium
3211 4019 3366 4064 suum
3409 4005 3475 4056 ab
3531 4005 3678 4058 Italia

2100 4091 2282 4146 venire
2309 4093 2560 4162 prmeepit
2585 4111 2596 4145 :
2625 4109 2746 4146 cum
2769 4095 3190 4163 eo,czeterisque
3219 4093 3318 4148 sibi
3353 4095 3584 4160 credulis
3613 4097 3677 4150 de

2099 4179 2426 4236 Lmlhuwico
2458 4181 2870 4238 deliberaturus.
2905 4181 3145 4252 Cumque
3183 4199 3237 4238 se
3267 4185 3382 4238 haec
3418 4185 3488 4238 ita
3517 4186 3674 4239 babe-

2099 4279 2239 4336 rent,
2271 4280 2322 4324 et
2347 4271 2646 4326 Lodharius
2681 4273 2732 4326 in
2763 4272 2938 4336 Italia,
2963 4271 3319 4334 Lodhuwicus
3355 4285 3502 4329 trans
3535 4275 3676 4330 Rbe-

2097 4379 2243 4424 num,
2271 4373 2324 4416 et
2373 4363 2599 4416 Karolus
2649 4363 2700 4418 in
2751 4364 3040 4432 Aquitania
3085 4375 3284 4430 essent,
3318 4365 3676 4420 Lodhuwirus

2097 4455 2412 4526 imperator,
2443 4465 2701 4526 paterque
2727 4455 2962 4523 illorum,
2989 4457 3042 4512 in
3073 4457 3243 4512 insula
3277 4453 3672 4528 quadamjuxta

2096 4545 2498 4617 Magonciacum
2523 4561 2593 4600 xu
2621 4531 2736 4600 Kal.
2761 4545 3052 4602 Juliiobiit.
3081 4547 3249 4615 Quem
3281 4547 3456 4619 Drogo
3487 4547 3670 4610 frater,

2097 4651 2150 4696 et
2171 4642 2474 4710 episcopus,
2506 4649 2669 4710 atque
2700 4640 3164 4718 archieapellanus
3195 4641 3334 4712 ejus,
3367 4641 3518 4696 Metis
3545 4643 3674 4694 civi-

2097 4741 2207 4798 tate
2230 4749 2324 4788 sua
2349 4733 2486 4802 apud
2513 4739 2755 4786 sanetum
2777 4731 3081 4796 Arnuil'um,
3099 4747 3204 4785 una
3234 4747 3354 4802 cum
3387 4733 3670 4802 episcopis,

2098 4823 2406 4884 abbatibus,
2439 4823 2832 4894 comitibusque
2867 4839 3102 4894 congruo
3139 4824 3346 4892 honore
3387 4823 3674 4894 sepulturae

2095 4917 2332 4980 tradidit.
2363 4915 2508 4978 Vixit
2549 4931 2646 4984 per
2694 4931 2863 4970 annos
2902 4917 3178 4986 sexaginta
3235 4927 3486 4986 quatuor.
3515 4917 3672 4974 Rexit

2093 5009 2436 5078 Aquitaniam
2481 5021 2578 5075 per
2628 5021 2796 5062 annos
2853 5009 3072 5078 triginta
3112 5018 3340 5078 septem.
3393 5009 3671 5079 lmperiale

2091 5085 2222 5156 vero
2249 5115 2444 5154 nomen
2475 5115 2574 5169 per
2601 5115 2772 5162 annos
2801 5101 2988 5172 viginti
3031 5111 3264 5170 septem,
3297 5111 3348 5157 et
3389 5117 3484 5172 per
3523 5119 3671 5156 men—

2090 5209 2176 5268 ses
2207 5209 2299 5256 sex
2326 5193 2575 5248 obtinuit.

1879 5447 3652 5472 ..ι-’.Μ

1579 5575 1868 5654 LIBER
1927 5575 2486 5664 SECUNDUS.

976 5825 1365 5883 PBEF‘ATIO.

481 5909 760 5982 Explicitis
789 5931 886 5986 pro
927 5927 1168 5988 tempore.
1219 5937 1279 5974 ac
1323 5921 1526 5976 viribus
1581 5925 1972 5984 dissensionum

2085 5851 2390 5900 vestrarum
2417 5843 2606 5918 initiis,
2636 5861 2666 5900 c
2697 5846 2890 5918 quibus
2935 5847 3135 5920 quique
3175 5847 3346 5904 lector
3397 5849 3538 5904 scire
3575 5864 3666 5906 cu-.

2083 5935 2236 6004 piens
2265 5939 2614 6006 quamobrem
2646 5949 2762 6012 post
2794 5941 2998 5994 obitum
3030 5943 3200 6012 patris
3235 5943 3420 6008 vestri,
3455 5941 3665 5998 Lodha-
