4032 6496
263 521 332 580 58
931 512 1019 571 DE
1056 508 1612 569 DISSENSIONIBUS
1645 506 1973 566 FILIORUM
2010 501 2334 564 LUDOVICI
2371 508 2474 564 PII.
2501 540 2569 551 —
2605 509 2731 566 LIB.
2770 510 2833 567 II.
3429 515 3496 572 54

266 638 376 692 rius
403 644 501 688 vos
544 630 875 700 fratremque
916 627 1167 699 persequi
1206 625 1491 692 statuerit,
1533 627 1823 689 decernat,
1855 626 1905 688 Α
1930 636 1990 678 se
2035 622 2111 677 illi
2158 630 2214 678 et
2253 620 2551 692 subjectum
2597 626 2714 682 fore
2749 625 2913 694 velle,
2943 626 3019 682 ita
3048 635 3107 683 ut
3135 628 3491 714 primogenito

265 725 498 798 colligat,
523 728 579 778 et
604 722 653 779 si
674 720 821 791 iuste
840 720 1030 792 egerit,
1056 722 1347 789 cogndseat
1376 736 1390 772 :
1426 717 1555 773 hinc
1582 714 1699 785 jam
1727 728 1833 785 qua

266 820 464 875 virtute
483 829 549 872 ac
576 815 841 871 industria
864 815 968 870 hoc
991 818 1279 869 exsecutus
1308 812 1397 879 sit,
1422 818 1584 882 prout
1630 823 1835 864 memo-

266 914 347 968 ria
372 909 623 980 viresque
644 908 1012 979 suppiererint
1027 949 1043 975 ,
1066 917 1257 963 notare
1283 906 1507 961 curabo.
1553 901 1666 960 Vos
1704 916 1837 959 vero

273 1001 612 1058 difﬁcultates
640 1012 759 1071 qua:
780 1010 848 1057 ex
874 1000 1063 1055 eadem
1105 998 1353 1055 molestia
1399 996 1655 1068 parvitati
1702 1010 1837 1051 mete

268 1092 574 1148 obstiterint
609 1091 877 1161 inepicere
904 1088 1246 1162 deposco.‘Et
1265 1089 1313 1145 si
1338 1089 1469 1160 quid
1488 1089 1543 1144 in
1559 1089 1662 1145 hoc
1673 1098 1839 1159 opere

279 1184 591 1255 neglexero,
607 1191 666 1238 ut
686 1182 976 1254 ignoscatis
998 1195 1201 1252 quaeso.

340 1358 579 1414 Audiens
595 1356 898 1414 Lodharius
909 1365 1120 1428 patrem
1148 1366 1305 1413 suum
1330 1356 1532 1422 obisse,
1554 1342 1839 1412 contostim

270 1451 486 1507 nuntios
512 1450 728 1520 ubique,
755 1449 1057 1519 praesertim
1078 1461 1175 1519 per
1198 1452 1369 1505 totam
1390 1446 1694 1507 Franciam,
1721 1446 1844 1501 mit-

273 1546 359 1611 tit,
386 1545 479 1616 qui
505 1560 566 1600 se
586 1553 873 1599 venturum
902 1544 955 1598 in
984 1543 1293 1614 imperium,
1323 1542 1464 1611 quod
1493 1540 1621 1596 olim
1662 1538 1840 1595 fuerat

272 1636 346 1691 illi
385 1637 589 1702 datum,
627 1628 891 1690 aﬂrment
927 1652 941 1688 :
982 1634 1304 1706 promittens
1349 1634 1640 1702 unicuique
1674 1632 1842 1686 hono-

273 1744 358 1783 res
380 1743 412 1782 a
432 1736 584 1798 patre
608 1741 896 1782 concessas
916 1741 974 1781 se
994 1725 1312 1789 concedere,
1330 1733 1388 1780 et
1401 1724 1618 1780 eosdem
1645 1735 1842 1799 augere

270 1820 425 1876 velle.
456 1820 655 1875 Dubius
680 1834 892 1890 quoque
920 1819 1023 1875 title
1069 1827 1409 1874 sacramento
1454 1816 1659 1872 firmari
1705 1832 1843 1888 pne-

270 1913 431 1982 cepit.
462 1906 683 1981 insuper
719 1919 898 1965 autem
931 1910 1111 1981 jussit,
1142 1919 1200 1964 ut
1231 1908 1552 1980 quantocius
1596 1914 1839 1977 possent,

1937 713 2091 770 fratri
2117 729 2236 770 esse
2264 722 2556 786 oporteret.
2587 716 2812 788 Insuper
2841 719 3005 774 etiam
3030 720 3287 791 quidquid
3317 713 3501 779 hacte-

1935 821 2040 861 nus
2065 806 2120 861 in
2144 806 2291 862 illum
2339 816 2657 879 deliquerat,
2685 809 2954 880 pollicitus
2992 820 3075 868 est
3117 828 3175 869 se
3225 829 3292 869 ex
3341 816 3504 873 corde

1934 899 2234 965 remittere,
2264 900 2580 970 deprecatus
2606 917 2676 958 ne
2700 903 2929 974 amplius
2954 920 3080 963 suos
3118 906 3390 974 sollicitet,
3405 925 3506 965 nec

1937 1005 2163 1062 regnum
2195 989 2295 1046 sibi
2325 1008 2354 1046 a
2380 991 2491 1047 Deo
2520 992 2870 1049 commissum
2902 996 3198 1066 perturbet.
3240 996 3509 1054 Cederent

1936 1083 2177 1153 undique
2197 1082 2319 1153 paci
2355 1092 2518 1151 atque
2546 1084 2865 1149 concordia,
2897 1093 2953 1140 et
2993 1088 3097 1143 hoc
3148 1102 3206 1144 se
3247 1102 3341 1144 sua
3385 1098 3507 1144 suo-

1938 1187 2165 1242 rumque
2184 1188 2249 1227 ex
2273 1182 2424 1244 parte
2444 1182 2623 1230 ratum
2642 1175 2843 1242 videre,
2860 1189 2923 1232 ac
2949 1190 3050 1246 per
3069 1180 3170 1234 hoc
3184 1192 3506 1235 conservare

1937 1263 2094 1331 velle,
2121 1266 2415 1320 mandavit.
2449 1264 2634 1335 Quod,
2665 1266 2766 1323 etsi
2795 1265 2931 1324 alter
2976 1269 3081 1325 hoc
3125 1270 3197 1325 ita
3244 1284 3363 1327 esse
3402 1286 3508 1327 non

1939 1359 2208 1423 crederet,
2232 1374 2553 1431 quocunque
2583 1360 2742 1417 vellet
2763 1361 2941 1427 modo,
2967 1374 3035 1416 ex
3068 1361 3154 1418 his
3194 1361 3342 1417 illum
3394 1378 3513 1418 cer-

1941 1458 2054 1504 tum
2087 1463 2145 1504 se
2170 1448 2382 1505 eilicerc
2404 1451 2674 1522 promisit.
2703 1450 2832 1519 Qua:
2860 1452 3075 1522 quidem
3118 1451 3417 1508 Lodbarius
3440 1454 3512 1508 si-

1941 1541 2154 1596 mulans
2181 1555 2239 1595 se
2265 1541 2496 1612 benigne
2523 1543 2825 1614 suscipere,
2849 1543 3053 1613 legatos
3076 1552 3285 1599 tantum
3312 1544 3513 1600 saluta-

1942 1634 2107 1688 tionis
2142 1648 2306 1690 causa
2338 1636 2514 1689 redire
2542 1636 2808 1706 permisit,
2840 1650 2905 1691 ac
2925 1652 3020 1707 per
3048 1651 3175 1693 suos
3205 1652 3263 1692 se
3291 1648 3515 1707 reapon-

1942 1740 2129 1779 surum
2167 1727 2232 1781 de
2287 1727 2495 1781 caeteris
2548 1741 2667 1783 esse
2718 1729 3011 1798 respondit.
3059 1728 3282 1800 Insuper
3328 1730 3511 1796 etiam,

1943 1817 2199 1885 quoniam
2228 1816 2292 1869 ad
2330 1817 2505 1887 ipsum
2537 1832 2595 1873 se
2613 1826 2825 1873 vertere
2874 1817 3133 1875 frustrata
3183 1819 3287 1876 ﬁde
3329 1820 3545 1876 nolue-’

1944 1919 2092 1975 runt,
2128 1910 2445 1970 honoribus.
2475 1924 2611 1980 quos
2635 1919 2791 1981 pater
2828 1909 2932 1967 illis
2976 1911 3219 1978 dederat,
3264 1913 3514 1982 privavit.

271 1980 487 2058 obviam
524 1980 601 2058 illi
647 1980 1019 2072 procederent.
1065 2000 1379 2056 Nolentibus
1426 2015 1576 2065 vero,
1608 1999 1840 2069 capitale
1868 1980 1918 2043 Β
1947 2004 2022 2058 Ita
2052 2002 2179 2073 quid
2208 2000 2361 2056 fratri
2392 2001 2570 2057 facere
2595 1980 2878 2072 cogitaret,
2916 2001 3102 2058 nolens
3134 1980 3390 2057 indicium
3416 2003 3514 2058 da-

272 2093 591 2164 supplicium
617 2102 677 2147 ut
694 2095 1098 2163 praediceretur.
1120 2094 1329 2148 indixit.
1346 2093 1462 2163 ipse
1478 2103 1657 2147 autem
1676 2093 1839 2162 pede-

273 2185 540 2254 temptim,
586 2198 695 2255 quo
718 2200 779 2240 se
806 2199 894 2239 res
919 2193 1174 2250 verteret,
1219 2194 1505 2252 antequam
1544 2183 1705 2254 Alpes
1751 2199 1847 2238 ex-

272 2277 523 2342 cederet,
562 2278 703 2332 seire
752 2276 952 2332 volens.
999 2277 1141 2348 Ergo
1194 2275 1485 2346 cupiditate
1530 2285 1849 2345 terrorcque

273 2369 436 2424 illecti
463 2369 699 2439 undique
719 2369 789 2423 ad
812 2368 958 2422 illum
989 2369 1286 2432 conﬂuunt,
1301 2377 1355 2422 et
1379 2367 1483 2423 hoc
1504 2381 1732 2421 cernens
1753 2381 1848 2436 spe

272 2461 589 2529 viribusque
654 2461 1029 2531 magnanimus
1082 2458 1341 2523 ell'ectus,
1393 2458 1589 2528 quibus
1639 2457 1849 2511 artibus

273 2550 585 2605 universum
607 2548 890 2619 imperium
926 2548 1148 2604 liberius
1177 2546 1433 2605 invadere
1458 2558 1676 2620 posset,
1709 2546 1846 2603 deli-

274 2639 469 2695 berare
513 2640 695 2710 erepit.
747 2639 1133 2695 Lodbuvvicum
1180 2654 1427 2710 quoque,
1463 2652 1622 2708 quem
1667 2636 1847 2691 itineri

276 2747 378 2787 suo
424 2734 735 2803 contiguum
783 2747 903 2787 8539
926 2734 1234 2803 prospexit,
1271 2742 1328 2786 ut
1355 2730 1588 2801 primum
1615 2730 1669 2784 in
1700 2729 1848 2785 illum

279 2838 501 2880 manum
528 2825 790 2888 mitteret,
819 2832 996 2881 ratum
1028 2826 1209 2891 duxit;
1241 2833 1296 2881 et
1331 2832 1391 2879 nt
1431 2825 1676 2879 eumdem
1721 2822 1851 2876 viri-

280 2915 383 2970 bus
410 2916 733 2978 annallaret.
762 2930 980 2988 operam
1006 2918 1152 2972 omni
1172 2918 1371 2972 virtute
1399 2915 1614 2986 adjecit.
1636 2913 1850 2969 Interea

280 3009 347 3063 ad
377 3008 627 3064 Karolum
662 3012 715 3065 in
742 3011 1087 3082 Aquitaniam
1119 3010 1325 3080 legatos
1353 3008 1546 3065 callide
1591 3008 1849 3080 dirigens,

279 3103 502 3158 mandat
527 3118 584 3159 se
612 3118 735 3176 erga
764 3102 931 3168 illum,
964 3106 1103 3159 sicut
1125 3113 1283 3174 pater
1311 3110 1601 3168 Statuerat,
1624 3109 1680 3155 et
1712 3100 1855 3155 sicut

280 3208 407 3266 erga
457 3193 673 3248 filiolum
718 3208 783 3248 ex
828 3194 1151 3263 baptismate
1191 3194 1491 3265 oportebat,
1532 3186 1851 3248 benevolum

1948 2095 2059 2149 bat.
2098 2092 2309 2148 interea
2332 2107 2519 2148 omnes
2548 2093 2688 2147 inter
2730 2091 2930 2149 Mosam
2977 2101 3031 2149 et
3080 2091 3385 2163 Sequanam
3426 2092 3518 2147 de—

1949 2197 2136 2260 gentes
2160 2186 2226 2241 ad
2257 2184 2517 2240 Karulum
2557 2185 2842 2251 miserunt,
2883 2185 3231 2252 mandantes,
3261 2192 3320 2239 ut
3360 2194 3515 2239 ante-

1951 2293 2110 2348 quam
2140 2292 2169 2330 a
2197 2275 2466 2331 Lodhario
2489 2284 3011 2347 prteoccuparentur,
3036 2276 3243 2332 veniret
3276 2293 3289 2329 :
3321 2274 3519 2330 adven-

1951 2379 2063 2424 tum
2087 2365 2204 2437 ejus
2226 2381 2283 2420 se
2304 2367 2709 2435 praestolaturos
2732 2366 3125 2437 promittentes.
3157 2365 3516 2433 Quamobrem

1951 2477 2072 2517 cum
2097 2460 2382 2530 perpaucis
2409 2458 2639 2515 Karolus
2664 2460 2765 2514 hoc
2792 2460 2896 2514 iter
2920 2459 3248 2525 accelerans,
3268 2460 3336 2514 ab
3356 2458 3521 2528 Aqui—

1950 2553 2096 2609 tania
2131 2552 2466 2608 Carisiaeum
2497 2550 2664 2616 venit,
2697 2558 2750 2605 et
2775 2564 2805 2603 a
2836 2547 3181 2604 Carbonariis
3206 2555 3260 2603 et
3285 2546 3424 2603 infra
3454 2548 3519 2602 ad

1950 2661 2009 2701 se
2036 2643 2315 2699 venientes
2339 2642 2566 2712 benigne
2596 2641 2849 2711 suscepit.
2881 2637 3046 2694 Extra
3076 2656 3207 2696 vero
3247 2638 3523 2695 Herent‘ri-

1952 2741 2073 2801 dus.
2103 2736 2458 2801 Gislebertus,
2490 2735 2652 2800 Bovo,
2676 2749 2740 2789 ac
2770 2734 2953 2789 ueteri
2979 2732 3049 2788 ab
3074 2732 3267 2790 Odull‘o
3288 2730 3517 2802 decepti,

1952 2830 2220 2885 ﬁrmatam
2254 2826 2413 2882 ﬁdem
2443 2826 2772 2898 negligentes
2806 2825 3137 2881 defecerunt.

2025 2922 2226 2977 Eodem
2259 2928 2501 2990 tempore
2529 2920 2726 2974 missus
2746 2918 2813 2973 ab
2840 2917 3128 2988 Aquitania
3169 2917 3349 2977 venit,
3381 2930 3521 2970 nun-

1950 3016 2097 3071 tians
2120 3014 2260 3085 quod
2283 3014 2542 3086 Pippinus
2561 3030 2683 3068 cum
2703 3013 2788 3068 his
2821 3014 2909 3084 qui
2940 3012 3078 3084 parti
3108 3026 3217 3066 suae
3248 3009 3519 3076 favebant,

1954 3123 2118 3183 super
2147 3114 2374 3161 matrem
2402 3104 2585 3160 Karoli
2615 3105 2818 3160 irruere
2847 3103 3005 3158 vellet
3034 3121 3047 3157 :
3076 3118 3137 3159 ac
3160 3117 3257 3172 per
3279 3102 3381 3157 hoc
3416 3100 3521 3155 Ka-

1953 3196 2104 3255 rolus
2124 3198 2361 3253 Francos
2390 3196 2521 3251 inibi
2547 3196 2820 3258 amittens,
2851 3197 3092 3261 mandat,
3118 3194 3161 3250 si
3196 3195 3313 3250 illos
3357 3193 3523 3249 frater

280 3299 420 3340 esse.
447 3286 855 3352 Verumtamen,
881 3287 1141 3357 utnepoti
1171 3302 1269 3342 suo
1299 3285 1409 3341 lilio
1434 3284 1665 3357 Pippini,
1683 3283 1853 3338 donec
1893 3354 1923 3357 _
1957 3305 2086 3347 suus
2134 3289 2304 3344 donec
2351 3296 2715 3343 reverteretur
2752 3287 3056 3357 opprimere
3096 3286 3277 3351 vellet,
3306 3285 3518 3339 obviam

281 3394 403 3435 cum
431 3394 496 3435 eo
519 3379 849 3451 loqueretur,
866 3354 1137 3452 parceret,
1171 3354 1628 3453 deprecatus—est.
1658 3380 1728 3436 Et
1764 3380 1851 3436 bis
1875 3354 1931 3421 θ
1956 3381 2057 3438 sibi
2094 3381 2464 3452 procederent.
2496 3379 2719 3449 Insuper
2747 3354 3189 3444 ad'Lodharium,
3219 3374 3516 3446 Iiugonem,

282 3472 358 3527 ita
388 3474 720 3543 compositis,
753 3476 819 3530 ad
851 3477 1042 3530 urbem
1090 3475 1427 3545 Vpngionum
1477 3475 1579 3530 iter
1629 3475 1848 3531 direxit.

281 3562 486 3619 Eodem
521 3575 758 3634 tempore
795 3560 1150 3621 Lodhuvricus
1174 3575 1383 3637 partem
1414 3566 1689 3621 exercitus
1717 3566 1851 3623 inibi

283 3669 451 3709 causa
480 3654 738 3708 custodiat
761 3654 1071 3724 reliquerat,
1095 3663 1149 3709 et
1192 3656 1496 3711 Saxonibus
1550 3656 1854 3712 sollicitatis

284 3745 501 3799 obviam
525 3743 627 3798 illis
647 3754 982 3815 perrexerat.
1001 3745 1361 3813 Quamobrem
1375 3744 1677 3801 Lodharius
1691 3761 1857 3818 parvo

281 3833 535 3890 conflictu
582 3834 831 3890 custodes
891 3833 1075 3907 fugere
1113 3836 1388 3907 compulit.
1439 3834 1687 3891 Rhenum
1733 3850 1855 3891 cum

281 3925 541 3980 universo
576 3925 816 3981 exercitu
867 3927 1158 3991 transiens,
1193 3926 1587 3983 Francoboi‘urt
1630 3928 1733 3982 iter
1777 3927 1856 3982 di-

282 4017 449 4082 rexit,
473 4032 579 4087 quo
614 4016 890 4089 insperato
914 4018 1039 4074 hinc
1069 4016 1396 4082 Lodharius,
1424 4020 1547 4075 inde
1573 4018 1858 4076 Lodhuwi-

282 4125 384 4166 cus
412 4108 691 4165 conlinunt
716 4129 729 4165 :
763 4124 1003 4181 paceque
1036 4112 1134 4167 sub
1161 4120 1319 4166 nocte
1355 4112 1654 4180 composita
1679 4152 1693 4177 ,
1722 4111 1857 4166 alter

283 4200 440 4264 inibi,
472 4201 609 4255 alter
628 4214 758 4256 vero
783 4216 891 4273 quo
916 4199 1056 4256 Mein
1098 4200 1157 4256 id
1199 4201 1448 4257 Rhenum
1492 4199 1739 4267 conﬂuit,
1766 4215 1858 4257 ca-

285 4299 401 4348 stra
426 4292 571 4347 haud
600 4290 838 4348 frriterno
867 4305 1051 4347 amore
1077 4298 1423 4362 componunt.
1470 4288 1710 4363 Cumque
1756 4290 1858 4347 Lo—

289 4384 574 4441 dhuwicus
601 4384 831 4440 viriliter
851 4384 1151 4449 resisteret,
1170 4392 1223 4440 et
1250 4381 1551 4439 Lodharius
1572 4383 1720 4439 illum
1736 4383 1862 4439 abs-

287 4492 395 4549 que
435 4477 617 4548 praelio
657 4477 759 4532 sibi
787 4477 1035 4549 subigere
1060 4475 1341 4541 difﬁderet,
1357 4488 1583 4547 sperans
1605 4476 1857 4532 Karolum

287 4569 501 4626 facilius
523 4570 765 4642 superari
794 4586 971 4642 posse,
989 4584 1051 4626 ea
1075 4572 1321 4642 pactione
1348 4569 1590 4640 praelium
1619 4570 1858 4637 diremit,

287 4672 353 4717 ut
383 4678 441 4719 ιιι
484 4663 608 4719 Idus
648 4664 966 4720 Novembris
1006 4667 1195 4721 eodem
1238 4662 1357 4720 loco
1399 4676 1614 4719 rursum
1666 4676 1860 4719 conve-

1951 3471 2335 3535 Adelhardum,
2381 3467 2760 3535 Ger-bardum,
2817 3478 2872 3525 et
2916 3467 3227 3539 Hegilonem
3283 3467 3518 3531 direxit,

1954 3571 2147 3618 cuncta
2176 3576 2296 3631 quae
2322 3570 2447 3617 tunc
2476 3577 2647 3632 nuper
2689 3560 2769 3616 illi
2811 3561 3158 3616 mandarent
3206 3558 3473 3630 replicans
3505 3576 3517 3610 :

1954 3665 2055 3707 nec
2075 3664 2182 3705 non
2204 3659 2259 3704 et
2284 3665 2383 3721 pro
2414 3649 2526 3705 Deo
2546 3652 2861 3720 deprecatus
2894 3658 2997 3717 est,
3025 3665 3092 3705 ne
3112 3664 3239 3705 suos
3266 3650 3366 3703 sibi
3396 3649 3522 3703 sub-

1956 3742 2202 3808 trahens,
2224 3756 2465 3813 regnum,
2489 3742 2635 3813 quod
2656 3737 2816 3805 Deus,
2838 3752 3098 3813 paterque
3128 3758 3224 3797 suo
3254 3756 3519 3798 consensu

1957 3834 2033 3891 illi
2064 3835 2306 3901 dederat,
2340 3832 2570 3906 amplius
2598 3835 2839 3906 dissipet.
2876 3835 2944 3891 Et
2967 3826 3052 3892 liis
3078 3837 3153 3892 ita
3188 3837 3520 3907 compositis,

1957 3930 2013 3985 in
2035 3927 2379 3999 Aquitaniam
2406 3927 2635 3983 fostinus
2663 3912 2922 4000 perrexit,
2945 3943 3210 4001 superque
3241 3926 3523 4001 Pippinum

1956 4033 2012 4081 et
2038 4036 2164 4080 suos
2188 4022 2431 4088 irruens,
2461 4019 2585 4093 fuga
2611 4020 2732 4075 illos
2756 4022 2904 4077 abire
2925 4022 3202 4091 compulit.
3229 4018 3334 4077 Per
3382 4021 3522 4076 idem

1958 4121 2188 4183 tempus,
2217 4125 2338 4166 cum
2364 4108 2668 4166 Lodharius
2707 4125 2738 4165 a
2773 4110 3101 4168 Lodhuwieo
3140 4120 3521 4178 reverteretur,

1956 4213 2012 4259 et
2045 4214 2234 4259 omnes
2267 4202 2402 4257 citra
2429 4200 2790 4258 Carbonarias
2813 4204 2879 4257 ad
2906 4202 3052 4258 illum
3082 4204 3353 4271 venirent,
3378 4204 3524 4260 Mosa

1957 4294 2205 4365 trajecta,
2237 4300 2412 4348 ratum
2448 4293 2599 4348 duxit
2627 4300 2685 4347 ut
2713 4291 3019 4367 Sequanam
3058 4310 3227 4366 usque
3270 4297 3528 4367 procede-

1958 4394 2064 4442 ret.
2090 4385 2205 4453 Quo
2228 4385 2353 4439 dum
2382 4385 2648 4446 tenderet,
2680 4384 2964 4443 Hilduinus
2992 4388 3157 4444 abbas
3180 4387 3367 4444 Sancti
3409 4389 3529 4444 Dio-

1959 4478 2123 4550 nysii,
2151 4483 2205 4532 et
2243 4474 2515 4531 Gerardus
2551 4490 2734 4532 comes
2759 4474 2949 4533 Parisii
2978 4479 3243 4545 civitatis,
3269 4495 3298 4534 a
3331 4479 3528 4537 Karolo

1960 4568 2291 4634 deﬁcientes,
2326 4568 2431 4624 ilde
2455 4567 2713 4624 frustrata
2753 4571 2823 4626 ad
2863 4571 3012 4626 illum
3045 4583 3333 4630 venerunt.
3374 4575 3527 4642 Quod

1960 4661 2177 4734 quidem
2206 4657 2463 4731 Pippinus
2498 4660 2639 4716 illius
2667 4661 2925 4719 Bernardi
2960 4664 3103 4737 regis
3150 4665 3529 4737 Langobardo-

290 4755 464 4821 niant,
492 4764 547 4810 et
575 4755 627 4810 ni
652 4758 938 4812 concordia
969 4757 1186 4812 statutis
1214 4755 1558 4820 interveniat,
1588 4754 1715 4826 quid
1748 4755 1861 4810 cui-
1883 4726 1937 4790 D
1965 4768 2080 4808 rum
2099 4794 2114 4819 ,
2144 4752 2434 4823 caeterique
2477 4762 2791 4819 cernentes,
2830 4726 3106 4826 elegerdnt
3152 4726 3333 4829 potius
3381 4774 3529 4815 more

293 4861 401 4915 que
429 4845 701 4908 debeatur.
733 4845 900 4901 armis
924 4846 1237 4902 decernant.
1279 4846 1347 4902 Et
1384 4847 1470 4902 bis
1507 4847 1583 4902 ita
1621 4845 1858 4913 Omissis,

292 4933 549 4991 liarolom
580 4936 685 4992 sibi
716 4934 966 5009 subigere
991 4938 1282 4993 contendit.

363 5025 469 5081 Per
493 5028 637 5083 idem
661 5038 870 5099 tempus
900 5028 1129 5085 Karolus
1158 5029 1426 5085 Bituricas
1459 5029 1528 5086 ad
1570 5028 1861 5098 Placitum,

290 5129 402 5183 quo
428 5113 710 5186 Pippinum
735 5118 821 5173 sui
835 5116 1153 5187 iuraverant
1176 5131 1482 5188 venturum,
1503 5127 1745 5177 venerat.
1762 5121 1862 5191 Qui

290 5206 512 5276 quidem
540 5222 625 5282 ea
632 5208 882 5265 omnibus
925 5212 1115 5266 nuntio
1160 5221 1396 5282 recepto,
1420 5213 1635 5278 missos,
1671 5215 1858 5271 videli-

290 5303 386 5350 cet
426 5266 707 5352 Nitardum
746 5306 801 5354 et
844 5299 1208 5372 Adelgarium,
1241 5266 1457 5373 delegit;
1499 5313 1554 5359 et
1605 5266 1682 5361 uti
1708 5309 1859 5364 ocius

290 5386 482 5453 valuit,
515 5388 587 5444 ad
613 5389 940 5446 Lodharium
987 5394 1223 5448 direxit:
1257 5397 1518 5451 mandans
1561 5413 1624 5454 ac
1673 5400 1861 5469 depre-

292 5491 446 5541 cans,
478 5485 545 5532 ut
586 5494 795 5535 memor
831 5482 902 5537 sit
948 5491 1405 5539 sacramentorum
1452 5501 1570 5556 quae
1619 5488 1763 5544 inter
1806 5504 1863 5546 se

286 5568 630 5642 iuraverant,
661 5579 716 5627 et
745 5581 924 5627 servet
945 5587 1063 5643 quae
1092 5575 1231 5629 inter
1255 5575 1377 5631 illos
1401 5585 1555 5647 pater
1577 5589 1857 5636 statuerat.

292 5658 526 5730 Insuper
547 5661 712 5716 etiam
744 5662 1019 5728 fraternae,
1051 5663 1303 5734 tiliolique
1328 5666 1650 5723 conditionis
1673 5671 1863 5724 memi-

292 5755 440 5811 nerit
472 5772 486 5808 :
519 5755 747 5810 haberet
772 5772 866 5811 sua
895 5756 1017 5823 sibi,
1049 5766 1099 5812 et
1129 5757 1270 5827 quod
1298 5757 1370 5812 illi
1399 5768 1554 5830 pater
1592 5776 1688 5816 suo
1736 5776 1864 5818 con-

296 5858 460 5901 sensu
504 5856 881 5911 concesserat,
925 5847 1125 5919 absque
1172 5847 1420 5904 conflictu
1464 5850 1611 5905 illum
1662 5855 1864 5909 habere

294 5937 582 6013 permth
626 5937 795 6011 (840).
827 5939 1150 5996 Promittens
1180 5942 1223 5996 si
1264 5943 1367 5997 hoc
1394 5942 1619 6011 faceret,
1651 5945 1861 6003 ﬁdelem

1965 4854 2241 4901 servorum
2280 4843 2440 4899 fidem
2486 4843 2766 4911 omittere,
2815 4844 3121 4916 jurameitta
3162 4859 3526 4918 contemnere,

1966 4949 2125 5005 quam
2158 4934 2225 4990 ad
2254 4934 2523 4989 modicum
2555 4942 2766 5005 tempus
2788 4933 3073 5009 facultates
3103 4938 3423 5013 relinquere.
3452 4940 3529 4997 Ac

1965 5041 2064 5100 per
2087 5028 2213 5091 lioc,
2243 5024 2345 5081 ﬁde
2370 5025 2583 5092 relicta,
2611 5041 2747 5096 quos
2797 5044 2955 5099 supra
2988 5033 3407 5089 memoravimus
3445 5050 3530 5091 se-

1967 5120 2098 5184 cuti,
2135 5119 2308 5174 eidem
2351 5133 2409 5172 se
2452 5119 2732 5175 dederunt.
2789 5120 2925 5177 Hinc
2970 5138 3182 5195 quoque
3232 5125 3531 5184 Lodharius
3623 5126 3632 5134 ’

1958 5209 2335 5281 magnanimus
2355 5205 2579 5265 effectus
2602 5208 2905 5282 Sequanam
2927 5217 3183 5285 excessit,
3202 5220 3530 5287 praemittens

1961 5318 2112 5360 more
2140 5302 2299 5358 solito
2326 5303 2417 5372 qui
2449 5302 2514 5357 ad
2552 5303 2907 5361 defectionem
2950 5307 3091 5364 inter
3135 5308 3438 5387 Sequanam
3476 5320 3531 5367 et

1960 5398 2196 5471 Ligerim
2246 5399 2526 5466 degentes,
2562 5399 2759 5469 partim
2802 5401 2996 5469 minis,
3022 5405 3219 5476 partim
3256 5405 3534 5463 blanditiis

1961 5490 2338 5545 subducerent.
2366 5488 2482 5561 Ipse
2510 5505 2724 5560 quoque
2747 5493 2824 5547 uti
2861 5505 3213 5551 consueverat
3253 5496 3400 5553 lento
3446 5499 3532 5555 iti-

1968 5598 2098 5637 nere
2138 5582 2487 5647 subsecutus,
2518 5581 2895 5643 Caremtenam
2944 5588 3215 5643 civitatem
3257 5590 3528 5648 madebat.

1968 5672 2210 5744 Cumque
2229 5672 2641 5741 Theodericum,
2672 5676 2887 5732 Ericum
2915 5688 2969 5735 et
2994 5679 3093 5733 hos
3112 5720 3126 5737 .
3152 5680 3244 5749 qui
3275 5682 3425 5737 illum
3450 5700 3534 5739 se—

1968 5766 2059 5837 qui
2108 5766 2554 5832 deliberaverant,
2602 5768 2666 5821 ad
2709 5784 2766 5823 se
2815 5778 3070 5823 venturos
3115 5771 3408 5840 didicisset,
3439 5790 3539 5847 spe

1969 5854 2326 5912 multitudinis
2352 5872 2461 5912 suae
2487 5857 2922 5930 fretus,Ligerim
2958 5875 3127 5933 usque
3176 5872 3233 5917 ut
3273 5864 3535 5935 produce-

1968 5955 2072 6012 ret,
2105 5948 2438 6003 deliberavit.
2468 5947 2699 6003 Iiarolus
2719 5962 2932 6019 quoque
2961 5965 2992 6006 a
3023 5950 3145 6025 fuga
3164 5992 3181 6019 ,
3212 5967 3319 6025 qua
3356 5950 3535 6025 Pippi-
