4032 6492
1716 380 1779 392 μ,
1816 378 1835 383 η.
1864 380 1893 384 ,Α

477 474 547 531 55
1533 471 1859 530 NITHARDI
1897 473 1956 529 S.
1996 470 2297 528 RICHABII
2338 474 2625 528 ABBATIS
3648 482 3719 536 56

478 601 606 641 nunt
635 596 689 641 et
712 601 837 641 suos
864 586 1207 657 disperserat,
1238 600 1518 651 reversus,
1547 594 1602 639 et
1630 586 1886 655 quoniam
1929 599 2047 638 ma-
2073 586 2128 646 Α
2150 583 2306 650 velle,
2329 594 2386 639 et
2412 585 2457 639 si
2488 584 2694 641 eflicere
2714 597 2893 658 posset
2919 605 3023 643 una
3051 605 3233 647 secum
3268 592 3352 647 sui
3377 593 3711 661 devcnirent,

479 685 613 731 trem
650 678 740 733 ubi
774 686 890 733 tuto
932 678 1258 748 relinqueret
1296 692 1406 734 non
1444 677 1701 743 habebat,
1725 677 1931 748 pariter
1984 676 2052 731 ad

478 768 724 824 Francia:
752 778 933 841 partes
959 767 1299 840 properabat.
1749 792 1757 805 ε
1938 834 1941 837 Α

550 861 789 918 Audiens
814 869 991 917 autem
1018 860 1248 916 Karolus
1279 859 1508 927 interea,
1541 860 1686 932 quod
1732 859 1786 914 hi
1838 872 2048 924 omnes,

483 967 619 1023 quos
648 969 808 1024 supra
840 952 1281 1018 memoravimus,
1298 953 1365 1009 ab
1387 966 1452 1008 eo
1473 950 1812 1019 defecissent,
1826 960 1882 1008 et
1904 953 2050 1009 Lod-

479 1044 665 1099 harius
715 1059 837 1099 cum
870 1044 1075 1114 ingenti
1124 1044 1368 1100 exercitu
1404 1046 1655 1116 persequi
1686 1044 1834 1101 illum
1875 1061 2050 1117 usque

480 1139 548 1193 ad
592 1136 1016 1192 internecionem
1055 1138 1351 1203 statuisset,
1386 1138 1514 1195 hinc
1558 1146 1738 1193 autem
1768 1138 2045 1208 Pippinus,

476 1239 531 1286 et
561 1230 686 1285 hinc
704 1230 978 1285 Brittones
1007 1229 1189 1286 infesti
1218 1238 1393 1296 erant,
1422 1232 1551 1302 quid
1580 1231 1838 1297 facerent,
1862 1232 2046 1287 conci-

473 1320 609 1374 lium
654 1326 988 1384 convocant,
1020 1319 1224 1384 ineunt,
1259 1319 1431 1391 deque
1476 1319 1560 1374 his
1596 1319 1843 1374 omnibus
1890 1319 2049 1376 facile

471 1411 844 1477 deliberaturi,
874 1412 1030 1467 facile
1053 1412 1336 1468 consilium
1358 1411 1613 1482 perfacile
1643 1413 1916 1468 inventum
1942 1422 2043 1470 est.

470 1501 539 1557 Et
573 1503 825 1572 quoniam
859 1503 991 1556 nihil
1022 1511 1218 1573 prmter
1244 1503 1410 1557 vitam
1439 1512 1494 1558 et
1516 1518 1743 1573 corpora
1781 1503 2046 1574 reliquum

470 1593 776 1659 habebant,
807 1592 1081 1663 elegerunt
1101 1594 1283 1663 potius
1306 1593 1560 1648 nobiliter
1583 1594 1718 1648 mori
1766 1609 1924 1664 quam
1956 1608 2046 1649 re-

470 1700 591 1756 gem
640 1684 916 1754 proditum
977 1684 1367 1754 derelinquere.
1421 1683 1780 1750 Quamobrem
1828 1683 2044 1738 obviam

472 1777 743 1833 Lodhario
774 1783 1023 1847 pergunt,
1049 1784 1208 1845 atque
1232 1775 1674 1830 Aurelianensem
1702 1768 1886 1829 urbem
1919 1773 2045 1829 hinc

468 1869 593 1924 inde
640 1876 856 1937 petunt,
887 1875 1065 1922 castra
1105 1876 1346 1939 ponunt,
1378 1867 1645 1921 distantes
1689 1866 1757 1920 ab
1807 1865 2040 1920 invicem

2155 679 2322 745 bene;
2353 679 2436 734 sin
2458 679 2632 746 aliter,
2666 681 2841 737 soluto
2865 680 3204 751 iuramento,
3235 684 3373 740 infra
3394 686 3510 742 dies
3555 688 3719 758 quin-

2153 769 2326 825 decim
2357 770 2425 825 ad
2455 771 2603 826 illum
2628 788 2988 840 reversurum,
3013 790 3228 847 suaque
3252 775 3445 833 ditioni
3483 773 3717 835 se'com-

2152 864 2445 920 missurum
2469 880 2589 921 esse
2615 860 2882 937 promisit.
2906 867 3265 935 Quamobrem
3294 870 3527 928 Karolus
3559 872 3713 928 Bitu-

2152 954 2295 1010 ricas
2324 955 2519 1011 iterum
2545 956 2761 1014 obviam
2786 958 2862 1014 illi
2897 961 3064 1016 venit.
3113 961 3229 1029 Quo
3274 963 3579 1020 Bernardus
3618 980 3716 1021 ve-

2151 1044 2328 1112 niens,
2356 1062 2478 1102 cum
2528 1057 2777 1104 neutrum
2818 1050 3067 1120 fecisset,
3098 1055 3333 1123 graviter
3358 1056 3585 1112 Karolus
3632 1058 3717 1115 fe-

2150 1150 2277 1192 rens
2304 1137 2664 1205 seductiones,
2692 1155 2827 1210 quas
2854 1143 2992 1211 patri
3024 1142 3247 1211 fecerat,
3269 1155 3325 1202 et
3352 1147 3610 1203 hactenus
3639 1150 3717 1205 illi

2149 1224 2410 1293 faciebat,
2439 1229 2633 1286 timens
2658 1246 2725 1286 ne
2749 1232 2907 1303 aliter
2931 1234 3081 1288 illum
3109 1238 3564 1308 comprehendere
3596 1255 3721 1310 pos~

2150 1326 2251 1383 set,
2286 1320 2466 1377 subito
2492 1321 2547 1375 in
2595 1322 2743 1377 illum
2784 1323 2992 1381 irruere
3035 1328 3243 1382 statuit.
3287 1327 3393 1384 Sed
3432 1330 3535 1386 hoc
3585 1331 3719 1387 Ber-

2149 1411 2372 1477 nardus,
2403 1427 2710 1483 quanquam
2742 1415 2922 1481 tarde,
2951 1420 3256 1488 praesensit,
3281 1420 3460 1493 fugam
3489 1424 3629 1490 iniit,
3654 1441 3721 1479 ac

2147 1503 2237 1556 vix
2265 1503 2453 1557 evasit.
2488 1503 2717 1560 Karolus
2749 1516 2928 1562 autem
2969 1510 3233 1579 quosdam
3270 1527 3301 1567 e
3343 1513 3458 1569 suis
3504 1517 3717 1582 stravit,

2147 1593 2407 1661 quosdam
2455 1594 2668 1650 saucios
2715 1610 2779 1650 ac
2814 1598 3101 1654 semivivos
3154 1600 3413 1671 reliquit:
3453 1608 3717 1673 quosdam

2145 1697 2276 1738 vero
2324 1682 2520 1739 illaesos
2563 1685 2735 1757 cepit,
2767 1702 2833 1742 ac
2877 1704 3025 1744 more
3071 1692 3409 1762 captivorum
3459 1697 3719 1751 custodiri

2145 1776 2435 1845 praecepit;
2495 1777 2882 1846 supellectilem
2925 1790 3103 1838 autem
3139 1786 3446 1841 universam
3487 1788 3719 1858 diripere

2148 1864 2412 1935 permisit.
2446 1864 2583 1922 Hinc
2608 1881 2823 1939 quoque
2849 1869 3158 1929 Bernardus
3186 1875 3439 1931 humilior
3474 1877 3717 1943 effectus,

468 1961 590 2032 plus
623 1961 799 2015 minus
824 1960 1004 2015 leucas
1024 1975 1138 2015 sex.
1181 1959 1413 2031 Legatos
1438 1959 1666 2013 invicem
1694 1958 1948 2028 dirigunt.
1975 1958 2041 2012 Et
2069 1953 2116 2012 Β
2143 1957 2303 2027 paulo
2343 1967 2465 2029 post
2516 1954 2736 2032 supplex
2790 1965 2859 2045 ad
2909 1963 3167 2021 Karolum
3222 1969 3387 2035 venit,
3424 1968 3608 2024 dicens
3662 1984 3720 2026 et

467 2052 697 2107 Karolus
745 2052 965 2122 quidem
992 2051 1104 2107 sola
1144 2051 1352 2122 justitia
1381 2066 1568 2121 pacem
1604 2052 1822 2120 petebat
1853 2068 1868 2105 :
1896 2050 2041 2106 Lod-

467 2144 653 2199 harius
698 2161 847 2207 vero,
874 2160 981 2215 quo
1024 2154 1141 2199 astu
1169 2145 1371 2214 absque
1393 2142 1579 2214 przelio
1606 2143 1755 2197 illum
1792 2142 2043 2210 decipere

469 2250 534 2291 ac
559 2251 815 2306 superare
836 2246 1048 2306 posset,
1072 2251 1293 2305 operam
1348 2235 1529 2289 dabat.
1572 2232 1723 2301 Quod
1771 2248 1891 2287 eum
1920 2248 2043 2303 per-

470 2343 652 2399 agere,
668 2337 888 2383 strenue
920 2328 1312 2395 resistentibus,
1336 2327 1622 2391 difiideret,
1647 2341 1871 2397 sperans
1899 2326 2043 2380 vires

467 2436 619 2486 suas,
651 2422 724 2475 uti
754 2429 1050 2493 ceperant,
1076 2421 1315 2492 quotidie
1355 2432 1684 2483 accrescere,
1707 2433 1869 2487 quam
1916 2432 2039 2471 cum

467 2511 666 2567 Karolo
704 2514 1086 2577 decrevissent,
1119 2511 1329 2567 facilius
1372 2510 1518 2564 illum
1562 2508 1833 2579 subjugari
1881 2523 2063 2587 posse

461 2607 847 2662 arbitrabatur.
873 2607 986 2661 Hac
1009 2614 1190 2661 autem
1227 2619 1322 2674 spe
1352 2605 1636 2674 deceptus,
1681 2618 1744 2656 ea
1791 2603 2041 2672 pactione

460 2699 707 2770 praelium
754 2699 992 2768 diremit,
1022 2708 1083 2753 ut
1114 2698 1328 2754 cederet
1368 2695 1565 2750 Karolo
1594 2693 1907 2764 Aquitania,
1934 2693 2036 2748 Se-

460 2794 742 2864 ptimania,
775 2793 1077 2858 Provincia,
1106 2800 1161 2848 et
1184 2793 1370 2846 decem
1399 2790 1687 2845 comitatus
1718 2788 1859 2842 inter
1885 2785 2040 2857 Lige-

462 2885 565 2940 rim
591 2891 647 2938 et
677 2883 1001 2953 Sequanam,
1029 2899 1094 2939 eo
1121 2882 1371 2938 videlicet
1396 2882 1576 2947 modo,
1611 2890 1669 2935 ut
1694 2880 1778 2935 his
1814 2889 2037 2935 conten-

466 2984 554 3030 tus
606 2974 822 3029 interim
855 2974 986 3030 inibi
1033 2982 1206 3041 esset,
1238 2974 1412 3031 donec
1450 2972 1781 3027 Attiniacum
1814 2988 1911 3028 vin
1955 2972 2031 3027 ld.

465 3064 631 3121 Maias
657 3065 1015 3120 conveniant:
1047 3082 1154 3136 qua
1187 3066 1451 3135 siquidem
1474 3063 1745 3120 communi
1766 3078 2035 3119 consensu

464 3164 816 3226 utrorumque
847 3155 1130 3211 utilitatem
1163 3156 1456 3225 praevidere
1503 3171 1568 3209 ac
1616 3152 1863 3209 statuere
1899 3154 2036 3209 velle

461 3246 727 3316 promisit.
749 3245 1019 3303 Primores
1042 3262 1254 3318 quoque
1282 3246 1512 3318 partium
1538 3245 1720 3300 Karoli
1749 3254 2034 3301 cernentes

459 3337 732 3406 negotium
751 3338 895 3393 vires
919 3352 1045 3400 suas
1073 3339 1353 3402 excedere,
1383 3336 1725 3406 maximeque
1747 3336 2030 3401 timebant,

460 3447 527 3485 ne
554 3431 694 3486 forte
726 3431 910 3501 praelia
938 3431 1247 3487 commissio
1285 3431 1341 3485 in
1367 3437 1517 3485 tanta
1545 3430 1818 3500 paucitate
1850 3444 2031 3498 regem

460 3539 618 3578 suum
644 3523 855 3579 salvare
875 3522 1084 3580 difficile
1114 3531 1353 3594 possent.
1399 3522 1530 3577 Erat
1567 3523 1709 3578 enim
1738 3535 1862 3592 spes
1894 3537 2029 3576 cun-

461 3615 564 3670 ctis
595 3630 699 3670 non
735 3617 945 3671 modica
981 3615 1175 3670 indolis
1220 3616 1354 3685 ejus.
1406 3614 1767 3682 Quamobrem
1813 3612 2032 3669 statutis

458 3722 523 3764 eo
547 3719 735 3764 tenore
762 3707 1128 3770 consentiunt,
1151 3714 1212 3760 ut
1234 3706 1486 3776 deinceps
1506 3704 1806 3760 Lodharius
1833 3702 2032 3758 Karolo

459 3802 530 3858 ita
560 3802 696 3857 ﬁdus
724 3803 932 3864 amicus
962 3800 1066 3865 sit,
1090 3801 1228 3855 sicut
1271 3797 1441 3853 frater
1475 3812 1573 3868 per
1602 3798 1869 3867 justitiam
1917 3796 2032 3850 fra-

461 3895 533 3948 tri
556 3907 674 3946 esse
698 3890 889 3955 debet;
923 3900 978 3946 et
1005 3905 1196 3961 regna,
1226 3903 1345 3957 quae
1395 3887 1471 3942 illi
1513 3887 1825 3958 deputabat,
1847 3886 2031 3957 quieta

460 3987 662 4043 habere
690 3986 922 4050 faceret;
959 3999 1023 4040 ac
1053 3982 1269 4039 interim
1304 3996 1464 4053 super
1494 3979 1885 4037 Lodhuwicum
1928 3979 2028 4035 ho-

462 4082 656 4138 stiliter
694 4083 772 4135 ire
793 4079 1030 4135 dedisset
1058 4097 1073 4134 :
1107 4077 1266 4132 aliter
1294 4085 1501 4141 autem,
1523 4075 1647 4146 jure
1696 4074 1841 4143 quod
1877 4071 2032 4142 jura-

457 4182 648 4229 verant
676 4172 905 4227 absoluti
934 4184 1056 4226 esse
1079 4169 1356 4225 deberent.
1387 4167 1501 4234 Qua
1547 4165 1763 4236 quidem
1803 4172 1923 4219 arte
1973 4174 2028 4221 et

458 4278 637 4333 regem
682 4276 839 4315 suum
895 4274 926 4312 a
964 4257 1220 4328 periculis
1265 4257 1612 4321 subtrahunt,
1639 4262 1695 4310 et
1736 4268 1795 4309 se
1838 4269 1966 4308 mox
1996 4269 2030 4309 a

459 4364 799 4411 sacramento
843 4351 1146 4407 absolvunt.
1193 4350 1330 4405 Nam
1368 4356 1657 4419 antequam
1712 4347 1896 4412 iidem,
1925 4348 2028 4417 qui

456 4449 571 4502 haec
604 4446 940 4515 iuraverant,
971 4444 1131 4498 domo
1154 4443 1571 4515 egrederentur,
1609 4440 1819 4512 aliquos
1846 4457 1912 4496 ex
1940 4441 2027 4496 his

457 4541 549 4611 qui
572 4540 797 4595 aderant
823 4537 1121 4593 subducere
1154 4535 1223 4590 ab
1255 4533 1347 4590 illo
1387 4533 1684 4604 temptavit,
1712 4542 1768 4588 et
1802 4534 1856 4588 in
1880 4547 2028 4588 cras-

459 4631 628 4685 tinum
665 4629 925 4699 quosdam
955 4641 1174 4681 suorum
1198 4625 1420 4694 recepit.
1442 4623 1665 4694 Insuper
1684 4633 1740 4680 et
1758 4625 1812 4679 in
1836 4640 2025 4695 regna,

455 4732 574 4788 qua:
602 4716 674 4772 illi
704 4717 1070 4786 deputaverat,
1101 4714 1284 4769 statim
1321 4713 1535 4779 direxit,
1563 4723 1620 4768 et
1663 4714 1717 4769 in
1762 4721 2026 4784 quantum

456 4808 647 4879 potuit,
676 4822 743 4863 ne
770 4806 847 4861 illi
898 4820 957 4861 se
999 4803 1310 4870 subderent,
1342 4803 1678 4875 perturbavit
1717 4822 1729 4859 :
1781 4812 1839 4859 et
1889 4811 1950 4858 ut
1996 4818 2028 4858 e

456 4898 735 4956 Provincia
790 4897 857 4952 ad
900 4912 961 4952 se
1004 4896 1282 4951 venientes
1319 4895 1612 4965 exciperet,
1658 4894 1934 4964 perrexit,
1972 4902 2029 4949 et

454 4988 905 5062 quemadmodum
948 4985 1337 5042 Lodhuwicum
1381 4985 1503 5041 dolo
1551 5000 1619 5040 an
1669 4985 1723 5039 vi
1769 4998 2027 5055 superare

452 5088 656 5156 posset,
684 5079 934 5137 intendit.

522 5170 734 5228 Interea
761 5169 993 5226 Karolus
1028 5168 1471 5225 Aurelianensem
1523 5169 1713 5226 urbem
1760 5169 2021 5236 veniens,

452 5262 811 5320 Teotbaldum
830 5268 887 5317 et
909 5262 1192 5318 Warinum
1230 5277 1353 5318 cum
1380 5261 1699 5332 quibusdam
1725 5276 1757 5318 e
1784 5259 2026 5333 Burgun-

455 5356 542 5412 dia
567 5353 635 5409 ad
672 5368 731 5408 se
756 5352 1033 5407 venientes
1078 5360 1358 5423 gratanter
1403 5368 1468 5409 ac
1512 5352 1747 5422 benigne
1790 5353 2021 5422 excepit.

455 5441 593 5498 Hinc
626 5450 807 5497 autem
853 5441 1065 5497 obviam
1113 5441 1417 5506 Bernardo,
1469 5443 1611 5498 sicut
1651 5443 2020 5508 mandaverat,

454 5533 840 5589 Nivernensem
867 5535 1053 5589 urbem
1084 5536 1236 5605 petit.
1269 5534 1377 5591 Sed
1401 5535 1738 5601 Bernardus,
1766 5549 1914 5591 more
1938 5552 2023 5591 so-

455 5625 573 5690 lito,
601 5625 668 5681 ad
691 5624 837 5680 illum
876 5626 1061 5682 venire
1095 5626 1322 5692 distulit,
1356 5628 1541 5682 dicens
1566 5642 1625 5683 se
1646 5643 1768 5683 cum
1798 5627 2024 5697 Pippino

456 5718 674 5787 suisque
699 5729 1037 5775 sacramento
1067 5720 1336 5786 firmasse,
1362 5729 1423 5776 ut
1442 5728 1635 5776 neuter
1662 5719 1863 5790 absque
1892 5720 2024 5775 alte-

456 5807 569 5863 rius
590 5823 852 5865 consensu
872 5827 995 5866 cum
1015 5812 1255 5881 quolibet
1275 5811 1632 5882 quodcunque
1651 5820 1868 5881 pactum
1885 5813 2022 5867 inire

457 5899 695 5958 deberet.
744 5901 1102 5970 Quamobrem
1157 5910 1382 5958 testatus
1427 5911 1509 5957 est
1564 5904 1632 5959 ad
1676 5903 1796 5959 illos
1840 5919 1897 5959 se
1945 5903 2021 5957 ire

2056 4671 2105 4731 D

2145 2046 2359 2103 fidelem
2380 2065 2439 2105 se
2457 2049 2534 2105 illi
2565 2051 2747 2118 fuisse,
2763 2061 2819 2109 et
2840 2062 2990 2121 tunc,
3011 2056 3056 2111 si
3076 2055 3286 2123 liceret,
3300 2074 3421 2114 esse
3449 2059 3716 2126 voluisse;

2143 2148 2198 2194 et
2223 2140 2492 2211 deinceps,
2506 2157 2815 2215 quanquam
2840 2145 2943 2202 hac
2963 2149 3287 2204 contumelia
3308 2149 3528 2206 aﬂectus
3550 2162 3716 2220 esset,

2144 2231 2199 2287 in
2226 2232 2463 2290 futurum
2489 2235 2607 2292 fore
2630 2237 2853 2295 minime
2881 2239 3163 2309 difﬁderet.
3191 2241 3342 2308 Quod
3361 2284 3376 2309 ,
3404 2245 3507 2299 etsi
3549 2246 3716 2315 quili-

2143 2324 2234 2380 bet
2259 2326 2420 2381 aliter
2442 2328 2622 2384 dicere
2641 2328 2817 2395 vellet,
2844 2332 3011 2388 armis
3037 2348 3095 2390 se
3115 2334 3564 2406 obpropulsurum
3587 2355 3715 2409 pro-

2143 2414 2327 2468 mittit.
2386 2416 2592 2482 Quibus
2637 2417 2869 2475 Karolus
2915 2422 3162 2479 credulus
3203 2413 3453 2493 effectus,
3485 2429 3713 2484 ditatum

2141 2509 2458 2565 muneribus
2487 2518 2541 2565 et
2578 2513 2754 2582 gratia
2782 2512 2837 2567 in
2877 2514 3190 2573 societatem
3235 2518 3487 2575 amicitia:
3530 2538 3713 2577 susce-

2139 2599 2248 2672 pit;
2284 2609 2339 2657 et
2365 2611 2424 2657 ut
2448 2595 2733 2674 Pippinum
2762 2619 2828 2661 ac
2848 2620 2996 2672 suos,
3032 2608 3110 2661 uti
3132 2610 3487 2679 promiserat,
3520 2613 3709 2667 subdi-

2142 2698 2226 2749 tos
2253 2692 2354 2747 sibi
2389 2692 2598 2749 efﬁcere
2625 2704 2932 2767 temptaret,
2962 2698 3177 2754 direxit.
3223 2700 3291 2755 Et
3321 2701 3406 2756 his
3447 2702 3523 2757 ita
3564 2718 3712 2759 com—

2138 2784 2351 2855 positis,
2393 2784 2842 2842 Cenomaunicam
2889 2789 3078 2844 urbem
3125 2792 3286 2860 adiit,
3341 2791 3687 2850 Lantbertum

2142 2875 2489 2946 Ericumque,
2518 2892 2623 2932 una
2677 2892 2800 2932 cum
2847 2880 3058 2936 ueteris
3091 2891 3421 2954 recepturus.
3471 2885 3711 2956 Cumque

2138 2964 2229 3021 ille
2252 2966 2372 3022 illos
2398 2968 2529 3023 inibi
2551 2969 2884 3038 perhumane
2915 2972 3201 3042 reciperet,
3232 2976 3478 3045 protinus
3504 2976 3569 3031 ad
3596 2975 3707 3031 No-

2139 3058 2414 3113 menoium
2440 3058 2632 3114 ducem
2659 3061 3025 3118 Brittanorum
3076 3066 3273 3131 mittit,
3308 3067 3446 3122 scire
3488 3070 3710 3139 cupiens

2140 3147 2186 3203 si
2221 3163 2333 3204 suae
2363 3164 2422 3204 se
2465 3150 2656 3205 ditioni
2703 3153 2929 3208 subdere
2987 3154 3163 3210 vellet.
3210 3156 3313 3224 Qui
3366 3158 3710 3228 acquiesceus

2141 3239 2381 3296 consiliis
2409 3240 2782 3312 plurimorum,
2818 3243 3018 3300 Karolo
3046 3260 3271 3301 munera
3300 3249 3496 3314 mittit,
3531 3265 3593 3303 ac
3624 3264 3711 3303 sa-

2061 3306 2107 3370 ο
2137 3306 2426 3386 oramento
2464 3331 2626 3387 fidem
2672 3306 2928 3405 deinceps
2975 3336 3292 3392 servandam
3338 3338 3412 3392 illi
3452 3306 3704 3393 firmavit.

2135 3420 2342 3486 Quibus
2389 3424 2656 3492 peractis,
2706 3426 2960 3495 quoniam
3012 3434 3224 3499 tempus
3293 3428 3506 3499 placiti,
3560 3432 3710 3497 quod

2133 3514 2465 3569 Attiniacum
2513 3516 2888 3584 condixerant,
2928 3521 3355 3591 appropinquare
3400 3519 3703 3586 videbatur,

2131 3606 2261 3680 quid
2329 3606 2571 3663 consulte
2624 3623 2689 3664 ac
2730 3609 2901 3665 solida
2960 3610 3062 3667 (ide
3126 3611 3228 3668 sibi
3276 3611 3495 3681 suisque
3547 3624 3710 3680 agere

2133 3707 2445 3772 oporteret,
2503 3699 2736 3755 Karolus
2798 3702 2994 3757 anxius
3059 3712 3199 3757 erat.
3271 3703 3417 3774 Ergo
3480 3702 3706 3773 partici-

2131 3809 2229 3863 pes
2254 3800 2588 3847 secretorum
2618 3801 2911 3860 convocat,
2944 3809 3055 3849 rem
3106 3794 3354 3848 omnibus
3384 3803 3583 3868 notam
3625 3809 3701 3848 re-

2132 3883 2324 3953 plicat,
2352 3898 2418 3937 ac
2444 3870 2895 3963 quemadmodum
2947 3898 2980 3938 a
3032 3890 3179 3938 tanta
3234 3883 3543 3940 calamitate
3576 3900 3704 3939 con-

2132 3977 2412 4047 gruentius
2447 3991 2505 4032 se
2550 3990 2782 4048 suosque
2824 3977 2949 4033 exui
2999 3990 3158 4048 posse
3198 3977 3604 4045 existimarent,
3648 3988 3706 4033 ut

2132 4070 2453 4140 aperiretur,
2477 4070 2736 4142 deposcit,
2763 4083 2931 4139 seque
2957 4067 3013 4124 in
3041 4070 3291 4126 omnibus
3327 4071 3553 4140 puLlicze
3597 4071 3705 4125 uti-

2132 4163 2271 4218 litati
2297 4176 2489 4234 parere
2517 4163 2652 4218 velle
2687 4181 2701 4217 :
2730 4162 2952 4233 insuper
2977 4162 3173 4230 etiam,
3202 4164 3246 4219 si
3286 4173 3559 4234 oporteret
3607 4180 3704 4235 pro

2130 4272 2197 4313 ea
2222 4265 2452 4312 mortem
2483 4256 2685 4322 subire,
2719 4255 2943 4311 minime
2971 4252 3187 4311 diﬂ'erre
3232 4254 3451 4310 fatetur.
3501 4255 3703 4322 Quibus

2131 4365 2253 4405 cum
2294 4348 2530 4419 undique
2558 4349 2701 4403 vires
2725 4349 2963 4404 crevisse
2990 4348 3321 4415 viderentur,
3349 4349 3700 4404 reminiscen-

2134 4446 2213 4495 tes
2240 4439 2578 4504 insidiarum,
2603 4453 2739 4507 quas
2783 4438 3084 4495 Lodharius
3140 4440 3472 4510 temporibus
3534 4440 3704 4510 patris

2132 4532 2215 4588 sui
2238 4532 2380 4603 patri
2409 4539 2463 4586 et
2487 4530 2684 4586 Karolo
2709 4532 2909 4587 inferre
2926 4533 3223 4598 studuerat,
3245 4548 3381 4604 quas
3400 4533 3561 4589 etiam
3583 4543 3705 4604 post

2129 4624 2335 4679 obitum
2346 4623 2518 4694 patris
2538 4621 2798 4678 fratribus
2816 4623 2929 4677 suis
2955 4625 3157 4693 absque
3181 4625 3416 4680 remedio
3439 4624 3700 4680 struebal.

2131 4716 2499 4773 Occurrebant
2530 4715 2751 4785 insuper
2788 4723 3144 4781 sacramenta,
3188 4731 3309 4787 quae
3361 4725 3487 4772 tunc
3533 4732 3705 4787 nuper

2129 4807 2414 4863 fefellerat.
2444 4807 2678 4862 Aiebant
2701 4822 2758 4862 se
2783 4820 2999 4863 omnem
3018 4806 3284 4878 justitiam
3301 4807 3368 4862 ab
3388 4820 3453 4861 eo
3474 4807 3704 4863 libenter

2131 4898 2391 4970 consequi
2415 4896 2575 4963 velle,
2589 4897 2681 4953 sed
2705 4898 2788 4953 his
2810 4897 3025 4953 indiciis
3046 4897 3121 4953 nil
3141 4898 3268 4953 boni
3290 4912 3508 4968 sperare
3522 4913 3697 4968 posse.

2129 4991 2333 5047 Idcirco
2369 4990 2471 5046 sibi
2505 4989 2742 5058 undique
2792 4989 3097 5044 consultum
3143 4989 3347 5055 videri,
3379 5004 3702 5060 quocunque

2130 5083 2289 5138 modo
2319 5089 2522 5152 posset,
2553 5080 2620 5135 ad
2647 5080 2953 5135 condictum
2984 5080 3243 5151 placitum
3268 5081 3453 5136 venire
3481 5082 3703 5136 minime

2131 5170 2388 5228 differret.
2419 5170 2574 5238 Quod
2608 5170 2652 5225 si
2680 5168 2850 5225 frater
2884 5184 3032 5236 suus,
3062 5170 3139 5224 uti
3184 5171 3522 5240 promiserat,
3549 5187 3699 5228 com-

2132 5281 2351 5321 munem
2389 5265 2679 5319 utilitatem
2724 5278 2969 5333 quaerere
3013 5277 3078 5317 ac
3122 5271 3362 5319 statuere
3389 5248 3573 5329 Mlet,
3598 5265 3701 5322 hoc

2130 5356 2381 5412 omnibus
2406 5355 2548 5410 notis
2574 5355 2808 5424 placere,
2836 5363 2889 5409 et
2932 5362 2994 5408 ut
3030 5360 3310 5423 gratanter
3347 5355 3700 5426 reciperetur,

2132 5460 2427 5517 congruum
2448 5460 2588 5500 esse.
2627 5441 2723 5499 Sin
2746 5443 2921 5509 aliter,
2950 5442 3121 5499 fretus
3135 5443 3366 5514 iustitia,
3393 5459 3457 5500 ac
3480 5459 3579 5515 per
3599 5447 3702 5501 hoc

2131 5535 2330 5591 auxilio
2357 5535 2557 5602 divino,
2590 5550 2920 5607 suorumque
2951 5535 3207 5602 fidelium,
3239 5543 3295 5591 et
3321 5537 3581 5606 quidquid
3615 5553 3675 5593 re

2130 5627 2220 5699 gni
2256 5636 2410 5697 pater
2447 5642 2578 5683 suus
2611 5628 2997 5697 amborumque
3046 5626 3281 5682 ﬁdelium
3312 5640 3581 5684 consensu
3626 5629 3700 5684 illi

2130 5721 2371 5785 dederat,
2399 5721 2642 5777 obtinere
2663 5723 2808 5777 omni
2832 5724 3035 5777 virtute
3065 5737 3175 5777 non
3199 5722 3453 5793 negligat.

2199 5812 2340 5881 Ergo
2386 5828 2575 5868 omnes
2610 5813 2907 5882 Aquitanos
2950 5814 3041 5884 qui
3081 5828 3191 5869 sua:
3234 5815 3373 5885 parti
3415 5814 3699 5881 favebant,

2130 5920 2232 5958 una
2278 5921 2399 5959 cum
2447 5914 2621 5958 matre
2665 5914 2783 5973 post
2825 5922 2883 5959 se
2921 5908 3106 5963 venire
3150 5909 3444 5979 praecepit:
3482 5909 3701 5978 insuper
