4032 6440
263 517 332 573 δτ
929 493 1018 551 DE
1056 476 1616 547 DISSENSIONIBUS
1650 462 1983 530 FILIORUM
2023 453 2345 516 LUDOVICI
2382 451 2490 509 P11.
2532 478 2601 494 -—
2635 446 2767 504 LIB.
2807 445 2873 501 ll.

1253 609 1311 656 et
1364 599 1506 654 inter
1530 588 1767 661 Ligerim
1794 589 1851 637 et
1875 583 1928 644 Α
1951 577 2007 631 iu
2028 571 2460 643 supplementum
2484 561 2770 621 fratricidii
2803 557 3183 628 respiraverat.
3237 551 3370 607 Erat
3390 549 3537 604 enim

2400 660 2405 661 κ
2617 658 2630 661 -
3070 654 3083 661 ,
3470 638 3533 661 ,ι

260 634 574 706 quicunque
597 635 628 677 e
656 610 984 688 Burgundia,
1014 618 1226 663 necnon

266 678 574 796 ‘Sequanam
598 714 680 769 sui
696 678 835 780 juris
862 718 982 759 esse
1000 699 1216 761 vellent,
1244 690 1494 750 similiter
1517 682 1666 742 fecit.
1702 678 1848 734 idem

974 790 1024 796 ,_
1159 789 1171 796 _
1602 773 1822 796 Hum“

265 773 450 875 autem
496 811 629 881 ipse,
672 818 779 859 una
819 812 939 855 cum
970 790 1057 849 his
1084 789 1176 862 qui
1208 801 1304 859 per
1334 792 1572 855 praesens
1600 773 1848 833 aderant,

266 861 582 986 quanquarm
602 897 814 958 diﬂioile
837 892 1146 986 videretur,
1168 878 1452 986 praefatum
1462 861 1849 986 iter‘a‘rﬁitpu'i‘t.

264 956 512 1073 (Eumque
528 995 599 1052 ad
610 956 927 1075 wsequanam
953 978 1209 1037 venisset,
1238 967 1440 1041 reperit
1460 956 1848 1019 Guntboldum,

266 1057 654 1154 Warriarium,
680 1065 1005 1140 'Arnulfum,
1034 1066 1356 1127 Gerardum,
1396 1068 1609 1116 necnon
1648 1057 1703 1105 et
1739 1060 1855 1102 om-

272 1202 370 1244 nes
394 1200 427 1240 a
457 1142 806 1239 Carbonariis
827 1177 881 1227 et
908 1165 1070 1229 infra,
1095 1157 1341 1220 comites,
1372 1150 1618 1209 abbates,
1648 1142 1856 1240 episco:

273 1228 390 1353 pos,
419 1275 489 1332 ob
512 1274 617 1328 hoc
639 1228 887 1323 videlicet
916 1275 947 1313 a
974 1250 1248 1311 Lodbario
1276 1243 1407 1301 inibi
1438 1239 1657 1296 relictos
1684 1274 1699 1299 ,
1725 1238 1783 1286 ut
1809 1228 1856 1284 si

1073 1346 1086 1353 -
1245 1339 1278 1353 ..
1321 1346 1333 1353 ,
1653 1329 1833 1353 mm,

278 1329 483 1439 absque
502 1378 599 1420 suo
623 1369 890 1416 consensu
920 1346 1152 1427 transire
1176 1339 1374 1404 vellet,
1406 1332 1629 1390 minime
1653 1329 1855 1397 posset.

1192 1433 1204 1439 ⁸
1278 1431 1291 1439 ’
1427 1427 1440 1439 ‘
1572 1436 1626 1439 η-
1646 1419 1700 1439 Δ-
1737 1413 1824 1439 “in:

275 1413 585 1516 Accedebat
616 1451 857 1518 insuper,
890 1422 1035 1513 quod
1063 1433 1238 1491 amnis
1277 1427 1546 1485 inundans
1571 1419 1709 1475 vada
1737 1413 1857 1470 ubi—

279 1569 387 1626 que
429 1516 810 1620 denegaverat.
868 1532 1133 1597 Custodes
1171 1536 1353 1582 autem
1393 1516 1631 1575 ﬂuminis
1671 1523 1861 1569 omnes

1350 1615 1364 1626 ‘
1548 1625 1556 1626 κ
1604 1614 1687 1626 μκμι
1753 1601 1830 1626 [τοι

280 1601 444 1702 naves
471 1601 973 1697 autucontriverant,
996 1632 1091 1681 aut
1110 1627 1259 1678 certe
1285 1614 1711 1671 submerserant.
1752 1601 1861 1658 Ge-

280 1737 475 1792 rardus
502 1744 713 1803 quoque
738 1732 933 1796 pontes
951 1725 1302 1790 quoscunque
1328 1705 1551 1777 reperit,
1577 1695 1861 1757 destruxit.

280 1829 453 1901 Igitur
480 1793 646 1894 supra
682 1793 901 1874 modum
938 1807 1198 1866 transitus
1229 1798 1460 1858 difﬁcilis
1490 1793 1715 1849 effectus
1758 1800 1865 1841 non

283 1878 561 1977 uindicaui
579 1912 812 1971 transire
832 1902 1174 1977 cupientibus
1192 1889 1519 1964 importabat
1541 1878 1864 1939 molestiam.

283 2014 424 2070 Cum
451 2018 632 2066 autem
657 2014 737 2061 tot
767 1972 1165 2059 difficultatibus
1192 1987 1359 2045 animi
1392 1975 1726 2040 multimodis
1753 1972 1870 2043 agi-

286 2109 562 2165 tarentur,
612 2093 855 2153 consiliis
898 2088 1115 2145 tandem
1157 2087 1544 2139 mercatorum,
1587 2084 1751 2127 naves
1801 2066 1869 2121 ab

286 2195 451 2261 ostio,
476 2160 585 2265 quo
610 2189 861 2260 Sequana
888 2194 1040 2237 mare
1065 2175 1258 2239 inﬂuit,
1288 2167 1517 2226 ferventi
1549 2171 1681 2220 aestu
1708 2160 1875 2216 abdu-

288 2251 449 2353 ctae;
477 2251 805 2357 propterque
847 2274 1341 2340 Rethomagensem
1389 2260 1579 2315 urbem
1621 2251 1878 2322 expositae

289 2376 630 2434 nuntiantur.
679 2370 797 2438 Quo
819 2365 1063 2426 veniens,
1098 2361 1292 2415 harum
1320 2352 1455 2408 duas
1484 2347 1661 2403 minus
1687 2341 1753 2397 de
1774 2339 1877 2395 tri—

293 2471 444 2544 ginta
484 2432 724 2522 Karolus
753 2465 962 2516 armato
1003 2452 1175 2509 milite
1213 2444 1468 2515 complet,
1514 2439 1763 2507 idemque
1798 2432 1881 2487 iu-

295 2522 514 2636 ;ressus
543 2554 820 2630 praemittit
842 2550 935 2622 qui
958 2563 1017 2604 se
1038 2555 1325 2601 venturum
1346 2531 1731 2608 praenuntient,
1760 2522 1881 2579 uni-

297 2622 489 2725 cuique
518 2622 716 2706 volenti
752 2643 949 2700 delicta
982 2638 1179 2694 cedens
1205 2650 1219 2687 :
1248 2626 1554 2686 nolentibus
1580 2628 1762 2676 autem
1783 2656 1798 2682 ,
1821 2622 1883 2669 ut

296 2714 513 2809 abeant,
546 2751 878 2814 regnumque
901 2751 934 2789 a
959 2732 1073 2787 Deo
1097 2727 1201 2784 sibi
1230 2724 1413 2779 datum
1446 2718 1522 2774 illi
1555 2714 1879 2782 relinquant.

298 2840 430 2910 Quae
461 2839 585 2894 dum
607 2802 953 2905 sprevissent
970 2866 985 2892 ,
1022 2821 1319 2888 classisque
1347 2810 1780 2884 appropinquare
1805 2802 1885 2856 vi-

300 2937 539 2999 deretur,
577 2942 818 2990 crucem,
849 2923 902 2978 in
928 2935 1037 2991 qua
1058 2915 1395 2986 iuraverant,
1426 2914 1483 2962 et
1506 2899 1786 2963 Karolum,
1828 2901 1887 2948 ut

300 2987 689 3096 cognoverunt,
711 2987 901 3072 relicto
927 2987 1111 3065 littore
1139 3002 1384 3075 protinus
1407 2996 1676 3068 fugerunt.
1718 2987 1884 3055 Quos,

303 3084 592 3188 quoniam,
623 3110 768 3183 quod
799 3109 853 3163 in
885 3099 1202 3173 trajiciendo
1228 3093 1356 3166 equi
1388 3102 1597 3146 moram
1623 3084 1884 3145 fecerant,

304 3172 871 3277 consequi'n-equibat
896 3238 913 3264 ,
964 3172 1030 3250 ad
1074 3197 1319 3248 sanctum
1357 3179 1673 3251 Dionysium
1716 3172 1891 3251 laudis

305 3296 804 3364 obsecrationisque
846 3302 1009 3346 causa
1052 3285 1157 3339 iter
1199 3277 1416 3336 direxit.
1466 3273 1583 3341 Quo
1632 3267 1887 3330 veniens,
1916 3317 1965 3386 c

307 3390 569 3461 comperit
606 3360 748 3459 quod
783 3382 873 3447 hi,
906 3393 1045 3450 quos
1083 3374 1208 3446 fuga
1240 3371 1600 3441 disperserat,
1636 3360 1693 3415 in
1724 3373 1891 3413 unum

308 3496 416 3538 una
433 3454 568 3536 cum
596 3454 822 3531 ﬂrnulfo
841 3479 897 3527 et
922 3466 1162 3526 Gerardo
1193 3462 1510 3528 caeterisque
1543 3454 1810 3515 coissent,
1838 3455 1895 3503 et

310 3586 476 3642 super
510 3566 889 3626 Teutbaldum,
931 3559 1236 3621 Warinum,
1278 3554 1583 3612 Otbertum,
1645 3555 1897 3601 caeteros-

315 3637 443 3736 que,
485 3659 600 3731 qui,
647 3656 726 3711 uti
764 3651 1077 3709 mandatum
1123 3648 1329 3708 fuerat,
1381 3641 1446 3695 ad
1491 3637 1749 3693 Karolum
1799 3647 1896 3687 ve-

316 3726 539 3812 niebant
569 3792 585 3817 ,
627 3751 836 3805 irruere
885 3743 1097 3799 vellent.
1136 3734 1497 3807 Quamobrem
1535 3730 1604 3784 ad
1640 3726 1902 3783 Sanctum

316 3847 646 3903 Germanum
685 3853 848 3895 causa
888 3832 1150 3891 orationis
1197 3825 1456 3899 perrexit,
1495 3838 1561 3877 ac
1596 3836 1695 3891 per
1732 3825 1904 3872 totam

318 3949 534 3998 noctem
573 3938 676 3992 iter
716 3931 938 3992 faciens,
982 3939 1177 3982 aurora
1213 3921 1596 3980 dilucescente,
1634 3912 1727 3967 ubi
1756 3910 1905 3965 Luva

322 4033 586 4103 Sequana:
613 4024 856 4089 conﬂuit,
882 4021 1167 4077 Warinum
1195 4030 1317 4072 cum
1341 4011 1502 4069 sociis
1525 4008 1734 4064 salvum
1759 4017 1906 4059 rece-

319 4093 443 4199 pitl:
476 4139 540 4179 ac
572 4121 651 4175 sic
692 4132 801 4172 uno
836 4113 1133 4181 eodemque
1171 4108 1363 4163 itinere
1408 4099 1729 4157 Senonicam
1774 4093 1909 4148 adiit

322 4187 532 4274 urbem.
560 4214 696 4269 Hinc
722 4217 885 4266 noctu
909 4202 1204 4273 consurgit.
1226 4214 1324 4271 per
1349 4195 1530 4252 Uttam
1558 4193 1661 4247 iter
1679 4187 1906 4252 faciens,

327 4320 679 4381 speransque,
717 4302 796 4356 uti
837 4298 1144 4356 nuntiatum
1188 4291 1260 4346 illi
1309 4288 1509 4351 fuerat,
1557 4297 1694 4354 quos
1743 4292 1906 4348 supra

327 4400 751 4460 memoravimus
775 4395 831 4449 in
857 4393 1048 4449 eodem
1086 4387 1224 4444 saltu
1252 4382 1572 4440 consistere.
1610 4375 1911 4446 -Disposue-

332 4502 417 4551 rat
443 4492 587 4548 enim
628 4489 932 4557 ubicunque
965 4491 1021 4537 et
1056 4478 1500 4550 qualitercunque
1518 4476 1722 4541 posset,
1749 4479 1913 4536 supra

334 4587 456 4641 illos
492 4585 722 4639 irruere.
771 4576 925 4647 Quod
955 4584 1011 4630 et
1036 4573 1221 4642 utique
1251 4568 1503 4631 fecisset,
1538 4562 1643 4618 nisi
1668 4559 1916 4616 sollicitis

334 4681 458 4735 vitae
478 4692 626 4732 mors
645 4674 933 4729 imminens
953 4683 1051 4740 pro
1081 4663 1285 4720 foribus
1312 4657 1670 4715 nuntiaretur.
1718 4652 1915 4720 Quam-

335 4753 524 4828 obrem
582 4781 718 4837 pene
773 4760 953 4819 cuncti
1001 4771 1163 4827 supra
1206 4751 1424 4809 modum
1472 4744 1761 4811 exterriti,
1811 4756 1917 4811 quo

336 4832 796 4935 quisque-valuit,
829 4852 1010 4925 fugam
1035 4849 1174 4905 iniit.
1233 4844 1378 4913 Quos
1407 4839 1663 4912 quoniam
1692 4832 1921 4889 Karolus

338 4922 598 5022 consequi
621 4963 729 5005 non
749 4922 946 5016 potuit,
975 4938 1139 4996 sociis
1159 4934 1419 5005 equisque
1445 4928 1621 4992 fessis,
1649 4933 1772 4998 post
1798 4922 1921 4978 C(8-

341 5061 468 5102 nam
491 5014 704 5099 Domini
726 5014 897 5108 quieti
927 5031 1189 5102 indulget,
1219 5041 1283 5081 ac
1309 5022 1711 5079 Tricasinorum
1737 5014 1922 5072 civita-

342 5147 454 5193 tem
483 5135 537 5189 in
567 5130 864 5189 crastinum
890 5124 1041 5180 adiit.

418 5224 618 5284 Eodm
658 5233 898 5293 tempore
940 5217 1069 5272 dum
1111 5213 1259 5278 haec,
1299 5221 1419 5279 qua:
1464 5200 1843 5275 praemisimus,
1892 5211 1924 5251 a

344 5321 548 5379 Karolo
565 5319 1012 5385 exsequerentur,
1038 5301 1365 5365 Lodbarius,
1393 5297 1473 5352 uti
1507 5292 1789 5366 prmfatum
1822 5296 1925 5356 est,

347 5414 474 5471 dolo
503 5428 571 5468 an
595 5411 648 5465 vi
679 5403 1065 5463 Lodhuwicum
1094 5406 1188 5453 aut
1217 5393 1468 5456 subdere,
1500 5395 1612 5452 aut,
1644 5386 1787 5456 quod
1813 5397 1927 5438 ma-

349 5507 485 5573 vult,
516 5503 741 5577 perdere
766 5505 970 5570 posset,
1014 5500 1125 5548 tota
1167 5494 1348 5544 mente
1384 5482 1671 5539 tractabat.
1718 5477 1777 5533 ln
1820 5490 1928 5546 quo

351 5569 571 5671 negotio
613 5607 848 5665 congrue
900 5584 1181 5657 Otgarium
1220 5576 1504 5650 Magontia:
1539 5572 1685 5630 sedis
1715 5569 1927 5641 episco-

353 5665 506 5767 pum,
552 5696 607 5744 et
646 5682 1030 5742 Adhelbertum
1070 5672 1388 5731 Meteusium
1438 5665 1692 5723 comitem
1733 5676 1932 5718 convo-

354 5755 466 5842 eat.
524 5779 768 5836 Habebat
795 5774 939 5830 enim
967 5779 1194 5839 uterque
1230 5761 1618 5820 Lodhuvvicum
1665 5755 1733 5811 ad
1783 5770 1932 5811 mor-

360 5890 471 5936 tem
491 5888 663 5947 usque
685 5883 929 5928 exosum.
977 5863 1096 5920 Jam
1124 5860 1271 5918 enim
1296 5853 1654 5912 Adbelbertus
1684 5864 1750 5903 ex
1784 5846 1936 5901 infir-

362 5925 592 6039 mitate:
601 5979 705 6038 qua
732 5976 869 6033 pene
899 5973 998 6029 per
1025 5968 1223 6010 annum
1265 5950 1513 6004 detentus
1550 5942 1745 6004 fuerat,
1792 5935 1939 5992 velut
2043 5939 2249 5991 matum
2288 5925 2495 5987 fuerat,

3464 430 3565 487 58c

1952 683 2019 725 eo
2045 638 2110 722 in-
2130 638 2372 734 tempore
2394 660 2468 714 ita
2494 658 2733 729 prudens
2756 649 3000 714 consilio,
3030 654 3090 702 ut
3118 642 3439 701 sententiam
3466 638 3539 696 ab

1952 775 2020 817 eo
2056 758 2324 831 prolatam
2362 767 2470 809 non
2517 748 2742 820 quilibet
2781 753 2990 801 mutare
3034 739 3209 796 vellet.
3259 735 3424 808 Cujus
3456 734 3540 790 in-

1954 826 2155 910 stinctu
2179 846 2483 904 Lodbarius
2511 842 2794 898 collectam
2823 838 2950 894 hinc
2972 834 3096 891 inde
3120 830 3383 888 inﬁnitam
3405 826 3543 883 mul-

1953 944 2244 1001 titudinum
2274 940 2523 994 Rhenum
2550 932 2785 1004 trajecit,
2815 929 3150 1001 praemittens
3172 936 3325 979 more
3358 919 3542 985 solito,

1956 1035 2049 1106 qui
2087 1033 2252 1088 minis
2274 1026 2659 1095 blanditiisque
2685 1019 2971 1093 pendulam
2998 1017 3209 1088 plebem
3246 1011 3545 1068 subducere

1957 1097 2302 1194 temptarent.
2348 1118 2570 1174 Timens
2601 1121 2780 1169 autem
2817 1108 3064 1181 populus,
3106 1106 3201 1178 qui
3245 1118 3367 1160 cum
3406 1097 3548 1156 Lod—

1957 1218 2173 1301 huwico
2191 1219 2330 1279 erat,
2353 1225 2421 1266 ne
2444 1216 2652 1264 tantum
2674 1202 2971 1260 exercitum
3003 1197 3148 1253 ferre
3171 1196 3397 1258 valeret,
3426 1207 3549 1264 par-

1961 1292 2058 1366 tim
2103 1306 2298 1364 defecti
2334 1305 2402 1360 ad
2437 1299 2770 1358 Lodbarium
2807 1299 3111 1358 transeunt,
3140 1288 3338 1361 partim
3368 1286 3549 1356 fugam

1962 1400 2169 1464 ineunt,
2196 1412 2259 1451 ac
2286 1392 2676 1450 Lodhuwicum
2708 1385 3009 1442 desolatum
3045 1379 3373 1448 relinquunt.
3426 1372 3550 1440 Qui,

1963 1492 2222 1563 quoniam
2243 1500 2405 1544 omne
2426 1482 2742 1554 suffragium
2770 1476 2913 1532 aliud
2938 1473 3173 1544 undique
3196 1470 3401 1534 deerat,
3431 1482 3556 1521 cum

1964 1556 2251 1656 perpaucis
2291 1578 2448 1643 abiit,
2492 1583 2548 1630 et
2587 1574 2640 1627 in
2687 1568 2990 1639 Bajoariam
3025 1580 3082 1621 se
3118 1561 3343 1632 recepit.
3401 1556 3556 1625 Quod

1967 1653 2220 1753 quoniam
2244 1673 2577 1733 Lodhuwico
2604 1667 2851 1739 contigit,
2879 1664 3101 1720 minime
3131 1660 3384 1727 deinceps
3411 1653 3557 1710 Lod-

1968 1745 2156 1830 harius
2183 1769 2385 1840 aliquid
2414 1766 2563 1821 illum
2588 1760 2884 1834 praevalere
2902 1755 3131 1827 putavit.
3172 1752 3341 1824 Igitur
3365 1745 3563 1803 Adhel-

1969 1865 2185 1921 bertum
2212 1863 2419 1921 ducem,
2451 1871 2611 1927 quem
2641 1868 2804 1923 supra
2835 1849 2994 1905 modo
3022 1842 3468 1903 memoravimus,
3489 1836 3559 1892 ob

1896 1955 1943 2015 Β
1971 1959 2075 2013 hoc
2112 1953 2244 2009 inibi
2287 1949 2523 2020 reliquit,
2574 1956 2634 2001 ut
2677 1954 2733 2000 et
2770 1939 3022 2014 populum
3060 1932 3416 1993 sacramentis
3458 1927 3564 1984 sibi

1971 2049 2238 2113 ﬁrmaret,
2283 2054 2340 2100 et
2382 2043 2426 2098 si
2476 2037 2838 2097 Lodhuwicus
2877 2034 2945 2089 ad
2985 2029 3240 2086 Karolum
3273 2027 3353 2081 ire
3382 2022 3560 2088 vellet,

1974 2140 2285 2197 nullomodo
2308 2143 2511 2208 posset.
2564 2132 2684 2203 lpse
2711 2144 2864 2194 vero,
2891 2124 3146 2196 quoniam
3175 2118 3431 2175 Karolum
3461 2115 3564 2171 Se-

1978 2248 2212 2305 quanam
2240 2230 2475 2286 trausire
2501 2231 2798 2299 repererat,
2825 2219 3042 2277 obviam
3073 2217 3152 2271 ire
3178 2212 3425 2285 parabat.
3466 2208 3568 2264 Ve-

1980 2325 2173 2381 lociter
2214 2323 2431 2394 quidem
2457 2318 2739 2391 praemittit
2762 2314 2839 2370 rei
2862 2312 3177 2374 veritatem,
3220 2306 3313 2362 ubi
3351 2313 3407 2360 et
3444 2316 3568 2359 cum

1979 2417 2177 2488 quibus
2208 2422 2371 2479 esset,
2411 2411 2551 2467 scire
2591 2409 2833 2479 cupiens,
2874 2403 3046 2475 Aquis
3087 2400 3295 2457 Pascha
3324 2397 3569 2455 celebra-

1982 2520 2159 2567 turus.

2055 2602 2189 2658 Mira
2214 2616 2348 2657 sane
2378 2614 2442 2655 ac
2478 2597 2676 2677 merito
2700 2591 2936 2649 notanda
2966 2606 3056 2645 res
3080 2587 3278 2644 Karolo
3302 2587 3357 2642 in
3384 2583 3575 2641 eodem

1985 2706 2175 2755 sancto
2219 2696 2444 2752 sabbato
2500 2690 2743 2762 contigit.
2796 2686 2932 2743 Nam
2980 2698 3156 2754 neque
3198 2683 3315 2752 ipse
3340 2722 3355 2747 ,
3400 2692 3578 2747 neque

1986 2793 2213 2866 quilibet
2241 2792 2294 2846 in
2318 2804 2417 2845 suo
2437 2787 2697 2845 comitatu
2720 2783 3036 2855 quidquam,
3066 2779 3270 2849 absque
3297 2776 3440 2848 quod
3465 2789 3581 2830 cor-

1988 2901 2119 2958 pore
2152 2882 2430 2956 gerebant,
2468 2887 2524 2935 et
2556 2878 2762 2948 absque
2789 2874 2959 2930 armis
2985 2880 3040 2927 et
3066 2869 3253 2941 equis,
3283 2867 3576 2924 habebant.

1989 2978 2232 3050 Cumque
2259 2977 2325 3032 de
2349 2973 2544 3029 balneo
2566 2970 2784 3041 quidem
2804 2965 3172 3039 egrederetur,
3200 2969 3255 3017 et
3279 2959 3468 3016 eadem
3491 2972 3582 3013 ve-

1991 3071 2246 3128 stimenta
2277 3081 2399 3138 quae
2434 3069 2666 3119 exuerat
2704 3058 2929 3115 induere
2968 3060 3209 3126 pararet,
3252 3059 3471 3120 repente
3514 3047 3582 3103 ab

1991 3163 2282 3237 Aquitania
2307 3159 2461 3215 missi
2488 3172 2588 3228 pro
2618 3154 2827 3209 foribus
2852 3150 3156 3229 astiterant,
3195 3143 3287 3215 qui
3326 3155 3583 3198 coronam

1994 3226 2281 3314 et-omnem
2301 3226 2556 3307 ornatum
2581 3254 2691 3302 tam
2717 3244 2947 3316 regium,
2975 3226 3136 3310 quam
3158 3245 3213 3293 et
3231 3232 3491 3306 quidquid
3516 3231 3583 3285 ad

1994 3349 2200 3408 cultum
2250 3345 2492 3400 divinum
2540 3339 2875 3411 pertinebat,
2928 3332 3176 3388 ferebant
3226 3326 3397 3399 (842).
3452 3323 3589 3391 Quis

1996 3456 2104 3498 non
2140 3438 2372 3494 miretur
2397 3447 2600 3507 paucos
2630 3438 2686 3485 et
2720 3441 2858 3500 pene
2888 3426 3099 3496 ignotos
3142 3420 3309 3484 viros,
3358 3424 3437 3471 tot
3485 3424 3591 3469 lcr-

1995 3546 2182 3588 rarum
2208 3527 2405 3599 spatia,
2431 3526 2558 3579 dum
2583 3521 2784 3591 ubique
2806 3530 2997 3573 omnes
3024 3512 3227 3582 rapinae
3250 3508 3585 3570 insisterent,

1998 3633 2083 3679 tet
2111 3597 2312 3676 talenta
2350 3618 2467 3672 auri
2501 3623 2943 3685 gemmarumque
2988 3604 3252 3661 infinitam
3288 3597 3589 3656 multitudi-

2003 3729 2130 3770 nem
2163 3712 2306 3766 ferre
2338 3709 2536 3763 illaesos
2556 3702 2827 3760 valuisse?
2858 3709 2931 3764 et,
2967 3699 3111 3768 quod
3132 3694 3367 3750 maxime
3389 3691 3592 3745 miran-

2006 3804 2133 3859 dum
2166 3799 2342 3855 fateor
2381 3796 2515 3861 fore,
2549 3792 2779 3863 qualiter
2817 3789 2884 3845 ad
2926 3786 3206 3841 deﬁnitum
3253 3782 3451 3844 locum,
3506 3778 3592 3835 vel

2007 3901 2156 3951 certe
2192 3891 2261 3945 ad
2302 3894 2558 3943 statutam
2606 3883 2746 3937 diem
2775 3891 2830 3936 et
2856 3881 3046 3934 horam
3082 3873 3267 3951 venire
3293 3877 3546 3943 poterant
3577 3887 3590 3923 :

2006 4001 2128 4043 cum
2167 3998 2268 4039 nec
2307 3981 2449 4037 idem
2489 3975 2739 4040 Karolus,
2787 3971 2878 4026 ubi
2926 3984 2985 4024 se
3028 3950 3263 4037 suosque
3299 3969 3593 4034 oporteret,

2008 4075 2256 4137 sciebat?
2312 4073 2482 4141 Quem
2521 4068 2739 4140 quidem
2779 4071 3032 4121 eventum
3062 4061 3209 4139 haud
3242 4057 3399 4113 aliter
3429 4070 3596 4127 quam

2009 4183 2233 4224 munere
2267 4180 2332 4220 ac
2360 4172 2493 4219 nutu
2523 4160 2707 4216 divino
2748 4156 2927 4211 visum
2959 4161 3044 4209 est
3080 4150 3299 4207 evenire
3333 4147 3593 4218 potuisse.

2009 4259 2088 4315 Ac
2115 4274 2210 4329 per
2231 4256 2335 4311 hoc
2358 4248 2818 4310 commilitonibus
2846 4254 3123 4315 stuporem
3150 4240 3353 4310 injecit,
3382 4254 3598 4296 omnes-

2013 4361 2118 4419 que
2170 4344 2461 4400 maximam
2506 4340 2571 4394 ad
2618 4352 2770 4409 spem
2816 4333 3006 4390 salutis
3049 4332 3240 4386 erexit.
3291 4329 3427 4384 Hinc
3468 4343 3598 4384 vero

2015 4438 2265 4502 Karolus,
2296 4441 2601 4509 cunctaque
2628 4429 2829 4486 cohors
2856 4423 3164 4487 exsultans,
3195 4421 3263 4477 ad
3289 4419 3426 4475 festa
3452 4419 3597 4476 cele-

2014 4529 2223 4588 branda
2268 4539 2388 4582 sese
2426 4519 2716 4578 convertit.
2764 4515 2991 4587 Expleta
3025 4522 3206 4569 autem
3246 4511 3391 4583 quod
3422 4524 3593 4580 crepe-

2019 4632 2124 4690 rat,
2165 4620 2361 4677 missos
2401 4612 2655 4671 Lodbarii
2705 4609 2937 4680 benigne
2975 4605 3272 4676 excipiens,
3322 4601 3601 4658 convivari

1944 4698 1995 4758 Ῑ)
2021 4730 2126 4772 una
2154 4727 2334 4770 secum
2375 4705 2653 4779 praecepit.
2705 4700 2910 4770 Quibus
2943 4706 2999 4754 et
3023 4705 3083 4752 ut
3111 4696 3164 4751 in
3191 4695 3487 4751 crastinum
3518 4708 3603 4748 re-

2018 4808 2217 4872 dirent,
2251 4799 2505 4872 iniunxit,
2543 4811 2641 4867 per
2686 4808 2815 4849 suos
2863 4805 2923 4846 se
2966 4801 3350 4858 responsurum
3400 4787 3466 4842 de
3513 4800 3601 4852 eo,

2019 4900 2163 4972 quod
2213 4896 2384 4953 frater
2428 4906 2557 4948 suus
2603 4887 2683 4943 illi
2735 4884 3108 4948 mandaverat,
3152 4882 3495 4953 promittens.
3546 4878 3605 4933 In

2019 4993 2286 5066 legatione
2329 5002 2462 5043 vero
2515 4981 2771 5040 Lodbarii
2825 4978 3154 5052 querebatur
3188 5016 3207 5045 ,
3252 4992 3350 5033 cur
3402 4976 3606 5046 absque

2021 5103 2118 5144 suo
2145 5096 2412 5142 consensu
2452 5077 2740 5140 terminos,
2777 5087 2913 5143 quos
2941 5070 3017 5127 illi
3045 5076 3336 5134 statuerat,
3381 5064 3607 5123 excede-

2025 5188 2147 5236 ret:
2177 5185 2234 5233 et
2259 5174 2387 5245 quia
2414 5171 2636 5235 fecerat,
2667 5167 2857 5223 saltem
2886 5163 3085 5233 ubique
3109 5160 3257 5217 illum
3285 5158 3605 5229 reperirent,

2027 5270 2248 5329 mandat
2273 5276 2333 5322 ut
2356 5263 2572 5320 interim
2598 5265 2664 5316 eo
2698 5260 2815 5315 loco
2845 5257 3122 5328 quiescat,
3150 5255 3322 5310 donec
3350 5249 3425 5304 illi
3456 5262 3608 5302 man-

2028 5370 2268 5430 daretur,
2291 5364 2337 5419 si
2359 5361 2426 5417 ad
2446 5366 2708 5415 statutum
2732 5355 2928 5416 locum,
2959 5366 3027 5406 an
3046 5350 3174 5416 alio,
3199 5347 3291 5403 ubi
3313 5359 3609 5415 congruen-

2028 5463 2135 5518 tius
2163 5459 2242 5537 illi
2262 5456 2538 5512 videretur
2556 5492 2573 5517 ,
2606 5449 2792 5506 venire
2818 5445 3060 5502 deberet.
3102 5439 3329 5497 Karolus
3358 5451 3455 5507 per
3483 5452 3610 5492 suos

2031 5572 2064 5613 e
2084 5533 2270 5610 contra
2302 5564 2359 5630 se
2385 5547 2454 5603 ob
2479 5547 2582 5601 hoc
2609 5549 2838 5599 statutos
2882 5537 3141 5595 terminos
3177 5529 3475 5587 excessisse
3525 5545 3611 5585 re-

2037 5638 2273 5721 spondit,
2301 5627 2553 5713 quoniam
2575 5637 2641 5692 de
2660 5634 2912 5691 omnibus
2935 5628 3091 5686 bonis
3114 5638 3212 5680 sua
3240 5638 3305 5679 ex
3336 5631 3487 5694 parte
3507 5622 3613 5679 illis

2036 5716 2321 5817 promissis
2364 5750 2428 5790 ac
2458 5728 2812 5802 jurejurando
2849 5719 3078 5777 ﬁrmatis
3114 5717 3244 5773 nihil
3273 5716 3466 5772 stabile
3494 5728 3613 5772 esse

2040 5808 2305 5909 permisit.
2363 5827 2497 5883 Nam
2545 5835 2764 5880 suorum
2802 5815 3082 5873 hominum
3104 5812 3301 5891 ,Hultra
3338 5808 3478 5882 quod
3516 5808 3611 5861 fir—

2537 5916 2851 5974 sollicitatos
2885 5909 3150 5983 quosdam
3188 5920 3286 5964 suo
3316 5902 3427 5974 juri
3463 5896 3612 5967 adje-
