4032 6452
474 466 542 521 59
1572 460 1903 520 Nl’filARDi
1938 461 1995 518 s.
2034 426 2338 518 munisti
2375 458 2665 516 amris

3676 461 3759 519 ω

475 589 587 661 cit_,
625 587 890 665 quosdam
925 600 1057 642 vero
1105 584 1213 639 vita
1263 579 1514 654 privavit.
1572 579 1795 652 Insuper
1841 592 2005 651 regna
2031 619 2047 645 ,
2075 585 2129 645 Α
2151 580 2307 649 equis
2333 578 2496 637 biduo
2521 576 2767 648 requiem
2792 577 2961 634 dedit.
3001 577 3205 635 lterato
3239 576 3424 648 itaque
3460 591 3585 637 cum
3621 578 3755 639 btet:

474 695 593 749 quae
628 678 871 748 subiecta
904 675 980 733 illi
1018 673 1227 732 edicere
1275 671 1499 737 debuit,
1547 671 1600 726 in
1645 677 1907 741 quantum
1952 684 2050 724 va-

472 760 604 836 luit,
643 769 1007 849 perturbavit,
1052 775 1143 832 et,
1184 764 1325 836 quod
1361 764 1655 819 maximum
1694 770 1812 830 est,
1853 761 1907 817 in
1942 760 2054 817 fra-

470 870 611 919 trem
653 860 921 917 hostiliter
969 858 1149 923 irruit,
1191 870 1399 911 necnon
1439 862 1495 911 et
1551 852 1861 925 suffragium
1896 868 1926 907 a
1959 860 2054 923 pa-

470 953 625 1025 ganis
660 953 807 1007 illum
848 962 1095 1027 quaerere
1132 947 1407 1019 compulit.
1444 946 1851 1011 Verumtamen,
1880 960 2052 1015 quan-

469 1062 630 1118 quam
668 1060 728 1100 se
766 1045 879 1098 bznc
918 1043 989 1097 ita
1042 1042 1303 1097 baberent
1328 1082 1342 1106 ,
1395 1040 1448 1095 in
1496 1046 1860 1104 conventum,
1905 1036 2051 1109 quod

468 1135 736 1191 communi
775 1148 1041 1191 consensu
1080 1140 1403 1198 statuerant,
1443 1130 1628 1185 venire
1655 1145 1712 1185 se
1738 1128 1874 1184 velle
1896 1144 2049 1185 man-

466 1229 613 1283 davit
652 1245 666 1281 :
708 1226 797 1283 ubi
836 1228 879 1282 si
920 1238 1260 1281 communem
1297 1224 1581 1279 utilitatem
1611 1264 1625 1289 ,
1665 1221 1742 1278 uti
1777 1224 2048 1293 promise-

464 1326 590 1383 rat,
630 1328 877 1388 quaerere
914 1330 978 1377 ac
1015 1324 1254 1371 statuere
1290 1312 1487 1379 vellet,
1529 1314 1629 1369 sibi
1668 1315 1883 1385 placere
1908 1357 1921 1379 ,
1961 1313 2046 1367 sin

463 1411 641 1475 aliter,
678 1410 744 1464 de
793 1425 960 1493 regno
1008 1409 1150 1479 quod
1195 1407 1334 1463 Deus
1367 1416 1627 1479 paterque
1661 1424 1790 1464 suus
1828 1423 2045 1464 suorum

462 1517 729 1559 consensu
768 1500 842 1555 illi
880 1499 1137 1565 dederat,
1178 1498 1418 1554 consiliis
1455 1513 1675 1554 suorum
1714 1498 1949 1555 ﬁdelium
1992 1497 2047 1551 in

460 1594 733 1656 omnibus,
773 1592 1065 1646 secundum
1108 1591 1201 1646 Dei
1240 1590 1594 1658 voluntatem,
1634 1602 1827 1662 parere
1865 1606 1922 1647 se
1958 1591 2040 1646 in.

459 1686 654 1741 notuit.
708 1681 776 1739 Et
810 1685 895 1739 his
934 1685 1006 1738 ita
1044 1683 1357 1756 compositis
1381 1724 1395 1748 ,
1437 1684 1580 1738 idem
1625 1685 1729 1740 iter
1778 1685 2042 1754 arripuit,

460 1784 625 1846 atque
677 1776 744 1831 ad
793 1775 1074 1847 prmfatum
1120 1774 1297 1831 locum
1348 1775 1518 1845 pridie
1567 1790 1727 1847 quam
1782 1784 2042 1841 venerat,

458 1868 738 1939 praevenit.
798 1866 915 1935 Quo
961 1867 1176 1937 quidem
1216 1865 1519 1922 Lodharius
1546 1908 1560 1933 ,
1601 1867 1765 1921 veluti
1805 1882 1871 1923 ex
1910 1883 2042 1921 con-

2154 670 2342 726 eadem
2374 668 2649 735 fecissent,
2688 669 2991 741 missosque
3019 669 3251 725 invicem
3279 668 3587 741 frequenter
3616 673 3751 731 mit-

2152 771 2335 819 terent
2357 804 2372 829 ,
2414 763 2507 819 sed
2547 763 2682 818 nihil
2718 764 2945 835 proticui
2981 763 3281 821 deliberare
3318 775 3570 834 possent,
3613 774 3743 823 tan-

2153 856 2274 911 dem
2313 857 2806 928 appropinquantes
2841 855 3202 916 Lodiutvvicus
3240 864 3298 917 et
3330 856 3562 923 itarolus
3601 874 3744 917 con-

2151 946 2393 1011 veniunt,
2427 948 2601 1017 deque
2627 948 2712 1004 his
2737 947 2989 1005 omnibus
3008 947 3066 1007 in
3091 948 3282 1011 eodem
3314 959 3585 1007 conventu
3615 967 3744 1024 qua}

2151 1037 2454 1094 Lodharius
2508 1040 2714 1110 absque
2761 1040 3003 1110 Quolibet
3063 1039 3429 1103 moderamine
3485 1057 3613 1115 erga
3675 1058 3741 1099 se

2152 1149 2385 1205 suosque
2438 1136 2736 1202 saeviebat,
2786 1135 3013 1191 dolendo
3052 1134 3387 1197 auriferum:
3428 1138 3555 1207 quid
3602 1152 3742 1194 vero

2152 1226 2405 1298 deinceps
2435 1216 2703 1299 agendum
2736 1229 3093 1298 opportunius
3121 1229 3412 1295 viderem,
3450 1231 3506 1286 in
3539 1234 3741 1289 crasti-

2149 1335 2277 1375 num
2327 1321 2695 1376 deliberaturi.
2766 1321 2976 1377 Aurora
3036 1323 3303 1393 siquidem
3355 1323 3739 1387 delueeseente

2150 1413 2500 1477 conveniunt,
2540 1413 2829 1469 concilium
2879 1416 3087 1481 ineunt,
3135 1416 3191 1470 in
3231 1431 3343 1485 quo
3391 1418 3623 1473 multum
3666 1420 3741 1476 de

2150 1511 2297 1557 tanta
2319 1504 2628 1560 calamitate
2648 1490 3051 1576 conquerantur
3069 1504 3461 1580 [conquirunt].
3487 1508 3737 1582 Cumque

2148 1596 2405 1653 alteruter
2427 1614 2563 1669 qtne,
2594 1607 2862 1670 quantave
2889 1608 2945 1653 et
2967 1600 3144 1669 qualia
3173 1602 3316 1670 passi
3351 1618 3381 1656 a
3428 1590 3735 1661 fratrefue-

2148 1698 2292 1753 rant,
2318 1689 2525 1745 referre
2551 1691 2860 1755 desiissent,
2893 1692 3161 1747 universis
3195 1693 3368 1751 visum
3397 1695 3731 1752 unantinitcr

2145 1781 2371 1851 parique
2401 1796 2690 1847 consensu,
2725 1790 2832 1835 tam
2871 1797 2940 1837 ex
2989 1792 3335 1839 sacrosancto
3379 1786 3569 1847 ordine
3613 1787 3732 1857 epi-

2147 1890 2451 1945 scoporum,
2480 1891 2640 1945 quant
2673 1884 2729 1931 et
2757 1876 3038 1940 laicerum,
3063 1877 3208 1932 vinos
3232 1877 3461 1941 nobiles,
3495 1879 3732 1947 pruden-

459 1958 601 2014 sulto
625 1999 640 2025 ,
695 1959 878 2013 venire
928 1957 1154 2013 distulit.
1208 1957 1593 2013 Verumtamen
1644 1959 1839 2013 missos
1876 1958 2042 2014 variis
2071 1952 2118 2014 B
2148 1974 2248 2032 tes,
2275 1968 2566 2024 benevolos
2605 1965 2865 2037 deligant,
2903 1984 2998 2038 per
3021 1984 3180 2039 quos,
3217 1986 3339 2040 quas
3382 1980 3538 2040 pater
3588 1972 3730 2029 inter

457 2049 811 2119 querimoniis
864 2046 1091 2103 refertos
1150 2046 1467 2117 frequenter
1516 2048 1818 2114 mittebat,
1875 2057 1925 2102 et
1974 2064 2042 2103 ne

460 2138 599 2195 forte
634 2155 703 2195 ex
739 2139 1029 2209 improviso
1066 2138 1296 2195 Karoius
1318 2153 1477 2209 supra
1505 2138 1652 2193 illum
1678 2138 1889 2195 irruere
1912 2154 2039 2211 pos-

458 2240 560 2297 set,
597 2233 843 2288 cavebat.

526 2344 734 2402 lnterea
783 2345 945 2418 legati
986 2362 1014 2400 a
1046 2344 1377 2401 Lodhuwico
1409 2354 1672 2401 venerant
1708 2347 2036 2413 nuntiantes,

456 2437 598 2510 quod
638 2438 683 2493 si
719 2439 883 2494 sciret
918 2437 1187 2508 quomodo
1227 2435 1341 2491 ﬁeri
1377 2445 1578 2506 posset,
1621 2438 1674 2491 in
1716 2434 1859 2492 illius
1895 2438 2042 2505 adju-

456 2533 651 2587 torium
694 2531 875 2587 venire
926 2531 1106 2589 Vellet.
1166 2528 1282 2607 Quo
1321 2543 1380 2583 se
1418 2528 1645 2585 Karolus
1695 2538 1749 2585 et
1800 2531 2039 2601 indigere

455 2620 770 2690 respondit,
821 2620 1022 2699 gratias
1070 2632 1320 2689 congrua:
1371 2617 1632 2673 voluntati
1686 2620 1797 2690 egit
1833 2661 1846 2683 ,
1889 2628 1943 2674 et
1980 2628 2038 2674 ut

455 2713 557 2769 hoc
594 2713 898 2768 accelerare
936 2711 1234 2776 studerent,
1272 2711 1520 2780 protinus
1557 2710 1813 2780 prmfatos
1843 2712 2036 2767 missos

454 2806 681 2862 remisit.
718 2804 958 2874 Cumque
994 2810 1227 2875 quatuor
1262 2802 1347 2857 vel
1383 2818 1449 2857 eo
1489 2804 1719 2874 amplius
1758 2804 1872 2859 dies
1906 2804 2038 2859 inibi

456 2898 743 2952 adventum
801 2878 1057 2950 Lodharii
1103 2892 1507 2965 praestolaretur
1543 2933 1557 2959 ,
1607 2903 1660 2948 et
1713 2894 1802 2949 ille
1852 2895 2037 2950 venire

455 2985 710 3047 diil‘erret,
750 2987 1062 3041 concionem
1102 2985 1357 3048 advocat,
1400 2984 1689 3040 concilium
1726 2984 1845 3039 iniit
1881 2984 2037 3055 quid-

453 3093 579 3133 nam
625 3080 920 3145 consultius
972 3080 1229 3151 deinceps
1279 3080 1353 3134 illi
1405 3081 2031 3153 agendumvideretur,

452 3168 868 3226 deliberaturus.
932 3170 1160 3238 Quidam
1218 3183 1399 3226 autem
1457 3172 1716 3239 aiebant,
1779 3172 2033 3243 quoniam

451 3269 628 3315 mater
665 3276 758 3315 sua
810 3277 915 3316 una
964 3277 1085 3316 cum
1132 3262 1418 3333 Aquitanis
1466 3264 1766 3329 veniebat,
1820 3263 2033 3319 obviam

2146 2057 2266 2113 illos
2308 2067 2592 2125 statuerat,
2641 2067 2697 2114 et
2739 2075 2860 2131 qtae
2908 2068 3030 2132 post
3067 2062 3273 2117 obitum
3317 2061 3493 2132 patris
3525 2063 3595 2118 ab
3636 2062 3731 2120 illo

2143 2151 2287 2219 passi
2316 2151 2444 2216 sint,
2482 2152 2777 2207 madent:
2812 2153 3034 2222 insuper
3069 2152 3376 2225 obsecrem,
3421 2163 3483 2211 ut
3520 2170 3729 2221 memor

2144 2243 2215 2296 sit
2253 2242 2349 2298 Dei
2386 2244 2791 2313 omnipotentis,
2843 2252 2901 2301 et
2944 2246 3204 2304 concedat
3243 2262 3433 2316 pacein
3469 2245 3731 2305 fratribus

2142 2336 2256 2391 suis
2312 2337 2687 2405 universaque
2741 2336 2996 2395 Ecclesia:
3044 2337 3169 2403 Dei;
3226 2340 3446 2395 cederet
3498 2342 3726 2411 cuique,

2142 2429 2287 2497 quod
2322 2429 2493 2498 patris
2535 2427 2877 2499 fratrumque
2921 2445 3186 2487 consensu
3228 2431 3372 2502 juste
3406 2433 3706 2491 debebatur

2140 2518 2366 2590 Insuper
2403 2522 2588 2585 etiam,
2621 2530 2681 2576 ut
2702 2521 2864 2592 iustis
2889 2523 3143 2591 precibus
3178 2529 3568 2595 acquiesceret,
3597 2523 3727 2582 oae-

2142 2624 2263 2668 rant
2292 2614 2366 2669 illi
2398 2615 2659 2686 quidquid
2698 2616 2901 2687 absque
2928 2618 3081 2687 equis
3108 2627 3161 2674 et
3195 2620 3362 2675 armis
3388 2618 3447 2673 iu
3470 2619 3730 2676 universo

2141 2706 2380 2760 exercitu
2411 2705 2614 2761 habere
2642 2706 2981 2762 videbantur.
3033 2709 3098 2763 Et
3128 2709 3175 2764 si
3202 2710 3288 2767 bis
3326 2710 3544 2771 monitis
3567 2712 3728 2773 elise-

2141 2797 2581 2868 crationibnsque
2601 2800 2945 2869 acquiescere
2966 2798 3143 2863 vellet,
3161 2801 3411 2871 placere:
3438 2803 3521 2856 sin
3545 2796 3724 2868 aliter,

2140 2888 2352 2942 aiebant
2379 2903 2437 2943 se
2458 2888 2640 2943 divino
2662 2903 2728 2944 ex
2751 2904 2976 2944 munere
2995 2888 3309 2961 suﬁ'ragiunt
3332 2891 3535 2961 absque
3556 2891 3725 2947 dubio

2140 2993 2359 3048 sperare
2384 2995 2566 3051 posse,
2598 2980 2643 3036 si
2669 2996 2833 3036 omne
2859 2981 3005 3051 quod
3034 2980 3245 3049 iustum
3270 2992 3370 3047 est,
3412 2983 3633 3047 vellent,
3666 2991 3726 3041 et

2139 3072 2239 3126 hoc
2264 3070 2419 3126 fratri
2446 3072 2640 3128 ultime
2662 3074 2938 3130 nuntiiiter
2965 3079 3259 3135 studerent.
3313 3077 3441 3143 Qua:
3467 3076 3727 3147 quoniam

2140 3164 2336 3216 merito
2368 3172 2484 3216 rata
2513 3163 2853 3229 videbantur,
2886 3166 3131 3232 protinus
3159 3165 3372 3236 expleta
3395 3177 3541 3225 sunt.

2209 3251 2319 3307 Sed
2337 3252 2453 3308 hate
2472 3253 2634 3309 veluti
2657 3269 2757 3324 pro
2778 3254 2951 3311 nihilo
2977 3256 3134 3313 ducta
3160 3254 3462 3315 Lodharius
3479 3259 3683 3328 sprevit
3704 3276 3720 3314 :

448 3349 525 3407 illi
563 3352 644 3405 ire
680 3352 895 3409 debere.
940 3351 1047 3407 Sed
1084 3354 1321 3408 maxima
1361 3369 1489 3424 pars
1525 3363 1618 3409 aut
1653 3354 1865 3410 obviam
1895 3354 2033 3410 Lod-

2138 3358 2235 3417 per
2272 3360 2427 3411 suos,
2473 3359 2531 3401 se
2569 3345 2706 3403 nihil
2743 3345 2949 3416 absque
2990 3346 3172 3416 pralio
3237 3348 3374 3409 velle
3414 3350 3718 3415 mandavit;

449 3443 606 3500 hario
646 3444 752 3501 iter
788 3446 1028 3515 arripere
1062 3446 1402 3510 suadebant,
1445 3455 1537 3502 aut
1575 3456 1725 3503 certe
1750 3490 1763 3515 ,
1803 3449 2033 3504 ubicum

448 3553 554 3610 que
592 3537 773 3605 vellet,
811 3538 1099 3603 adventum
1141 3538 1284 3595 illius
1320 3539 1617 3611 prmstolari
1654 3540 1851 3596 debere
1892 3541 2036 3595 dice-

447 3632 579 3689 bant
617 3650 630 3686 :
656 3631 726 3687 ob
758 3632 858 3698 lgoc
884 3632 1099 3702 quidem
1131 3634 1383 3699 maxime,
1413 3635 1665 3703 quoniam
1695 3635 1739 3689 si
1768 3635 2045 3704 quomodo

447 3720 703 3784 aliorsum
744 3721 843 3776 iter
878 3709 1093 3777 ﬂectere
1131 3722 1403 3792 coepisset.
1444 3724 1623 3780 cuncti
1664 3724 1844 3795 fugam
1887 3725 2033 3780 illum

448 3811 634 3867 iniisse
679 3812 947 3883 jactarent
982 3852 997 3877 ,
1049 3819 1104 3866 et
1154 3814 1281 3868 hinc
1319 3813 1646 3869 Lodharium
1685 3823 1740 3870 et
1778 3832 1903 3871 suos
1940 3833 2027 3871 au-

448 3904 724 3959 dentiores
766 3904 882 3959 fieri
923 3904 1137 3960 debere.
1179 3906 1353 3977 Atque
1392 3907 1481 3971 hi,
1523 3909 1613 3980 qui
1654 3911 1830 3965 adhuc
1869 3926 2032 3966 causa

448 3994 660 4047 timoris
699 3993 873 4048 neutri
910 4009 1029 4050 sese
1066 3995 1483 4066 copulaverant,
1521 4000 1589 4053 ad
1627 3999 1776 4055 illum
1816 3998 2033 4060 afﬂuere

447 4081 682 4151 undique
711 4084 1030 4153 sperabant,
1058 4077 1201 4155 quod
1225 4095 1279 4141 et
1303 4087 1500 4143 evenit.
1543 4089 1861 4159 Quanquam
1892 4090 2030 4147 ditii-

448 4174 548 4231 cile
581 4215 596 4241 ,
651 4176 930 4246 praevaluit
978 4188 1159 4234 tamen
1200 4182 1464 4236 sententia
1512 4182 1774 4253 priorum.
1828 4184 2029 4253 Quam-

446 4267 631 4324 obrem
670 4267 1104 4325 Cadhellonicam
1140 4270 1368 4327 Karolus
1404 4273 1535 4328 adiit
1583 4275 1770 4329 urbem
1793 4316 1807 4340 ,
1848 4276 2031 4347 ibique

444 4370 617 4416 matre
654 4377 759 4417 una
799 4378 920 4417 cum
961 4363 1245 4441 Aquitanis
1283 4374 1521 4435 recepta,
1565 4375 1786 4435 repente
1818 4368 2028 4422 nuntia-

445 4463 533 4509 tur
565 4456 707 4525 quod
745 4454 1109 4512 Lodhuvvicus
1144 4472 1264 4511 cum
1304 4455 1591 4521 Adelbcrto
1631 4460 1765 4514 duce
1803 4460 2037 4515 Austra«

444 4546 645 4603 siorum
683 4546 869 4617 prtelio
906 4546 1193 4602 commisso
1231 4546 1480 4613 vicisset,
1529 4549 1825 4622 Rhenoque
1867 4552 2028 4621 traje-

444 4647 531 4694 cto
567 4640 636 4694 ob
674 4622 817 4695 illius
850 4639 1196 4708 adiutorium,
1219 4643 1539 4711 quantocius
1563 4656 1767 4714 posset,
1795 4647 2019 4700 veniret.

445 4729 596 4798 Quod
644 4748 766 4788 cum
813 4733 964 4787 ocius
1016 4733 1281 4789 universis
1316 4736 1510 4791 castris
1547 4738 1797 4794 omnibus
1836 4748 2020 4794 uotum

446 4821 635 4888 fieret,
692 4824 873 4880 cuncti
923 4822 1091 4878 alacri
1139 4825 1321 4880 animo
1371 4834 1431 4881 ut
1477 4826 1552 4882 iiii
1588 4829 1800 4884 obviam
1840 4830 2020 4895 irent,

446 4915 760 4970 suadebant.
816 4913 1119 4972 Lodharius
1161 4931 1375 4987 quoque
1423 4919 1539 4975 haec
1593 4920 1665 4974 ita
1714 4936 1773 4977 se
1825 4921 2026 4978 habere

446 5016 505 5062 ut
539 5008 892 5080 deprehendit
924 5050 939 5075 ,
979 5009 1317 5068 circumfusae
1354 5012 1495 5083 plebi
1534 5013 1792 5070 Karolum
1843 5015 2023 5087 fugam

447 5099 610 5155 inisse
636 5141 650 5166 ,
690 5102 1046 5172 persequique
1082 5103 1226 5157 illum
1265 5105 1587 5177 quantocius
1625 5115 1850 5179 posset,
1889 5107 2025 5164 velle

447 5193 743 5253 denuntiat.
784 5193 902 5261 Quo
935 5195 1151 5264 quidem
1193 5198 1381 5252 nuntio
1419 5198 1554 5254 fidos
1590 5199 1691 5253 sibi
1732 5199 2024 5255 alacriores

448 5283 722 5351 reddidit,
773 5284 951 5353 dubiis
985 5296 1164 5343 autem
1204 5289 1507 5360 quibusque
1545 5298 1599 5344 et
1636 5289 1885 5347 ailluendi
1928 5308 2025 5348 au-

447 5375 655 5430 daciam
711 5376 941 5446 injecit,
996 5387 1051 5434 et
1098 5380 1365 5436 ﬁrmiores
1417 5397 1528 5437 suae
1575 5383 1712 5452 parti
1773 5385 2022 5440 reddidit.

447 5465 688 5539 Cumque
713 5469 942 5525 Karolus
968 5488 998 5526 a
1035 5471 1309 5527 Lodhario
1344 5475 1592 5545 persequi
1632 5490 1688 5529 se
1727 5476 2022 5541 didicisset,

446 5562 701 5631 quoniam
758 5563 811 5618 in
859 5562 1059 5620 diiiiciii
1109 5564 1227 5620 loco
1272 5567 1425 5635 aquis
1481 5567 1870 5638 paludibusque
1920 5571 2027 5624 cir-

447 5650 704 5709 cumfusis
742 5663 917 5710 castra
957 5664 1269 5726 posuerant,
1298 5663 1357 5709 ut
1390 5656 1593 5726 absque
1627 5657 1866 5727 qualibet
1893 5657 2027 5713 diffi-

448 5746 665 5814 cultate,
706 5748 750 5804 si
789 5749 1089 5804 Lodharius
1128 5749 1303 5813 vellet,
1345 5750 1598 5820 congredi
1633 5760 1873 5820 possent,
1907 5767 2025 5821 pro-

448 5836 592 5893 tinus
628 5838 841 5895 obviam
886 5838 958 5893 illi
994 5839 1252 5911 perrcxit.
1309 5837 1439 5906 Qum
1486 5838 1700 5907 quidem
1754 5840 2025 5895 Lndltario

450 5937 510 5987 ut
557 5930 801 5987 nuntiata
847 5937 1010 5996 sunt,
1061 5939 1237 5983 castra
1283 5929 1511 6003 posuit,
1564 5945 1628 5985 ac
1664 5930 1837 5987 veluti
1868 5929 2027 5989 fessis

2140 3437 2530 3509 eanl‘estimque
2572 3438 2789 3493 obviam
2822 3436 3068 3508 Pippine,
3108 3440 3203 3511 qui
3227 3440 3295 3503 ab
3321 3440 3605 3509 Aquitania
3644 3442 3721 3499 ad

2139 3534 2288 3589 illum
2316 3535 2587 3600 veniebat,
2619 3534 2723 3590 iter
2747 3534 2993 3604 arripuit.
3044 3536 3200 3603 Quod
3232 3548 3355 3596 cum
3395 3535 3545 3595 actus
3581 3534 3725 3593 didi-

2136 3627 2340 3682 cissent
2366 3626 2733 3682 Lodhuvvicus
2758 3634 2813 3681 et
2847 3628 2955 3693 sui,
2991 3642 3155 3697 supra
3189 3630 3405 3690 malum
3450 3642 3566 3693 rem
3599 3644 3726 3700 8W

2137 3719 2276 3773 vitor
2332 3719 2571 3773 ferentes
2620 3717 2798 3791 (erant
2853 3719 2997 3776 enim
3044 3720 3283 3788 undique
3327 3720 3566 3788 graviter
3613 3730 3715 3781 tam

2136 3814 2346 3869 itineris
2377 3813 2729 3884 longitudine,
2759 3828 2921 3884 quant
2949 3824 3000 3868 et
3027 3812 3247 3882 przeliis,
3277 3813 3553 3883 variisque
3577 3814 3713 3871 ditii-

2134 3906 2426 3964 eultstibus
2450 3947 2466 3972 ,
2512 3914 2569 3961 et
2605 3908 2837 3962 maxime
2871 3921 3137 3977 equorum
3175 3906 3353 3977 inopia
3394 3909 3592 3980 attriti)
3636 3924 3721 3966 ver.

2134 4007 2437 4053 rumtamen
2473 4012 2783 4068 quanquam
2813 4013 2872 4053 se
2895 3998 3008 4054 haec
3039 3999 3115 4054 ita
3143 3999 3434 4066 baberent,
3467 4001 3719 4066 timentes,

2133 4105 2202 4146 ne
2224 4089 2366 4145 forte
2393 4090 2436 4144 si
2468 4090 2538 4145 ab
2561 4090 2762 4153 auxilio
2788 4089 2975 4147 fratris
2997 4091 3165 4148 frater
3186 4094 3460 4158 deﬁceret,
3487 4094 3720 4164 posteris

2132 4183 2248 4238 suis
2285 4184 2557 4253 indignam
2613 4185 2933 4241 memoriam
2979 4186 3342 4255 reliquissent.
3404 4187 3555 4254 Quod
3596 4189 3716 4257 qui-

2132 4276 2253 4331 dem
2283 4291 2349 4329 ne
2385 4275 2640 4342 facerent,
2671 4278 2948 4349 elegerunt
2981 4283 3125 4335 omni
3157 4282 3418 4350 penuriae.
3464 4281 3628 4336 etiam
3666 4280 3713 4337 si

2130 4375 2426 4436 oporteret,
2452 4369 2612 4422 morti
2635 4371 2811 4440 potius
2826 4372 3031 4435 subire,
3052 4387 3213 4441 quam
3238 4386 3435 4427 nomen
3457 4371 3711 4429 invictum

2130 4460 2399 4515 amittere.
2439 4460 2803 4528 Qtnintobnem
2818 4478 2885 4517 ex
2909 4465 3096 4519 eadem
3120 4464 3558 4535 istaguanimitate
3582 4478 3714 4521 mtu-

2129 4551 2276 4606 stitia
2312 4568 2588 4624 oppressa,
2635 4555 2864 4610 inuicem
2893 4570 2952 4623 se
2989 4557 3370 4621 adhortantes,
3420 4561 3714 4625 gratulantes

2128 4643 2495 4714 velociterque
2539 4654 2599 4700 ut
2641 4645 2969 4701 Lodharinm
3014 4647 3122 4707 cito
3165 4649 3420 4716 censequi
3470 4656 3708 4716 possent,

2052 4696 2105 4756 υ
2126 4696 2296 4789 ea;
2309 4696 2322 4699 ⁷
2334 4696 3134 4807 anguimanus;
3152 4696 3712 4799 satietas;

2126 4842 2239 4882 sem
2295 4835 2521 4897 uterque
2576 4830 2848 4889 exercitus
2900 4829 3035 4884 alter
3079 4828 3155 4887 ab.
3199 4829 3373 4887 altera
3414 4830 3705 4892 videretur,

2127 4918 2411 4975 confestim
2453 4919 2750 4976 Lodharius
2798 4936 3014 4985 verens,
3072 4935 3147 4976 ne
3196 4921 3336 4976 forte
3379 4919 3579 4979 flauas
3626 4921 3711 4976 sui

2128 5011 2333 5081 absque
2368 5011 2626 5065 dilatione
2661 5026 2824 5080 supra
2866 5026 2925 5067 se
2965 5012 3176 5067 irrusre
3214 5011 3431 5073 vellent,
3468 5020 3711 5067 amnatus

2128 5111 2305 5156 castra
2332 5100 2719 5171 aliquantulum
2753 5104 3005 5156 excessit.
3047 5101 3201 5169 Quod
3232 5102 3487 5172 quoniam
3514 5100 3713 5157 fratres

2128 5194 2209 5249 sui
2240 5191 2419 5247 facere
2445 5191 2590 5245 illum
2617 5201 3008 5261 cognoverunt,
3032 5193 3294 5261 quosdam
3318 5205 3507 5247 secum
3531 5207 3710 5247 artua-

2130 5292 2214 5339 tos
2242 5290 2541 5347 assumunt,
2566 5290 2621 5336 et
2643 5282 2849 5351 absque
2874 5282 3132 5340 dilatione
3150 5283 3369 5345 obviam
3385 5286 3705 5351 procedunt.

2128 5374 2320 5429 Missos
2356 5374 2584 5429 invicem
2620 5373 2878 5439 mittunt,
2920 5389 3221 5445 pacemque
3249 5375 3351 5429 sub
3380 5383 3536 5429 nocte
3562 5388 3708 5429 com-

2129 5476 2351 5540 ponunt.
2428 5465 2618 5522 Castra
2660 5476 2843 5523 autem
2883 5468 2952 5521 ab
2994 5466 3229 5523 invicem
3271 5466 3543 5523 distabant
3587 5466 3710 5535 plus

2128 5562 2307 5617 minus
2334 5560 2515 5616 leucas
2546 5570 2677 5626 tres,
2703 5569 2761 5617 et
2784 5561 3045 5617 intererat
3064 5559 3297 5631 paucula
3325 5559 3479 5630 palus
3508 5558 3707 5615 saltus-

2129 5668 2232 5724 que
2263 5672 2275 5707 :
2305 5669 2371 5708 ac
2410 5668 2507 5722 per
2551 5654 2654 5707 hoc
2694 5661 2813 5707 erat
2850 5654 3065 5722 utrique
3104 5651 3175 5708 ad
3210 5650 3438 5708 alterum
3478 5649 3708 5706 difﬁcilis

2128 5760 2395 5801 accessus.
2437 5743 2774 5814 Quapropter
2813 5759 3007 5799 aurora
3042 5745 3449 5807 delucescente,
3490 5742 3708 5797 Ludim-

2126 5839 2294 5893 wicus
2339 5846 2394 5894 et
2436 5836 2662 5892 Karohts
2700 5836 2769 5893 ad
2805 5834 3131 5897 Lodharium
3165 5836 3386 5891 mittunt
3411 5852 3427 5889 :
3449 5830 3708 5888 mandant

2127 5930 2226 5987 sibi
2253 5929 2409 5985 valde
2433 5928 2752 6000 displicere,
2775 5926 2923 5997 quod
2943 5927 3050 5987 illis
3068 5941 3259 5999 pacem
3283 5928 3489 5999 absque
3516 5921 3705 5999 M10
