4032 6432
247 465 308 520 6|
660 442 667 447 ’
923 466 1011 521 ne
1051 465 1605 524 DISSENSIONIBUS
1644 464 1828 521 FlLlOl

1929 464 1973 519 Μ
2013 464 2333 523 LUDOVICI
2374 463 2477 520 l’ll.
2520 494 2575 505 -ν
2626 464 2755 521 LIB.
2795 463 2882 521 III.
3422 462 3492 521 σε

249 578 633 648 denegaverat.
678 578 827 647 Quod
849 580 1030 645 etiam,
1051 581 1304 652 quoniam
1329 581 1507 648 vellet,
1540 589 1592 636 et
1617 581 1821 651 absque
1846 582 1897 644 Α
1923 583 1976 636 in
2005 582 2193 636 horam
2222 580 2510 651 secundam
2535 579 2641 638 diei
2665 580 2836 635 tertiae
2860 620 2875 647 ,
2911 577 3053 650 quod
3079 578 3261 635 evenit
3286 594 3361 634 vn
3388 578 3491 635 Ka-

249 667 492 739 qualibct
525 667 733 734 fraude,
773 670 817 724 si
854 669 971 729 fieri
1008 666 1250 738 deberet,
1282 682 1442 731 esset.
1494 672 1559 729 Et
1585 675 1820 747 primum

249 758 469 828 quidem
492 757 714 837 jejuniis
753 776 818 815 ac
849 762 989 817 votis
1023 762 1189 819 Deum
1229 766 1495 822 invocent.
1542 764 1744 823 Deinde
1776 768 1821 823 si

1926 673 2068 730 lend.
2108 672 2263 739 Julii,
2302 687 2437 745 pace
2472 681 2825 743 utrorumque
2852 686 2916 727 ex
2952 679 3108 743 parte
3136 669 3491 744 jurejurando

1926 766 2139 823 ﬁrmata
2169 810 2185 835 ,
2238 767 2307 823 ad
2353 774 2533 823 castra
2582 769 2843 833 redeunt,
2893 765 3110 822 missam
3144 780 3273 822 vero
3318 777 3489 821 sancti

252 851 343 905 ille
374 852 602 913 transire
645 851 710 907 ad
743 852 864 913 illos
897 854 1179 924 voluisset,
1211 857 1384 915 locum
1422 860 1729 914 transeundi
1766 875 1823 915 se
1923 859 2144 916 Joannis
2180 859 2233 914 in
2276 858 2569 927 crastinum
2616 856 2956 913 celebraturi.
3009 857 3234 930 Pippino
3278 872 3495 939 quoque

252 947 476 1007 daturos
499 950 817 1031 prqniittunt
844 970 855 1005 :
886 961 942 1006 ut
980 952 1126 1007 omni
1164 953 1539 1024 impedimento
1573 970 1667 1009 sua
1700 971 1823 1010 suo-

252 1056 481 1109 rumque
503 1055 567 1095 ex
596 1052 747 1129 parte
773 1044 971 1105 ablato,
1001 1045 1202 1116 absque
1233 1047 1469 1117 qualibet
1492 1047 1701 1103 occulta
1728 1051 1824 1105 de-

253 1131 499 1198 ceptione
543 1132 793 1209 congredi
835 1143 1069 1204 possent.
1123 1134 1251 1203 Qua:
1279 1144 1333 1191 et
1359 1137 1402 1195 si
1438 1137 1615 1204 vellet,
1643 1154 1826 1195 sacra-

253 1234 438 1278 mento
473 1222 686 1285 ﬁrmare
722 1237 1109 1303 praeceperunt.
1157 1228 1227 1283 At
1257 1231 1299 1285 si
1328 1230 1515 1297 nollet,
1547 1242 1605 1286 ut
1632 1233 1824 1288 eadem

253 1313 362 1370 illis
395 1316 711 1377 concederet
741 1328 897 1390 atque
929 1320 1189 1388 ﬁrmaret,
1220 1332 1411 1394 rogant
1437 1333 1491 1391 et
1515 1335 1720 1396 petunt.
1773 1327 1824 1384 Is

253 1418 436 1464 autem
475 1426 623 1467 more
656 1412 816 1467 solito
846 1430 943 1485 per
968 1431 1092 1471 suns
1128 1431 1185 1471 se
1214 1434 1594 1489 responsurum
1625 1420 1826 1489 promi-

252 1500 351 1561 sit,
391 1507 443 1553 et
481 1508 538 1567 ut
575 1499 731 1573 legati
769 1506 995 1575 regressi
1028 1515 1183 1571 sunt,
1212 1507 1453 1577 protinus
1480 1509 1690 1565 obviam
1722 1510 1826 1565 iter

252 1591 515 1660 arripuit,
557 1608 620 1647 ac
654 1592 826 1649 locum
866 1612 972 1666 quo
1004 1607 1181 1653 castra
1209 1610 1459 1670 poneret,
1489 1601 1819 1657 Fontaneum

252 1684 403 1751 petit.
450 1685 645 1741 Eadem
672 1697 852 1743 autem
894 1690 980 1745 die
1015 1690 1208 1747 fratres
1236 1693 1318 1747 sui
1346 1703 1465 1767 post
1495 1694 1820 1750 Lodharium

253 1770 355 1830 iter
376 1778 756 1846 accelerantes,
785 1790 1189 1845 antecesserunt
1213 1784 1381 1849 illum,
1413 1794 1469 1841 et
1493 1796 1712 1856 propter
1744 1787 1824 1843 vi—

1926 954 2111 1007 eadem
2160 951 2245 1006 die
2298 949 2600 1005 Lodharius
2647 950 2701 1004 in
2745 951 3171 1021 supplementum
3230 959 3445 1022 recepto
3475 990 3491 1019 ,

1926 1042 2145 1097 mandat
2170 1040 2426 1096 fratribus
2453 1039 2585 1103 suis,
2621 1040 2875 1111 quoniam
2914 1043 3115 1098 scirent
3152 1042 3226 1098 illi
3265 1043 3499 1113 impera-

1929 1135 2064 1190 toris
2105 1146 2301 1187 nomen
2345 1147 2534 1203 magna
2585 1132 2907 1186 auctoritate
2944 1128 3113 1187 fuisse
3149 1133 3453 1202 impositum
3479 1173 3495 1200 ,

1928 1235 1985 1283 ut
2014 1225 2356 1282 considerent
2399 1231 2667 1295 quatenus
2704 1222 2944 1294 ejusdem
2980 1223 3214 1278 nominis
3251 1223 3499 1294 magniﬁ-

1928 1335 2049 1375 cum
2089 1325 2271 1389 posset
2304 1315 2524 1386 explere
2563 1314 2814 1370 ofﬁcium.
2876 1313 3098 1385 Insuper
3138 1324 3316 1371 autem
3358 1315 3511 1371 haud

1928 1426 1986 1468 se
2024 1411 2256 1466 libenter
2293 1418 2645 1479 utrorumque
2683 1423 2926 1479 quaerere
2962 1408 3285 1480 profectum.
3334 1407 3507 1464 Inter-

1928 1505 2100 1578 rogati
2133 1512 2334 1571 autem,
2369 1505 2416 1560 si
2453 1487 2717 1573 quiddam
2744 1502 2936 1556 horum
2969 1515 3087 1571 qua:
3123 1501 3508 1556 mandaverant

1930 1596 2171 1671 recipere
2209 1594 2389 1662 vellet,
2437 1594 2519 1649 vel
2562 1594 2608 1651 si
2654 1592 2949 1663 quamlibet
2985 1591 3246 1647 ﬁnitivam
3290 1600 3507 1647 senten-

1929 1691 2057 1746 tiam
2088 1688 2195 1745 illis
2229 1688 2558 1752 mandasset,
2588 1685 2724 1742 nihil
2758 1685 2858 1740 sibi
2894 1686 3085 1741 horum
3128 1682 3292 1738 fuisse
3334 1683 3508 1754 injun-

1929 1790 2075 1837 ctum
2118 1782 2532 1854 reSponderunt.
2589 1777 2949 1847 Quamobrem
3001 1792 3121 1832 cum
3162 1775 3338 1831 omnis
3383 1788 3508 1844 spes

247 1883 398 1936 cum,
438 1872 526 1941 qui
564 1870 862 1930 Tauriacus
892 1877 1106 1943 dicitur,
1137 1888 1313 1934 castra
1339 1866 1652 1951 posuerunt.
1694 1879 1826 1937 Cra—
1922 1872 2147 1944 ἱυεῑίιὶεε
2173 1886 2237 1927 ac
2266 1870 2413 1942 Pads
2438 1885 2536 1935 sua
2564 1882 2633 1925 εκ
2661 1877 2814 1951 Pal‘lc
2840 1866 3017 1921 ablata
3040 1867 3334 1930 νίάθνθίιινς
3362 1880 3511 1918 ηι³η⁴

248 1962 393 2016 stina
416 1963 502 2018 die
526 1967 797 2022 exercitus
826 1970 1109 2039 pneparati
1139 1971 1207 2026 ad
1228 1971 1495 2053 praelium,
1525 1982 1702 2031 castra
1729 1973 1829 2027 ali-
1857 1957 1901 2017 Β
1931 1963 2061 2017 dam
2108 1961 2217 2029 illi.
2262 1961 2309 2018 Si
2356 1959 2548 2017 ωθιίυε
2594 1974 2701 2014 non
2750 1956 3071 2021 invenisset,
3118 1964 3209 2010 θυι
3246 1954 3514 2024 “milia?”

245 2054 571 2122 quantulum
617 2068 985 2123 excesserunt.
1034 2059 1430 2125 Praemittentes
1470 2063 1831 2131 Lodhuwicus

247 2159 317 2197 ac
349 2142 577 2200 Karolus
609 2144 881 2204 Lodhario
919 2149 1340 2221 mandaverunt,
1368 2162 1428 2207 ut
1462 2169 1666 2209 memor
1690 2166 1833 2211 esset

249 2230 505 2287 fraternae
540 2236 885 2301 conditionis,
927 2238 1127 2307 sineret
1162 2239 1458 2296 Ecclesiam
1495 2242 1585 2297 Dei
1619 2253 1672 2298 et
1709 2246 1831 2309 uni-

250 2337 480 2395 versum
500 2326 754 2399 populum
787 2325 1151 2399 Christianum
1182 2345 1370 2402 pacem
1399 2334 1617 2402 habere,
1646 2352 1836 2393 conce-

252 2414 410 2471 deret
460 2417 565 2473 illis
613 2433 776 2490 regna
822 2437 853 2475 a
897 2431 1051 2493 patre
1095 2439 1193 2478 suo
1231 2441 1497 2482 consensu
1548 2444 1829 2495 concessa,

250 2508 479 2564 haberet
515 2526 609 2565 sua
658 2511 783 2581 sibi,
818 2528 922 2569 non
961 2516 1177 2587 merito,
1202 2518 1294 2585 sed
1320 2519 1431 2577 sola
1461 2502 1831 2578 misericordia

252 2615 282 2653 a
310 2611 462 2672 patre
490 2602 561 2656 illi
591 2603 797 2669 relicta.
831 2606 900 2662 Et
921 2607 975 2677 in
1007 2625 1227 2671 munere
1253 2610 1553 2679 offerebant
1576 2612 1649 2667 illi
1677 2613 1834 2683 quid—

250 2693 383 2765 quid
419 2694 470 2748 in
504 2695 757 2754 universo
784 2701 1023 2769 exercitu
1054 2703 1254 2772 absque
1284 2706 1450 2764 armis
1474 2713 1530 2761 et
1557 2706 1712 2775 equis
1737 2707 1832 2760 ba-

251 2787 381 2842 bere
404 2788 741 2859 videbantur.
780 2792 851 2859 At
871 2794 914 2848 si
940 2794 991 2848 id
1013 2795 1195 2862 nollet,
1220 2798 1483 2853 cedebant
1506 2798 1583 2853 illi
1606 2808 1833 2870 uterque

252 2881 553 2949 portionem
585 2884 755 2957 regni,
783 2886 920 2951 alter
946 2902 1115 2960 usque
1135 2888 1515 2957 Carbonarias,
1540 2891 1679 2946 alter
1701 2907 1832 2948 vero

252 2988 423 3045 usque
472 2972 741 3031 Rhenum.
794 2976 947 3045 Quod
994 2988 1049 3036 et
1101 2980 1147 3036 si
1196 2990 1471 3047 renueret,
1526 2982 1831 3037 universam

248 3063 537 3121 Frauciam
576 3084 727 3138 aequa
764 3068 918 3126 lance
955 3071 1253 3133 dividerent
1282 3113 1296 3139 ,
1337 3081 1392 3128 et
1428 3073 1687 3144 quidquid
1728 3074 1829 3129 ho-

252 3170 373 3209 rum
414 3156 591 3222 vellet,
622 3174 731 3213 sure
765 3160 985 3216 ditionis
1021 3172 1182 3217 esset.
1223 3161 1304 3217 Ad
1338 3164 1479 3234 quod
1509 3162 1829 3231 Lodharius,

254 3260 406 3301 more
443 3248 600 3303 solito
626 3290 639 3313 ,
680 3266 775 3320 per
812 3266 938 3307 suos
972 3268 1031 3308 se
1074 3254 1331 3325 quidquid
1369 3254 1604 3325 placeret
1640 3265 1832 3312 notare

1932 2069 2094 2109 unum
2129 2054 2321 2115 horum
2349 2064 2471 2123 qua:
2498 2049 2572 2106 illi
2610 2050 3014 2112 mandaverant,
3050 2054 3139 2101 aut
3174 2056 3353 2101 nosset
3394 2044 3512 2099 illos

1932 2144 1985 2198 in
2012 2143 2308 2199 crastinum
2345 2140 2511 2216 (quod
2551 2141 2797 2211 contigit,
2830 2141 2969 2195 sicut
3000 2136 3281 2210 prximum
3316 2144 3399 2191 est
3436 2149 3513 2190 vn

1934 2235 2154 2291 Kalend.
2184 2234 2331 2301 Julii,
2362 2237 2493 2291 hora
2519 2234 2767 2290 videlicet
2792 2233 2895 2288 diei
2921 2230 3200 2303 secunda),
3240 2229 3306 2284 ad
3338 2228 3513 2284 omni-

1934 2328 2168 2396 potentis
2204 2326 2295 2381 Dei
2320 2325 2603 2395 judicium,
2635 2328 2775 2399 quod
2812 2324 2916 2380 illis
2947 2324 3149 2394 absque
3177 2321 3390 2377 illorum
3426 2333 3513 2373 νος

1934 2421 2140 2495 luptate
2186 2421 2586 2486 mandaverat,
2631 2435 2749 2475 esse
2792 2427 3064 2489 venturos.
3117 2418 3246 2486 Qua:
3294 2417 3510 2488 quidem

1933 2510 2238 2568 Lodharius
2265 2512 2425 2568 solito
2454 2526 2604 2566 more
2639 2510 2936 2579 insolenter
2967 2509 3189 2579 sprevit,
3216 2518 3271 2564 et
3299 2508 3514 2563 visuros

1934 2617 1991 2656 se
2020 2602 2147 2672 quid
2190 2617 2351 2673 agere
2384 2600 2623 2667 deberet,
2666 2599 2958 2670 respondit.
3011 2594 3148 2655 Dum
3194 2600 3307 2655 haec
3355 2614 3516 2670 super

1933 2676 2166 2764 Ligerim
2190 2694 2343 2763 juxta
2368 2700 2613 2747 sanctum
2642 2689 2997 2744 Fludualdum
3036 2690 3338 2744 consistens
3372 2690 3512 2743 scri-

1934 2774 2140 2850 berem,
2167 2784 2397 2856 eclypsis
2437 2784 2566 2839 solis
2605 2782 2736 2837 hora
2776 2782 2969 2853 prima,
3018 2783 3195 2853 prima
3237 2782 3394 2847 feria,
3445 2797 3515 2837 xv

1935 2877 2050 2932 Kal.
2095 2875 2412 2931 Novembris
2441 2873 2735 2945 Scorpione
2769 2864 3142 2945 contigitfﬂis
3176 2874 3249 2929 ita
3279 2874 3513 2938 omissis,

1935 2968 2168 3023 diluculo
2207 2966 2564 3022 Lodhuwicus
2593 2975 2647 3021 et
2675 2965 2903 3022 Karolus
2932 2973 3261 3036 consurgunt
3291 3007 3306 3032 ,
3354 2965 3517 3020 verti-

1935 3079 2051 3118 cem
2103 3063 2300 3116 montis
2335 3060 2529 3116 castris
2554 3058 2811 3114 Lodharii
2839 3056 3076 3129 contigui
3100 3072 3221 3113 cum
3252 3056 3434 3121 tertia,
3460 3062 3519 3110 ut

1934 3153 2456 3220 videtur,exercitus
2479 3146 2645 3223 parte
2656 3157 2941 3221 occupant,
2962 3150 3360 3218 adventumque
3379 3146 3512 3216 eius,

1937 3255 1992 3301 et
2020 3248 2207 3305 horam
2238 3246 2554 3309 secundam,
2586 3251 2644 3298 ut
2670 3242 2752 3298 sui
2798 3241 3132 3314 juraverant,
3178 3247 3514 3311 exspectant.

253 3338 543 3406 respondit,
586 3338 911 3412 mittensque
947 3358 1044 3413 per
1080 3320 1316 3414 praesens
1357 3320 1679 3417 Drogouem,
1721 3344 1831 3400 Hu-
1858 3320 1903 3384 (ἶ
1935 3340 2177 3409 Cumque
2218 3346 2508 3408 utrumque
2552 3338 2786 3401 adesset,
2815 3334 3056 3406 prmlium
3079 3348 3243 3415 super
3287 3332 3516 3387 Riudam

253 3442 480 3521 guinem,
518 3438 571 3484 et
609 3429 991 3521 Hegibertum,
1032 3436 1285 3503 mandat,
1326 3452 1433 3497 non
1472 3435 1590 3507 illos
1624 3435 1829 3508 aliquid

253 3517 362 3573 tale
398 3528 551 3575 antea
597 3522 669 3591 illi
702 3517 1037 3596 mandasse:
1070 3527 1135 3593 ad
1178 3528 1320 3598 quod
1360 3529 1829 3605 considerandum,

256 3609 489 3691 spatium
522 3608 719 3685 habere
743 3626 801 3665 se
830 3612 965 3666 velle
990 3614 1185 3670 aiebat.
1242 3615 1321 3669 Re
1350 3625 1529 3683 autem
1554 3632 1680 3689 vera
1710 3617 1834 3686 Pip-

254 3700 415 3770 pinus
454 3718 556 3777 non
601 3714 843 3777 venerat,
886 3706 1034 3762 illum
1078 3709 1180 3775 hac
1227 3708 1481 3771 dilatione
1520 3720 1835 3780 exspectare

252 3791 486 3846 volebat.
547 3793 923 3865 Verumtamen
958 3799 1239 3854 Ricuinum
1259 3841 1275 3868 ,
1306 3801 1709 3863 IIirmenaldum
1729 3845 1744 3870 ,
1776 3812 1831 3861 et

252 3881 597 3940 Fredericum
638 3899 975 3961 sacramento
1005 3890 1221 3949 ﬁrmare
1244 3894 1528 3964 praecepit,
1561 3894 1703 3965 quod
1732 3910 1829 3966 pro

250 3974 398 4029 nulla
442 3992 498 4030 re
548 3978 651 4034 alia
707 3979 805 4034 has
850 3980 1096 4038 inducias
1140 3993 1370 4054 peteret,
1414 3994 1611 4057 prmter
1663 4001 1827 4058 quam

249 4069 394 4138 quod
424 4085 707 4129 commune
728 4072 1025 4143 profectum
1056 4084 1163 4139 tam
1190 4076 1405 4139 illorum
1434 4092 1595 4148 quam
1623 4086 1678 4141 et
1705 4078 1827 4137 uni-

249 4178 420 4219 versa:
468 4164 661 4235 plebis,
710 4167 850 4221 sicut
878 4165 1145 4245 justitiam
1188 4170 1328 4231 inter
1355 4168 1554 4229 fratres
1583 4181 1636 4231 et
1661 4185 1829 4245 popu-

248 4251 361 4307 lum
392 4252 590 4309 Christi
627 4258 906 4326 oportebat
930 4298 951 4337 ,_
976 4273 1221 4329 quamne
1260 4259 1492 4316 volebat.
1543 4260 1660 4330 Quo
1703 4261 1826 4331 qui-

249 4344 370 4398 dem
403 4356 741 4402 sacramento
766 4347 1125 4425 Lodhuwicus
1152 4359 1210 4407 et
1229 4350 1457 4408 Karolus
1481 4352 1681 4410 creduli
1704 4352 1830 4417 elle-

250 4436 343 4501 cti,
378 4435 569 4495 eadem
591 4438 695 4511 die,
728 4450 782 4494 et
804 4441 863 4511 in
884 4442 1200 4508 crastinum,
1227 4443 1449 4515 insuper
1471 4444 1635 4519 etiam
1662 4459 1830 4519 usque

1939 3427 2236 3515 [Rivclum]
2261 3429 2687 3501 Burgundiorum
2722 3444 2913 3501 magno
2934 3428 3230 3497 certamine
3256 3426 3511 3482 commit-

1938 3536 2076 3597 tunt.
2125 3526 2194 3580 Et
2220 3523 2578 3581 Lodhuwicus
2603 3522 2821 3597 quidem
2853 3535 2915 3576 ac
2948 3518 3249 3576 Lodharius
3287 3517 3341 3572 in
3376 3518 3513 3582 loco,

1940 3596 2029 3686 qui
2054 3616 2260 3669 Brittas
2291 3615 2510 3678 dicitur,
2548 3596 2768 3667 strenue
2798 3609 3110 3682 conﬂigunt.
3149 3609 3267 3677 Quo
3296 3623 3519 3679 supera-

1943 3716 2027 3761 tus
2056 3706 2374 3767 Lodharius,
2414 3713 2560 3776 terga
2589 3705 2771 3762 vertit.
2821 3701 2957 3758 Pars
2999 3713 3178 3757 autem
3224 3703 3514 3766 exercitus,

1938 3816 2097 3872 quam
2127 3798 2358 3854 Karolus
2381 3798 2431 3851 in
2455 3794 2598 3862 loco,
2627 3795 2719 3867 qui
2744 3793 2899 3869 Fagit
2926 3794 3085 3869 vulgo
3112 3794 3328 3858 dicitur,
3353 3807 3515 3848 exce-

1936 3891 2037 3961 pit,
2065 3889 2313 3961 protinus
2340 3885 2496 3960 fugit.
2541 3885 2678 3942 Pars
2710 3899 2866 3949 vero,
2896 3899 3015 3957 qua:
3041 3885 3092 3937 in
3125 3882 3383 3939 Snlennat
3406 3881 3519 3939 Ad-

1934 3979 2244 4045 helardum,
2273 3987 2627 4048 cmterosque,
2672 3976 2869 4053 quibus
2908 3974 3051 4039 haud
3093 3976 3359 4030 modicum
3392 3991 3515 4051 sup-

1933 4074 2296 4148 plementum,
2342 4071 2570 4132 Domino
2622 4067 2938 4150 auxiliante,
2984 4068 3222 4140 praebui,
3268 4069 3514 4137 appetiit,

1933 4181 2151 4235 strenue
2182 4166 2441 4235 conﬂixit.
2476 4165 2595 4237 Quo
2624 4173 2681 4235 et
2716 4165 2930 4236 utrique
2957 4162 3227 4219 vicerunt.
3271 4161 3376 4217 Sed
3416 4177 3513 4219 no-

1931 4262 2153 4327 vissime
2190 4272 2380 4317 omnes
2417 4274 2447 4314 a
2488 4265 2642 4330 parte
2672 4253 2929 4315 Lodharii
2964 4251 3235 4326 fugerunt.
3293 4253 3409 4326 Quo
3450 4253 3512 4307 li-

1933 4369 2057 4423 nem
2092 4351 2256 4431 primi
2292 4349 2610 4427 certaminis
2646 4347 2795 4427 dedit
2827 4345 3146 4417 Lodharius,
3191 4344 3513 4418 terminctur

1933 4444 2071 4511 liber
2104 4441 2394 4511 secundus.

256 4598 3498 4630 ww

1443 4694 1745 4838 LIBER
1815 4756 2296 4836 TERTIUS.

1630 4937 2126 4971 Ἢ

839 5017 1225 5081 Μελτιοι

323 5188 595 5259 Quonim
625 5192 907 5263 sinistrum
924 5198 1180 5266 vitulam
1208 5213 1299 5256 me
1323 5213 1391 5261 eu
1417 5214 1619 5272 genere
1642 5212 1827 5261 nostro

247 5288 312 5340 ut
341 5282 584 5350 audiam,
613 5284 797 5355 madet,
831 5287 1041 5345 referre
1070 5294 1370 5360 praesertim
1404 5308 1563 5363 quam
1590 5298 1825 5353 maxime

246 5372 416 5444 piget.
467 5372 827 5441 Quamobrem
858 5379 1083 5453 imperio
1112 5382 1252 5439 haud
1278 5399 1547 5454 quaquam
1577 5386 1823 5444 malivola

249 5473 579 5535 contempto,
623 5476 682 5523 ut
714 5469 835 5527 linis
866 5479 1083 5540 optatus
1116 5472 1239 5531 libri
1270 5477 1489 5533 secundi
1523 5476 1692 5544 aﬂuit,
1727 5495 1823 5551 per

248 5560 433 5617 omnia
461 5560 616 5618 ﬁnire
643 5562 747 5618 hoc
776 5580 913 5635 opus
934 5568 1146 5629 animus
1169 5570 1424 5627 decrevit.
1454 5571 1561 5628 Sed
1587 5590 1654 5629 ne
1681 5574 1822 5633 forte

247 5652 481 5724 quilibet
521 5670 839 5727 quocunque
877 5660 1037 5716 modo
1069 5662 1324 5734 deceptus
1346 5707 1360 5731 ,
1410 5683 1501 5723 res
1535 5678 1724 5725 nostro
1764 5672 1818 5726 in
1856 5717 1862 5723 ,

246 5752 497 5815 tempore
530 5757 730 5818 gestas,
768 5760 966 5821 praeter
997 5769 1159 5823 quam
1184 5770 1390 5814 exactae
1416 5773 1562 5825 sunt,
1597 5776 1822 5817 narrare

246 5847 575 5909 presnmat,
598 5855 667 5896 ex
689 5841 776 5897 his
802 5843 1001 5911 quibus
1024 5845 1274 5915 interfui,
1310 5851 1528 5920 tertium
1556 5851 1818 5908 Libellum

249 5941 315 5999 nt
338 5933 614 5998 adderem,
643 5935 905 6007 acquievi.

1851 5028 1905 5088 D
1956 4976 1960 4981 υ
2002 5022 2195 5081 Prelio
2219 5021 2461 5092 quidem,
2488 5027 2550 5075 ut
2567 5015 2853 5090 pradatum
2872 5024 2992 5083 est,
3017 5023 3242 5081 strenue
3263 5024 3503 5086 peracto,

1928 5118 2056 5188 quid
2087 5117 2155 5173 de
2188 5113 2489 5185 palantibus
2517 5124 2775 5182 peragere
2805 5110 3108 5173 deberetur,
3141 5106 3503 5171 Lamum

1926 5219 1984 5267 et
2018 5208 2249 5265 Karolus
2289 5207 2347 5262 in
2387 5206 2577 5261 eodem
2615 5218 2813 5274 campo.
2851 5202 3152 5275 delibante
3201 5209 3500 5272 ompermt.

1926 5304 1995 5358 Et
2035 5302 2251 5371 quidam
2290 5302 2367 5355 ita
2398 5299 2656 5369 correpti,
2677 5297 2932 5369 persequi
2959 5296 3146 5359 hostes
3169 5292 3500 5351 suadebant:

1924 5393 2143 5465 quidam
2175 5400 2390 5458 autem,
2422 5399 2481 5447 et
2513 5391 2751 5446 maxime
2787 5403 2942 5460 reges
2963 5427 2983 5455 ,
3022 5388 3349 5444 miserantes
3397 5381 3505 5443 fra-

1924 5485 2025 5539 tris
2066 5483 2374 5553 plebisque,
2419 5492 2477 5537 et
2505 5489 2565 5535 ut
2598 5479 2803 5551 judicio
2834 5479 2961 5545 Dei,
2999 5487 3055 5533 et
3090 5476 3192 5531 hac
3224 5473 3378 5544 plaga
3418 5489 3505 5532 re-

1924 5577 2117 5648 pressi,
2159 5579 2229 5632 ab
2265 5578 2453 5646 iniqua
2495 5575 2790 5645 cupiditate
2837 5573 3245 5642 resipiscerent,
3295 5576 3355 5625 et
3392 5567 3504 5627 Deo

1926 5670 2180 5733 donante,
2221 5669 2477 5736 deinceps
2497 5668 2781 5722 unanimes
2803 5665 2859 5719 in
2890 5678 3015 5720 vera
3041 5661 3251 5729 iustitia
3280 5660 3500 5719 throni-

1924 5769 2067 5825 rent,
2106 5760 2208 5830 piis
2245 5757 2559 5823 visceribus,
2595 5757 2757 5817 solito.
2783 5767 2952 5817 more,
2985 5754 3263 5823 optabant.
3303 5750 3361 5809 In
3398 5756 3504 5819 quo

1925 5851 2143 5923 negotio
2178 5850 2270 5907 Dei
2310 5847 2697 5919 omnipotentis
2722 5842 3094 5900 misericordia
3130 5852 3191 5900 ut
3224 5839 3505 5914 prastola-

1927 5954 2113 6010 retur,
2167 5944 2482 6000 suadebant.
2520 5940 2722 6007 Quibus
2759 5945 2951 5994 caetera
2994 5937 3280 5994 multitudo
3313 5944 3499 5989 Issen-
