4032 6462
501 452 570 509 .35
1190 468 1191 471 γ
1584 424 1916 484 NITBARDI
1954 422 2013 480 s.
2055 422 2098 477 ιι

2200 419 2360 476 IABII
2394 417 2686 474 ABBATIS
3694 413 3773 469 64

504 573 730 633 tientes,
761 582 791 621 a
822 562 1005 635 prtelio
1033 570 1088 613 et
1110 556 1289 628 praeda
1316 552 1714 613 discesserunt,
1742 554 1798 601 et
1821 545 1935 598 fere
1969 556 2083 635 me-
2113 545 2164 605 Α
2190 538 2346 635 illum
2369 537 2555 635 venit:
2598 535 2700 635 sed
2749 542 2807 635 ut
2843 533 2917 588 illi
2956 547 3014 588 se
3031 530 3442 635 fortunendaret
3466 569 3479 593 ,
3536 529 3773 635 minime

504 665 681 719 diante
711 660 798 715 die
822 634 891 713 ad
917 661 1096 711 castra
1126 649 1349 704 redeunt
1378 662 1391 698 :
1426 642 1556 714 quid
1588 640 1842 708 deinceps
1867 634 2085 692 consul-

506 756 613 809 tius
648 724 895 807 acturum
925 745 1196 800 videretur
1222 778 1237 803 ,
1282 732 1648 791 deliberaturi.
1707 729 1832 785 Fuit
1870 726 2089 797 quidem

509 845 699 917 ingens
738 852 994 898 numerus
1029 830 1257 905 praedae,
1300 836 1357 884 et
1393 829 1581 898 ingens
1618 824 1792 880 ardes
1824 838 1839 876 :
1868 822 2089 917 insuper

506 911 838 991 admirabilis
862 970 877 995 ,
920 929 1027 981 imo
1068 931 1123 977 et
1168 919 1363 976 merito
1404 916 1652 973 notabilis
1695 911 2086 978 misericordia,

506 1036 618 1082 tarn
649 1037 833 1093 regum
859 1032 1021 1089 quam
1047 1022 1105 1070 et
1130 1013 1526 1068 universorum.
1569 1007 1703 1061 Nam
1734 1003 1963 1060 diversis
1988 1017 2087 1072 pro

506 1116 666 1171 rebus
709 1113 850 1166 diem
887 1105 1226 1164 Dominicum
1273 1100 1404 1156 inibi
1457 1106 1673 1154 acturos
1722 1112 1780 1150 se
1821 1095 2089 1151 delibera-

507 1213 656 1261 runt.
714 1203 773 1258 In
807 1216 914 1273 quo
935 1241 950 1264 ,
981 1198 1148 1253 missa
1184 1200 1405 1265 peracta
1430 1233 1445 1257 ,
1485 1190 1690 1246 amicos
1724 1196 1780 1243 et
1816 1187 2084 1252 inimicos,

505 1294 691 1352 ﬁdeles
708 1303 764 1349 et
782 1290 1025 1347 infideles
1042 1287 1249 1358 pariter
1271 1284 1562 1355 sepultura:
1584 1280 1897 1344 tradebant;
1933 1278 2089 1348 plaga

504 1393 805 1455 correptos,
861 1398 925 1437 ac
974 1378 1287 1442 semivivos,
1328 1374 1516 1430 eodem
1566 1371 1728 1427 modo
1778 1370 1982 1425 viribus
2023 1383 2091 1424 ex

507 1476 689 1531 animo
737 1472 1073 1528 refovebant.
1122 1466 1386 1529 Posthos
1419 1505 1434 1529 ,
1474 1462 1565 1533 qui
1604 1461 1727 1531 fuga
1764 1467 2088 1525 evaserant,

507 1569 774 1624 miserunt
818 1564 1104 1620 offerentes
1135 1602 1152 1628 ,
1202 1560 1247 1615 si
1286 1556 1486 1613 reverti
1534 1570 1665 1611 sana
1715 1553 1818 1609 ﬁde
1854 1552 2089 1619 vellent,

508 1659 688 1717 omnia
727 1656 919 1712 delicta
958 1652 1178 1709 remitti.
1218 1650 1347 1704 Post
1389 1647 1503 1702 haec
1542 1660 1695 1717 reges
1722 1685 1737 1710 ,
1778 1643 2087 1714 populique,

510 1763 671 1819 super
709 1747 877 1801 fratre
921 1743 1225 1815 populoque
1262 1739 1571 1796 Christiano
1620 1736 1860 1792 dolentes
1891 1776 1906 1801 ,
1963 1748 2091 1805 per-

2190 630 2479 700 acquievit.
2511 626 2739 694 Quidam
2772 634 2950 679 tamen
2973 638 3004 677 a
3030 622 3255 694 Pippino
3283 621 3649 685 desciverunt,
3710 629 3775 675 et

2190 724 2296 778 hoc
2326 729 2537 776 tantum
2559 717 2783 789 praefata
2809 716 3081 787 expeditio
3105 714 3304 770 Karolo
3341 712 3583 785 profuit,
3624 725 3775 781 quos

2190 813 2313 868 illos
2364 812 2468 868 sibi
2514 811 2805 866 foederatos
2852 808 3073 878 recepit.
3124 807 3332 861 Interea
3384 804 3767 870 Adhelardus,

2190 901 2481 971 caeterique
2510 941 2524 966 ,
2583 915 2718 970 quos
2769 898 2999 953 Karolus
3047 897 3115 952 ad
3161 896 3401 952 Francos
3447 896 3765 961 direxerat,

2190 996 2331 1052 scire
2355 995 2577 1065 cupiens
2607 994 2653 1049 si
2689 994 2757 1047 ad
2781 992 2928 1047 illum
2958 992 3156 1047 reverti
3181 990 3398 1056 vellent,
3426 989 3766 1045 Carisiacum

2190 1089 2468 1143 venientes
2497 1103 2604 1158 quo
2642 1086 2719 1141 illi
2743 1094 2803 1139 ut
2832 1086 3027 1140 missos
3057 1084 3315 1154 dirigeret
3346 1082 3740 1137 mandaverant

2189 1194 2492 1251 perpaucos
2517 1178 2735 1233 obviam
2770 1175 3073 1231 habuerunt
3106 1192 3117 1228 :
3148 1174 3239 1244 qui
3270 1174 3373 1228 hoc
3394 1173 3691 1237 dicebant,
3722 1174 3770 1227 si

2192 1273 2333 1328 idem
2382 1271 2612 1326 Karolus
2660 1268 2727 1324 ad
2756 1282 2996 1338 praesens
3038 1274 3212 1333 esset,
3268 1265 3336 1319 ad
3378 1263 3528 1319 illum
3582 1263 3773 1319 venire

2190 1368 2411 1422 minime
2479 1363 2777 1421 dili‘errent.
2827 1360 2997 1416 Aliter
3056 1369 3236 1415 autem
3284 1360 3499 1415 nescire
3545 1359 3772 1415 aiebant

2191 1467 2372 1514 utrum
2418 1457 2625 1512 viveret
2670 1471 2736 1509 au
2773 1470 2901 1509 non.
2950 1452 3296 1508 Jactaverant
3346 1451 3492 1507 enim
3538 1451 3626 1516 hi,
3675 1451 3771 1520 qui

2191 1549 2333 1621 parti
2381 1546 2639 1602 Lodharii
2700 1545 3066 1600 assentiebant
3102 1584 3117 1610 ,
3178 1543 3231 1598 in
3279 1542 3465 1615 prazlio
3512 1541 3775 1597 Karolum

2200 1638 2483 1701 cecidisse,
2514 1636 2900 1691 Lodhuvvicum
2933 1634 3295 1698 vulneratum,
3322 1642 3378 1687 et
3407 1631 3531 1703 fuga
3561 1631 3775 1701 lapsum

2195 1730 2390 1785 abisse.
2421 1728 2761 1798 Quapropter
2792 1725 3154 1781 inconsultum
3195 1725 3441 1790 aiebant,
3469 1725 3523 1778 in
3548 1725 3778 1780 incertis

509 1814 717 1895 contari
766 1814 1045 1907 episcOpos
1078 1837 1390 1902 coeperunt,
1429 1827 1558 1898 quid
1596 1842 1756 1897 agere
1792 1839 1953 1895 super
1990 1824 2094 1878 hoc
2118 1896 2162 1907 Ἀ
2194 1820 2357 1875 rebus
2383 1818 2604 1889 aliquod
2631 1817 2810 1872 fmdus
2838 1833 2960 1872 cum
2997 1815 3239 1888 quolibet.
3281 1815 3420 1871 inire
3447 1814 3663 1871 debere.
3704 1819 3780 1869 At

509 1932 724 2004 negotio
745 1896 1019 2013 deberent.
1038 1896 1402 1995 Quamobrem
1416 1896 1697 1977 unanimes
1717 1920 1785 1974 ad
1802 1917 2087 1974 concilium
2118 1896 2164 1955 Β
2194 1909 2531 2013 ςὲιιηιὺοιάυδ
2555 1950 2571 1975 ,
2625 1910 2915 2012 Cteterique
2956 1909 3275 2013 coaduna‘ti,
3313 1922 3475 1977 supra
3517 1907 3779 1979 prmfatos

512 2039 702 2093 omnes
728 2011 965 2094 episcopi
992 2018 1289 2081 confluunt,
1320 2016 1704 2081 inventumque
1734 2011 1787 2065 in
1826 2016 2094 2064 conventu

510 2109 726 2189 publico
745 2124 849 2181 est,
864 2114 1006 2185 quod
1031 2127 1130 2183 pro
1156 2110 1270 2166 sola
1285 2106 1494 2178 iustitia
1515 2116 1570 2161 et
1586 2103 1838 2174 aequitate
1853 2102 2095 2157 decerta-

510 2209 703 2270 verint,
720 2216 774 2262 et
802 2207 904 2261 hoc
920 2204 1013 2260 Dei
1033 2201 1238 2274 judicio
1265 2196 1609 2255 manifestum
1634 2194 1884 2250 effectum
1907 2193 2008 2259 sit;
2032 2207 2097 2248 ac

511 2316 609 2373 per
635 2300 741 2357 hoc
765 2298 1019 2355 immunis
1056 2296 1232 2352 omnis
1267 2293 1360 2348 Dei
1397 2292 1642 2347 minister
1666 2291 1718 2344 in
1747 2290 1851 2344 hoc
1877 2287 2096 2359 negotio

512 2387 721 2458 haberi,
756 2399 869 2446 tam
896 2405 1087 2445 suasor
1117 2402 1281 2458 quam
1310 2384 1550 2450 effector,
1580 2382 1819 2437 deberet.
1865 2381 1934 2435 At
1975 2379 2098 2450 qui-

514 2498 725 2554 cunque
753 2482 1003 2539 conscius
1027 2479 1130 2536 sibi
1162 2486 1256 2534 aut
1278 2478 1378 2542 ira,
1410 2483 1504 2530 aut
1532 2475 1677 2538 odio,
1704 2479 1798 2526 aut
1822 2485 1961 2525 vana
1985 2470 2099 2540 glo-

513 2576 594 2632 ria
613 2617 626 2641 ,
653 2585 746 2630 aut
779 2582 925 2632 certe
954 2572 1194 2643 quolibet
1217 2569 1352 2624 vitio
1380 2566 1636 2637 quiddam
1663 2565 1714 2619 in
1746 2564 1848 2619 hac
1877 2563 2098 2633 expedi-

514 2667 659 2721 tione
687 2666 877 2729 suasit,
900 2662 987 2719 vel
1015 2662 1202 2733 gessit,
1225 2668 1370 2714 esset
1396 2672 1522 2712 vere
1555 2655 1835 2711 confessus
1868 2664 2094 2720 secrete,

516 2756 709 2812 secreti
746 2754 945 2819 delicti,
986 2761 1042 2808 et
1072 2752 1365 2808 secundum
1390 2749 1609 2805 modum
1639 2745 1810 2819 culpae
1842 2747 2100 2816 dijudica-

517 2853 685 2899 retur.
732 2842 1115 2899 Verumtamen
1149 2843 1201 2898 in
1240 2840 1587 2897 veneratione
1627 2854 1691 2893 ac
1737 2838 1892 2893 laude
1937 2849 2099 2895 tantae

518 2932 898 2991 declarationis
925 2933 1172 3003 justitim,
1209 2947 1306 3003 pro
1334 2930 1680 2995 remissione,
1718 2929 1927 2985 delictis
1958 2945 2101 2985 mor-

520 3033 734 3080 tuorum
759 3023 988 3078 fratrum
1017 3038 1237 3079 suorum
1267 3022 1341 3093 (in
1377 3036 1441 3076 eo
1466 3022 1609 3092 quod
1644 3018 1944 3091 imperfecti
1972 3035 2097 3090 pec—

519 3117 655 3173 catis
682 3116 1161 3172 interVenientibus
1189 3130 1248 3169 se
1278 3124 1559 3179 noverant,
1599 3122 1659 3167 ut
1698 3114 1751 3167 in
1790 3112 1972 3168 multis
2004 3127 2098 3167 vo-

519 3209 690 3265 lentes
711 3209 1060 3278 nolentesque
1078 3205 1480 3276 delinquebant)
1507 3206 1583 3260 uti
1614 3221 1711 3259 suo
1742 3204 2007 3273 adiutorio
2029 3204 2097 3260 ab

519 3301 606 3357 his
640 3301 791 3355 exuti
826 3299 1201 3355 liberarentur.
1246 3298 1466 3367 Insuper
1506 3306 1705 3362 autem,
1736 3297 1811 3351 uti
1839 3296 2100 3352 hactenus

522 3394 575 3449 in
598 3392 807 3462 iustitia
835 3391 1048 3461 adiutor
1073 3401 1128 3449 et
1150 3398 1428 3463 protector
1459 3389 1565 3445 illis
1599 3389 1740 3444 Deus
1766 3391 1997 3457 exstitit,
2025 3391 2100 3445 ita

521 3493 576 3539 et
616 3484 867 3553 deinceps
911 3484 1109 3553 ubique
1145 3483 1420 3538 existeret.
1470 3480 1683 3551 Proque
1725 3481 1810 3536 his
1851 3482 2101 3539 omnibus

523 3574 827 3629 triduanum
861 3572 1124 3642 jejunium
1165 3572 1484 3642 iniunctum,
1519 3571 1733 3642 imoque
1770 3570 2000 3628 libenter
2037 3588 2102 3629 ac

522 3666 735 3722 celebre
767 3665 1095 3721 celebratum
1130 3672 1233 3720 est.

590 3756 687 3812 His
715 3757 787 3812 ita
830 3758 990 3812 rebus
1041 3756 1309 3827 peractis,
1356 3756 1719 3812 Ludhuvvicus
1749 3765 1807 3812 ut
1848 3758 2099 3813 Rhenum

521 3858 748 3920 peteret,
777 3850 1015 3905 decrevit
1046 3867 1059 3901 :
1085 3848 1313 3903 Karolus
1334 3856 1511 3903 autem
1536 3849 1765 3903 diversis
1791 3864 1889 3918 pro
1915 3850 2099 3912 rebus,

523 3950 579 3996 et
603 3941 837 3996 maxime
871 3949 1091 4011 propter
1117 3940 1439 4010 Pippinum,
1477 3949 1537 3994 ut
1564 3940 1710 3994 illum
1742 3941 1844 3993 sibi
1872 3940 2103 3996 subdere

527 4030 800 4095 studeret,
853 4030 907 4084 in
939 4029 1287 4099 Aquitaniam
1315 4036 1375 4082 ut
1412 4029 1874 4098 proficisceretur,
1924 4037 2100 4084 ratum

527 4124 698 4179 duxit.
735 4122 866 4178 Nam
901 4122 1205 4178 Bernardus
1245 4121 1350 4176 dux
1382 4121 1730 4193 Septimanite
1751 4164 1766 4188 ,
1794 4138 2102 4193 quanquam

529 4227 560 4267 a
585 4212 705 4267 loco
725 4211 965 4282 praedicti
986 4210 1154 4280 pra-lii
1176 4211 1296 4280 plus
1321 4210 1500 4265 minus
1514 4209 1699 4265 leuvas
1722 4220 1831 4266 tres
1846 4209 2098 4276 defuerit,

528 4301 706 4357 neutri
732 4301 785 4355 in
812 4300 916 4355 hoc
940 4300 1156 4371 negotio
1193 4300 1623 4370 supplementum
1653 4300 1772 4355 fuit.
1806 4302 2102 4357 Victoriam

532 4379 713 4447 autem
737 4400 799 4446 ut
828 4391 1008 4447 Karoli
1034 4406 1152 4447 esse
1172 4391 1378 4456 didicit,
1405 4392 1571 4447 ﬁlium
1595 4408 1752 4448 suum
1774 4394 2102 4451 Willelmum

531 4485 599 4540 ad
659 4481 807 4538 illum
860 4483 1080 4538 direxit.
1132 4483 1199 4538 Et
1244 4483 1291 4539 si
1336 4485 1615 4550 honores,
1670 4499 1805 4554 quos
1855 4484 1994 4540 idem
2047 4485 2102 4539 in

2194 2000 2375 2056 Karoli
2434 2002 2629 2056 missos
2683 2000 2894 2056 irruere
2942 2015 3001 2056 se
3048 2000 3423 2065 simulabant;
3480 2011 3534 2054 et
3582 2002 3776 2071 utique

2194 2092 2491 2159 fecissent,
2540 2093 2589 2147 si
2624 2093 2740 2147 ausi
2782 2100 2985 2147 essent.
3020 2091 3359 2164 Quapropter
3403 2091 3471 2146 ad
3512 2090 3772 2146 Karolum

2193 2182 2531 2240 Adbelardus
2582 2192 2638 2239 et
2692 2184 2873 2240 caeteri
2922 2182 3233 2248 miserunt,
3288 2183 3651 2248 mandantes,
3712 2193 3775 2237 ut

2196 2278 2519 2349 quantocius
2566 2284 2788 2347 posset,
2840 2276 3024 2331 venire
3067 2284 3371 2347 satageret,
3413 2285 3679 2345 quatenus
3717 2285 3776 2329 et

2196 2370 2299 2424 illis
2329 2368 2653 2438 adjutorium
2682 2370 2980 2439 praeberet;
3007 2377 3062 2423 et
3088 2369 3133 2424 si
3157 2367 3373 2434 Franci,
3404 2369 3482 2423 uti
3522 2370 3770 2435 aiebant,

2196 2460 2263 2514 ad
2314 2458 2460 2513 illum
2517 2460 2705 2515 venire
2750 2460 2985 2525 vellent,
3037 2460 3176 2515 scire
3223 2468 3424 2529 posset.
3475 2458 3575 2529 [psi
3635 2476 3766 2515 vero

2195 2549 2531 2604 Parisiacam
2594 2550 2866 2607 civitatem
2922 2551 3120 2606 adeunt
3149 2592 3164 2613 ,
3233 2551 3517 2606 adventum
3586 2550 3773 2607 Κποιί

2198 2642 2585 2713 przestolaturi.
2603 2642 2756 2710 Quod
2780 2658 2900 2697 cum
2923 2642 3121 2698 Karolo
3143 2646 3505 2710 nuntiaretur,
3524 2644 3772 2714 protinus

2199 2735 2283 2790 his
2312 2736 2365 2789 i‘n
2391 2735 2632 2806 partibus
2672 2737 2777 2790 iter
2804 2736 3018 2791 direxit.
3044 2736 3126 2791 Ad
3155 2736 3460 2806 Sequanam
3499 2747 3681 2793 autem
3710 2750 3771 2794 ut

2199 2827 2465 2897 pervenit,
2494 2827 2858 2884 Adhelardum
2884 2844 2992 2881 una
3017 2844 3138 2883 cum
3165 2829 3376 2884 caeteris
3403 2830 3459 2883 in
3487 2828 3771 2900 Spedonna

2199 2919 2411 2973 obviam
2460 2920 2668 2974 habuit.
2723 2919 2787 2974 Et
2833 2936 3140 2991 quanquam
3166 2928 3387 2991 propter
3415 2931 3771 2987 conventum,

2200 3010 2344 3079 quod
2377 3026 2499 3064 cum
2532 3009 2700 3064 fratre
2746 3010 2799 3064 in
2841 3010 3188 3082 Lingonieam
3233 3012 3425 3067 urbem
3469 3011 3587 3067 Kal.
3621 3012 3770 3083 Sept.

2201 3104 2554 3171 condixerat,
2610 3105 2865 3174 quoniam
2916 3106 3259 3169 imminebat,
3314 3105 3505 3161 anxius
3566 3114 3709 3161 esset
3755 3124 3769 3159 :

2202 3207 2377 3253 ratum
2419 3198 2604 3261 duxit.
2648 3210 2707 3253 ut
2734 3200 2923 3256 saltem
2954 3201 3118 3255 citato
3141 3215 3300 3256 cursu
3327 3216 3423 3272 per
3452 3203 3641 3257 urbem
3676 3202 3778 3257 Bc-

2203 3289 2506 3345 luacensem
2528 3331 2543 3356 ,
2585 3306 2649 3345 ac
2675 3290 2867 3345 deinde
2890 3307 2987 3361 per
3024 3286 3408 3362 compendium
3434 3302 3490 3349 et
3526 3292 3779 3348 Suessio-

2199 3397 2320 3443 nes,
2343 3382 2469 3436 hinc
2495 3397 2594 3452 per
2618 3382 2979 3437 Rhcmcnsem
3001 3392 3057 3438 et
3085 3382 3500 3440 Cadelonensem
3519 3424 3535 3449 ,
3576 3384 3780 3453 Lingo-

2200 3472 2379 3525 nicam
2413 3480 2622 3541 peteret
2658 3473 2884 3537 urbem;
2916 3483 3186 3543 quatenus
3210 3490 3275 3529 eo
3300 3483 3481 3530 tenore
3513 3475 3597 3541 id,
3624 3477 3779 3545 quod

2201 3578 2322 3619 cum
2341 3562 2509 3619 fratre
2534 3572 2800 3619 statuerat
2820 3566 3110 3622 observare
3128 3569 3385 3633 studeret,
3408 3575 3463 3623 et
3481 3567 3526 3623 si
3548 3568 3779 3638 quilibet

2201 3670 2232 3709 e
2252 3655 2475 3711 Francis
2501 3655 2568 3711 ad
2593 3656 2741 3712 illum
2766 3658 2950 3714 venire
2971 3660 3150 3723 vellet,
3178 3669 3377 3729 posset.
3411 3658 3606 3715 Franci
3641 3674 3765 3715 vero

2201 3749 2445 3804 eamdem
2474 3750 2817 3818 paucitatem,
2849 3767 3009 3821 quam
3044 3760 3098 3807 et
3125 3751 3378 3821 Aquitani
3418 3760 3763 3820 spreverant,

2202 3848 2558 3907 spernentes,
2605 3841 2772 3895 variis
2816 3841 3122 3897 ﬁctionibus
3174 3842 3252 3895 illi
3298 3856 3357 3897 se
3396 3855 3496 3913 per
3540 3857 3774 3912 praesens

2206 3929 2441 3984 subdere
2461 3930 2803 3984 distulerunt.
2837 3930 2988 3998 Quod
3012 3942 3069 3986 ut
3093 3931 3321 3987 Karolus
3342 3933 3612 4002 cognovit,
3641 3946 3776 4002 prae-

2205 4022 2372 4077 fatum
2421 4024 2525 4077 iter
2547 4024 2853 4080 accelerare
2889 4027 3072 4095 cmpit.
3105 4022 3344 4096 Cumque
3396 4024 3773 4080 Suessonicam

2202 4122 2411 4185 peteret
2454 4115 2664 4181 urbem,
2696 4116 2946 4171 monachi
2990 4117 3056 4172 de
3085 4126 3273 4172 sancto
3304 4115 3556 4171 Medardo
3585 4131 3777 4171 occur-

2203 4216 2394 4261 rerunt
2430 4206 2526 4273 illi,
2560 4208 2915 4277 deprecantes
2941 4217 3001 4262 ut
3043 4222 3272 4279 corpora
3306 4219 3615 4263 sanctorum
3661 4207 3771 4261 Me-

2202 4297 2379 4360 dardi,
2412 4295 2742 4361 Sebastiani,
2769 4298 3034 4368 Gregorii,
3061 4298 3330 4373 Tiburcii,
3360 4298 3504 4354 Petri
3539 4307 3595 4350 et
3635 4296 3775 4351 Mar-

2203 4387 2413 4453 cellini,
2449 4387 2627 4455 Marii,
2670 4388 2924 4454 Marthae,
2954 4389 3187 4445 Audifax
3228 4398 3284 4444 et
3319 4389 3568 4455 Abacuc,
3600 4388 3778 4445 Hone-

2202 4480 2363 4547 simi,
2395 4480 2672 4537 Meresinze
2718 4491 2774 4537 et
2817 4482 3112 4548 Leocadite,
3158 4483 3412 4548 Mariani,
3462 4483 3693 4553 Pelagii,
3723 4494 3778 4538 et

531 4574 840 4666 Burgundia
885 4574 1100 4639 habuit,
1143 4573 1331 4666 eidem
1364 4574 1572 4666 donare
1603 4573 1796 4666 vellet,
1836 4582 1897 4629 ut
1930 4588 1989 4630 se
2029 4574 2105 4629 illi
2129 4606 2183 4666 Β
2209 4573 2380 4666 Mauri
2405 4614 2423 4641 ,
2470 4574 2707 4629 Floriani
2754 4590 2877 4666 cum
2915 4591 3009 4631 sex
3035 4575 3295 4631 fratribus
3322 4576 3467 4642 suis,
3512 4575 3776 4657 Gildardi,

533 4665 970 4729 commendaret,
1000 4664 1276 4735 prmeepit.
1312 4663 1537 4735 Insuper
1552 4662 1796 4733 iactabat
1827 4680 1884 4720 se
1924 4679 2102 4735 posse,

534 4770 741 4811 necnon
786 4763 842 4810 et
881 4754 1095 4820 aiebat,
1140 4756 1283 4825 quod
1327 4754 1610 4826 Pippinum
1676 4770 1782 4810 una
1825 4770 1947 4809 eum
1994 4757 2107 4811 suis

536 4847 731 4903 Karolo
752 4846 955 4903 ftedere
976 4861 1085 4917 quo
1103 4846 1309 4901 valeret
1326 4846 1555 4903 subdere
1579 4846 1755 4902 vellet.
1774 4846 1947 4913 Quam
1964 4847 2106 4919 lega-

537 4938 736 4992 tionem
757 4937 987 5006 benigne
1003 4937 1234 5006 excepit,
1261 4944 1317 4991 et
1340 4936 1867 5007 sicutpostulaverat
1880 4951 1977 5007 per
1996 4952 2107 4993 om-

535 5028 623 5083 nia
656 5027 924 5082 concessit
961 5046 975 5082 :
1006 5043 1235 5083 monens
1253 5038 1315 5083 ut
1338 5030 1404 5083 de
1431 5027 1657 5100 Pippino
1685 5038 1737 5083 et
1780 5030 1922 5094 suis,
1963 5030 2104 5100 quod

538 5119 922 5191 promiserant,
937 5120 989 5175 in
1010 5129 1268 5190 quantum
1282 5129 1483 5191 posset,
1510 5122 1956 5192 utperﬁceretur,
1980 5139 2105 5194 ope-

539 5226 653 5266 ram
683 5211 857 5265 daret.
893 5208 1136 5279 Cumque
1155 5209 1386 5266 adversa
1411 5210 1650 5281 undique
1678 5212 1930 5281 propulsa
1954 5213 2106 5267 vide-

537 5310 743 5364 rentur,
766 5316 830 5356 ac
852 5315 979 5371 spes
999 5300 1373 5370 prosperitatis
1392 5300 1586 5371 cuique
1598 5301 1727 5356 hinc
1741 5301 1864 5357 inde
1880 5300 2105 5367 faveret,

539 5391 901 5447 Lodhuwicus
937 5404 1059 5444 cum
1092 5390 1202 5445 suis
1227 5390 1475 5445 Rhenum
1509 5390 1685 5461 petiit,
1727 5391 1955 5447 Karolus
1981 5407 2109 5447 vero

539 5496 645 5535 una
678 5496 800 5537 cum
840 5489 1015 5535 matre
1055 5479 1286 5550 Ligerim
1329 5480 1480 5535 adiit.
1525 5480 1635 5536 Res
1678 5489 1858 5537 autem
1892 5481 2107 5551 publica

540 5571 894 5628 inconsultius
919 5587 1084 5641 quam
1129 5580 1405 5642 oporteret
1430 5572 1661 5638 omissa,
1699 5588 1805 5642 quo
1840 5587 2108 5644 quemque

542 5667 787 5723 voluntas
826 5668 1025 5738 rapuit,
1067 5664 1322 5738 perfacile
1363 5666 1597 5721 omissus
1625 5667 1907 5722 abscessit.
1956 5665 2107 5733 Quod

541 5759 756 5831 quidem
800 5758 1054 5829 Pippinus
1087 5757 1347 5822 audiens,
1378 5756 1540 5827 paulo
1581 5765 1706 5811 ante
1745 5757 2107 5813 desideratum

542 5865 665 5905 cum
702 5850 794 5906 illo
821 5850 996 5906 faedus
1020 5851 1159 5905 inire
1183 5849 1411 5906 distulit.
1438 5847 1745 5903 Bernardus
1777 5846 1993 5917 quidem
2039 5851 2107 5904 ad

2208 4665 2427 4732 Sere‘ni,
2455 4676 2511 4721 et
2552 4666 2733 4722 domni
2756 4665 2984 4738 Remigii
3016 4666 3480 4738 Rothomagorum
3512 4668 3779 4738 archiepi-

2206 4758 2373 4827 scopi,
2404 4757 2457 4810 in
2484 4757 2783 4819 basilicam,
2816 4756 3074 4810 ubinunc
3101 4758 3406 4826 quiescunt,
3429 4765 3483 4811 et
3500 4756 3611 4826 jam
3650 4765 3777 4812 tunc

2209 4847 2443 4901 maxima
2485 4861 2552 4901 ex
2581 4854 2733 4917 parte
2753 4845 3015 4902 aedificata
3036 4855 3171 4912 erat,
3202 4845 3542 4902 transferret.
3571 4845 3777 4913 Quibus

2207 4938 2593 5008 acquiescens,
2635 4937 2767 4992 inibi
2812 4937 3103 5003 remansit,
3146 4945 3202 4993 et
3227 4938 3306 4993 uti
3354 4936 3773 5008 postulaverant,

2206 5031 2488 5085 beatorum
2514 5042 2739 5097 corpora
2771 5028 3008 5100 propriis
3038 5028 3281 5084 humeris
3303 5043 3426 5084 cum
3446 5029 3593 5084 omni
3620 5044 3767 5085 vene-

2209 5119 2419 5175 ratione
2453 5118 2749 5173 transtulit.
2782 5118 3005 5190 Insuper
3026 5127 3081 5174 et
3103 5119 3282 5175 villam
3302 5160 3318 5185 ,
3352 5135 3473 5190 qua:
3499 5118 3774 5175 Barnacha

2208 5209 2428 5273 dicitur,
2453 5209 2617 5264 rebus
2636 5207 2880 5278 ejusdem
2906 5209 3151 5266 ecclesiae
3176 5225 3274 5279 per
3292 5210 3529 5265 edictum
3551 5210 3772 5265 addidit.

2210 5296 2303 5352 His
2324 5296 2399 5352 ita
2425 5298 2684 5367 peractis,
2716 5297 3073 5353 Rhemensem
3100 5299 3288 5354 urbem
3308 5287 3480 5369 petiit.
3514 5299 3632 5367 Quo
3656 5315 3776 5355 cum

2208 5388 2478 5452 venisset,
2529 5389 2776 5443 nuntium
2830 5390 3069 5460 recepit,
3110 5390 3252 5459 quod
3302 5390 3663 5447 Lodbuvricus
3711 5391 3778 5446 ad

2212 5488 2534 5535 conventum
2558 5521 2574 5548 ,
2617 5482 2759 5551 quod
2799 5481 2854 5536 in
2900 5480 3248 5554 Lingonicam
3294 5485 3484 5539 urbem
3530 5484 3780 5539 condixe-

2212 5581 2363 5638 rant,
2422 5573 2607 5628 venire
2663 5588 2768 5629 non
2812 5583 3015 5644 posset,
3061 5589 3127 5629 eo
3175 5575 3320 5644 quod
3378 5574 3681 5631 Lodharius
3726 5575 3780 5629 in

2214 5683 2435 5738 regnum
2464 5667 2606 5722 illius
2646 5666 2830 5722 hostili
2871 5682 3032 5721 manu
3058 5668 3268 5721 irruere
3288 5666 3467 5722 vellet.
3499 5666 3780 5721 Mandave-

2212 5768 2336 5814 rant
2359 5759 2520 5814 etiam
2544 5760 2650 5814 huc
2669 5757 2963 5813 avunculus
2987 5756 3103 5825 ejus
3147 5772 3358 5813 necnon
3378 5764 3433 5812 et
3451 5754 3783 5812 Gislebertus

2214 5863 2396 5905 comes
2454 5848 2881 5903 Mansuariorum
2933 5845 3432 5919 [Mausuariorum],
3479 5848 3523 5902 si
3578 5848 3636 5903 in
3677 5848 3783 5904 illis
