4032 6434
268 452 339 508 65
976 441 1066 496 DE
1103 434 1661 494 DISSENSIONIBUS
1700 429 2025 488 FILIORUM
2067 429 2388 486 LUDOVICI
2429 429 2536 484 PII.
2574 458 2643 469 —-
2677 427 2805 482 LIB.
2846 426 2932 480 Ill.
3450 423 3521 480 66

268 561 515 634 partibus
548 559 734 622 iisset,
783 553 852 610 ad
878 553 1027 609 illum
1074 568 1136 610 se
1162 567 1268 606 una
1313 566 1437 607 cum
1484 547 1695 605 caeteris
1722 560 1844 602 esse
1872 547 1922 607 A
1945 544 2250 598 Lodharius
2281 543 2568 598 transitum
2606 541 2738 597 inibi
2766 540 3002 609 undique
3031 536 3522 634 sibiiprohibitum,

270 662 552 709 VCDlUl‘US.

345 743 486 813 Ergo
514 749 621 794 tam
647 755 748 809 pro
771 738 960 792 fratris
982 734 1272 804 adiutorio,
1303 749 1464 803 quam
1489 740 1542 787 et
1569 741 1628 785 ut
1655 731 1771 792 hos,
1803 726 1848 782 si

272 835 338 888 ad
369 834 519 887 illum
549 833 732 888 venire
762 831 982 894 vellent,
1009 829 1252 898 recipere
1270 834 1473 896 posset,
1501 823 1568 879 ad
1591 823 1848 878 Sanctum

273 923 589 991 Quintinum
622 923 724 976 iter
759 920 975 974 direxit.
1007 918 1123 985 Quo
1149 917 1363 986 quidem
1389 916 1687 985 Hugonem,
1711 912 1851 966 sicut

274 1015 646 1076 mandaverat,
679 1011 893 1066 obviam
922 1009 1133 1074 habuit,
1181 1016 1236 1062 et
1259 1007 1384 1061 inde
1429 1007 1481 1059 in
1509 1014 1690 1075 partes
1718 1003 1852 1056 Tra—

267 1105 404 1175 jecti
435 1105 540 1159 iter
584 1102 798 1156 direxit.
843 1100 1146 1155 Lodharius
1171 1106 1349 1152 autem
1373 1105 1435 1150 ut
1459 1096 1574 1150 haec
1623 1093 1850 1158 audivit,

274 1199 476 1254 omisso
505 1198 856 1262 Lodhuwico,
903 1209 1061 1264 quem
1095 1193 1256 1262 paulo
1284 1199 1412 1247 ante
1452 1189 1704 1260 persequi
1745 1197 1853 1242 sta-

275 1297 476 1354 tuerat,
497 1306 525 1342 a
553 1288 860 1342 Warmacia
876 1287 945 1341 ad
964 1293 1308 1349 conventum,
1338 1283 1482 1352 quod
1505 1282 1572 1335 ad
1598 1278 1854 1334 Teotonis

276 1384 457 1436 villam
508 1382 804 1439 indixerat.
860 1381 963 1433 iter
1013 1377 1268 1446 arripuit,
1320 1383 1376 1428 et
1419 1372 1650 1442 qualiter
1693 1384 1856 1439 super

275 1474 530 1527 Karolum
579 1473 844 1534 irrueret,
899 1469 1148 1525 intendit.
1182 1467 1334 1535 Quod
1370 1481 1491 1520 cum
1529 1463 1759 1518 Karolus
1800 1462 1854 1515 in

276 1563 597 1617 Wasiticum
626 1563 918 1625 didicisset,
961 1561 1263 1630 llugonem,
1296 1565 1351 1612 et
1377 1555 1739 1610 Adhelardum
1757 1593 1774 1619 ,
1803 1562 1858 1608 et

275 1653 656 1716 Gislebertum,
685 1669 786 1706 una
819 1667 940 1706 cum
970 1649 1212 1714 ueteris,
1258 1660 1318 1702 ut
1353 1663 1477 1702 eum
1504 1645 1706 1700 foedere
1751 1659 1857 1712 quo

275 1744 515 1797 valerent
536 1744 637 1798 sibi
665 1740 1272 1807 adnecterent,direxit.
1313 1739 1664 1793 Rabanonem
1689 1737 1856 1790 etiam

276 1837 343 1888 ad
388 1835 770 1888 Lodhuwicum
799 1835 1058 1904 dirigens,
1090 1832 1308 1885 mandat
1353 1829 1589 1898 qualiter
1616 1843 1712 1896 pro
1761 1841 1859 1880 suo

1951 649 2016 690 eo
2038 643 2223 688 tenore
2248 649 2369 688 cum
2389 632 2587 687 Karolo
2608 647 2795 702 pacem
2817 629 2953 685 inire
2982 641 3039 682 se
3058 626 3194 682 velle
3221 625 3524 693 mandavit,

1952 735 2010 782 ut
2042 726 2235 791 fmdus,
2262 725 2406 795 quod
2450 723 2680 778 Karolus
2709 739 2831 778 cum
2874 721 3043 776 fratre
3065 736 3164 775 suo
3195 719 3527 777 Lodhuwioo

1953 819 2311 876 sacramentis
2359 817 2708 880 firmaverat,
2747 816 3037 870 omisisset.
3069 813 3137 868 Et
3174 813 3263 868 ille
3306 821 3526 868 econtra

1953 911 2152 976 foedus,
2181 910 2326 980 quod
2350 924 2471 964 cum
2498 907 2688 978 Pipino
2719 915 2912 977 nepote
2939 921 3035 962 suo
3067 905 3306 960 similiter
3342 919 3526 958 sacra-

1952 1003 2152 1058 mentis
2187 1001 2517 1064 lirmaverat,
2548 998 2858 1062 omitteret,
2898 1004 2952 1051 et
2975 997 3200 1051 haberet
3226 994 3454 1049 Karolus
3497 1009 3528 1048 a

1955 1093 2208 1163 Sequana
2274 1100 2482 1162 partem
2533 1087 2826 1144 Occiduam
2881 1088 3084 1156 absque
3137 1085 3419 1141 Provincia
3477 1091 3532 1140 et

1955 1185 2312 1256 Septimania,
2336 1191 2623 1252 essentque
2644 1181 2798 1252 quasi
2819 1194 2950 1251 pace
2970 1189 3229 1249 perpetua
3258 1179 3528 1233 foederati.

1954 1277 2034 1331 Re
2057 1284 2236 1331 autem
2255 1290 2384 1330 vera
2407 1275 2486 1330 sic
2506 1289 2565 1329 se
2585 1281 2844 1342 utrosque
2866 1269 3080 1325 facilius
3105 1270 3353 1339 decipere
3375 1285 3533 1340 posse

1953 1369 2200 1437 putabat,
2225 1381 2490 1434 omneque
2519 1365 2803 1434 imperium
2846 1363 2948 1416 hac
2974 1369 3092 1415 arte
3122 1359 3376 1414 invadere
3407 1375 3530 1430 spe-

1957 1459 2131 1514 rabat.
2163 1457 2234 1511 At
2279 1456 2510 1511 Karolus
2559 1454 2838 1525 respondit
2875 1467 2935 1507 se
2979 1450 3185 1516 foedus,
3230 1449 3372 1519 quod
3412 1466 3532 1505 cum

1956 1550 2124 1604 fratre
2145 1566 2242 1604 suo
2269 1548 2594 1603 necessitate
2617 1557 2837 1602 coactus
2861 1545 3073 1607 inierat,
3097 1542 3318 1596 minime
3334 1541 3536 1596 violare

1957 1640 2114 1694 velle.
2147 1640 2374 1709 Insuper
2398 1647 2458 1692 ut
2505 1654 2534 1691 a
2566 1637 2710 1692 Mosa
2742 1651 2913 1706 usque
2941 1634 3248 1703 Sequanam
3279 1647 3532 1704 regnum,
3567 1699 3571 1702 i

1958 1732 2104 1802 quod
2129 1740 2285 1800 pater
2308 1731 2383 1784 illi
2407 1730 2650 1792 dederat,
2685 1743 3024 1797 nequaquam
3055 1741 3351 1796 congruum
3386 1725 3533 1779 vide-

1962 1831 2114 1877 retur
2132 1831 2189 1877 ut
2205 1822 2283 1876 illi
2306 1823 2608 1888 omitteret;
2633 1820 2934 1892 praesertim
2961 1834 3083 1873 cum
3113 1827 3263 1872 tanta
3287 1816 3537 1872 nobilitas

274 1925 544 1993 adjutorio
566 1927 669 1980 illis
695 1928 747 1980 in
764 1927 1182 1996 partibusesset.
1218 1923 1372 1990 Quod
1418 1919 1724 1975 Lodharius
1766 1932 1860 1971 au—
1886 1918 1934 1976 B
1963 1914 2112 1968 illum
2157 1923 2342 1968 secuta
2371 1912 2437 1968 de
2469 1913 2553 1967 his
2583 1912 2892 1982 regionibus
2933 1917 3108 1974 esset,
3164 1924 3298 1978 quos
3339 1908 3393 1962 in
3441 1922 3537 1962 sua

273 2018 451 2079 diens,
481 2018 570 2071 illo
607 2019 828 2080 omisso,
865 2032 1027 2085 supra
1054 2031 1111 2069 se
1139 2031 1263 2069 cum
1288 2013 1536 2068 omnibus
1560 2009 1730 2079 copiis
1775 2008 1853 2062 ire

273 2119 520 2179 pararet,
548 2109 613 2161 ad
637 2108 886 2177 Pipinum
917 2107 1099 2176 dirigit
1131 2122 1144 2159 :
1176 2114 1468 2172 monetque
1497 2118 1560 2155 ac
1603 2102 1855 2168 depreca-

281 2207 392 2262 tur,
447 2207 505 2252 ut
557 2199 879 2266 quantocius
907 2205 1118 2266 posset,
1165 2195 1323 2250 solito
1354 2207 1502 2247 more
1532 2189 1856 2257 adjutorium

277 2287 352 2341 illi
397 2295 639 2356 przebere
680 2271 940 2341 stmleret.
976 2287 1201 2354 Insuper
1222 2293 1402 2339 autem
1448 2281 1678 2336 Karolus
1722 2281 1860 2334 Exe-

275 2394 558 2433 menonem
588 2378 946 2433 venerabilem
975 2378 1284 2446 episcopum
1327 2375 1390 2429 ad
1420 2372 1751 2428 Lodharium
1778 2370 1859 2424 di-

274 2469 416 2525 rexit
461 2487 472 2522 :
504 2470 663 2524 solito
707 2484 858 2524 more
891 2468 1164 2523 humiliter
1202 2465 1462 2536 praecepit
1500 2472 1558 2518 ut
1588 2472 1770 2535 roget,
1799 2471 1859 2515 ut

276 2563 544 2624 obsecret,
607 2561 914 2617 meminerit
938 2561 1080 2630 quod
1102 2559 1270 2614 frater
1294 2558 1595 2627 filiolusque
1621 2554 1736 2624 ejus
1767 2555 1855 2609 sit.

280 2654 585 2709 Mennim-rit
609 2671 729 2724 qua:
755 2663 908 2724 pater
956 2653 1099 2706 inter
1123 2652 1241 2706 illos
1271 2658 1570 2715 statuerat,
1599 2664 1719 2717 qua:
1747 2657 1857 2702 tam

278 2747 326 2801 is
372 2762 534 2815 quam
583 2754 639 2799 et
686 2746 768 2800 sui
818 2745 960 2799 inter
989 2744 1110 2798 illos
1159 2742 1496 2811 juraverant.
1549 2739 1860 2794 Meminerit

279 2839 421 2908 quod
456 2837 746 2891 novissime
767 2835 972 2904 judicio
1001 2835 1099 2888 Dei
1140 2834 1280 2888 inter
1309 2832 1429 2887 illos
1463 2831 1716 2886 voluntas
1743 2831 1860 2900 ejus

278 2932 550 2988 declarata
601 2931 689 2985 sit.
719 2930 784 2983 Et
813 2931 855 2985 si
888 2932 1080 2984 horum
1106 2928 1348 2982 omnium
1380 2924 1656 2980 recordari
1692 2924 1857 2990 nolit,

280 3032 460 3078 cesset
488 3037 518 3075 a
550 3021 923 3090 persecutione
970 3027 1170 3074 sanctae
1196 3017 1292 3072 Dei
1337 3015 1595 3072 Ecclesiae
1635 3034 1647 3068 :
1698 3015 1859 3070 mise-

283 3122 464 3170 reatur
509 3129 825 3184 pauperum,
872 3114 1156 3168 viduarum
1184 3153 1196 3176 ,
1246 3111 1753 3181 orphanorumque;
1806 3117 1860 3162 et

283 3222 507 3277 regnum
550 3221 580 3259 a
619 3213 770 3276 patre
797 3221 893 3260 suo
927 3219 1192 3260 consensu
1228 3202 1331 3258 sibi
1373 3203 1557 3257 datum
1585 3210 1646 3256 ut
1674 3201 1856 3271 ingre-

1957 2007 2064 2061 ﬁde
2114 2007 2370 2076 deceptos
2419 2021 2538 2061 esse
2568 2006 2790 2060 minime
2828 2013 3121 2075 oporteret.
3173 2004 3533 2070 Quamobrem

1957 2098 2212 2167 quoniam
2235 2098 2410 2151 hiems
2432 2097 2640 2162 aderat,
2664 2097 2890 2152 haberet
2918 2096 3120 2166 quique
3145 2095 3380 2150 honores
3401 2110 3536 2165 quos

1956 2198 2112 2257 pater
2153 2188 2259 2244 illis
2309 2189 2546 2253 dederat,
2577 2189 2622 2243 si
2645 2188 2821 2252 vellet,
2867 2187 3171 2252 mandavit,
3203 2189 3370 2242 donec
3394 2187 3537 2243 veris

1963 2290 2203 2350 tempore
2244 2282 2329 2335 vel
2357 2297 2479 2336 cum
2503 2282 2711 2350 paucis,
2742 2281 2828 2335 vel
2851 2281 3014 2336 etiam
3045 2297 3166 2336 cum
3196 2280 3342 2335 omni
3371 2280 3539 2334 comi-

1960 2381 2098 2437 tatu,
2121 2373 2683 2443 omnes‘conveniant;
2709 2381 2766 2426 et
2793 2373 2848 2426 ni
2879 2373 3096 2428 statutis
3125 2380 3217 2425 aut
3241 2371 3538 2426 statuendis

1959 2464 2251 2518 concordia
2269 2473 2578 2527 concurrat,
2593 2463 2723 2532 quid
2748 2463 2940 2532 cuique
2964 2463 3241 2525 debeatur,
3265 2463 3432 2516 armis
3448 2463 3539 2516 de-

1960 2562 2204 2608 cernant.
2243 2553 2371 2620 Quae
2403 2554 2618 2622 quidem
2647 2553 2949 2608 Lodharius
2972 2567 3124 2608 more
3150 2553 3307 2608 solito
3337 2553 3540 2621 sprevit

1960 2656 2014 2702 et
2043 2664 2072 2702 a
2096 2646 2295 2702 Sancto
2312 2648 2573 2718 Dionysio
2592 2647 2804 2702 obviam
2828 2645 3037 2715 Pipino,
3063 2647 3154 2716 qui
3172 2647 3239 2699 ab
3253 2645 3541 2713 Aquitania

1961 2739 2029 2794 ad
2056 2738 2205 2792 illum
2236 2738 2517 2804 veniebat,
2543 2738 2786 2793 Senones
2810 2737 2915 2791 iter
2943 2736 3159 2792 direxit.
3188 2736 3418 2791 Karolus
3443 2753 3538 2790 au-

1961 2839 2069 2885 tem
2114 2839 2366 2896 econtra,
2412 2830 2644 2900 qualiter
2683 2829 3069 2885 Lodhuwicum
3113 2829 3170 2883 in
3216 2826 3540 2897 adjut0rium

1967 2939 2125 2980 suum
2156 2924 2398 2994 recipere
2428 2931 2634 2993 posset,
2664 2922 2913 2977 intendit.

2031 3015 2239 3070 Interea
2285 3016 2591 3069 nuntiatum
2647 3023 2729 3069 est
2780 3012 3010 3079 Karolo,
3063 3013 3207 3083 quod
3253 3027 3407 3067 soror
3447 3027 3542 3067 sua

1960 3105 2290 3174 Hildigardis
2327 3105 2676 3177 Adelgarium
2726 3105 3018 3175 quemdam
3062 3119 3131 3159 ex
3177 3104 3288 3158 suis
3325 3112 3539 3172 captum

1961 3199 2213 3266 haberet,
2245 3207 2301 3255 et
2326 3199 2379 3254 in
2409 3200 2546 3254 urbe
2574 3197 2919 3253 Laudunensi
2942 3212 3046 3250 una
3071 3210 3253 3250 secum
3283 3195 3543 3249 custodiri

288 3299 499 3363 diatur,
521 3297 755 3363 omittat,
794 3313 859 3351 ne
900 3296 1036 3350 forte
1065 3296 1258 3351 iterato
1292 3293 1544 3364 populum
1588 3292 1858 3348 Christia-
1886 3295 1932 3359 C
1962 3291 2198 3348 fecisset.
2241 3293 2356 3362 Qua
2385 3309 2484 3363 pro
2514 3309 2574 3348 re
2603 3291 2885 3362 expeditos
2913 3291 2980 3344 ad
3011 3290 3114 3345 hoc
3148 3305 3284 3360 opus
3314 3288 3545 3343 Karolus

284 3407 411 3444 num
443 3389 511 3444 ad
539 3390 738 3445 caedem
776 3398 1018 3444 mutuam
1046 3387 1314 3444 confluere
1340 3385 1645 3456 compellat.
1678 3385 1745 3440 Et
1774 3385 1858 3440 his

280 3481 356 3536 ita
389 3480 725 3548 compositis,
756 3480 897 3533 idem
928 3480 1042 3548 ipse
1072 3479 1404 3533 Parisiacam
1452 3479 1643 3538 urbem
1693 3478 1856 3543 adiit,

288 3579 397 3623 tam
432 3568 618 3621 fratris
640 3569 722 3622 sui
757 3569 1066 3622 Lodhuwici
1097 3569 1408 3632 adventum,
1443 3584 1604 3637 quam
1632 3579 1687 3622 et
1707 3577 1862 3624 crete-

290 3674 380 3711 ros
408 3656 593 3711 ﬁdeles
617 3673 760 3723 suos,
787 3673 921 3726 quos
945 3657 1180 3726 undique
1203 3666 1616 3723 convocaverat,
1644 3667 1865 3726 praesto-

287 3745 518 3800 laturus.
549 3747 696 3809 tguod
721 3762 842 3801 cum
868 3747 1172 3802 Lodharius
1199 3747 1498 3812 didicisset,
1528 3747 1594 3801 ad
1618 3749 1863 3803 eamdem

285 3838 476 3890 urbem
530 3838 633 3891 iter
677 3837 892 3892 direxit.
948 3838 1191 3893 Habebat
1233 3839 1376 3892 enim
1436 3848 1544 3893 tam
1591 3840 1863 3895 Saxonum

284 3942 449 3995 quam
488 3935 543 3981 et
581 3927 1021 3992 Austrasiorum,
1079 3942 1292 3983 necnon
1336 3935 1391 3982 et
1431 3928 1498 3982 de
1545 3928 1864 3983 Alamannis

285 4029 497 4091 partem
547 4021 689 4075 haud
738 4021 1006 4076 modicam
1054 4037 1270 4086 secum;
1315 4021 1619 4091 horumque
1665 4023 1865 4078 auxilio

283 4116 638 4184 praemaxime
667 4116 922 4182 confisus,
961 4117 1027 4171 ad
1059 4116 1317 4171 Sanctum
1347 4117 1661 4189 Dionysium
1696 4118 1860 4172 venit.

287 4204 595 4276 Repererat
643 4216 822 4262 autem
871 4208 1002 4262 inibi
1052 4224 1217 4264 naves
1268 4208 1388 4278 plus
1433 4209 1613 4264 minus
1651 4209 1861 4280 viginti.

287 4298 514 4367 Insuper
564 4315 777 4368 quoque
827 4299 1076 4376 Sequana
1105 4341 1120 4365 ,
1165 4299 1242 4354 uti
1287 4315 1471 4355 mense
1527 4299 1866 4370 Septembrio

291 4388 448 4454 solet,
481 4390 673 4460 exigua
697 4397 842 4455 erat,
874 4390 1269 4460 transitumque
1290 4388 1607 4460 perfacilem
1643 4400 1866 4461 praesta-

290 4480 403 4534 bat.
460 4481 821 4547 Quamobrem
868 4482 1147 4550 jactabant
1195 4497 1254 4537 se
1303 4482 1387 4537 sui
1432 4482 1590 4538 facile
1638 4483 1868 4538 transire

291 4587 452 4642 posse
477 4613 491 4638 ,
543 4582 594 4627 et
626 4574 728 4628 hoc
756 4574 942 4642 utique
986 4573 1308 4628 simulabant
1356 4588 1415 4629 se
1454 4574 1688 4628 maxime
1710 4574 1865 4628 velle.

1960 3382 2062 3439 sibi
2091 3381 2319 3453 delegit,
2367 3398 2432 3438 ac
2468 3383 2716 3452 protinus
2750 3382 3040 3436 decedente
3063 3378 3176 3448 jam
3207 3381 3324 3444 die,
3355 3379 3440 3433 his
3489 3379 3542 3432 in

1959 3475 2210 3546 partibus
2230 3474 2461 3530 festinus
2483 3474 2740 3545 perrexit.
2763 3473 3006 3528 Distabat
3026 3473 3170 3527 enim
3201 3471 3329 3526 urbs
3355 3471 3544 3525 eadem

1960 3567 2081 3635 plus
2111 3566 2289 3620 minus
2316 3567 2499 3620 leuvas
2541 3566 2780 3637 triginta.
2824 3564 2928 3618 Per
2959 3573 3126 3619 totam
3152 3563 3416 3634 siquidem
3448 3578 3545 3618 no-

1969 3662 2115 3707 ctem
2155 3656 2260 3709 iter
2290 3654 2522 3719 faciens,
2545 3655 2869 3724 impediente
2903 3655 3022 3724 gelu
3053 3654 3370 3724 praevalido,
3413 3655 3545 3708 hora

1970 3743 2087 3798 fere
2125 3743 2230 3798 diei
2280 3744 2470 3806 tertia,
2515 3744 3002 3812 insperate-subito
3047 3745 3217 3798 sorori
3249 3753 3302 3797 et
3344 3743 3548 3798 civibus

1966 3851 2089 3890 cum
2141 3832 2350 3887 infinita
2381 3833 2724 3888 multitudine
2753 3833 3034 3888 nuntiatur
3073 3832 3306 3888 Karolus
3335 3835 3544 3899 adesse,

1966 3928 2255 3996 omnisque
2283 3928 2412 3981 urbs
2441 3926 2703 3981 militibus
2727 3925 3059 3980 circumdata
3099 3925 3236 3980 fore.
3270 3925 3386 3992 Quo
3427 3927 3548 3995 qui-

1967 4021 2089 4076 dem
2136 4019 2328 4073 nuntio
2355 4017 2636 4082 exterriti,
2677 4017 2932 4088 quoniam
2963 4033 3062 4072 nec
3107 4017 3400 4083 evadendi,
3449 4034 3550 4074 nec

1969 4112 2158 4166 aderat
2181 4124 2302 4178 spes
2323 4108 2524 4162 muenia
2553 4107 2755 4172 tuendi,
2783 4123 2972 4178 pacem
3003 4109 3102 4163 sub
3126 4124 3231 4162 una
3253 4109 3548 4178 eademque

1967 4209 2126 4256 nocte
2153 4207 2345 4270 petunt
2377 4197 2758 4268 :Adelgarium
2794 4198 3077 4254 confestim
3109 4201 3369 4267 reddunt,
3410 4211 3464 4255 et
3493 4209 3550 4255 ut

1971 4307 2029 4346 se
2055 4291 2354 4359 urbemque
2387 4291 2590 4358 absque
2612 4289 2862 4344 conflictu
2887 4290 2942 4344 in
2990 4291 3288 4345 crastinum
3319 4291 3545 4356 dedant,

1971 4400 2093 4440 cum
2116 4384 2263 4438 omni
2296 4383 2630 4452 subjectione
2655 4383 2999 4453 promittunt.
3025 4383 3160 4439 Dum
3186 4385 3301 4440 haec
3323 4402 3549 4456 ageren-

1971 4483 2076 4538 tur,
2111 4474 2311 4529 milites
2354 4489 2558 4528 moram
2587 4471 2744 4541 hujus
2775 4474 2852 4528 rei
2896 4475 3135 4545 graviter
3175 4474 3425 4541 ferentes,
3460 4479 3545 4533 in-

1974 4582 2137 4637 super
2185 4566 2388 4620 laboris
2434 4566 2592 4621 taedio
2622 4567 2908 4635 praeteritae
2957 4566 3162 4633 noctis,
3215 4568 3357 4636 quod
3403 4570 3547 4636 passi

291 4664 436 4734 Ergo
463 4663 691 4719 Karolus
715 4667 975 4734 quosdam
1001 4665 1266 4720 Parisium
1299 4675 1354 4720 et
1391 4665 1697 4720 Milidonem
1742 4681 1867 4719 cus-
1893 4659 1946 4718 D
1972 4659 2218 4724 fuerant,
2262 4659 2513 4728 permoti,
2543 4659 2596 4712 in
2625 4659 2892 4713 excidium
2920 4659 3071 4714 urbis
3105 4675 3264 4714 ruere
3313 4661 3548 4731 undique

299 4756 468 4810 todire
495 4757 749 4825 praecepit
782 4771 796 4808 :
833 4756 1092 4825 quosdam
1123 4772 1252 4810 vero
1277 4756 1582 4826 ubicunque
1617 4757 1755 4810 vada
1788 4756 1868 4811 vel

295 4847 510 4918 navigia
561 4863 683 4902 esse
730 4857 990 4913 noverat,
1030 4849 1268 4902 residere
1318 4848 1475 4913 fecit;
1511 4849 1625 4916 ipse
1662 4862 1792 4902 vero
1839 4863 1869 4900 e

294 4939 518 5007 regione
555 4940 740 4994 Sancti
773 4939 1012 5010 Dionysii
1035 4937 1187 5006 juxta
1220 4937 1477 4994 Sanctum
1513 4939 1868 4995 Fludualdum

295 5040 479 5085 castra
509 5031 562 5084 in
603 5030 900 5085 meditullio
938 5031 1148 5101 posuit,
1183 5039 1243 5083 ut
1268 5038 1322 5084 et
1360 5030 1632 5084 Lodhario
1657 5071 1671 5094 ,
1719 5031 1763 5085 si
1795 5031 1868 5084 ita

295 5130 592 5190 oporteret,
618 5122 902 5176 transitum
933 5121 1240 5192 prohibere,
1270 5129 1361 5175 aut
1389 5121 1432 5175 si
1480 5121 1677 5175 alicubi
1709 5135 1872 5191 super

295 5229 426 5268 suos
469 5215 678 5267 irruere
708 5213 900 5278 vellet,
947 5213 1052 5268 illis
1094 5228 1408 5267 succurrere
1445 5222 1644 5283 posset.
1697 5213 1763 5268 Et
1814 5221 1873 5268 ut

296 5303 551 5373 perfacile
581 5303 1009 5374 dignosceretur,
1032 5320 1138 5373 quo
1166 5305 1218 5358 in
1247 5304 1369 5359 loco
1391 5305 1715 5375 adjutorium
1738 5321 1872 5375 prae—

296 5395 414 5449 beri
450 5394 703 5458 deberet,
731 5410 881 5450 more
902 5395 1176 5448 maritimo
1202 5394 1354 5463 signa
1385 5396 1436 5448 in
1464 5395 1594 5449 locis
1624 5397 1874 5465 congruis

298 5495 463 5555 atque
505 5486 774 5540 custodias
803 5486 1096 5556 deputavit.
1126 5486 1350 5555 Insuper
1378 5497 1556 5542 autem
1586 5486 1836 5558 Sequana
1855 5530 1869 5555 ,

301 5576 550 5631 mirabile
582 5577 726 5631 dictu
755 5616 769 5640 ,
821 5577 947 5629 dum
988 5591 1087 5630 nos
1131 5591 1393 5644 nusquam
1424 5591 1488 5631 eo
1538 5577 1591 5631 in
1633 5586 1874 5649 tempore

303 5668 446 5724 infra
463 5670 598 5724 duos
619 5685 829 5724 menses
848 5670 1056 5740 pluvias
1075 5683 1195 5725 esse
1216 5670 1482 5736 novimus,
1509 5682 1730 5740 repente
1750 5687 1874 5726 aere

303 5774 500 5815 sereno
539 5767 839 5816 tumescere
863 5761 1046 5830 cmpit,
1075 5776 1139 5815 ac
1168 5768 1358 5830 sponte
1386 5761 1469 5816 his
1501 5763 1553 5816 in
1582 5763 1714 5819 locis
1740 5766 1871 5820 vada

303 5852 505 5920 ubique
516 5851 809 5920 prohibuit.
832 5850 1074 5921 Cumque
1089 5850 1202 5906 haec
1229 5849 1583 5922 itababerent
1599 5892 1614 5921 ,
1646 5870 1874 5910 cernens

1970 4759 2269 4819 coeperunt.
2320 4749 2584 4818 Essetque
2625 4749 2977 4819 proculdubio
3023 4751 3272 4820 protinus
3315 4751 3548 4807 ﬂammis

1973 4843 2282 4912 rapinisque
2332 4844 2530 4898 tradita
2556 4883 2571 4909 ,
2617 4844 2669 4897 ni
2721 4844 2861 4899 idem
2906 4844 3137 4900 Karolus
3179 4846 3546 4901 misericordia

1972 4935 2191 5004 insuper
2220 4933 2571 4988 ecclesiarum
2593 4933 2689 4989 Dei
2715 4935 3046 5006 sororisque,
3076 4952 3177 4992 nec
3201 4952 3309 4992 non
3357 4946 3411 4990 et
3453 4953 3547 5006 po-

1972 5028 2084 5097 puli
2132 5026 2423 5082 Christiani
2485 5036 2794 5098 permotus,
2852 5031 3012 5084 minis
3062 5039 3223 5100 atque
3273 5031 3547 5087 blanditiis

1974 5118 2169 5173 horum
2207 5119 2418 5173 animos
2442 5119 2679 5174 maximo
2717 5119 2902 5176 labore
2935 5136 3281 5192 compescere
3305 5124 3543 5179 studuis-

1975 5219 2079 5265 set.
2109 5209 2257 5276 Quos
2285 5225 2407 5266 cum
2439 5212 2728 5267 abscedere
2766 5212 3013 5278 fecisset,
3043 5222 3104 5269 ut
3126 5230 3281 5271 soror
3308 5213 3547 5285 postula«

1974 5311 2151 5367 verat,
2171 5304 2456 5368 concessit,
2488 5314 2543 5358 et
2571 5304 3005 5361 Salmonciacum
3021 5309 3091 5364 ab
3109 5309 3243 5364 urbe
3273 5307 3542 5364 discessit.

1975 5393 2223 5450 Crastina
2246 5412 2464 5468 quoque
2476 5399 2564 5454 die
2588 5398 2916 5472 Hildigardis
2939 5403 3005 5457 ad
3029 5403 3188 5458 fidem
3206 5417 3379 5465 suam,
3404 5401 3546 5460 sicut

1977 5489 2362 5558 spoponderat,
2416 5490 2588 5554 venit,
2641 5491 2939 5562 urbemque
2986 5493 3204 5548 illaesam
3251 5500 3307 5547 et
3342 5493 3545 5565 absque

1976 5580 2226 5636 conﬂictu
2257 5597 2355 5635 suo
2374 5581 2483 5650 juri
2511 5583 2765 5638 resrituit.
2796 5582 3048 5639 Sororem
3087 5598 3238 5638 suam
3278 5585 3543 5655 siquidem

1976 5671 2204 5727 Karolus
2247 5673 2478 5743 benigne
2523 5675 2765 5742 excepit,
2817 5683 2873 5727 et
2916 5674 3094 5727 omnia
3125 5688 3243 5743 qua:
3285 5676 3546 5733 hactenus

1976 5781 2101 5836 erga
2136 5765 2283 5819 illum
2315 5764 2647 5836 deliquerat,
2691 5765 2765 5819 illi
2792 5763 3032 5818 donavit.
3061 5763 3343 5837 Multisque
3367 5768 3546 5823 verbis

1981 5857 2174 5911 blande
2205 5857 2343 5910 illam
2379 5857 2660 5919 allocutus,
2689 5869 2902 5910 omnem
2935 5855 3342 5930 benignitatem,
3384 5869 3543 5928 quam
