4032 6460
214 415 278 473 σο
913 403 1004 462 DE
1041 398 1600 461 DISSENSIONIBUS
1637 394 1971 455 FlLlGRUM
2006 393 2336 454 LUDOVICI
2366 393 2475 451 Pii.
2512 422 2584 435 --
2614 391 2744 450 LIB.
2782 390 2875 449 IV.
3388 388 3455 444 70

213 525 379 584 cunde
415 536 481 580 Ic
504 520 702 577 metite
727 515 968 575 notanda
989 514 1244 595 videntur
1282 514 1353 572 de
1394 512 1656 584 qualitate
1683 515 1783 569 bo-

1897 508 2231 567 tutlmsioniis
2265 517 2360 565 aut
2395 510 2640 581 vituperii
2666 507 2943 579 quippiam
2982 502 3184 563 tatem
3207 503 3458 595 0011011011

213 631 325 675 rum
358 626 580 683 regum,
611 619 667 667 et
702 609 1060 665 unanimitate
1085 622 1193 679 qua
1234 606 1441 661 interea
1469 603 1772 673 deguerint,

213 722 376 783 pauca
425 704 629 761 referte
672 702 823 758 libet.
868 700 999 757 Erat
1050 700 1266 770 quidem
1318 698 1560 767 utrisqne
1605 695 1777 750 forma

217 800 517 863 mediocris,
549 810 672 853 cum
694 795 842 851 omni
869 796 1065 851 decore
1086 793 1335 866 pulchra,
1360 801 1416 848 et
1436 791 1585 847 omni
1619 798 1779 846 exer-

213 895 336 950 citio
363 901 509 964 apte.
536 889 671 946 Erat
696 900 924 959 uterque
940 888 1120 947 audax
1138 929 1153 952 ,
1181 887 1391 958 largus,
1421 884 1659 957 prudens
1686 894 1783 953 pa-

213 988 342 1043 riter
370 994 427 1041 et
442 986 700 1055 1111011101
716 1020 731 1049 ,
753 995 1078 1051 omnemque
1096 979 1427 1051 prmmissant
1449 976 1781 1032 nobilitatem

212 1077 505 1135 excedebat
526 1074 759 1129 iratrum
792 1081 981 1129 sancte
1020 1086 1088 1127 ac
1127 1069 1430 1125 veneranda
1466 1067 1778 1123 concordia.

214 1167 342 1225 Nam
362 1167 610 1222 convivia
634 1175 793 1221 erant
830 1165 938 1219 illis
978 1177 1116 1232 pene
1154 1161 1390 1224 assidua,
1421 1166 1478 1213 et
1507 1158 1785 1228 quodcun-

213 1274 312 1330 que
343 1258 578 1328 pretium
615 1256 919 1319 habebant,
958 1255 1063 1309 hoc
1089 1252 1225 1308 alter
1262 1250 1415 1308 alteri
1449 1250 1785 1321 perhumane

216 1351 392 1408 dabat.
426 1349 544 1405 Una
573 1349 764 1404 domus
793 1355 910 1403 erat
939 1346 1047 1400 illis
1068 1344 1334 1409 convivii,
1369 1352 1425 1398 et
1454 1342 1558 1396 111111
1586 1340 1781 1397 80111111.

215 1441 254 1497 Τ
260 1441 540 1495 ractabant
572 1447 679 1493 tam
702 1438 833 1519 'pari
859 1452 1128 1493 consensu
1172 1434 1510 1517 communia,
1536 1444 1700 1503 quam
1733 1439 1790 1487 et

211 1532 441 1602 privata.
480 1529 597 1594 Non
648 1510 945 1599 quidquam
994 1526 1141 1581 aliud
1194 1510 1423 1595 quilibet
1472 1525 1683 1580 borum'
1718 1525 1786 1577 ab

212 1626 382 1680 altero
408 1625 655 1695 petebat,
680 1622 785 1679 11181
813 1621 956 1692 quod
983 1620 1114 1676 utile
1144 1635 1208 1675 ac
1234 1632 1529 1690 congruum
1559 1616 1634 1671 illi
1666 1629 1789 1671 esse

213 1717 487 1772 censebat.
518 1713 699 1770 Ludos
727 1713 892 1769 etiam
921 1712 1024 1767 hoc
1048 1711 1240 1769 ordine
1272 1722 1414 1778 stupe
1438 1721 1598 1762 causa
1626 1720 1787 1761 eser-

213 1808 327 1862 citii
357 1806 791 1877 frequentabant.
817 1802 1221 1860 Conveniebant
1250 1810 1429 1859 autem
1467 1811 1789 1868 quocunque

1948 602 2045 658 itis
2087 603 2163 658 ita
2203 617 2264 658 se
2299 603 2645 668 habentibus,
2679 599 3071 655 liarleniannus
3103 600 3227 654 cum
3259 592 3462 669 ingenti

1878 695 2119 752 exercitu
2160 691 2534 763 Baioariorunt
2579 700 2635 747 et
2676 691 3097 746 Alamannorum
3144 689 3213 743 ad
3251 684 3461 758 patrem

1880 802 2036 843 suum
2061 785 2385 858 Mogontiam
2410 784 2578 840 venit.
2599 784 2777 840 Bardo
2798 794 2945 850 vero,
2970 782 3060 854 qui
3088 782 3145 838 in
3168 783 3463 838 saxoniam

1881 883 2078 937 missus
2096 880 2297 947 (iterat,
2329 879 2580 935 similiter
2618 879 2769 942 fecit,
2821 880 3076 935 1011111ἁὶ18
3106 878 3250 950 quod
3278 877 3463 933 Saxo-

1882 990 1981 1031 nes
1993 973 2243 1029 mandata
2260 972 2514 1029 Lodharli
2526 965 2876 1043 sprevissent,
2896 972 2953 1026 01
2964 969 3224 1042 quidquid
3243 969 3462 1025 Lodhu-

1880 1070 2050 1125 vvieus
2069 1076 2125 1124 et
2152 1067 2380 1123 Karolus
2409 1066 2513 1122 iliis
2540 1065 2912 1137 praeciperent,
2936 1050 3171 1120 libenter
3197 1062 3253 1118 id
3282 1061 3462 1118 facere

1881 1165 2097 1220 vellent.
2140 1163 2440 1220 Lodbarlus
2482 1160 2698 1234 quoque
2728 1161 2939 1226 missos,
2968 1159 3062 1231 qui
3085 1158 3151 1215 ad
3180 1168 3240 1216 se
3270 1150 3462 1215 directi

1884 1257 2141 1325 fuerant,
2200 1256 2503 1313 inconsulte
2571 1254 2757 1310 audire
2826 1245 3054 1310 distulit.
3123 1248 3277 1320 Quod
3339 1259 3450 1306 tam

1884 1353 2243 1409 Lodbuvlricus
2273 1362 2434 1423 quam
2462 1352 2519 1406 et
2544 1346 2770 1406 larolus
2787 1390 2803 1416 ,
2830 1352 3038 1404 necn'on
3092 1355 3148 1401 et
3176 1346 3461 1401 universus

1886 1444 2179 1508 exercitus,
2222 1457 2365 1514 aegre
2395 1440 2664 1505 tulerunt;
2695 1442 2750 1495 et
2790 1437 3023 1510 qualiter
3063 1432 3225 1491 lldem
3261 1435 3361 1504 ipsi
3402 1432 3470 1499 ad

1897 1534 2048 1591 illum
2077 1533 2356 1604 pervenire
2375 1541 2615 1601 possent,
2632 1529 2941 1586 intendunt.
2968 1522 3112 1599 Ergo
3133 1536 3222 1581 xvi
3246 1522 3470 1579 Kalend.

1886 1624 2095 1695 Aprilis
2132 1623 2236 1679 illis
2280 1623 2337 1679 in
2380 1622 2629 1694 partibus
2662 1621 2802 1676 viam
2844 1619 3104 1691 dirigunt,
3151 1616 3207 1674 et
3244 1615 3475 1672 Karolus

1887 1717 2105 1789 quidem
2170 1729 2269 1787 per
2332 1713 2627 1785 Wasag‘uni
2696 1713 2803 1768 iter
2874 1708 3085 1767 dimc'ile
3146 1703 3428 1778 ingressus
3453 1747 3468 1773 ,

1889 1807 2252 1863 Lodhuwicus
2303 1808 2436 1863 vero
2495 1806 2643 1863 rem
2690 1802 2986 1874 Rhenoque
3043 1806 3139 1874 per
3198 1800 3422 1871 Bingam
3451 1841 3466 1867 ,

213 1912 511 1969 congruum
557 1896 867 1953 snectacnlo
890 1893 1205 1960 videbatur,
1231 1902 1287 1949 et
1311 1891 1639 1948 subsistente
1670 1889 1793 1944 hinc

1897 1898 2293 1955 liarlomannus
2319 1902 2501 1954 autem
2541 1902 2643 1970 per
2679 1884 2921 1952 Einrichi
2951 1894 3017 1950 ad
3061 1888 3396 1951 Conllentum
3423 1892 3476 1946 in

211 1991 341 2045 inlle
367 1992 514 2053 omni
542 1991 921 2055 mubitudine;
967 1989 1200 2059 primum
1222 1987 1341 2059 pari
1364 1996 1588 2042 numero
1620 1984 1789 2040 Saxo-

211 2094 433 2140 norum.
460 2080 872 2145 Wasuunorum,
911 2080 1343 2144 Austrssiorum,
1362 2078 1784 2143 Brittannorum,

209 2188 280 2229 ex
303 2182 538 2242 utraque
566 2180 739 2243 parte,
766 2171 931 2227 veluti
958 2170 1191 2227 invicem
1222 2169 1498 2224 adversari
1540 2167 1642 2225 tibi
1689 2166 1793 2222 vel-

211 2264 351 2326 lent,
377 2263 515 2317 alter
541 2263 595 2318 in
624 2263 854 2318 alterum
881 2262 1052 2318 veloci
1084 2274 1245 2317 cursu
1274 2261 1481 2315 ruebat.
1508 2258 1646 2313 Hinc
1668 2268 1795 2328 pars

212 2363 365 2426 terga
392 2364 547 2408 versa
579 2355 809 2425 protecti
840 2353 1186 2419 umbonibus,
1227 2354 1295 2407 ad
1322 2351 1498 2407 socios
1526 2350 1797 2406 insectan-

214 2456 296 2502 tes
326 2447 559 2502 evadere
599 2460 659 2502 se
690 2447 827 2503 velle
864 2444 1212 2502 simulabant.
1242 2445 1315 2499 At
1342 2458 1501 2500 versa
1530 2444 1665 2507 vice,
1696 2443 1795 2497 ite-

214 2551 339 2590 rum
396 2535 536 2602 illos,
595 2550 732 2609 quos
790 2535 1092 2609 fugiebant,
1146 2536 1397 2608 persequi
1459 2535 1787 2591 studebant:

214 2627 388 2682 donec
414 2629 706 2684 novissime
734 2630 949 2699 utrique
980 2643 1134 2700 reges
1177 2640 1301 2682 cum
1326 2627 1471 2684 omni
1508 2626 1793 2699 iuventute

214 2718 422 2790 ingenti
470 2719 736 2785 clauiore,
782 2723 935 2790 equis
979 2720 1199 2776 emissis
1238 2720 1453 2776 hastilia
1493 2721 1794 2790 crispantes

214 2811 513 2877 exsiliunt,
541 2825 599 2868 et
626 2828 770 2869 nunc
795 2814 898 2879 bis,
933 2828 1075 2868 nunc
1104 2813 1209 2869 illis
1253 2820 1401 2882 terga
1429 2812 1679 2865 dantibus
1707 2812 1793 2865 iu-

214 2900 441 2956 sistnnt.
477 2903 712 2973 Eratque
746 2918 835 2960 res
855 2902 1013 2975 digna
1046 2918 1143 2974 pro
1174 2911 1319 2963 tanta
1351 2902 1665 2966 nobilitate,
1697 2918 1796 2957 nec

212 3000 268 3045 ct
304 2996 703 3059 moderatione,
739 2997 1068 3066 spectaculo.
1110 2994 1224 3052 Non
1246 2995 1393 3051 enim
1440 2995 1706 3067 quispiam
1740 2997 1795 3051 in

215 3090 368 3139 tanta
414 3088 757 3144 multitudine
802 3104 867 3146 ac
911 3089 1223 3145 diversitate
1256 3089 1497 3162 generis,
1543 3088 1620 3144 uti
1656 3103 1798 3157 saepe

215 3173 364 3231 inter
406 3180 762 3249 paucissimos
806 3190 862 3238 et
900 3193 1058 3239 notos
1090 3182 1408 3252 contingere
1448 3180 1602 3246 solet,
1636 3180 1797 3238 alicui

1894 1994 2189 2046 crastinum
2210 1992 2344 2045 bora
2364 1987 2480 2045 fere
2507 1986 2613 2045 diei
2641 1996 2794 2046 sexta
2821 1984 3105 2052 venerunt,
3127 1984 3478 2056 protinusque

1895 2081 1962 2136 ad
2018 2081 2277 2137 Sanctum
2339 2079 2619 2138 Castorem
2681 2076 2946 2135 orationis
2999 2082 3160 2134 causa
3223 2084 3473 2148 pergunt.

1897 2171 2111 2227 Missam
2143 2172 2390 2239 audiunt,
2418 2182 2485 2228 ac
2522 2169 2720 2227 deinde
2747 2170 2912 2226 iidem
2944 2184 3099 2243 reges
3138 2168 3334 2224 armati
3376 2182 3471 2222 na-

1898 2276 1994 2317 ves
2017 2262 2474 2330 conscendunt,et
2496 2261 2771 2319 Mosellam
2804 2262 2957 2319 001118
2988 2256 3287 2331 1105101001.
3327 2257 3480 2327 Quod

1898 2368 2022 2411 cum
2065 2354 2319 2425 Olgarius
2347 2350 2630 2428 lugentia:
2668 2355 2814 2411 sedis
2845 2357 3127 2426 cpiscopus
3147 2395 3163 2419 ,
3190 2348 3354 2409 Batto
3382 2367 3478 2408 co-

1898 2462 2033 2512 mes,
2061 2447 2368 2514 Herioidus,
2396 2447 2690 2519 ceterique
2713 2448 2983 2511 viderunt,
3020 2448 3156 2516 (11108
3176 2443 3479 2500 Lodharius

1898 2541 1968 2595 ob
1990 2539 2092 2594 hoc
2112 2538 2246 2593 inibi
2278 2536 2587 2608 reliquerat,
2622 2546 2681 2593 ut
2714 2537 2819 2593 illis
2860 2535 3144 2594 transitum
3178 2534 3483 2608 prohibuis-

1900 2637 2058 2695 sent,
2117 2628 2311 2683 timore
2362 2628 2680 2697 perterriti,
2732 2628 2914 2683 littore
2961 2628 3174 2693 rclicto,
3208 2625 3478 2698 fugerunt.

1900 2720 2202 2777 Lutliarius
2230 2734 2444 2792 quoque
2468 2727 2527 2775 ut
2544 2718 2745 2776 fratres
2770 2728 2896 2775 suos
2918 2717 3192 2774 Mosellam
3222 2717 3485 2771 transisse

1902 2815 1955 2868 in
1988 2813 2239 2868 Sinciaco
2266 2812 2477 2880 didicit,
2504 2812 2796 2869 confestim
2820 2820 2875 2867 et
2901 2812 3016 2882 ipse
3043 2811 3194 2866 abire
3220 2818 3275 2865 et
3311 2822 3477 2880 regno

1901 2914 1958 2961 et
1979 2906 2108 2961 sede
2135 2918 2242 2959 non
2271 2903 2515 2970 destitit,
2565 2904 2735 2959 donec
2762 2916 2821 2957 se
2845 2916 3007 2971 super
3038 2902 3211 2972 ripam
3241 2896 3484 2955 Rhodani

1903 3012 2025 3053 cum
2068 2996 2293 3067 paucis,
2326 2995 2416 3066 qui
2457 3004 2519 3052 se
2565 2996 2718 3065 sequi
2752 2993 3219 3057 deliberaverttnt,
3272 2989 3485 3046 caeteris

1902 3089 2137 3153 omissis,
2172 3088 2402 3159 excepit.
2429 3086 2544 3158 Qua
2571 3088 2734 3143 linem
2754 3087 2973 3143 secundi
2994 3083 3309 3144 certaminis
3331 3080 3477 3139 dedit

1904 3179 2233 3246 Lodbarius,
2266 3177 2586 3237 terminetur
2608 3178 2747 3235 liber
2773 3178 2988 3235 tertius.

1407 3484 1707 3566 LIBER
1780 3476 2287 3579 QUARTUS.

813 3742 1184 3809 PREFA'I'IO
1196 3791 1215 3809 .

294 3856 415 3913 Non
461 3857 632 3914 solum
661 3870 775 3925 me,
812 3859 886 3914 uti
924 3863 1210 3933 praefatum
1246 3873 1361 3933 est,
1402 3862 1472 3923 ab
1508 3868 1610 3924 hoc
1647 3884 1810 3940 opere

219 3948 553 4003 narrationis
578 3949 856 4020 quiescere
898 3951 1165 4023 delectat,
1200 3971 1389 4014 verum
1422 3958 1585 4014 etiam
1612 3976 1718 4030 quo
1741 3962 1809 4015 ab

220 4041 477 4094 universa
502 4038 774 4109 republica
800 4050 942 4098 totus
966 4047 1243 4114 secedam,
1264 4064 1417 4104 mens
1438 4050 1602 4106 variis
1630 4052 1811 4121 queri-

218 4133 423 4188 moniis
449 4131 645 4188 refcrta
664 4174 679 4200 ,
707 4132 935 4192 assiduis
958 4138 1399 4198 meditationibus
1418 4143 1578 4197 anxia
1604 4152 1803 4199 versat.

222 4223 331 4279 Sed
378 4224 630 4293 quoniam
680 4240 766 4281 me
802 4228 867 4283 de
909 4229 1071 4285 rebus
1114 4232 1382 4289 universis
1421 4232 1638 4291 fortuna
1680 4238 1809 4294 hinc

221 4319 351 4373 inde
396 4318 605 4389 junXit,
638 4316 936 4394 validisque
980 4326 1237 4396 procellis
1274 4340 1591 4386 maerentem
1635 4332 1803 4397 vehit,

223 4426 335 4481 qua
368 4420 583 4481 portum
624 4408 791 4478 ferat,"
813 4415 920 4471 imo
952 4432 1079 4471 vero
1104 4419 1318 4488 penitus
1347 4420 1553 4491 ignoro.
1587 4419 1806 4478 Interim

222 4511 410 4555 autem
441 4502 486 4557 si
529 4502 743 4573 aliquod
773 4514 981 4577 tempus
1009 4509 1238 4565 otiosum
1264 4526 1530 4582 reperere,
1559 4515 1687 4584 quid
1718 4512 1810 4570 ob-

221 4596 348 4657 erit,
386 4595 429 4650 si
462 4596 536 4648 uti
558 4596 768 4667 jussum
796 4607 898 4664 est,
932 4599 1070 4657 facta
1090 4603 1391 4673 principum
1415 4619 1808 4677 procerumque

222 4694 534 4739 nostrorum
572 4682 694 4756 styli
737 4686 913 4745 0111010
944 4690 1215 4745 memoriae
1261 4695 1520 4749 mandare
1559 4695 1807 4751 curabo?

219 4774 368 4846 Ergo
402 4776 525 4832 huic
554 4793 733 4833 rerum
782 4782 932 4852 Operi
974 4792 1167 4852 quarto
1204 4784 1447 4838 insistam
1481 4783 1803 4860 [assistam],

220 4874 275 4921 et
312 4869 357 4923 si
405 4868 457 4924 in
506 4866 716 4926 caeteris
768 4872 932 4929 rebus
973 4872 1170 4930 futuris
1201 4877 1456 4946 prodesse
1485 4881 1799 4950 nequivero,

220 4959 416 5015 saltem
465 4960 518 5015 in
576 4963 660 5016 bis
705 4964 908 5041 erroris
961 4968 1281 5024 nubeculam
1334 4971 1556 5042 proprio
1620 4973 1803 5028 labore

218 5048 459 5121 posteris
486 5053 778 5125 detergam.

1832 3756 1880 3820 ο
1910 3769 2030 3808 rum
2070 3768 2252 3810 rerum
2281 3752 2569 3810 exordium
2611 3758 2777 3825 atque
2821 3751 3117 3808 auctoritas
3154 3752 3470 3823 proderetur

1915 3846 1983 3901 Et
2009 3845 2111 3901 11οο
2133 3845 2262 3913 illis,
2293 3846 2550 3918 quoniam
2594 3843 2791 3902 merito
2814 3852 2993 3901 ratum
3016 3843 3314 3910 videbatur,
3340 3861 3494 3900 com-

1916 3935 2141 3992 missum
2166 3946 2268 3992 est.
2310 3936 2518 4006 Quibus
2546 3936 2614 3993 ab
2658 3935 2813 3992 1111110
2844 3932 2993 4007 gesta
3031 3932 3287 3990 Lodharii
3314 3935 3493 3991 consi.

1916 4026 2253 4093 derantibus,
2285 4026 2553 4098 quomodo
2580 4036 2789 4099 patrem
2817 4036 2972 4083 suum
3013 4028 3176 4098 regno"
3204 4025 3486 4097 pepulerit,

1912 4120 2122 4190 quoties
2143 4119 2395 4191 populum
2418 4118 2794 4176 Christianum
2834 4110 3114 4191 periurum
3151 4122 3249 4174 sua
3280 4117 3492 4189 cupidi-

1914 4219 1993 4265 tas
2014 4207 2292 4266 elfecerit:
2320 4212 2532 4282 quoties
2558 4204 2700 4267 idem
2728 4211 2842 4281 ipse
2882 4210 3014 4276 hoc,
3040 4196 3185 4280 quod
3220 4209 3360 4279 patri
3390 4207 3499 4271 fra-

1914 4302 2192 4372 tribusque
2242 4303 2561 4372 iuraverat,
2629 4303 3017 4370 frustraverit;
3090 4301 3303 4372 quoties
3372 4304 3494 4372 post

1919 4395 2091 4466 patris
2116 4396 2322 4451 obitum
2346 4396 2543 4454 fratres
2567 4413 2693 4453 suos
2714 4386 3105 4452 exhaereditare
3131 4406 3293 4466 atque
3318 4395 3498 4452 delere

1913 4498 2260 4562 temptasset:
2300 4502 2500 4562 quanta
2546 4489 2861 4555 homicidia,
2895 4486 3178 4553 adulteria,
3225 4488 3493 4555 incendia,

1912 4580 2305 4650 omnigenaque
2349 4580 2590 4637 facinora
2634 4580 2957 4636 universalis
2999 4574 3259 4642 Ecclesia,
3287 4593 3382 4633 sua
3406 4594 3498 4633 ne-

1912 4670 2230 4726 fandissima
2270 4672 2565 4742 cupiditate
2607 4686 2865 4743 perpessa
2910 4672 3011 4735 sit;
3058 4670 3283 4741 insuper
3313 4677 3494 4725 autem

1912 4762 2089 4834 neque
2140 4764 2423 4821 scientiam
2489 4763 2824 4835 gubernandi
2892 4761 3277 4833 rempublicam
3346 4762 3494 4817 illum

1910 4858 2134 4924 habere,
2166 4873 2265 4914 nec
2300 4857 2568 4928 quoddam
2602 4857 2888 4929 vestigium
2923 4856 3078 4911 1101110
3114 4854 3410 4911 voluntatis
3439 4855 3492 4909 in

1908 4964 2006 5004 sua
2034 4949 2425 5020 gubernatione
2446 4946 2742 5018 quemlibet
2764 4949 3003 5003 invenire
3025 4948 3201 5017 posse,
3231 4938 3496 5004 ferebant.

1907 5042 2193 5109 Quibusex
2220 5042 2398 5097 000818
2418 5058 2523 5096 11011
2547 5040 2837 5107 immerito,
2864 5039 2955 5095 sed
2972 5038 3122 5112 justo.
3144 5032 3501 5109 0010010100-

1834 5140 1888 5200 D
1918 5136 2085 5187 tentis
2105 5131 2324 5201 judicio,
2362 5133 2594 5203 primum
2628 5148 2657 5187 a
2701 5133 2908 5202 praelio,
2951 5143 3004 5187 et
3046 5128 3281 5187 secundo
3318 5147 3347 5185 a
3376 5145 3502 5202 pro-

292 5205 483 5277 Usque
505 5207 866 5267 Lodhuwicus
886 5220 941 5266 et
975 5212 1204 5270 Karoltts
1232 5214 1560 5271 Lodharium
1587 5234 1616 5272 a
1647 5232 1811 5291 regno
1922 5225 2043 5295 prio
2063 5239 2229 5294 regno
2250 5223 2428 5294 fugam
2456 5222 2603 5279 illum
2629 5222 2796 5279 inisse
2820 5222 3054 5279 aiebant.
3085 5206 3227 5295 Ergo
3253 5222 3497 5277 omnibus

233 5313 334 5353 suo
362 5300 564 5354 01111880
584 5303 749 5357 certis
765 5303 977 5359 indiciis
999 5320 1317 5375 cognovere,
1336 5309 1503 5377 Aquis
1524 5309 1810 5381 Palatium,
1922 5315 2255 5371 unanimiter
2279 5317 2452 5371 visunt
2494 5325 2598 5381 est,
2644 5326 2807 5387 atque
2835 5317 3210 5384 cunscntiunl,
3245 5314 3383 5386 quod
3430 5310 3499 5371 ob

223 5392 554 5492 quoddam)
774 5397 944 5492 prima
975 5396 1219 5492 Francia:
1256 5408 1394 5463 erat,
1438 5411 1699 5470 petentes,
1725 5410 1813 5461 8ου
1925 5420 2078 5463 suam
2112 5408 2408 5478 nequitiam
2430 5409 2662 5462 vindicta
2700 5404 2963 5463 Duillium
2988 5404 3222 5477 eiecerit,
3249 5420 3500 5475 regnum-

222 5483 417 5570 qucnti
440 5496 572 5537 vero
596 5483 682 5538 die
709 5486 837 5554 quid
859 5486 1157 5542 consultius
1179 5490 1244 5543 de
1272 5493 1467 5561 populo
1496 5508 1560 5549 ac
1585 5511 1752 5566 regno
1775 5513 1808 5552 a
1916 5514 2025 5570 que
2052 5498 2312 5554 fratribus
2342 5499 2454 5554 suis
2496 5499 2814 5555 melioribus
2853 5516 2912 5555 se
2941 5500 3083 5569 jnste
3111 5497 3178 5551 ad
3206 5494 3499 5566 regendum

223 5566 399 5673 fratre
442 5572 632 5673 relicto
663 5575 928 5673 agendum
973 5577 1286 5645 videretur,
1326 5582 1690 5640 deliberaturi.
1735 5586 1806 5644 Et
1920 5566 2223 5646 tradiderit.
2289 5586 2673 5644 Verumtamen
2724 5566 3141 5669 haudquaquam
3203 5584 3308 5642 illis
3361 5584 3503 5647 hanc

223 5665 479 5732 primunt
490 5665 707 5735 quidem
739 5668 911 5724 visum
943 5679 1046 5735 est,
1079 5678 1137 5726 ut
1165 5687 1279 5727 rem
1308 5676 1375 5730 ad
1400 5677 1682 5750 episcopos
1717 5696 1806 5737 80-
1913 5679 2188 5737 licentiam
2213 5681 2426 5749 dedere,
2456 5681 2628 5737 donec
2652 5680 2831 5752 palam
2864 5665 2985 5735 illos
3010 5678 3312 5749 percontati
3348 5686 3500 5744 sunt.

224 5752 605 5825 cerdotesque,
641 5772 869 5826 quorum
910 5761 1097 5816 aderat
1135 5777 1263 5832 pars
1300 5768 1554 5835 maxima,
1587 5770 1802 5827 confer-
1864 5753 1871 5759 ’
1914 5781 2098 5827 utrum
2126 5772 2255 5828 illud
2278 5788 2376 5842 per
2404 5772 2631 5842 vestigia
2674 5770 2858 5825 fratris
2886 5766 3073 5835 eiecti,
3101 5783 3171 5824 an
3196 5770 3497 5825 secth

227 5851 390 5912 τοιιις
422 5854 483 5902 111
508 5845 721 5905 11101·οω
747 5852 1014 5918 consultu,
1041 5853 1206 5910 veluti
1229 5858 1448 5914 numine
1473 5861 1675 5923 divino.
1699 5865 1805 5919 ba-
1917 5863 2011 5918 Dei
2068 5864 2398 5920 voluntatem
2459 5878 2645 5933 regere
2702 5861 2979 5916 voluisset.
3033 5846 3505 5933 Respondentlbui

1819 5938 1856 5960 Δ
