4032 6476
535 358 595 415 ⁷⁸
1120 426 1127 429 .
1290 426 1299 435 .
1610 373 1939 433 numam
1977 376 2036 432 s.
2074 373 2378 431 RICHARII
2411 372 2702 430 ABBATIS

3724 383 3808 439 72

532 482 736 542 autem,
763 475 822 531 in
839 484 1106 547 quantum
1130 495 1293 537 nosse
1330 496 1395 537 ac
1421 497 1582 554 posse
1607 485 1753 542 Deus
1778 488 1888 544 illis
1907 504 2105 546 conee-
2128 488 2184 549 Α
2205 480 2434 541 nitatem
2478 484 2815 553 Saxonibus,
2842 487 2937 558 qui
2974 503 3033 545 se
3063 488 3323 561 Stellinga
3354 491 3800 561 nominaverant,

534 566 707 633 deret,
736 569 1032 625 secundum
1066 586 1219 628 suam
1244 573 1579 646 voluntatem
1602 594 1661 634 se
1685 588 1740 635 et
1763 597 1893 637 suos
1912 583 2110 654 guber-

533 676 665 718 nare
689 671 744 718 et
764 679 952 734 regere
995 666 1152 732 velle,
1185 668 1335 724 aiunt
1365 688 1379 725 :
1418 690 1437 723 ‹
1484 673 1553 728 Ει
1580 678 1900 734 auctoritate
1925 680 2106 735 divina

530 758 592 804 ut
640 751 770 807 illud
814 755 1140 825 suscipiatis,
1197 766 1254 814 et
1275 758 1585 818 'seeundum
1630 765 1727 821 Dei
1771 768 2107 825 voluntatem

525 839 661 897 illud
707 846 927 916 regatis,
971 862 1273 917 monemus,
1333 853 1618 911 hortamur
1662 866 1823 928 atque
1861 862 2108 933 praecipi-

529 949 667 989 mus.
703 955 723 987 ι
759 935 895 991 Hinc
920 946 1100 995 autem
1123 949 1354 1014 uterque
1381 945 1597 1003 illorum
1629 949 1911 1007 duodecim
1939 968 1971 1008 e
1993 955 2106 1010 suis

527 1025 593 1079 ad
632 1026 735 1083 hoc
764 1043 899 1098 opus
920 1029 1103 1102 elegit,
1154 1050 1385 1103 quorum
1427 1055 1566 1095 unus
1605 1043 1830 1107 exStitit,
1874 1053 1931 1099 et
1968 1046 2107 1101 sicut

526 1119 630 1175 illis
657 1135 973 1192 congruum,
1000 1134 1063 1179 ut
1091 1126 1232 1182 inter
1274 1129 1395 1185 illos
1444 1131 1549 1187 hoc
1575 1149 1800 1205 regnum
1830 1137 2100 1193 dividere-

528 1214 633 1275 tur,
667 1211 843 1268 visum
872 1225 976 1280 est,
1000 1220 1239 1273 contenti
1277 1230 1421 1276 sunt.
1452 1221 1512 1277 In
1554 1239 1661 1293 qua
1689 1226 1958 1284 divisione
1990 1245 2099 1285 non

528 1299 737 1358 tantum
785 1304 1034 1362 fertilitas
1074 1318 1167 1364 aut
1207 1326 1363 1381 aequa
1407 1314 1587 1382 portio
1629 1317 1802 1385 regni,
1841 1329 2102 1388 quantum

527 1395 761 1451 allinitas
786 1405 842 1451 et
864 1401 1220 1468 congruentia
1255 1403 1516 1475 cujusque
1542 1415 1724 1477 aptata
1753 1419 1856 1466 est.
1887 1410 2104 1467 Evenit-

519 1478 624 1556 que
649 1486 974 1545 Lodbuwieo
998 1492 1176 1548 omnis
1198 1492 1519 1552 Frisiaa..."
1900 1505 1905 1520 '

599 1578 795 1634 Karolo
815 1596 947 1638 vero
969 1583 1114 1639 δη...

591 1668 798 1737 Quibus
817 1674 1056 1741 peractis
1081 1716 1095 1742 ,
1124 1678 1325 1748 quique
1354 1680 1567 1735 illorum
1596 1697 1628 1738 e
1652 1684 1880 1753 populo,
1914 1687 2008 1757 qui
2046 1705 2103 1745 se

521 1771 737 1817 secutus
760 1772 861 1828 est,
893 1767 1152 1836 suscepit,
1182 1783 1248 1824 ac
1281 1770 1418 1837 sibi,
1448 1780 1510 1826 ut
1531 1773 1783 1843 deinceps
1814 1775 1988 1832 ﬁdelis
2014 1794 2099 1834 es-

2210 577 2635 647 conjungerent,
2682 592 3017 649 regnumque
3065 580 3168 635 sibi
3208 581 3532 638 vindicaturi
3571 585 3805 643 invade-

2211 674 2333 721 rent
2358 707 2372 729 ,
2402 674 2457 722 et
2477 666 2843 723 Christianam
2876 668 3189 741 religionem
3229 672 3315 728 his
3337 673 3391 728 in
3418 675 3665 743 partibus
3690 693 3800 733 an-

2207 759 2478 814 nularent.
2500 759 2885 827 Quamobrem,
2901 762 2978 816 uti
2996 763 3347 834 prartulimus,
3369 767 3798 835 praemaxime...

2208 852 2533 927 [Coloniam]
2569 856 2722 921 adiit,
2766 863 2823 912 et
2853 857 2908 912 in
2931 867 3193 927 quantum
3224 858 3395 913 valuit
3417 859 3580 915 simul
3603 869 3663 917 et
3687 877 3800 918 cae-

2204 956 2317 1004 tera
2349 949 2499 1021 regni
2523 950 2607 1005 sui
2634 951 2907 1014 scandala,
2937 968 3005 1008 ne
3036 953 3139 1008 hoc
3168 952 3622 1009 nefandissimum
3660 972 3793 1012 ma-

2203 1040 2315 1095 lum
2338 1050 2538 1095 sanctae
2560 1040 2655 1097 Dei
2679 1042 2934 1098 Ecclesiae
2955 1043 3255 1109 deveniret,
3273 1045 3552 1113 praecavit.
3582 1045 3796 1113 Quibus

2203 1133 2457 1202 expletis,
2490 1130 2932 1190 Viridunensium
2978 1136 3255 1191 civitatem
3288 1135 3650 1193 Lodbuwicus
3696 1155 3797 1209 per

2204 1222 2462 1279 Teotonis
2510 1224 2721 1291 villam,
2778 1225 3007 1281 Karolus
3027 1235 3208 1282 autem
3258 1241 3359 1296 per
3418 1226 3793 1285 Rhemensem

2202 1314 2390 1371 urbem
2425 1316 2623 1372 adeunt
2655 1335 2670 1371 :
2704 1318 2832 1388 quid
2869 1319 3129 1390 deinceps
3173 1320 3441 1391 agendum
3490 1320 3790 1391 videretur,

2202 1406 2578 1463 deliberaturi.

2271 1500 2377 1556 Per
2419 1502 2559 1556 idem
2604 1510 2816 1572 tempus
2857 1501 3177 1557 Nortmanni
3214 1501 3449 1575 Cotuuig
3490 1503 3789 1574 deprtedati

2208 1598 2369 1657 sunt,
2402 1590 2641 1661 inibique
2670 1593 2808 1646 mari
2852 1589 3102 1659 traiecto,
3137 1591 3403 1664 Hamuuig
3440 1602 3497 1648 et
3530 1594 3789 1650 Nthun-

2210 1681 2379 1751 nuuig
2427 1681 2677 1737 similiter
2717 1683 3021 1753 depopulati
3069 1691 3215 1738 sunt.
3266 1683 3568 1740 Lodharius
3602 1695 3789 1741 autem

2201 1779 2260 1826 ut
2280 1787 2339 1827 se
2362 1786 2523 1841 supra
2549 1773 2720 1842 ripam
2742 1772 2988 1829 Rhodani
3014 1776 3252 1845 recepit,
3284 1776 3500 1847 navigio
3538 1776 3789 1845 ejusdem

520 1861 623 1917 set,
653 1865 989 1910 sacramento
1012 1856 1265 1915 ﬁrmavit.
1299 1861 1367 1915 Et
1391 1862 1621 1919 Karolns
1643 1866 1862 1934 quidem
1894 1867 2096 1924 Mosam
2126 1859 2171 1919 B
2199 1862 2434 1919 ﬂuminis
2453 1863 2623 1921 fretus
2649 1866 2782 1921 inibi
2804 1868 3028 1933 resedit,
3056 1883 3162 1937 quo
3184 1869 3423 1938 undique
3450 1884 3587 1939 quos
3609 1871 3789 1925 valuit

521 1957 741 2013 regnum
792 1960 948 2001 suum
1008 1949 1353 2008 ordinaturus
1407 1954 1619 2023 trajecit
1672 1974 1684 2009 :
1737 1957 2097 2018 Lodhuwicus

518 2050 668 2100 vero,
710 2035 1049 2096 Saxonorum
1098 2058 1263 2111 causa
1311 2044 1589 2104 Coloniam
1632 2052 1810 2120 petiit.
1852 2052 2095 2120 Quorum

519 2140 676 2181 casus
703 2131 959 2198 quoniam
991 2134 1257 2190 maximos
1282 2152 1404 2192 esse
1432 2140 1725 2209 perspicio,
1756 2154 2092 2213 praetereun-

518 2218 615 2274 dos
660 2221 881 2276 minime
909 2234 1060 2294 puto.
1089 2225 1334 2285 Saxones
1373 2230 1615 2301 quidem,
1648 2235 1789 2290 sicut
1824 2237 2097 2294 universis

517 2329 612 2385 per
649 2313 916 2386 Europam
954 2317 1270 2391 degentibus
1290 2332 1467 2394 patet,
1494 2324 1724 2383 Karolus
1747 2328 1969 2400 Magnus
2000 2331 2095 2386 im-

514 2402 736 2476 perator
755 2409 822 2464 ab
851 2410 1119 2467 universis
1156 2414 1465 2470 nationibus
1503 2432 1611 2473 non
1640 2420 1911 2475 immerito
1935 2437 2093 2478 voca-

513 2506 631 2565 tus,
682 2498 751 2554 ab
800 2500 1062 2558 idolorum
1108 2505 1260 2559 varia
1301 2505 1513 2562 cultura
1555 2509 1722 2565 multo
1774 2527 1839 2566 ac
1880 2512 2093 2568 diverso

510 2586 693 2643 labore
736 2590 803 2644 ad
850 2606 1034 2647 veram
1084 2594 1182 2649 Dei
1243 2595 1716 2670 Christianamque
1775 2602 2088 2674 religionem

512 2680 795 2735 convertit.
843 2681 948 2748 Qui
983 2684 1052 2739 ab
1096 2684 1249 2741 initio
1287 2697 1398 2742 tam
1434 2690 1664 2757 nobiles,
1715 2707 1879 2762 quam
1926 2703 1982 2749 et
2022 2695 2090 2750 ad

513 2771 649 2827 bella
681 2777 1091 2847 promptissimi,
1128 2781 1313 2840 multis
1356 2784 1571 2842 indiciis
1615 2802 1855 2858 persaepe
1882 2789 2088 2846 clarue-

512 2873 655 2919 runt.
686 2868 815 2934 Quae
834 2885 967 2939 gens
986 2874 1163 2928 omnis
1187 2875 1244 2930 in
1271 2877 1441 2932 tribus
1466 2879 1744 2934 ordinibus
1766 2881 1937 2937 divisa
1961 2895 2089 2937 con-

511 2956 674 3011 sistit.
714 2956 851 3043 Sunt
880 2961 1026 3017 enim
1056 2964 1199 3021 inter
1238 2966 1358 3021 illos
1400 2968 1494 3038 qui
1522 2968 1812 3041 Edhilingi,
1839 2981 1967 3026 sunt
1992 2974 2087 3043 qui

513 3045 756 3121 Frilingi,
798 3040 925 3107 sunt
972 3055 1065 3124 qui
1112 3056 1276 3113 Lazzi
1322 3058 1537 3116 illorum
1580 3040 1759 3133 lingua
1808 3040 2082 3120 dicuntur.

512 3139 708 3199 Latina
758 3161 886 3202 vero
923 3148 1104 3220 lingua
1145 3152 1249 3208 hoc
1295 3163 1456 3210 sunt:
1489 3155 1719 3224 nobiles,
1766 3158 2083 3229 ingenuiles,

511 3241 671 3302 atque
700 3239 941 3295 serviles.
970 3239 1076 3297 Sed
1109 3260 1233 3314 pars
1268 3245 1479 3304 illorum
1499 3290 1514 3315 ,
1555 3265 1677 3320 qua:
1715 3252 1912 3307 nobilis
1944 3254 2085 3309 inter

511 3323 629 3380 illos
668 3326 919 3398 habetur,
973 3332 1028 3387 in
1080 3333 1292 3393 duabus
1342 3340 1588 3410 partibus
1642 3342 1697 3396 in
1747 3343 2087 3399 dissensione

510 3417 759 3475 Lodharii
797 3438 861 3478 ac
889 3423 1119 3481 fratrum
1152 3444 1371 3486 suorum
1398 3433 1591 3500 divisa,
1631 3449 1849 3505 unaque
1897 3451 2087 3491 eorum

511 3510 838 3569 Lodharium
854 3556 868 3579 ,
897 3516 1068 3573 altera
1088 3536 1218 3577 vero
1240 3522 1628 3581 Lodhuwicum
1650 3537 1834 3583 secuta
1858 3537 1958 3585 est.
1992 3529 2087 3585 His

509 3604 583 3658 ita
604 3620 663 3660 se
683 3607 1004 3665 habentibus
1021 3650 1035 3675 ,
1061 3626 1288 3668 cernens
1332 3614 1634 3673 Lodharius
1660 3620 1801 3688 quod
1846 3631 1970 3691 post
2002 3623 2084 3676 vi-

515 3697 744 3752 ctoriam
760 3699 1008 3767 fratrum,
1022 3704 1251 3775 populus
1273 3707 1364 3775 qui
1393 3721 1513 3761 cum
1537 3708 1629 3765 illo
1653 3708 1831 3767 fuerat
1856 3715 2087 3770 deﬁcere

510 3789 693 3857 vellet,
726 3792 893 3849 variis
916 3797 1332 3855 necessitatibus
1371 3802 1658 3871 astrictus,
1687 3822 2007 3877 quocunque
2032 3816 2088 3862 et

507 3886 988 3958 quomodocunque
1026 3899 1261 3959 poterat,
1285 3894 1584 3950 subsidium
1613 3899 1906 3967 qurercbat.
1949 3898 2086 3955 Hinc

508 3991 621 4031 rem
667 3979 937 4049 publicam
977 3983 1033 4038 in
1089 3986 1326 4056 propriis
1369 3985 1555 4046 usibus
1599 3991 1897 4057 tribuebat,
1958 3993 2086 4048 hinc

509 4071 826 4140 quibusdam
849 4074 1152 4134 libertatem
1180 4080 1363 4148 dabat,
1406 4083 1727 4152 quibusdam
1759 4095 1940 4141 autem
1964 4098 2086 4156 post

510 4161 792 4220 victoriam
834 4180 893 4223 se
937 4168 1190 4226 daturum
1237 4173 1607 4241 promittebat.
1657 4174 1795 4232 Hinc
1834 4178 2082 4234 etiamin

511 4249 802 4310 Saxoniam
828 4258 997 4325 misit,
1022 4259 1279 4334 Frilingis
1300 4262 1674 4337 Lazzibusque
1695 4310 1710 4335 ,
1740 4284 1969 4339 quorum
1996 4271 2080 4326 in-

509 4343 661 4399 ﬁnita
701 4347 984 4405 multitudo
1011 4360 1112 4418 est,
1139 4356 1484 4423 promittens,
1509 4360 1552 4413 si
1585 4375 1771 4415 secum
1796 4363 2078 4429 sentirent,

509 4442 567 4488 ut
593 4435 787 4506 legem,
817 4455 979 4510 quam
1001 4453 1373 4503 antecessores
1394 4449 1477 4504 sui
1510 4457 1751 4522 tempore
1779 4467 1885 4521 quo
1910 4453 2081 4508 idolo-

2198 1956 2303 2012 sibi
2330 1956 2386 2010 in
2425 1956 2724 2012 subsidium
2757 1958 2997 2013 attraxit.
3040 1956 3418 2014 Verumtamen
3447 1959 3683 2031 legatum
3715 1962 3789 2016 ad

2196 2046 2395 2102 fratres
2451 2063 2579 2104 suos
2613 2047 2848 2119 dirigens
2883 2049 3133 2113 mandat,
3181 2050 3227 2105 si
3274 2051 3471 2113 sciret,
3515 2066 3624 2120 qua
3660 2051 3785 2106 ﬁeri

2196 2150 2399 2211 posset,
2431 2141 2699 2212 primores
2722 2156 2850 2198 suos
2874 2144 2943 2198 ad
2960 2142 3084 2197 illos
3106 2142 3341 2214 dirigere
3370 2142 3525 2198 vellet
3554 2144 3622 2199 de
3647 2159 3787 2213 pace

2197 2232 2605 2289 deliberaturos.
2635 2233 2970 2304 Responsum
3000 2243 3087 2290 est
3105 2274 3121 2300 ,
3151 2235 3390 2289 mitteret
3414 2250 3551 2305 quos
3579 2235 3741 2291 vellet
3766 2251 3783 2289 :

2196 2323 2355 2380 facile
2379 2324 2675 2395 quemlibet
2697 2325 2841 2379 scire
2868 2340 3044 2395 posse.
3074 2341 3178 2395 qua
3206 2324 3311 2380 illis
3337 2324 3617 2380 deveniret
3633 2340 3781 2381 esse.

2194 2417 2299 2489 Ipsi
2326 2431 2454 2472 vero
2478 2432 2586 2471 uno
2611 2417 2911 2487 eodemque
2936 2417 3134 2473 itinere
3161 2433 3257 2487 per
3295 2416 3781 2485 Trieasinensium,

2193 2509 2673 2565 Cadhellonensem
2702 2510 2902 2565 adeunt
2924 2510 3135 2565 urbem.
3167 2503 3414 2578 Cumque
3445 2509 3779 2565 Miliciacum

2192 2601 2488 2667 venissent,
2511 2600 2782 2669 losippus,
2806 2599 3176 2663 Eberhardus,
3206 2598 3492 2669 Egbertus,
3520 2614 3625 2653 una
3655 2614 3778 2653 cum

2192 2692 2404 2747 caeteris
2434 2708 2464 2745 a
2489 2700 2644 2761 parte
2676 2691 2955 2756 Lodharii,
2982 2692 3051 2745 ad
3075 2690 3196 2746 illos
3223 2701 3507 2756 venerunt,
3537 2691 3780 2747 dicentes

2192 2787 2335 2855 quod
2381 2785 2684 2841 Lodharius
2733 2785 3073 2857 cognovisset
3122 2799 3182 2840 se
3231 2785 3284 2839 in
3331 2784 3502 2840 Deum
3549 2794 3608 2841 et
3654 2785 3778 2839 illos

2191 2881 2515 2952 deliquisse,
2575 2880 2845 2950 nolletque
2903 2877 3132 2950 amplius
3192 2888 3251 2933 ut
3302 2878 3585 2934 altercatio
3634 2879 3779 2932 inter

2191 2975 2311 3032 illos
2342 2984 2397 3031 et
2426 2973 2794 3030 Christianum
2822 2972 3075 3044 populum
3114 2980 3278 3028 esset.
3328 2972 3387 3027 Si
3434 2972 3655 3035 vellent,
3675 2972 3777 3027 ali-

2190 3071 2316 3141 quid
2358 3070 2431 3125 illi
2458 3085 2620 3140 supra
2648 3068 2864 3125 tertiam
2902 3076 3112 3137 partem
3149 3067 3301 3138 regni
3327 3076 3547 3138 propter
3575 3082 3773 3123 nomen

2192 3164 2563 3234 imperatoris,
2596 3163 2737 3233 quod
2768 3163 2843 3218 illi
2873 3172 3026 3233 pater
3065 3160 3281 3217 illorum
3308 3170 3691 3226 concesserat,
3717 3174 3779 3215 et

2189 3264 2411 3328 propter
2474 3255 2786 3325 dignitatem
2857 3255 3110 3326 imperii,
3182 3269 3345 3325 quam
3407 3269 3539 3309 avus
3602 3267 3777 3323 regno

2188 3347 2522 3402 Francorum
2564 3345 2870 3415 adiecerat,
2921 3361 3120 3418 augere
3170 3345 3429 3401 facerent.
3460 3343 3554 3400 Sin
3590 3343 3773 3409 aliter,

2189 3444 2402 3497 tertiam
2430 3444 2797 3499 tantummodo
2821 3451 3029 3513 partem
3054 3443 3221 3497 totius
3242 3442 3439 3512 absque
3460 3440 3777 3511 Langobar-

2188 3539 2274 3596 dia
2294 3581 2308 3605 ,
2337 3538 2583 3611 Bajoaria
2602 3581 2616 3605 ,
2644 3546 2699 3595 et
2724 3538 3014 3608 Aquitania
3035 3579 3048 3603 ,
3073 3538 3149 3592 illi
3171 3537 3523 3593 concederent
3560 3552 3575 3589 :
3606 3549 3773 3604 rege-
3860 3572 3871 3584 .

2190 3639 2376 3701 retque
2419 3632 2646 3702 quisque
2702 3631 2950 3696 illorum,
3001 3630 3112 3685 Deo
3161 3629 3414 3696 favente,
3462 3628 3768 3699 portionem

2188 3724 2337 3795 regni
2374 3724 2454 3779 sui
2494 3732 2656 3794 prout
2681 3724 2876 3779 melius
2905 3733 3105 3793 posset.
3137 3721 3431 3775 Frueretur
3456 3722 3600 3775 alter
3638 3721 3765 3774 alte-

2187 3816 2301 3869 rius
2326 3814 2566 3870 subsidio
2592 3830 2655 3870 ac
2683 3813 3058 3870 benevolentia
3078 3855 3092 3880 ,
3122 3812 3479 3868 concederent
3504 3826 3692 3882 pacem
3710 3819 3762 3864 et

2188 3907 2332 3977 leges
2366 3906 2596 3961 invicem
2614 3905 2718 3961 sibi
2745 3905 3033 3974 subjectas,
3058 3913 3309 3975 essetque
3339 3904 3482 3958 inter
3510 3904 3632 3959 illos
3660 3903 3767 3957 Deo

2187 4008 2438 4063 auctore,
2471 4012 2575 4066 pax
2601 4004 2759 4067 pacta
2788 4011 3001 4067 perpes.
3034 3996 3188 4063 Quod
3232 4010 3355 4051 cum
3404 3994 3768 4050 Lodhuwicus

2186 4100 2241 4145 et
2267 4089 2489 4145 Karolus
2518 4088 2811 4152 audissent,
2848 4096 2904 4143 et
2926 4088 3032 4143 illis
3059 4087 3309 4158 plebique
3336 4087 3603 4142 universae
3645 4102 3771 4156 per-

2184 4180 2439 4251 placitum
2460 4188 2625 4245 esset,
2655 4180 2709 4233 in
2736 4193 2902 4233 unum
2922 4194 3029 4232 una
3057 4192 3179 4233 cum
3201 4176 3528 4246 primoribus
3546 4187 3767 4242 coeunt,

2186 4288 2250 4328 ac
2293 4272 2420 4343 quid
2472 4273 2541 4328 de
2581 4271 2781 4327 talibus
2830 4269 3003 4324 acturi
3052 4277 3251 4333 essent,
3297 4269 3532 4340 gratanti
3584 4269 3769 4324 animo

2185 4366 2489 4422 conferunt.
2545 4364 2775 4419 Aiebant
2813 4378 2871 4418 se
2919 4364 3021 4418 hoc
3059 4363 3110 4417 in
3154 4363 3378 4417 exordio
3415 4362 3771 4417 dissensionis

2184 4460 2453 4525 voluisse,
2505 4466 2559 4512 et
2614 4470 2921 4527 quanquam
2976 4454 3212 4524 peccatis
3268 4452 3768 4508 intervenientibus

510 4542 628 4628 rum
666 4528 901 4586 cultores
935 4542 1110 4598 erant,
1150 4535 1472 4604 habuerant,
1499 4541 1688 4596 eadem
1711 4542 1813 4598 illis
1829 4545 2081 4615 deinceps
2112 4569 2161 4628 ι)
2188 4552 2485 4623 proﬁcuum
2515 4565 2636 4605 esse
2665 4564 2769 4603 non
2799 4554 3014 4619 posset,
3042 4562 3183 4617 saepe
3214 4546 3317 4601 hoc
3342 4545 3417 4600 illi
3447 4545 3766 4599 mandatum

510 4616 813 4674 habendam
863 4624 1202 4681 concederet.
1242 4627 1358 4696 Qua
1401 4646 1563 4701 supra
1612 4635 1828 4689 modum
1878 4636 2077 4705 cupidi,

510 4724 706 4765 nomen
753 4728 953 4767 novum
995 4715 1120 4784 sibi,
1152 4719 1206 4776 id
1232 4730 1316 4776 est
1348 4722 1643 4796 Stellingua
1673 4727 2080 4797 imposuerunt;

509 4810 565 4855 et
592 4800 646 4854 in
672 4817 837 4856 unum
868 4806 1188 4876 conglobati,
1220 4810 1452 4868 dominis
1482 4830 1514 4869 e
1538 4832 1702 4887 regno
1733 4834 1868 4888 pene
1890 4820 2081 4888 pulsis,

511 4904 662 4945 more
688 4892 930 4962 antiquo,
958 4911 1063 4965 qua
1086 4898 1315 4969 quisque
1339 4901 1553 4958 volebat
1590 4905 1707 4977 lege
1731 4906 1966 4963 vivebat.
1996 4908 2083 4963 ln-

513 4994 674 5050 super
708 4992 889 5038 autem
928 4985 1225 5044 Lodharius
1253 4990 1613 5050 Nortmannos
1656 5012 1818 5052 causa
1857 4997 2081 5053 subsidii

511 5071 900 5141 introduxerat,
927 5086 1243 5150 partemque
1282 5081 1709 5142 Christianorum
1758 5087 1863 5143 illis
1902 5088 2084 5145 subdi-

512 5170 667 5226 derat
706 5190 719 5227 :
752 5174 948 5243 quibus
967 5175 1150 5241 etiam,
1180 5186 1237 5233 ut
1257 5189 1481 5237 caeteros
1505 5183 1842 5241 Christianos
1880 5186 2084 5255 deprae~

514 5263 725 5331 darent,
748 5263 1018 5321 licentiam
1043 5269 1221 5324 dabat.
1251 5273 1414 5342 Igitur
1427 5285 1674 5331 metuens
1696 5276 2080 5344 Lodhuwicus,

514 5368 583 5410 ne
609 5354 767 5411 iidem
798 5356 1145 5430 Nortmanni,
1167 5378 1376 5420 necnon
1397 5375 1451 5422 et
1473 5366 1680 5436 Sclavi,
1711 5378 1932 5441 propter
1963 5368 2079 5425 atii-

586 5548 608 5575 ο
643 5535 732 5622 Sic
763 5550 869 5597 vet.
901 5559 1014 5622 ex._,
1056 5548 1399 5622 quod_nuper
1427 5551 1713 5622 admodum
1753 5549 1974 5621 quidam
2002 5550 2083 5606 sic

514 5617 1021 5692 supeiel‘etentavjt
1055 5635 1068 5673 :
1114 5636 1135 5669 ι
1176 5619 1244 5676 Ει
1271 5617 1563 5676 Orientalia
1588 5637 1755 5692 regna
1771 5617 2077 5692 cesserunt,

515 5684 689 5762 omnis
720 5684 925 5762 scilicet
952 5686 1238 5745 Germania
1272 5709 1441 5762 usque
1469 5694 1536 5746 ad
1569 5684 1743 5747 Rhéni
1768 5689 1967 5762 fluenta
1986 5732 2000 5756 ,
2025 5684 2080 5746 et

511 5747 709 5890 ἓξὲξ
746 5755 992 5816 civitates
1041 5770 1191 5819 trans
1235 5747 1483 5819 Rhenum
1530 5778 1652 5819 cum
1708 5747 2081 5831 adjacentibus

667 5859 681 5877 ο
724 5843 744 5878 ι

550 5833 681 5890 agis.
724 5843 744 5878 ι

2186 4646 2370 4702 fuisse.
2397 4644 2453 4698 In
2486 4657 2552 4699 eo
2598 4652 2776 4696 tamen
2805 4638 3158 4708 omnipotenti
3182 4636 3293 4692 Deo
3328 4636 3532 4707 gratias
3563 4633 3768 4688 referev

2188 4741 2335 4805 bant,
2364 4738 2518 4807 cujus
2548 4736 2765 4790 tandem
2789 4746 2892 4801 ope
2919 4730 3087 4799 adjuti
3116 4731 3218 4784 hoc
3238 4734 3677 4799 promeruerant,
3707 4735 3769 4779 ut

2186 4832 2354 4886 frater
2376 4818 2620 4891 illorum,
2653 4825 2746 4895 qui
2777 4838 2989 4893 semper
3012 4837 3202 4892 pacem
3233 4830 3395 4889 atque
3415 4818 3766 4874 concordiam

2185 4927 2483 4993 spreverat,
2508 4917 2617 4972 Deo
2642 4916 2903 4986 largiente
2933 4923 3060 4970 tunc
3088 4913 3233 4968 illam
3265 4910 3505 4982 petebat.
3535 4902 3769 4964 Veruiri-

2191 5022 2369 5067 tanicn
2406 5008 2564 5065 solito
2592 5022 2738 5061 more
2767 5005 2831 5059 ad
2876 5005 3154 5074 episcopos
3174 5001 3617 5068 sacerdotesque
3649 5012 3764 5051 rem

2191 5102 2458 5166 referunt,
2487 5108 2547 5153 ut
2576 5110 2894 5167 quocunque
2919 5094 3098 5149 divina
3126 5091 3427 5166 auctoritas
3449 5089 3502 5144 id
3545 5095 3765 5141 vertere

2190 5196 2379 5261 vellet,
2432 5200 2560 5248 nutu
2607 5191 2775 5262 ipsius
2814 5187 3001 5244 libenti
3042 5186 3223 5240 animo
3255 5190 3454 5254 praesto
3485 5180 3762 5236 adessent.

2190 5287 2395 5355 Quibus
2425 5300 2545 5339 cum
2580 5281 2817 5350 undique
2849 5288 2909 5335 ut
2932 5293 3039 5349 pax
3065 5278 3208 5332 inter
3232 5274 3353 5329 illos
3383 5272 3539 5327 ﬁeret
3565 5269 3767 5325 melius

2185 5381 2489 5445 videretur,
2522 5374 2895 5443 consentiunt,
2925 5371 3139 5443 legatos
3152 5372 3477 5431 eonvocant,
3493 5361 3764 5435 postulata

2254 5556 2284 5597 ι)
2305 5555 2397 5613 Sic
2415 5562 2525 5628 vet.
2538 5595 2552 5619 ,
2569 5552 2717 5628 quod
2730 5561 2782 5608 et
2806 5552 2946 5607 idem
2968 5549 3240 5628 nupersic
3261 5546 3511 5628 supplere
3533 5551 3766 5600 conatus

2184 5637 2265 5683 est
2304 5647 2315 5681 :
2359 5647 2376 5678 ι
2422 5616 2647 5698 ΚτηρΙὺδ
2690 5638 2817 5678 vero
2864 5616 3479 5698 accepi't_0ccidentalia
3526 5628 3690 5695 negna
3729 5628 3765 5666 a
3855 5672 3859 5676 _

2181 5697 2494 5752 Britannico
2525 5695 2739 5750 Oceano
2772 5708 2939 5765 usque
2960 5687 3028 5745 ad
3057 5687 3500 5765 hiosamﬁuvium
3522 5725 3535 5749 ,
3653 5698 3760 5754 qua

2180 5779 2335 5838 parte
2355 5784 2418 5822 ex
2455 5775 2579 5821 tunc
2604 5775 2658 5820 et
2681 5764 2838 5819 modo
2858 5759 3053 5816 nomen
3077 5759 3321 5814 Francia:
3343 5759 3624 5812 remansit.
3664 5774 3682 5804 ι
