4032 6458
307 397 378 452 75
977 393 1066 450 DE
1101 393 1659 453 DISSENSIONIBUS
1696 394 2024 454 FILIORUM
2060 397 2382 457 LUDOVICI
2416 398 2526 458 PII.
2564 429 2634 443 —
2663 398 2794 457 LIB.
2827 399 2917 459 IV.
3483 407 3555 466 τι

305 504 622 562 concedunt.
649 503 891 577 Cumque
916 503 971 560 in
996 506 1259 564 divisione
1286 511 1438 582 regni
1482 518 1711 582 quatuor
1755 511 1948 573 diesA
1973 508 2040 566 de
2081 511 2344 568 electione
2396 515 2547 585 regni
2605 515 2839 586 partium
2889 529 3145 585 securus,
3205 519 3552 578 Arduennam

305 597 386 652 vel
436 611 502 652 eo
543 596 772 668 amplius
816 608 1192 666 morarentur,
1231 601 1449 659 tandem
1481 604 1654 659 visum
1694 613 1778 658 est
1815 613 1875 658 ut

301 697 446 742 inter
462 686 711 742 Rhenum
741 695 796 742 et
823 687 1024 744 Mosam
1051 705 1221 761 usque
1241 693 1306 747 ad
1326 703 1571 748 exortum
1599 693 1782 758 Mosae,
1810 707 1875 748 ac

301 777 498 834 deinde
525 777 593 832 ad
623 787 872 834 exortum
921 779 1255 853 Saugonnte,
1305 792 1360 839 et
1388 784 1467 840 sic
1508 800 1604 855 per
1636 783 1877 856 Saugon.

300 882 429 923 nam
458 883 630 937 usque
661 867 730 923 ad
766 867 1130 926 conﬂuentum
1159 872 1404 928 Rhodani
1429 915 1446 941 ,
1485 883 1541 930 et
1575 874 1654 930 sic
1679 874 1875 931 deinde

299 974 400 1030 per
420 958 738 1015 Rhodanum
760 977 930 1032 usque
950 963 1006 1018 in
1042 977 1194 1020 mare
1223 962 1559 1036 Tyrrhenum
1579 980 1770 1021 omnes
1789 965 1872 1020 vi-

297 1055 498 1112 delicet
542 1057 901 1128 episcopatus,
945 1058 1221 1126 abbatias,
1264 1059 1582 1127 comitatus,
1626 1060 1758 1116 ﬁsca
1796 1059 1876 1116 cis

297 1145 526 1217 Alpibus
573 1147 954 1216 consistentia,
1005 1148 1274 1220 absque...
1312 1150 1388 1205 illi
1433 1151 1490 1206 in
1525 1161 1681 1222 parte
1721 1151 1876 1223 regni

297 1237 463 1292 tertia
491 1237 768 1296 offerrent.
805 1239 875 1296 Et
913 1239 959 1296 si
1003 1240 1144 1296 hanc
1195 1241 1435 1312 recipere
1483 1250 1696 1308 renuat,
1746 1241 1876 1311 qu’id

299 1327 498 1397 cuique
546 1329 835 1396 debeatur,
886 1329 1053 1386 armis
1109 1328 1424 1386 decernant.
1456 1329 1611 1399 Quod
1656 1331 1875 1401 quidem

298 1432 609 1490 quanquam
638 1420 778 1475 ultra
811 1421 955 1492 quod
977 1418 1182 1490 justum
1213 1437 1279 1477 ac
1302 1437 1630 1495 congruum,
1668 1431 1728 1476 ut
1757 1421 1876 1490 qui-

297 1512 525 1568 busdam
549 1513 854 1580 videbatur,
890 1514 1168 1569 inventum
1190 1513 1374 1581 fuerit,
1412 1531 1511 1586 per
1542 1514 1871 1580 Conradum,

293 1603 576 1661 Abbonem
641 1604 1027 1679 [Cohbonem],
1085 1607 1449 1662 Adelbardum
1477 1647 1492 1672 ,
1544 1615 1599 1663 et
1651 1613 1875 1662 caeteros

295 1699 612 1754 mandatum
653 1708 753 1755 est.
795 1699 899 1771 Ipsi
932 1715 1061 1755 vero
1088 1699 1340 1766 interim,
1379 1700 1550 1755 donec
1585 1699 1678 1770 qui
1722 1697 1874 1753 missi

292 1789 515 1844 fuerant
537 1798 937 1848 reverterentur
953 1831 968 1856 ,
995 1791 1052 1846 in
1080 1791 1268 1848 eodem
1295 1791 1412 1848 loco
1447 1807 1567 1848 esse
1602 1806 1662 1848 se
1688 1791 1877 1847 decer-

1973 610 2170 656 venatu
2208 604 2377 674 petit,
2405 619 2701 678 omnesque
2728 608 2993 678 primores
3023 626 3134 666 sua:
3161 613 3425 682 portionis
3452 630 3550 686 po-

1972 692 2104 763 puli,
2132 692 2223 761 qui
2249 708 2279 746 a
2307 708 2387 759 se,
2417 695 2542 749 dum
2574 711 2604 749 a
2626 712 2791 768 regno
2811 699 3005 765 abiret,
3029 703 3350 760 necessitate
3373 708 3549 763 coacti

1974 781 2338 850 desciverant,
2359 784 2656 841 honoribus
2683 788 2934 857 privavit.
2966 791 3328 850 Lodhuwicus
3349 799 3550 854 etenim

1974 872 2032 928 in
2081 873 2316 929 Saxonia
2367 875 2672 943 seditiosos,
2728 880 2821 949 qui
2865 896 2946 947 se,
2998 883 3077 937 uti
3126 884 3409 954 praefatum
3443 897 3548 956 est,

1976 965 2237 1038 Stellinga
2303 967 2748 1035 nominaverant,
2808 973 3096 1041 nobiliter,
3153 974 3310 1046 legali
3371 987 3548 1033 tamen

1974 1057 2140 1124 czede,
2173 1060 2525 1130 compescuit.
2558 1059 2786 1116 Karolus
2814 1078 2943 1119 vero
2973 1065 3026 1118 in
3050 1065 3398 1137 Aquitaniam
3421 1069 3548 1140 Pip-

1972 1151 2162 1223 pinum
2197 1150 2421 1224 fugavit.
2459 1152 2576 1221 Quo
2621 1153 2902 1222 latitante,
2949 1158 3082 1212 nihil
3127 1160 3271 1215 aliud
3317 1161 3553 1217 notabile

1974 1239 2188 1297 efﬁcere
2239 1243 2428 1308 valuit,
2481 1252 2678 1314 prater
2735 1245 2877 1315 quod
2931 1245 3212 1304 Warinum
3263 1252 3553 1322 quemdam

1977 1331 2202 1399 ducem,
2247 1341 2620 1404 caaterosque,
2674 1336 2766 1405 qui
2803 1336 2908 1392 sibi
2949 1337 3040 1392 fidi
3085 1339 3438 1408 videbantur,
3486 1345 3555 1398 ob

1976 1419 2278 1477 custodiam
2337 1423 2578 1493 ejusdem
2619 1425 2811 1494 patriae
2849 1426 2982 1481 inibi
3037 1427 3274 1498 reliquit.
3330 1431 3555 1502 Insuper

1975 1511 2230 1583 ngridus
2253 1528 2435 1570 comes
2463 1514 2671 1572 Tolosae
2713 1532 2744 1572 e
2785 1517 3008 1590 Peppini
3049 1521 3241 1588 sociis,
3267 1524 3362 1593 qui
3394 1526 3460 1579 ad
3490 1543 3551 1581 se

1974 1603 2311 1672 perdendum
2336 1607 2492 1662 missi
2511 1605 2747 1675 fuerant,
2777 1612 3042 1679 quosdam
3065 1613 3119 1667 in
3152 1614 3360 1670 insidiis
3386 1617 3552 1686 cepit,

1975 1696 2238 1765 quosdam
2260 1698 2469 1753 stravit.
2497 1698 2750 1770 Idemque
2770 1701 2996 1757 Karolus
3016 1704 3082 1758 ad
3103 1703 3381 1774 placitum,
3410 1708 3555 1776 quod

1974 1799 2098 1840 cum
2123 1785 2454 1844 Lodbuwico
2496 1787 2666 1844 fratre
2697 1806 2796 1846 suo
2830 1789 3189 1848 Wormatiam
3215 1795 3553 1864 condixerat,

293 1885 458 1945 nunt,
485 1894 800 1952 responsum
835 1879 1090 1937 Lodharii
1120 1882 1502 1952 prastolaturi.
1528 1882 1631 1952 Qui
1656 1898 1781 1940 cum
1801 1883 1872 1938 ad
1897 1881 1947 1942 B
1974 1877 2078 1933 iter
2107 1877 2322 1934 direxit.
2369 1879 2611 1951 Cumque
2657 1881 2810 1937 Metis
2838 1883 3012 1954 pridie
3040 1883 3156 1938 Kal.
3187 1884 3439 1942 Octobris
3464 1903 3556 1943 ve-

293 1968 630 2026 Lodharium
677 1973 984 2040 venissent,
1032 1983 1353 2044 repererunt
1398 1975 1546 2031 illum
1591 1976 1870 2048 paululum

294 2062 482 2118 minus
507 2065 667 2120 solito
695 2080 847 2122 more
886 2067 1201 2121 animatum.
1242 2067 1435 2124 Aiebat
1479 2070 1622 2125 enim
1658 2085 1719 2127 se
1761 2086 1870 2127 non

294 2167 421 2208 esse
456 2163 770 2211 contentum
813 2156 870 2211 in
912 2172 978 2213 eo
1016 2157 1157 2228 quod
1186 2157 1384 2214 fratres
1421 2159 1504 2214 sui
1537 2159 1616 2214 illi
1651 2161 1874 2215 manda-

291 2251 524 2311 verant,
556 2245 687 2316 quia
714 2261 870 2317 aequa
894 2248 1074 2318 portio
1095 2263 1205 2304 non
1225 2256 1370 2305 esset
1395 2266 1409 2302 :
1441 2250 1875 2320 querebaturque

292 2334 519 2406 insuper
543 2351 785 2404 suorum,
812 2339 904 2410 qui
927 2353 985 2395 se
1006 2341 1176 2396 secuti
1200 2348 1359 2407 sunt,
1385 2355 1626 2408 causam,
1653 2342 1797 2414 quod
1818 2343 1874 2398 in

291 2428 522 2498 pnefata
543 2437 696 2500 parte
736 2445 856 2500 qua:
881 2430 957 2486 illi
985 2431 1318 2488 offerebatur
1337 2449 1446 2488 non
1480 2433 1708 2491 haberet
1729 2435 1874 2491 unde

292 2519 402 2576 illis
440 2536 504 2577 ea
539 2537 657 2592 quae
683 2524 1003 2580 amittebant
1044 2527 1330 2583 restituere
1369 2517 1570 2596 posset.
1604 2527 1875 2596 Quamob-

290 2627 433 2680 rem,
461 2613 649 2684 ignoro
676 2629 782 2686 qua
822 2613 1011 2672 fraude
1051 2616 1297 2688 decepti,
1346 2617 1402 2673 hi
1429 2618 1524 2689 qui
1565 2617 1719 2674 missi
1757 2617 1875 2674 fue-

292 2712 440 2771 rant,
492 2716 690 2776 augent
735 2705 813 2761 illi
842 2722 1003 2777 supra
1040 2707 1317 2764 definitam
1358 2717 1567 2780 partem
1598 2725 1770 2781 usque
1816 2710 1872 2766 in

293 2796 678 2853 Carbonarias.
711 2796 935 2868 Insuper
963 2798 1010 2853 si
1037 2798 1139 2854 hoc
1166 2814 1336 2870 usque
1356 2799 1425 2854 ad
1456 2808 1698 2870 tempus,
1729 2801 1873 2869 quod

294 2889 405 2944 illis
428 2889 632 2959 pariter
656 2889 1016 2957 conveniret,
1040 2891 1339 2961 reciperet,
1360 2888 1547 2960 jurant
1575 2892 1683 2958 illi,
1729 2893 1873 2964 quod

294 2991 429 3037 tunc
455 2980 653 3037 fratres
677 2981 762 3038 sui
780 2980 1140 3052 jurejurando
1158 3022 1172 3048 ,
1201 2990 1363 3053 prout
1391 2984 1596 3054 aequius
1628 2991 1866 3054 possent,

294 3089 525 3144 regnum
575 3087 738 3129 omne
784 3074 989 3146 absque
1028 3073 1434 3146 Langobardia,
1486 3073 1766 3144 Bajoaria,
1815 3082 1872 3131 et

292 3165 616 3236 Aquitania,
651 3165 707 3220 in
748 3165 922 3222 tribus
971 3165 1214 3234 partibus
1252 3167 1580 3233 dividerent,
1621 3175 1870 3238 essetque

1975 1965 2177 2032 uisset,
2209 1967 2537 2023 Lodharium
2582 1969 2639 2024 in
2685 1970 2810 2025 villa
2873 1970 3167 2029 Theotonis
3205 1976 3408 2044 reperit
3448 1993 3555 2046 quo

1974 2066 2102 2115 ante
2136 2059 2454 2116 condictum
2497 2060 2756 2131 placitum
2802 2072 3046 2131 venerat,
3077 2080 3141 2120 ac
3194 2065 3350 2122 aliter
3393 2083 3557 2136 quam

1977 2155 2270 2214 statuerat,
2325 2149 2616 2205 residebat.
2659 2150 3018 2218 Quamobrem
3057 2153 3176 2220 his,
3208 2155 3300 2226 qui
3336 2171 3367 2210 a
3405 2166 3558 2227 parte

1977 2239 2323 2325 Lodhuvvici,
2365 2255 2573 2295 necnon
2608 2250 2662 2298 et
2707 2242 2887 2299 Karoli
2912 2284 2928 2310 ,
2972 2253 3193 2316 propter
3235 2246 3554 2302 divisionem

1978 2329 2136 2417 regni
2159 2329 2316 2386 Metis
2338 2332 2575 2386 residere
2603 2333 2921 2402 debuerant,
2954 2345 3126 2391 tutum
3159 2337 3384 2394 minime
3408 2339 3555 2394 vide-

1975 2418 2168 2484 batur,
2203 2426 2264 2473 ut
2286 2419 2414 2474 dum
2437 2420 2678 2476 seniores
2707 2423 2788 2476 sui
2813 2425 2867 2476 in
2895 2422 3219 2492 Wormatia,
3251 2436 3308 2482 et
3346 2429 3557 2484 Lodha-

1977 2511 2092 2566 rius
2141 2511 2194 2566 in
2237 2511 2537 2570 Theotonis
2583 2514 2711 2569 villa
2761 2524 2967 2584 essent,
3012 2519 3090 2574 illi
3135 2502 3291 2578 Minis
3331 2539 3559 2592 regnum

1977 2603 2298 2664 dividerent.
2349 2605 2528 2660 Distat
2567 2606 2712 2662 enim
2754 2606 3058 2665 Wormatia
3101 2627 3132 2665 a
3177 2612 3331 2668 Metis
3376 2614 3560 2670 leuvas

1975 2695 2096 2768 plus
2133 2695 2312 2752 minus
2358 2697 2714 2769 septuaginta.
2750 2699 3045 2757 'I‘heotonis
3082 2712 3262 2760 autem
3283 2707 3415 2761 villa
3440 2708 3561 2778 plus

1977 2790 2155 2845 minus
2184 2798 2334 2859 octo.
2363 2789 2696 2848 Occurrebat
2733 2791 2930 2857 etiam,
2972 2795 3114 2864 quod
3156 2794 3457 2852 Lodharius
3503 2800 3558 2854 in

1977 2880 2207 2937 fratrum
2265 2883 2579 2954 deceptione
2637 2899 2778 2955 saepe
2833 2885 3106 2955 perfacilis
3169 2898 3558 2961 promptusque

1977 2974 2283 3030 exstiterat.
2310 2975 2543 3046 Ideoque
2584 2991 2736 3032 suam
2777 2977 3007 3034 salutem
3041 2980 3118 3035 illi
3149 2983 3370 3038 credere
3391 2984 3559 3040 haud-

1976 3083 2272 3139 quaquam,
2296 3069 2498 3140 absque
2512 3070 2750 3140 qualibet
2771 3073 3080 3140 securitate,
3109 3075 3396 3130 audebant.
3415 3076 3558 3148 Ergo

1976 3159 2209 3217 Karolus
2264 3163 2458 3217 horum
2511 3162 2671 3218 saluti
2731 3165 3053 3232 consulens,
3110 3167 3178 3222 ad
3226 3166 3556 3226 Lodharium

265 3259 458 3327 ‘super
484 3257 570 3312 his
599 3272 695 3313 sua
719 3255 932 3323 electio,
976 3266 1034 3312 ut
1058 3273 1219 3328 quam
1255 3257 1416 3316 vellet
1444 3259 1634 3314 harum
1663 3261 1869 3330 accipe-

1979 3252 2162 3323 dirigit
2187 3268 2202 3308 :
2227 3255 2479 3320 mandat,
2517 3256 2773 3324 quoniam
2805 3255 2965 3312 aliter
2992 3273 3152 3327 quam
3193 3261 3553 3328 convenisset,

295 3358 402 3416 ret,
429 3364 492 3404 ac
518 3347 706 3405 diebus
745 3348 870 3404 vitae
899 3363 1011 3404 suae
1040 3349 1284 3403 eamdem
1307 3349 1384 3404 illi
1411 3351 1791 3417 concederent,
1816 3351 1871 3405 in

294 3459 362 3498 eo
387 3443 529 3513 quod
571 3442 658 3497 ille
692 3441 796 3497 illis
832 3441 1084 3497 similiter
1113 3441 1335 3497 faceret.
1367 3442 1436 3497 Et
1464 3443 1579 3498 haec
1602 3444 1785 3498 omnia
1823 3442 1871 3498 si

295 3535 454 3588 aliter
480 3549 589 3589 non
611 3533 891 3598 crederet,
929 3542 1270 3589 sacramento
1291 3534 1370 3590 sic
1398 3550 1457 3590 se
1483 3535 1724 3591 facturos
1745 3551 1873 3606 pro-

298 3629 596 3683 mitterent.
641 3623 800 3680 Jurat
842 3625 1007 3680 etiam
1042 3623 1347 3681 Lodharius
1384 3627 1463 3681 sic
1502 3643 1560 3681 se
1597 3627 1765 3694 velle,
1807 3644 1874 3684 ac

297 3735 394 3775 sua
439 3733 507 3775 ex
540 3725 694 3789 parte
735 3715 817 3772 sic
856 3714 1139 3788 perlicere,
1172 3715 1227 3770 in
1255 3729 1321 3770 eo
1363 3717 1505 3786 quod
1543 3716 1740 3772 fratres
1766 3718 1872 3786 sui,

295 3811 374 3865 uti
407 3809 560 3865 missi
587 3807 801 3863 illorum
829 3813 960 3860 tunc
987 3805 1065 3860 illi
1087 3804 1403 3876 juraverant
1421 3849 1436 3874 ,
1462 3807 1870 3879 adimplessent.

365 3901 530 3972 Igitur
555 3898 827 3954 mediante
860 3895 1052 3962 Iunio,
1088 3896 1224 3952 feria
1252 3897 1503 3953 videlicet
1528 3900 1715 3968 quinta
1745 3914 1874 3970 pro-

291 4001 414 4064 pter
437 3990 710 4046 civitatem
738 3987 1096 4052 Madasconis,
1122 3987 1176 4043 in
1202 3987 1378 4043 insula
1407 4004 1526 4058 qua:
1553 3989 1761 4045 Ansilla
1787 3991 1874 4047 di-

291 4085 452 4150 citur,
476 4097 598 4138 cum
623 4095 778 4152 aequo
797 4095 1024 4137 numero
1048 4079 1290 4152 priorum
1308 4079 1630 4146 Lodharius,
1654 4081 1873 4138 Lodbu-

288 4180 464 4235 wicus
498 4185 554 4233 et
585 4175 814 4232 [Carolus
842 4175 1201 4240 conveniunt,
1236 4182 1291 4229 et
1324 4174 1429 4230 hoc
1464 4185 1866 4233 sacramentum

288 4280 478 4326 mutuo
522 4268 627 4325 sibi
666 4266 1008 4338 iuraverunt.
1057 4266 1323 4323 Videlicet
1365 4275 1426 4321 ut
1474 4268 1544 4323 ab
1587 4283 1652 4323 ea
1695 4269 1782 4325 die
1810 4277 1867 4325 et

287 4362 545 4430 deinceps
575 4359 802 4414 invicem
849 4357 951 4414 sibi
987 4371 1173 4426 pacem
1212 4372 1536 4413 conservare
1578 4358 1863 4427 deberent,

287 4461 344 4510 et
365 4453 433 4508 ad
457 4452 734 4524 placitum,
759 4450 902 4522 quod
923 4448 1108 4504 fideles
1130 4449 1342 4504 illorum
1369 4450 1501 4505 inibi
1523 4453 1862 4517 statuissent,

1974 3354 2232 3412 venerat,
2275 3354 2328 3401 et
2349 3355 2499 3413 erat,
2530 3349 2576 3403 si
2605 3348 2768 3405 vellet
2796 3357 2858 3405 ut
2887 3351 3037 3434 missi
3066 3351 3252 3406 fratris
3284 3353 3401 3418 sui,
3427 3369 3554 3409 nec-

1975 3453 2084 3494 non
2109 3449 2166 3494 et
2194 3439 2297 3504 sui,
2331 3440 2462 3495 inibi
2496 3455 2604 3495 una
2630 3456 2751 3495 cum
2776 3441 2888 3498 suis
2915 3451 3276 3506 remanerent,
3299 3444 3455 3500 daret
3478 3445 3554 3502 illi

1973 3531 2221 3595 obsides,
2253 3539 2315 3587 ut
2339 3531 2405 3587 de
2440 3533 2614 3588 salute
2638 3532 2852 3589 illorum
2887 3534 3027 3591 ﬁdus
3058 3545 3222 3592 esset.
3267 3535 3362 3593 Sin
3395 3538 3554 3595 aliter

1974 3623 2212 3678 mitteret
2236 3610 2326 3678 ille
2350 3625 2544 3680 missos
2573 3641 2700 3681 suos
2717 3625 3080 3683 Worntatiam
3107 3629 3175 3683 ad
3205 3629 3324 3686 illos
3343 3671 3358 3697 ,
3387 3641 3442 3687 et
3473 3632 3550 3687 illi

1974 3725 2114 3779 quos
2137 3712 2300 3766 vellet
2320 3714 2537 3768 obsides
2559 3715 2636 3768 illi
2663 3717 2854 3770 darent
2879 3734 2894 3770 :
2929 3717 3014 3772 sin
3037 3702 3210 3781 aliter,
3235 3723 3552 3780 recederent

1975 3814 2007 3854 a
2032 3799 2187 3856 Metis
2214 3801 2332 3873 pari
2356 3803 2550 3873 spatio.
2584 3803 2679 3858 Sin
2707 3805 2870 3860 etiam
2891 3813 2948 3862 et
2970 3806 3074 3860 hoc
3095 3797 3277 3874 nollet,
3310 3811 3364 3864 in
3384 3812 3553 3866 medi-

1973 3895 2126 3951 tullio
2163 3911 2272 3967 qua
2314 3897 2507 3963 vellet,
2558 3898 2711 3954 missi
2753 3913 2944 3956 eorum
2987 3901 3384 3958 convenissent.
3434 3903 3552 3960 Non

1971 3987 2116 4042 enim
2145 4002 2204 4042 se
2231 3996 2311 4043 tot
2337 3988 2597 4044 nobilium
2627 3990 2868 4046 virorum
2896 3989 3122 4047 salutem
3149 3992 3420 4064 negligere
3454 3995 3550 4050 de-

1969 4078 2118 4145 bere,
2147 4079 2378 4136 dicebat.
2406 4079 2575 4136 Erant
2596 4081 2812 4151 quidem
2835 4082 3107 4155 octoginta
3133 4083 3291 4139 electi
3314 4100 3380 4140 ex
3402 4087 3549 4143 omni

1969 4170 2333 4237 multitudine,
2367 4171 2514 4226 omni
2538 4171 2821 4228 nobilitate
2847 4181 3186 4244 praestantes,
3215 4189 3444 4244 quorum
3468 4177 3550 4232 in-

1967 4267 2160 4323 teritus
2189 4267 2245 4322 ni
2270 4274 2688 4337 praecaveretur,
2712 4267 3004 4322 maximam
3024 4267 3125 4323 sibi
3153 4266 3414 4339 fratrique
3447 4286 3546 4327 suo

1966 4374 2125 4431 posse
2151 4359 2631 4431 inferrejacturam
2646 4359 2843 4415 aiebat.
2868 4359 3002 4414 Tum
3036 4359 3251 4415 tandem
3273 4376 3371 4430 pro
3396 4378 3546 4417 com-

1970 4456 2226 4512 moditate
2259 4457 2498 4512 omnium
2532 4456 2659 4511 hinc
2690 4455 2815 4510 inde
2841 4455 3015 4510 visum
3041 4464 3154 4520 est,
3184 4462 3243 4508 ut
3271 4454 3548 4512 conﬂuen-

288 4559 516 4616 regnum
567 4556 729 4598 omne
768 4542 972 4611 absque
1019 4537 1429 4610 Langobardia,
1481 4539 1763 4610 Bajoaria,
1809 4551 1867 4597 et
1970 4558 2082 4604 tum
2118 4549 2266 4604 missi
2304 4548 2536 4614 illorum,
2569 4555 2784 4602 centum
2811 4545 2994 4601 decem
3032 4545 3298 4612 videlicet,
3339 4547 3544 4616 absque

285 4641 606 4712 Aquitania,
637 4654 760 4696 cum
797 4643 1167 4704 sacramento,
1199 4644 1362 4707 prout
1388 4636 1595 4706 aequius
1620 4643 1863 4706 possent,
1890 4617 1944 4678 Ῑ)
1969 4640 2245 4699 obsidibus
2305 4639 2684 4703 convenirent,
2754 4637 2992 4707 inibique
3053 4651 3276 4707 regnum
3296 4676 3310 4703 ,
3380 4645 3542 4706 prout

288 4735 344 4790 in
371 4733 541 4790 tribus
562 4734 806 4804 partibus
831 4731 915 4788 sui
945 4730 1278 4796 dividerent,
1307 4729 1606 4799 electioque
1632 4728 1868 4801 partium

287 4828 532 4898 ejusdem
580 4827 732 4899 regni
773 4835 916 4881 esset
957 4821 1212 4880 Lodharii
1246 4839 1260 4877 :
1303 4830 1358 4878 et
1402 4823 1600 4892 quique
1654 4820 1869 4878 illorum

286 4929 536 4994 partem,
585 4933 748 4988 quam
795 4917 1026 4988 quisque
1073 4916 1377 4988 acciperet,
1432 4911 1627 4986 cuique
1676 4915 1869 4972 deinde

286 5015 542 5072 omnibus
567 5013 756 5070 diebus
783 5012 909 5067 vitae
947 5026 1057 5068 sua:
1079 5026 1405 5067 conservare
1429 5010 1669 5076 deberet,
1700 5011 1755 5066 in
1781 5025 1865 5078 eo,

287 5111 337 5168 si
369 5110 630 5166 adversus
653 5106 878 5162 fratrem
909 5113 964 5161 et
987 5120 1112 5162 suos
1143 5105 1313 5160 frater
1353 5121 1482 5160 suus
1508 5105 1760 5161 similiter
1779 5104 1862 5161 fa-

288 5209 459 5259 ceret.
506 5199 624 5268 Quo
675 5199 918 5269 expleto,
966 5197 1328 5268 adhibitisque
1371 5197 1551 5252 verbis
1598 5197 1859 5268 pacificis,

287 5292 515 5365 pacifice
538 5290 843 5355 discedunt,
887 5289 953 5344 ad
993 5299 1172 5344 castra
1197 5289 1453 5356 redeunt,
1480 5289 1536 5344 in
1563 5289 1858 5344 crastinum

287 5385 358 5441 de
411 5382 622 5439 catenis
665 5379 1030 5438 deliberaturi.
1077 5378 1393 5448 Quanquam
1453 5387 1507 5434 et
1547 5394 1720 5450 aegre,
1770 5380 1860 5435 vix

288 5485 473 5531 tamen
499 5473 748 5530 effectum
773 5480 852 5527 est
873 5511 888 5536 ,
920 5480 980 5524 ut
1003 5485 1175 5539 usque
1212 5468 1279 5523 ad
1312 5477 1632 5525 conventum
1656 5510 1671 5536 ,
1713 5469 1858 5540 quod

289 5569 344 5623 in
385 5565 640 5621 Kalendis
677 5561 926 5622 Octobris
962 5561 1347 5624 condixerant,
1379 5560 1602 5632 pacifice
1631 5561 1859 5632 quisque

289 5658 345 5712 in
366 5672 462 5713 sua
486 5655 731 5726 portione
749 5693 764 5718 ,
793 5665 957 5722 quam
981 5649 1142 5706 vellet
1167 5689 1182 5715 ,
1221 5657 1382 5705 esset.
1412 5649 1480 5704 Et
1498 5649 1867 5706 Lodhuwicus'

289 5748 506 5817 quidem
537 5744 845 5809 Saxoniam,
870 5741 1097 5797 Karolus
1119 5756 1248 5796 vero
1275 5740 1613 5811 Aquitaniam
1640 5741 1857 5796 ordinao

292 5838 413 5904 turi,
437 5837 653 5894 adeunt.
675 5835 976 5892 Lodharius
997 5841 1174 5888 autem
1194 5832 1327 5902 jam,
1352 5844 1409 5888 ut
1429 5833 1530 5889 sibi
1555 5833 1852 5899 videbatur,

764 5931 1036 5991 ΡΑτιιοι.
1082 5927 1303 5989 CXVI.

1969 4734 2174 4804 aequius
2202 4739 2439 4804 possent,
2471 4730 2791 4786 dividerent.

2040 4824 2158 4892 Quo
2185 4823 2390 4879 scilicet
2413 4837 2505 4876 xxv
2546 4820 2666 4876 Kal.
2693 4819 3009 4877 Novembris
3035 4820 3440 4887 convenientes,
3469 4837 3540 4877 ne

1969 4915 2110 4972 forte
2150 4915 2418 4987 quoddam
2467 4914 2779 4970 scandalum
2831 4913 2974 4968 inter
3025 4913 3274 4968 homines
3322 4913 3537 4968 illorum

1972 5009 2292 5081 qualibetex
2316 5024 2478 5064 causa
2501 5009 2758 5074 oriretur,
2788 5022 2915 5078 pars
2942 5007 3176 5074 illorum,
3194 5022 3314 5076 qua:
3343 5023 3371 5060 a
3400 5005 3541 5061 Lod-

1965 5101 2218 5167 buwico,
2288 5115 2497 5156 necnon
2563 5106 2618 5153 et
2672 5097 2866 5154 Karolo
2923 5106 3163 5164 venerat,
3223 5096 3538 5153 orientalem

1964 5191 2136 5262 ripam
2203 5189 2376 5245 Rheni
2405 5196 2690 5255 metantes,
2763 5203 2882 5259 quae
2939 5195 3120 5243 autem
3157 5202 3188 5242 a
3246 5184 3535 5248 Lodhario,

1963 5280 2264 5345 occiduam,
2323 5278 2671 5349 quotidieque
2727 5277 2796 5333 ob
2859 5289 3144 5333 commune
3207 5273 3535 5341 colloquium

1967 5369 2224 5426 Sanctum
2247 5367 2527 5425 Castorem
2552 5369 2842 5438 petierunt.
2867 5366 3108 5436 Cumque
3134 5365 3199 5420 ad
3227 5363 3376 5433 regni
3408 5362 3538 5418 divi-

1964 5462 2190 5528 sionem,
2215 5461 2272 5516 hi
2297 5460 2391 5530 qui
2416 5476 2447 5516 a
2477 5459 2804 5515 Lodbuwico
2828 5467 2884 5514 et
2923 5457 3120 5513 Karolo
3148 5454 3294 5509 missi
3320 5453 3536 5510 fuerant

1960 5554 2126 5608 variis
2147 5551 2502 5624 querimoniis
2535 5551 2908 5615 accessissent,
2923 5548 3204 5619 quaesitum
3226 5554 3327 5612 est,
3343 5546 3388 5600 si
3411 5547 3534 5615 quis

1960 5644 2173 5700 illorum
2195 5643 2359 5699 totius
2387 5642 2596 5712 imperii
2627 5641 2874 5697 notitiam
2903 5641 2970 5695 ad
2997 5636 3257 5707 liquidum
3283 5635 3528 5692 haberet.

1959 5736 2092 5793 Cum
2113 5737 2292 5792 nullus
2317 5736 2662 5806 reperiretur,
2685 5733 2967 5804 quaesitum
2987 5739 3088 5793 est,
3121 5746 3217 5784 cur
3241 5730 3388 5785 missi
3419 5729 3531 5783 illo-

1962 5847 2078 5885 rum
2127 5829 2257 5885 illud
2310 5827 2362 5882 in
2397 5835 2672 5883 transacto
2699 5821 2873 5894 spatio
2903 5838 3008 5878 non
3034 5822 3442 5884 circumiisscnt,
3472 5825 3530 5874 et

3057 5916 3096 5975 3
