4032 6448
491 376 563 433 75
815 370 1145 431 NITHARDI
1180 373 1239 432 S.
1278 372 1579 433 NCHARII
1611 373 1766 431 ABB.
1802 373 1894 431 DE
1931 370 2237 430 DISSENS.
2279 372 2527 432 FILlOR.
2567 372 2891 435 ιυῡονιοι
2928 377 3034 435 PII.
3074 410 3145 422 —
3182 377 3312 436 LIB.
3345 377 3439 437 IV.

3678 385 3762 444 ’16

490 486 704 547 illorum
739 486 1007 543 industria
1033 486 1411 543 imbreviatum
1447 492 1614 541 esset.
1636 484 1774 541 Cum
1802 493 1861 543 et
1887 487 1991 541 hoc
2008 493 2068 539 ut
2093 486 2143 547 Α
2170 499 2440 555 quaquam
2485 486 2725 555 quolibet
2776 488 2936 543 modo
2972 490 3334 555 omitteretur,
3381 491 3435 546 ni
3456 492 3522 547 'in
3556 494 3756 550 eodem

488 579 665 645 ﬁeret,
699 578 1019 634 Lodharium
1048 577 1188 634 nolle
1210 577 1558 647 reperissent,
1587 577 1804 635 aiebant
1824 576 2069 647 impossi-

489 674 598 730 bile
614 689 736 729 esse
757 674 1026 744 ignoranti
1048 673 1298 743 quiddam
1320 672 1600 743 aequaliter
1619 672 1860 729 dividere
1886 687 2064 744 posse.

433 760 442 779 ⁵
488 767 792 824 Novissime
819 774 997 821 autem
1027 765 1312 835 quaesitum
1341 775 1447 830 est,
1478 766 1735 835 quoniam
1759 779 2068 822 sacramen-

488 868 546 915 to
566 858 719 924 illud,
740 866 901 928 prout
918 857 1123 926 aequius
1141 871 1205 911 ac
1224 856 1419 911 melius
1443 867 1681 927 possent,
1707 852 2033 926 nossentque
2046 894 2062 921 ,

488 949 729 1005 dividere
776 949 1064 1012 deberent,
1123 948 1169 1002 si
1208 949 1311 1004 hoc
1352 950 1561 1005 sincere
1603 947 1788 1017 jurare
1821 956 2061 1021 possent,

489 1044 615 1097 dum
641 1041 841 1097 scirent
859 1039 1003 1109 quod
1029 1054 1189 1094 nemo
1212 1040 1523 1109 ignoranter
1546 1040 1602 1094 id
1628 1039 1808 1095 facere
1837 1040 2060 1095 valeret.

486 1134 553 1188 Et
568 1135 671 1188 hoc
686 1114 899 1202 quoque
920 1131 989 1186 ad
1002 1130 1389 1186 conferendum
1404 1132 1670 1201 episcOpis
1690 1131 2059 1187 commissum.

486 1221 587 1289 Qui
623 1222 749 1277 hinc
792 1221 916 1276 inde
958 1221 1013 1275 in
1044 1221 1321 1275 basilicam
1364 1220 1549 1275 Sancti
1584 1219 1823 1275 Castoris
1859 1236 2060 1275 conve-

482 1312 716 1377 nientes,
757 1327 788 1366 a
815 1319 974 1382 parte
1003 1311 1256 1366 Lodharii
1288 1312 1526 1377 aiebant,
1559 1312 1605 1367 si
1632 1311 1687 1366 in
1717 1322 2059 1370 sacramento

483 1406 710 1474 quilibet
750 1404 1080 1475 deliquisset,
1114 1405 1216 1460 hoc
1258 1405 1477 1475 expiare
1522 1420 1705 1475 posse,
1744 1421 1809 1460 ac
1833 1421 1931 1477 per
1956 1406 2060 1461 hoc

484 1495 677 1552 melius
699 1505 845 1552 esset
866 1503 923 1550 ut
952 1496 1055 1550 hoc
1077 1495 1337 1560 facerent,
1369 1510 1533 1565 quam
1562 1496 1764 1551 diutius
1798 1504 1877 1551 tot
1910 1496 2056 1566 rapi-

484 1601 602 1651 nas,
622 1586 891 1651 incendia,
915 1587 1222 1653 homicidia,
1245 1587 1506 1643 adulteria
1528 1587 1771 1643 Ecclesia
1796 1588 1889 1643 Dei
1906 1596 2057 1658 pate-

479 1687 652 1734 retur.
691 1678 762 1734 At
778 1687 965 1734 contra
993 1679 1048 1733 hi
1086 1681 1232 1749 quia
1278 1691 1433 1751 parte
1470 1680 1810 1747 Lodhttwici,
1842 1694 2054 1737 necnon

478 1777 533 1824 et
554 1770 736 1827 Karoli
756 1778 931 1836 erant,
962 1772 1194 1836 aiebant,
1218 1771 1344 1827 dum
1366 1781 1614 1828 neutrum
1640 1786 1860 1828 necesse
1883 1786 2048 1838 esset,

2175 585 2466 643 conventu,
2507 586 2566 634 ut
2596 579 2801 648 aequius
2830 588 3069 649 possent,
3102 596 3265 636 omne
3292 596 3514 651 regnum
3546 585 3759 641 divide-

2171 676 2311 733 rent,
2341 678 2592 738 essetque
2617 670 2893 736 Lodharii,
2918 672 3254 741 uti'juratum
3281 672 3477 739 fuerat,
3511 677 3754 744 partium

2170 761 2365 818 electio
2403 760 2646 831 ejusdem
2689 764 2861 835 regni.
2904 763 3042 820 Hinc
3087 765 3287 835 quique
3317 782 3422 837 qua
3452 766 3609 823 libuit
3634 770 3750 824 dis-

2169 854 2357 920 cessit,
2408 862 2460 911 et
2489 854 2787 911 Lodharius
2831 855 3000 926 Aquis
3044 857 3340 912 hiematum
3387 859 3561 928 petiit,
3600 859 3744 915 Lod-

2168 944 2414 1000 buwicus
2464 945 2785 1016 Bajoariam.
2847 946 3074 1004 Karolus
3122 958 3303 1005 autem
3358 966 3584 1006 uxorem
3643 953 3743 1009 duo

2166 1043 2355 1091 cturus
2388 1034 2721 1093 Carisiacum
2754 1038 2923 1095 venit.
2955 1038 3158 1096 Eodem
3199 1049 3442 1110 tempore
3489 1042 3664 1098 Mauri
3709 1059 3741 1099 a

2167 1125 2444 1198 Sigenulfo
2480 1128 2651 1184 fratre
2695 1128 2969 1199 Sigihardi
3007 1130 3110 1185 sibi
3139 1146 3302 1186 causa
3330 1133 3561 1188 subsidii
3591 1134 3749 1190 indu-

2164 1217 2237 1273 eti
2292 1218 2654 1275 Beneventum
2704 1220 2984 1275 invadunt.
3041 1221 3239 1278 Eodem
3292 1223 3455 1278 etiam
3497 1232 3747 1295 tempore

2165 1305 2429 1378 Stelliuga
2477 1309 2533 1363 in
2579 1308 2818 1364 Saxonia
2853 1318 3043 1366 contra
3081 1308 3329 1369 domiuds
3373 1328 3502 1368 suos
3544 1314 3745 1370 iterum

2162 1397 2509 1464 rebellarunt,
2576 1400 2668 1455 sed
2731 1399 2914 1471 praelia
2974 1402 3283 1468 commisso,
3370 1404 3534 1458 nimia
3595 1406 3747 1460 caede

2160 1492 2417 1561 prostrati
2455 1499 2600 1547 sunt.
2635 1491 2713 1546 Ac
2741 1491 2821 1546 sic
2848 1493 3168 1548 auctoritate
3198 1493 3422 1559 interiit,
3451 1495 3596 1564 quod
3623 1496 3747 1552 sine

2160 1585 2483 1639 auctoritate
2503 1599 2724 1655 surgere
2745 1585 3110 1656 praesumpsit.
3140 1585 3366 1656 Accepit
3389 1588 3607 1656 quidem
3629 1588 3743 1642 Ka-

2159 1676 2328 1741 rolus,
2352 1677 2429 1731 uti
2455 1675 2737 1746 praefatum
2767 1685 2882 1739 est,
2924 1677 2979 1730 in
3007 1676 3260 1747 conjugio
3297 1676 3747 1733 Hirmentrudem

2157 1768 2398 1824 Vedonis
2419 1776 2474 1823 et
2502 1766 2823 1838 lngeltrudis
2850 1766 3038 1832 ﬁliam,
3086 1775 3141 1831 et
3166 1775 3381 1837 neptem
3417 1766 3743 1825 Adelbardi.

477 1877 577 1915 cur
602 1862 658 1915 in
697 1861 866 1917 Deum
895 1876 1125 1931 peccare
1153 1862 1452 1919 deberent:
1502 1863 1696 1919 melius
1725 1878 1845 1919 esse
1875 1871 1935 1918 ut
1962 1863 2053 1918 ﬁr—
2083 1840 2132 1902 Β
2160 1856 2440 1931 Dilexerat
2494 1866 2676 1913 autem
2726 1866 2881 1927 pater
2924 1857 3042 1927 ejus
3074 1872 3173 1913 suo
3197 1858 3252 1912 in
3303 1866 3548 1927 tempore
3595 1860 3744 1914 hunc

476 1965 715 2013 maretur
756 1972 863 2028 pax
919 1959 1064 2014 inter
1119 1957 1258 2023 illos,
1297 1958 1684 2028 mitterentque
1722 1958 1927 2029 pariter
1960 1973 2056 2027 per

475 2050 785 2106 universum
815 2051 1122 2121 imperium,
1153 2057 1208 2105 et
1240 2051 1678 2116 imbreviaretur,
1703 2066 1767 2105 ac
1790 2059 1901 2106 tum
1930 2059 2053 2105 tan-

450 2145 594 2199 ‘dem
623 2143 805 2200 iurare
831 2145 973 2215 quod
999 2152 1204 2201 certum
1236 2154 1320 2201 est
1342 2148 1547 2215 absque
1575 2147 1837 2217 periculo,
1868 2161 2052 2217 aequa-

472 2235 701 2306 literque
728 2236 971 2292 dividere
989 2252 1150 2307 posse
1177 2238 1493 2293 censebant.
1523 2236 1615 2293 Sic
1638 2252 1851 2308 quoque
1872 2237 2053 2309 perju-

470 2326 553 2380 ria
593 2334 898 2397 caeteraque
943 2326 1182 2382 facinora
1218 2328 1479 2393 devitarc,
1512 2329 1563 2382 ni
1599 2343 1739 2383 caeca
1783 2329 2052 2399 cupiditas

469 2417 773 2489 impediret,
802 2432 962 2488 posse
990 2417 1296 2474 firmabant.
1327 2420 1402 2474 Ac
1429 2434 1527 2490 per
1549 2420 1654 2475 hoc
1678 2435 1778 2474 nec
1808 2434 1867 2476 se
1893 2420 2052 2475 lzede-

468 2524 529 2564 re
551 2510 607 2563 in
630 2517 970 2565 sacramento
997 2508 1150 2572 velle,
1181 2522 1281 2564 nec
1303 2509 1537 2579 cuipiam
1563 2518 1624 2564 ut
1644 2511 1846 2564 faceret
1882 2508 2051 2565 licen-

466 2602 598 2657 tiam
634 2603 786 2667 dare,
834 2602 1193 2680 testabantur.
1219 2602 1333 2669 Qua
1394 2603 1795 2667 dissentientes,
1843 2603 2048 2673 quique

466 2707 577 2763 qua
618 2701 869 2759 venerat,
900 2693 967 2747 ad
993 2707 1120 2747 suos
1165 2701 1525 2748 secesserunt.
1559 2693 1699 2748 Hinc
1745 2707 1934 2748 omnes
1988 2694 2046 2748 in

466 2788 654 2842 eadem
682 2787 842 2842 domo
855 2794 1251 2852 convenerunt,
1275 2801 1304 2840 a
1327 2794 1480 2857 parte
1497 2786 1754 2841 Lodharii
1780 2785 2042 2850 dicentes,

465 2880 607 2949 quod
628 2879 801 2949 parati
823 2887 1222 2934 sacramentum
1252 2886 1309 2933 et
1334 2878 1402 2931 ad
1425 2878 1777 2943 divisionem,
1801 2878 1877 2931 uti
1892 2876 2046 2946 jura-

468 2979 578 3024 tum
609 2967 805 3034 fuerat,
841 2977 1046 3024 essent.
1075 2968 1145 3021 At
1166 2978 1354 3023 contra
1386 2983 1415 3021 a
1437 2977 1592 3038 parte
1633 2967 1947 3023 Lodbuvvici
1989 2977 2046 3023 et

465 3061 648 3115 Karoli
683 3060 933 3115 similiter
952 3074 1011 3113 se
1027 3059 1181 3123 velle,
1207 3060 1252 3113 si
1275 3068 1519 3129 possent,
1543 3060 1777 3115 aiebant.
1806 3058 2045 3114 Novissi-

412 3187 421 3196 ο
466 3165 552 3206 me
578 3160 778 3215 autem,
810 3151 1063 3220 quoniam
1090 3157 1282 3206 neuter
1316 3149 1459 3220 quod
1487 3149 1625 3206 alter
1654 3150 1889 3215 volebat,
1922 3152 2042 3205 abs-

461 3259 568 3313 que
612 3242 884 3299 seniorum
926 3257 1145 3297 suorum
1183 3242 1538 3305 auctoritate,
1579 3242 1841 3297 assentire
1882 3240 2041 3296 aude-

461 3334 577 3398 bat,
601 3341 847 3388 statuunt
869 3332 1340 3418 utpaxjnterillos
1363 3340 1524 3396 esset,
1564 3331 1735 3385 donec
1758 3332 1900 3385 scire
1918 3346 2044 3400 pos-

462 3434 586 3477 sent
603 3423 733 3493 quid
756 3423 997 3478 seniores
1020 3423 1102 3477 sui
1132 3423 1322 3477 borum
1347 3422 1592 3491 recipere
1611 3419 1824 3475 vellent.
1851 3419 1917 3474 Et
1941 3420 2043 3475 hoc

462 3516 771 3586 ﬁeriposse
810 3517 864 3572 iu
910 3515 1046 3570 Non.
1092 3514 1349 3570 Novemb.
1382 3514 1558 3567 visum
1609 3521 1712 3579 est,
1763 3526 2045 3582 usquequo

459 3608 610 3677 pacis
639 3608 867 3664 termino
904 3607 1197 3662 constituto
1220 3604 1520 3659 discedunt.
1570 3602 1684 3670 Qua
1710 3603 1926 3673 quidem
1953 3601 2043 3657 die

461 3698 638 3754 factus
668 3708 828 3754 terrae
864 3710 1042 3753 mutus
1071 3710 1298 3766 magnus
1335 3709 1434 3765 per
1475 3708 1693 3748 omnem
1732 3708 1870 3764 pene
1898 3693 2043 3748 hanc

462 3789 689 3845 Galliam
720 3799 824 3844 est.
851 3789 1161 3859 Eademque
1186 3787 1275 3842 die
1298 3785 1645 3856 Angilbertus
1667 3786 1753 3840 vir
1776 3800 2042 3841 memora-

459 3885 587 3940 bilis
609 3882 837 3940 Centulo
873 3882 1192 3947 translatus,
1223 3889 1278 3936 et
1309 3894 1452 3934 anno
1472 3888 1596 3949 post
1617 3879 1897 3935 decessum
1920 3876 2041 3945 ejus

462 3991 635 4030 xxvtu
663 3973 862 4047 [xxix],
888 3988 1115 4045 corpore
1140 3973 1345 4041 absque
1368 3969 2040 4027 aromatihusindissoluto

459 4074 711 4136 repertus
737 4074 842 4121 est.
874 4064 998 4120 Fuit
1031 4064 1122 4120 hic
1142 4063 1230 4118 vir
1247 4070 1402 4118 ortus
1436 4061 1581 4117 eoin
1627 4070 1867 4130 tempore
1894 4060 2041 4117 baud

455 4159 653 4227 ignota;
680 4157 914 4212 familiae.
945 4156 1363 4228 Madbelgaudus
1392 4164 1594 4221 autem,
1634 4154 1961 4219 Richardus,
1983 4163 2041 4209 et

461 4252 567 4320 hic,
594 4268 660 4308 ex
684 4266 793 4307 una
818 4250 1076 4323 progenie
1102 4249 1288 4314 fuere;
1314 4257 1371 4304 at
1408 4249 1549 4319 apud
1586 4247 1833 4319 Magnum
1862 4248 2032 4303 Κειτο-

462 4344 571 4401 lum
611 4345 806 4401 merito
840 4344 1022 4415 magni
1046 4343 1404 4398 habebantur.
1429 4340 1533 4409 Qui
1563 4355 1629 4397 ex
1659 4342 1897 4411 ejusdem
1922 4358 2034 4397 ma—

2157 1926 2525 2009 Adelha.rdum
2559 1926 2807 2015 adeo,iut
2855 1926 2999 2017 quod
3042 1950 3184 2005 idem
3213 1949 3373 2005 vellet
3402 1950 3456 2004 in
3482 1950 3746 2007 universo

2156 2040 2401 2110 imperio,
2433 2041 2534 2096 hoc
2561 2048 2715 2110 pater
2738 2038 2964 2094 faceret.
2996 2038 3102 2106 Qui
3133 2038 3351 2093 utilitati
3376 2038 3609 2108 publicae
3638 2040 3745 2094 mi-

2155 2146 2258 2187 nus
2284 2131 2638 2201 prospiciens,
2674 2130 2887 2200 placere
2910 2130 3105 2199 cuique
3125 2129 3379 2187 intendit.
3407 2129 3546 2184 Hinc
3570 2128 3742 2185 liber-

2153 2228 2314 2285 tates,
2372 2220 2499 2276 hinc
2543 2220 2761 2289 publica
2800 2221 2857 2275 in
2901 2219 3137 2290 propriis
3186 2220 3374 2281 usibus
3411 2220 3744 2279 distribuere

2153 2313 2325 2370 suasit
2350 2327 2365 2369 :
2396 2328 2460 2368 ac
2485 2314 2613 2369 dum
2658 2312 2802 2384 quod
2846 2313 3043 2383 quique
3075 2312 3294 2382 petebat
3320 2321 3382 2367 ut
3405 2313 3584 2379 fieret,
3613 2313 3743 2369 etle-

2152 2404 2247 2472 cit,
2298 2404 2687 2475 rempublicam
2732 2404 2950 2475 penitus
2985 2404 3304 2459 annullavit.
3352 2404 3471 2472 Quo
3516 2406 3738 2473 quidem

2149 2495 2312 2551 modo
2346 2495 2595 2551 elfectum
2637 2505 2740 2560 est,
2771 2504 2832 2550 ut
2865 2496 2918 2549 in
2953 2496 3057 2551 hac
3098 2505 3418 2567 tempestate
3451 2498 3735 2567 pupulum,

2148 2600 2256 2657 qua
2291 2586 2455 2643 vellet
2496 2585 2650 2640 facile
2679 2586 2948 2641 divertere
2983 2596 3186 2655 posset.
3222 2587 3290 2641 Et
3317 2588 3417 2641 hac
3450 2587 3516 2641 de
3548 2602 3609 2641 re
3633 2586 3738 2641 Ka-

2151 2681 2301 2737 rolus
2351 2678 2604 2749 praefatas
2641 2679 2858 2749 nuptias
2903 2679 3141 2734 maxime
3191 2678 3332 2742 iniit,
3360 2678 3486 2749 quia
3516 2693 3641 2733 cum
3670 2694 3736 2733 co

2147 2773 2441 2839 maximam
2460 2780 2667 2840 partem
2689 2770 2863 2841 plebis
2893 2771 2996 2826 sibi
3022 2771 3299 2831 vindicare
3314 2786 3473 2842 posse
3501 2773 3731 2842 putavit.

2146 2864 2359 2934 Nuptiis
2388 2863 2605 2934 quidem
2651 2879 2743 2921 xvt
2773 2862 2892 2918 Kal.
2938 2861 3181 2925 Januarii
3211 2864 3457 2932 expletis,
3488 2862 3731 2918 Natalem

2144 2953 2358 3008 Domini
2387 2954 2455 3008 ad
2479 2953 2739 3011 Sanctum
2782 2951 3098 3021 Quintiuum
3128 2952 3341 3010 celebre
3370 2955 3598 3025 peregit.
3630 2954 3731 3008 Va-

2143 3044 2410 3099 lentianas
2443 3060 2679 3115 quoque,
2722 3044 2815 3114 qui
2843 3045 2910 3099 de
2940 3044 3186 3101 ﬁdelibus
3212 3045 3325 3113 suis
3355 3047 3495 3100 inter
3523 3046 3729 3102 Mosam

2147 3134 2564 3206 Sequanatnque
2610 3150 2775 3195 causa
2829 3135 3088 3191 custodite
3137 3151 3418 3209 remanere
3446 3138 3726 3202 deberent,

2145 3228 2437 3283 ordinavit.
2484 3228 2628 3283 Idem
2674 3242 2801 3283 vero
2848 3228 3092 3298 partibus
3112 3227 3420 3298 Aquitania:
3446 3245 3551 3284 una
3602 3246 3727 3285 cum

2142 3317 2369 3389 conjuge
2391 3332 2533 3372 anno
2561 3317 2669 3374 845
2697 3317 3089 3373 lncarnatiouis
3108 3318 3321 3373 Domini
3346 3321 3397 3374 iu
3425 3320 3605 3375 hieme
3623 3321 3730 3375 iter

2142 3410 2359 3465 direxit.
2383 3408 2506 3463 Fuit
2536 3418 2716 3464 autem
2740 3409 2927 3464 eadem
2951 3409 3125 3465 hiems
3148 3408 3453 3481 praefrigida
3475 3411 3639 3464 nimis
3660 3425 3730 3465 ac

2142 3498 2414 3555 diuturna.
2460 3497 2831 3570 Languoribus
2898 3498 3119 3568 insuper
3168 3500 3446 3555 abundans
3505 3514 3728 3557 necnon

2140 3596 2197 3643 et
2214 3587 2578 3658 agriculturae,
2594 3587 2904 3659 pecorique,
2926 3588 3224 3659 apibusque
3242 3591 3379 3647 satis
3404 3589 3721 3663 incongrua.

2210 3700 2311 3755 llic
2334 3699 2532 3769 quique
2561 3699 2796 3769 colligat,
2826 3713 2932 3768 qua
2975 3700 3253 3756 dementia
3282 3701 3574 3759 utilitatem
3620 3720 3715 3774 pu-

2138 3791 2337 3849 blicam
2358 3790 2608 3862 negligat,
2640 3791 2973 3861 privatisque
2997 3806 3060 3846 ac
3085 3794 3317 3863 propriis
3345 3793 3712 3851 voluntatibus

2139 3881 2394 3945 insaniat,
2433 3882 2560 3937 dum
2598 3895 2666 3936 ex
2692 3881 2935 3951 utrisque
2960 3881 3275 3943 Creatorem
3301 3884 3438 3945 adeo
3460 3885 3714 3949 offendat,

2137 3979 2197 4027 ut
2253 3970 2417 4026 etiam
2445 3970 2625 4025 omnia
2681 3969 2951 4026 elementa
3002 3970 3120 4041 ejus
3168 3974 3401 4031 vesaniae
3442 3958 3719 4030 contraria

2134 4059 2330 4117 reddat
2362 4078 2376 4114 :
2413 4060 2665 4131 quodque
2694 4061 3064 4133 hujuscemodi
3089 4064 3349 4135 exemplis
3375 4081 3517 4137 pene
3541 4067 3718 4123 adhuc

2137 4154 2390 4211 omnibus
2417 4154 2559 4209 notis
2586 4154 2847 4224 perfacile
2898 4158 3226 4226 probaturus
3267 4161 3547 4217 accedam.
3579 4160 3716 4216 Nam

2138 4245 2470 4315 temporibus
2517 4246 2671 4301 bonae
2702 4247 3096 4304 recordationis
3147 4247 3324 4322 Magni
3374 4251 3580 4318 Karoli,
3619 4254 3713 4323 qui

2136 4337 2351 4393 evoluta
2373 4336 2489 4407 jam
2516 4352 2653 4409 pene
2681 4355 2822 4395 anno
2871 4341 3143 4397 tricesimo
3171 4342 3427 4412 decessit,
3454 4347 3710 4415 quoniam

461 4438 548 4510 gni
590 4437 733 4507 regis
771 4436 880 4492 ﬁlia
924 4434 1141 4489 nomine
1189 4433 1417 4489 Berchta
1463 4431 1762 4487 Harnidum
1808 4431 2032 4490 fratrem
2136 4429 2227 4484 hic
2255 4430 2485 4500 populus
2512 4446 2679 4486 unam
2721 4433 3075 4503 eamdemque
3112 4444 3343 4503 rectam,
3397 4453 3463 4492 ac
3485 4452 3583 4507 per
3607 4439 3714 4493 hoc

459 4545 636 4586 meum
655 4570 671 4595 ,
696 4536 752 4584 et
780 4542 866 4583 me
895 4527 1213 4583 Nitbardum
1235 4527 1441 4597 genuit.
1468 4524 1694 4581 Centulo
1715 4540 1851 4595 opus
1881 4525 2035 4580 miri-
2057 4546 2113 4607 Β
2135 4522 2277 4581 viam
2310 4522 2519 4577 Domini
2558 4522 2825 4593 publicam
2871 4523 3177 4592 incedebat,
3224 4542 3332 4598 pax
3393 4527 3499 4585 illis
3549 4538 3713 4599 atque

459 4621 617 4676 ficum
645 4622 699 4677 in
722 4621 928 4677 honore
953 4619 1336 4688 omnipotentis
1361 4618 1454 4673 Dei
1488 4617 1767 4687 sanctique
1791 4617 2031 4685 Richarii
2135 4615 2421 4679 concordia
2470 4614 2670 4685 ubique
2715 4622 2852 4671 erat.
2892 4615 2963 4670 At
2987 4632 3130 4673 nunc
3157 4632 3188 4673 e
3214 4626 3422 4685 contra,
3457 4622 3709 4690 quoniam

457 4712 797 4769 construxit:
828 4709 1086 4765 familiam
1112 4708 1214 4764 sibi
1242 4708 1591 4765 commissam
1617 4706 1843 4763 miriﬁce
1871 4710 2031 4764 rexit.

457 4804 594 4860 Hinc
619 4804 732 4857 vita
753 4816 877 4857 cum
922 4800 1072 4855 omni
1103 4798 1359 4855 felicitate
1395 4798 1647 4855 defuncta
1680 4799 1931 4864 Centulo,
1977 4802 2032 4855 in

455 4910 591 4966 pace
612 4893 834 4963 quievit.
876 4891 973 4946 Bis
1005 4890 1192 4960 paucis
1235 4891 1301 4946 de
1340 4891 1548 4962 origine
1592 4905 1714 4946 mea
1759 4890 2032 4958 delibatis,

456 4986 522 5040 ad
550 4982 799 5041 historia;
819 4981 1017 5036 seriem
1050 4980 1228 5036 redire
1256 4979 1403 5036 libet.

524 5074 658 5131 Cum
685 5080 888 5136 autem,
927 5079 989 5126 ut
1020 5069 1301 5140 praefatum
1330 5079 1435 5137 est,
1460 5070 1663 5126 reversi
1692 5071 1891 5142 quique
1913 5074 2025 5144 regi

453 5181 695 5237 suoque
742 5165 1062 5220 invenerant
1100 5162 1455 5227 nuntiassent,
1497 5162 1625 5217 hinc
1644 5164 1847 5233 inopia,
1903 5165 2029 5219 hinc

453 5258 631 5313 hieme
657 5257 911 5319 instante,
938 5254 1066 5309 hinc
1083 5254 1248 5308 etiam
1272 5252 1415 5323 quod
1447 5254 1712 5322 primores
1740 5255 1920 5325 populi
1942 5256 2029 5310 de-

452 5354 669 5418 gustato
696 5344 862 5401 semel
892 5343 1131 5413 periculo
1161 5343 1353 5399 iterum
1394 5343 1634 5413 praelium
1664 5345 1938 5409 nolebant,
1963 5362 2027 5401 ac

449 5449 551 5506 per
569 5435 671 5490 hoc
694 5442 753 5487 ut
774 5448 879 5503 pax
919 5433 1059 5488 inter
1087 5432 1208 5489 illos
1233 5448 1403 5502 usque
1434 5433 1487 5489 in
1517 5434 1781 5505 vigesimo
1801 5436 1887 5492 die
1907 5445 2028 5505 post

452 5523 674 5581 missam
722 5522 893 5579 sancti
922 5520 1143 5579 Joannis
1191 5521 1520 5589 firmaretur,
1564 5526 1891 5581 assentiunt.
1946 5526 2025 5581 Ad

452 5627 616 5685 quam
640 5614 977 5670 statuendam
1001 5614 1128 5669 hinc
1154 5612 1277 5669 inde
1303 5615 1563 5684 primates
1588 5616 1767 5686 populi
1800 5614 2029 5671 Thesto-

451 5702 540 5759 nis
560 5701 743 5757 villam
788 5703 1079 5759 conﬂuunt.
1127 5703 1337 5765 Juraut,
1382 5713 1440 5757 ut
1470 5705 1571 5774 ipsi
1617 5720 1771 5774 reges
1803 5707 1941 5765 inter
1967 5722 2025 5761 se

455 5795 670 5850 interim
709 5807 946 5853 mutuam
973 5811 1159 5867 pacem
1189 5812 1409 5854 servare
1432 5797 1713 5852 deberent.
1743 5798 1810 5852 Et
1844 5807 1899 5852 ut
1933 5814 2023 5853 uc-

2131 4703 2329 4774 quique
2350 4705 2619 4771 semitam,
2644 4721 2807 4776 quam
2832 4706 3004 4776 cupit,
3035 4707 3253 4772 incedit,
3281 4709 3478 4780 ubique
3503 4709 3714 4765 dissen-

2131 4793 2311 4849 siones
2338 4801 2393 4849 et
2433 4794 2563 4850 rixa:
2600 4804 2725 4850 sunt
2757 4793 3074 4853 manifestat.
3121 4796 3271 4853 Tunc
3301 4798 3501 4870 ubique
3531 4801 3706 4854 abun-

2132 4883 2314 4940 dantia
2362 4892 2524 4955 atque
2567 4884 2773 4949 ltetitia,
2831 4902 2975 4941 nunc
3020 4888 3220 4959 ubique
3262 4892 3490 4960 penuria
3535 4901 3700 4961 atque

2132 4975 2410 5031 maestitia.
2446 4974 2563 5047 Ipsa
2597 4975 2860 5032 elementa
2898 4985 3026 5032 tunc
3046 4980 3241 5050 cuique
3282 4981 3393 5051 regi
3446 4997 3703 5055 congrua,

2134 5081 2275 5123 nunc
2314 5074 2493 5121 autem
2519 5067 2771 5121 omnibus
2805 5067 3002 5137 ubique
3025 5070 3318 5136 contraria,
3352 5071 3429 5126 uti
3459 5071 3702 5143 Scriptu-

2131 5172 2193 5212 ra
2214 5158 2397 5212 divino
2420 5172 2641 5214 munere
2661 5156 2866 5227 prolata
2904 5167 3131 5213 testatur
3162 5177 3177 5214 :
3210 5158 3279 5214 Et
3296 5162 3543 5230 pugnabit
3566 5163 3702 5218 orbis

2132 5232 2389 5303 terrarum
2413 5256 2588 5301 contra
2615 5246 2905 5302 insensatos
2949 5246 3097 5320 (Sap.
3133 5248 3235 5321 ιιι).
3264 5250 3368 5306 Per
3391 5252 3532 5307 idem
3564 5261 3699 5308 tent-

2130 5354 2233 5408 pus
2257 5338 2472 5411 eclipsis
2494 5338 2630 5394 luna;
2659 5354 2755 5393 xm
2784 5337 2915 5411 [Al.,
2939 5338 3032 5411 xv]
3061 5339 3176 5395 Kal.
3210 5340 3410 5411 Aprilis
3452 5344 3698 5415 contigit.

2128 5427 2233 5482 Nix
2263 5427 2481 5497 insuper
2526 5427 2691 5483 multa
2715 5429 2903 5483 eadem
2944 5437 3101 5485 nocte
3130 5431 3344 5497 cecidit,
3374 5447 3697 5489 maerorem-

2125 5534 2233 5591 que
2260 5519 2530 5587 omnibus,
2583 5521 2660 5574 uti
2700 5520 2989 5590 praefatum
3020 5531 3123 5585 est,
3170 5520 3319 5591 justo
3363 5524 3457 5579 Dei
3492 5525 3700 5597 judicio

2127 5610 2374 5667 incussit.
2402 5608 2460 5665 ld
2496 5619 2799 5680 propterea,
2846 5611 3088 5681 inquam,
3124 5613 3249 5682 quia
3279 5613 3403 5669 hinc
3435 5614 3558 5671 inde
3585 5616 3701 5670 ubi-

2126 5717 2233 5774 que
2256 5701 2455 5771 rapinae
2494 5707 2547 5753 et
2567 5700 2851 5769 omnigena
2877 5699 3013 5753 mala
3046 5715 3165 5755 sese
3196 5702 3521 5770 inserebant,
3552 5705 3698 5760 illinc

2127 5798 2270 5854 aeris
2293 5793 2633 5861 intemperies
2656 5809 2804 5864 spem
2836 5794 3075 5848 oumium
3103 5793 3363 5851 bonorum
3408 5797 3693 5868 eripiebat.
