4032 6488
1498 679 1667 723 ANNO
1711 677 1941 723 DOMINI
1981 676 2281 721 DCCCLIII.

1257 855 2402 1070 ‘AMULO

1057 1204 1733 1290 EPISCOPUS
1811 1198 2734 1283 LUGDUNE‘NSIS.

1473 1459 1806 1521 NOTITIA
1847 1457 2302 1520 HISTORICA.

1111 1603 1293 1668 (Apud.
1319 1600 1562 1665 Gallaud.,
1586 1606 1815 1654 veterum
1834 1598 2036 1651 Petrum
2060 1597 2318 1664 Bibliotm,
2339 1602 2462 1652 tom.
2489 1595 2650 1660 XIII.)

352 1853 722 1914 Diversimode
760 1840 984 1906 vocatur
1026 1854 1215 1904 auctor
1242 1854 1425 1901 noster
1468 1845 1520 1900 in
1561 1845 1863 1914 priscorum
1891 1847 1944 1908 Α
1969 1844 2052 1902 las
2078 1844 2231 1908 duas,
2259 1841 2326 1896 ad
2350 1839 2719 1914 Theobaldum
2747 1837 2972 1914 alteram
2993 1839 3059 1895 de
3088 1841 3408 1914 adulterinis
3428 1842 3547 1913 qui-

273 1930 438 1987 libris
459 1946 476 1986 :
497 1925 689 1981 Amulo
714 1924 882 1986 enim,
905 1919 1184 1984 Hamulus,
1216 1918 1300 1971 vel
1328 1918 1491 1972 etiam
1523 1916 1865 1972 Ilamularius

277 2001 451 2058 audit.
480 1997 606 2052 Fuit
633 1995 848 2050 natione
890 1991 1074 2048 Gallus
1093 2032 1107 2056 ,
1150 1989 1411 2044 successit
1439 1987 1862 2058 Agohardottc-

276 2057 948 2148 hslitque.L"ul“"e.“scm
965 2063 1162 2148 ,εςάετῐι
1192 2057 1652 2148 e'é_9.'199§-_’*1.i'9
1676 2057 1865 2148 ,δὲἰεη

279 2127 466 2195 ultra':
513 2139 589 2190 De
623 2127 719 2189 illo
747 2135 902 2203 plura
947 2133 1151 2203 dabunt
1183 2129 1412 2203 curiosis
1441 2135 1643 2203 Δβιτεξιςςι·
1676 2127 1866 2203 biblio-

321 2211 522 2278 raphos
551 2196 793 2264 Cointius
839 2202 944 2278 (a_),
989 2211 1044 2256 et
1083 2200 1396 2278 _Dominicus
1423 2199 1487 2278 de
1515 2196 1736 2278 (Eolonia
1759 2197 1862 2278 Lb).

321 2225 522 2278 rapnos
551 2225 793 2264 bmnuus
839 2225 944 2274 ta),
989 2225 1044 2256 et
1093 2225 1396 2254 υυιιιιιιιυυδ
1423 2225 1487 2251 uc
1516 2225 1736 2252 lAUlUIllil
1768 2225 1862 2268 tu].

269 2225 509 2340 gamus
538 2279 826 2348 diligenter
848 2274 963 2342 ejus
991 2272 1190 2348 scripta
1219 2269 1515 2348 recensuit._
1531 2267 1639 2322 Nos
1663 2265 1865 2348 exba-

275 2338 411 2406 quii
437 2338 724 2420 Agobarvdo
750 2338 1006 2415 tanquam
1032 2338 1244 2413 potiora
1275 2339 1644 2409 decerpsimus
1667 2338 1869 2408 episto-

357 2461 435 2536 (a)
462 2461 617 2518 Tom.
650 2457 783 2526 VIII,
811 2473 932 2531 pag.
963 2455 1088 2510 650.

1973 1915 2196 1969 busdam
2236 1921 2546 1968 sanctorum
2586 1911 2852 1981 reliquiis,
2894 1911 3116 1966 alteram
3140 1914 3204 1967 ad
3226 1911 3546 1968 Gothescal-

1974 2001 2096 2040 cum
2122 2000 2220 2055 pro
2245 1983 2568 2038 confutanda
2605 1983 2722 2052 ejus
2755 1983 2997 2037 doctrina
3030 1991 3085 2055 et
3111 1983 3369 2039 moribus.
3406 1985 3551 2040 Prte-

1974 2053 2137 2126 terea
2163 2055 2416 2126 opuscula
2460 2055 2566 2126 duo
2613 2056 2681 2109 ad
2727 2057 2977 2126 eumdem
3023 2053 3436 2126 Gotbescalcum
3485 2055 3551 2112 de

1973 2123 2338 2190 Prwscie'ntia,
2368 2124 2857 2188 Prwdeslinalione,
2877 2135 2922 2178 et
2947 2123 3130 2178 Libero
3155 2125 3392 2191 arbitrio,
3418 2134 3547 2192 elc.,

1972 2212 2036 2252 ex
2085 2197 2316 2266 quodam
2363 2210 2463 2248 ms.
2504 2195 2688 2266 codice
2717 2195 3023 2266 Trevirensi
3043 2197 3384 2266 deprompta.
3425 2193 3558 2252 Haec

1971 2263 2180 2336 primus
2208 2266 2519 2334 vulgaverat
2546 2265 2768 2320 Parisiis
2802 2281 2888 2320 an.
2924 2263 3061 2320 I649
3086 2263 3427 2322 Sirmondus.

2047 2448 2124 2523 (ὁ)
2151 2447 2290 2503 Hist.
2322 2447 2515 2504 Litter.
2542 2446 2786 2520 Lugdun.
2821 2455 2952 2502 tom.
2983 2447 3046 2510 Il,
3071 2462 3195 2519 pag.
3228 2449 3348 2504 I27.

840 2716 892 2777 θ
1114 2681 1854 2840 AMULONIS
1936 2680 2714 2797 EPISTOL/E.

771 2973 1106 3033 EPISTULA
1142 2970 1378 3028 PRIMA.

471 3134 536 3174 AD
568 3128 955 3174 ’I‘IIEODBOLDUII
981 3125 1273 3167 EPISCOPUII
1309 3122 1693 3166 LINGONENSEI.

364 3252 404 3308 I.
433 3249 905 3309 Reverendissimo
925 3254 981 3302 et
999 3261 1141 3317 puro
1167 3245 1472 3301 dilectionis
1497 3241 1690 3300 affectu
1711 3257 1874 3300 exco-

282 3343 456 3400 lendo
483 3343 838 3398 Tueoouonno
885 3350 910 3382 ι
953 3337 1210 3393 Ecclesiae
1249 3337 1560 3408 Lingonicae
1601 3336 1874 3406 episcopo,

279 3435 486 3490 Auum
518 3433 738 3488 humilis
776 3429 1029 3485 Ecclesiae
1071 3427 1448 3497 Lugdunensis
1491 3426 1776 3497 episcopus
1820 3427 1876 3481 in

283 3526 527 3581 Domino
554 3524 681 3578 Jesu
711 3523 932 3578 Christo
953 3520 1339 3588 sempiternam
1369 3518 1622 3574 salutem.
1653 3519 1878 3574 Manda-

283 3617 401 3671 stis
425 3615 582 3668 nobis
609 3628 706 3682 per
727 3611 980 3666 dilectum
1019 3609 1244 3662 fratrem
1271 3609 1715 3677 cborepiscopum
1734 3609 1763 3648 δ
1789 3622 1881 3662 vc-

287 3716 496 3771 strum,
527 3717 704 3775 nuper
735 3705 792 3757 in
836 3708 1017 3756 castro
1045 3698 1355 3754 Divioneusi
1375 3738 1390 3763 ,
1431 3698 1570 3768 apud
1600 3698 1884 3752 ecclesiam

285 3797 445 3852 beati
471 3795 692 3865 Benigni
727 3791 1004 3863 martyris,
1031 3790 1265 3861 coepisse
1290 3789 1536 3860 quaedam
1565 3787 1682 3844 fieri
1712 3788 1767 3842 in
1798 3787 1884 3842 his

281 3887 392 3958 qui
421 3885 685 3941 orationis
709 3891 764 3937 et
788 3880 1156 3938 venerationis
1185 3894 1345 3936 causa
1373 3893 1440 3933 ex
1469 3877 1884 3948 quibuscuuque

281 3977 434 4034 locis
465 3973 738 4031 conﬂuere
770 3973 1056 4036 videntur,
1084 3977 1140 4025 et
1168 3969 1436 4035 maxime,
1478 3969 1612 4035 imo,
1639 3975 1701 4022 ut
1743 3983 1880 4023 non-

279 4069 430 4127 nulli
463 4067 760 4130 afﬁrmant,
813 4063 1185 4118 tantummodo
1210 4061 1264 4116 in
1294 4059 1548 4126 feminis;
1590 4059 1732 4115 unde
1762 4061 1882 4115 aui-

279 4176 424 4222 mus
447 4170 626 4217 vester
650 4160 883 4231 quadam
916 4156 1268 4227 ambiguitate
1305 4155 1649 4220 turbaretur,
1694 4163 1752 4208 et
1787 4168 1882 4208 ne-

280 4253 594 4313 cessarium
621 4249 943 4319 judicaretis
975 4256 1257 4312 nostrum,
1303 4246 1355 4301 id
1401 4254 1516 4311 est,
1556 4244 1877 4310 fraternum,

1899 2968 2127 3033 Bdum.
2181 2967 2291 3024 Aut
2336 2977 2489 3024 certe
2531 2985 2692 3041 quem
2741 2979 2890 3026 tanta
2936 2973 3289 3030 veneratione
3332 2975 3554 3046 dignum

1973 3059 2358 3132 agnovissent,
2386 3076 2547 3132 quem
2580 3069 2732 3117 tanto
2761 3077 2949 3118 amore
2985 3065 3416 3121 transferendum
3463 3083 3557 3124 ex-a

1968 3159 2275 3221 optassent,
2307 3167 2471 3223 quem
2500 3163 2608 3208 tam
2636 3153 2797 3226 longo
2833 3155 3028 3211 itinere
3064 3156 3166 3226 ipsi
3192 3158 3405 3212 assidue
3433 3174 3558 3229 per-

1971 3246 2256 3313 tulissent,
2287 3245 2405 3315 ejus
2431 3262 2630 3303 nomen
2661 3248 2841 3303 saltim
2883 3264 2989 3304 una
3020 3250 3154 3304 hora
3189 3251 3432 3307 oblivisci
3461 3269 3558 3324 po-

1975 3339 2201 3404 tuerint,
2232 3346 2293 3392 ut
2328 3353 2435 3394 non
2478 3339 2652 3406 illum,
2683 3355 2845 3410 quem
2875 3349 3158 3414 tantopere
3181 3342 3478 3411 diligebant
3503 3354 3559 3400 et

1976 3431 2411 3495 venerabantur,
2449 3431 2705 3486 continuo
2731 3432 3003 3488 desiderio
3032 3442 3194 3504 atque
3223 3435 3466 3491 oratione
3492 3438 3558 3493 ad

1976 3521 2292 3591 praesidium
2323 3520 2512 3576 salutis
2540 3536 2670 3586 suae,
2698 3529 2754 3576 et
2788 3522 2856 3577 ad
2885 3524 3280 3594 propitiandam
3318 3525 3556 3580 divinam

1979 3613 2323 3668 clementiam
2360 3615 2452 3683 pia
2491 3621 2548 3668 et
2576 3614 2899 3670 indesinenti
2929 3617 3193 3672 memoria
3229 3617 3332 3672 sibi
3371 3617 3560 3673 adesse

1979 3711 2369 3770 precarentur,
2415 3711 2509 3756 aut
2539 3704 2762 3758 omnino
2798 3713 2960 3759 tantae
2992 3705 3220 3776 ignaviae
3247 3722 3313 3761 ac
3352 3708 3562 3762 stolidi-

1983 3792 2115 3846 tatis
2137 3793 2470 3858 exstiterint,
2497 3801 2558 3847 ut
2585 3809 2778 3848 nomen
2821 3793 2938 3862 ejus
2977 3796 3044 3849 ad
3086 3797 3561 3855 commonitionem

1981 3883 2068 3939 sui
2092 3897 2196 3938 nec
2219 3882 2416 3938 litteris
2439 3883 2630 3938 saltem
2660 3884 2877 3954 signare
2903 3886 3260 3942 studuissent.

2055 3971 2120 4026 II.
2175 3971 2357 4039 Unde,
2406 3973 2548 4028 sicut
2590 3974 2879 4044 praedictus
2923 3975 3092 4032 frater
3130 3986 3318 4033 noster
3343 3981 3559 4047 retulit,

1973 4062 2283 4133 prudenter
2301 4070 2356 4117 et
2375 4063 2626 4134 religiose
2648 4063 2856 4120 fecistis
2878 4073 2938 4120 ut
2961 4066 3261 4122 istiusmodi
3283 4069 3560 4140 reliquias,

1981 4167 2216 4224 quarum
2247 4153 2392 4208 nulla
2423 4163 2664 4210 exstaret
2702 4157 3014 4220 auctoritas,
3047 4165 3104 4212 et
3135 4158 3312 4229 ipsum
3351 4176 3564 4232 quoque

1983 4244 2303 4301 vocabulum
2326 4254 2470 4300 esset
2489 4246 2754 4316 ignotum,
2786 4262 2888 4303 nec
2910 4248 3019 4304 ullo
3046 4251 3204 4306 modo
3225 4253 3564 4322 recipiendas

275 4341 658 4412 expetendum
685 4353 807 4394 esse
843 4337 1148 4394 consilium.
1183 4336 1327 4390 Dixit
1368 4335 1513 4391 enim
1559 4335 1700 4405 quod
1742 4351 1882 4392 anno
1911 4331 1956 4394 C
1979 4338 2320 4407 judicaretis,
2350 4353 2450 4394 nec
2477 4339 2692 4408 penitus
2718 4342 3175 4407 contemnendas;
3199 4343 3244 4398 si
3275 4353 3452 4401 tamen
3483 4347 3562 4403 illi

282 4440 579 4490 transacto
607 4431 712 4485 duo
735 4430 978 4500 quidam,
1021 4428 1112 4498 qui
1151 4442 1209 4482 se
1236 4428 1528 4482 monachos
1569 4441 1690 4482 esse
1732 4427 1881 4481 dice—

281 4531 444 4585 rent,
476 4520 769 4577 detulerint
793 4534 963 4590 usque
1001 4520 1070 4575 ad
1097 4518 1376 4590 praefatam
1417 4516 1592 4574 sancti
1627 4517 1884 4588 martyris

283 4614 584 4673 basilicam
621 4615 866 4685 quaedam
897 4613 1045 4669 velut
1070 4613 1350 4684 cujusdam
1379 4613 1552 4668 sancti
1587 4627 1740 4676 ossa,
1768 4625 1886 4680 qua:

285 4721 362 4764 se
391 4706 476 4761 vel
503 4719 572 4762 ex
602 4707 735 4762 urbe
780 4705 984 4769 Roma,
1027 4705 1111 4759 vel
1158 4719 1225 4760 ex
1269 4704 1452 4760 nescio
1497 4703 1692 4774 quibus
1723 4703 1887 4759 Italiae

287 4799 580 4871 partibus,
608 4797 889 4854 sustulisse
917 4796 1296 4853 afﬁrmabant:
1327 4795 1480 4865 cujus
1505 4804 1685 4851 tamen
1712 4795 1885 4850 sancti

287 4907 508 4950 nomen
549 4907 610 4948 se
649 4891 846 4946 oblitos
890 4907 1011 4948 esse
1055 4891 1193 4946 mira
1242 4890 1576 4960 impudentia
1615 4890 1885 4945 dixerunt.

288 4985 480 5054 Quasi
515 4994 607 5039 aut
634 4999 758 5040 eum
786 4985 839 5038 in
863 4994 1074 5040 tantum
1098 4984 1322 5054 diligere
1355 4993 1410 5038 et
1433 4983 1682 5038 venerari
1704 4992 1891 5052 potue-

291 5078 441 5140 rint,
470 5077 515 5132 si
544 5090 673 5133 vere
703 5087 950 5132 sanctum
973 5092 1095 5132 esse
1121 5084 1506 5148 cognoverant,
1532 5082 1592 5130 ut
1621 5083 1768 5129 tanto
1792 5083 1893 5127 ter-

291 5184 500 5226 rarum
535 5169 712 5239 spatio
739 5178 849 5224 tam
888 5169 1128 5224 studiose
1165 5169 1377 5224 deferre
1414 5175 1754 5238 satagerent,
1787 5166 1891 5222 nisi

291 5259 434 5330 ejus
461 5275 655 5314 nomen
692 5259 746 5313 in
775 5258 910 5314 locis
953 5259 1089 5323 illis,
1125 5259 1269 5314 unde
1306 5266 1617 5326 assumptus
1659 5256 1890 5323 dicitur,

292 5351 578 5408 usitatum
603 5359 746 5406 esset
779 5359 942 5420 atque
969 5351 1265 5422 vulgatum,
1289 5360 1346 5406 et
1385 5351 1506 5406 istis
1541 5350 1612 5406 ita
1648 5351 1892 5406 insinua-

296 5452 436 5502 tum
463 5451 521 5497 et
555 5443 851 5514 cognitum,
885 5452 946 5498 ut
975 5443 1345 5502 desiderarent
1374 5443 1522 5498 illum
1549 5452 1604 5498 et
1634 5459 1895 5514 exposce-

291 5543 468 5601 rent,
481 5535 568 5590 vel
589 5535 754 5592 etiam
773 5533 922 5590 furto
937 5535 1214 5592 auferrent
1235 5535 1291 5590 in
1309 5549 1420 5590 sua:
1443 5534 1678 5605 regionis
1700 5533 1896 5590 finibus

295 5624 716 5691 collocandum,
761 5641 828 5682 ac
863 5626 1197 5682 venerationi
1245 5626 1480 5682 fidelium
1515 5626 1894 5682 commendan-

395 5793 420 5820 ⁸
454 5781 602 5836 Alias
631 5779 942 5837 Teotbaldus
972 5784 1052 5840 vel
1101 5783 1413 5838 Teutboldus
1451 5783 1679 5849 dicitur,
1726 5783 1896 5839 factus

299 5851 610 5925 cpiscopus
639 5869 780 5908 anno
803 5853 925 5907 8M.

1985 4430 2079 4500 qui
2106 4429 2412 4486 detulerant
2433 4439 2677 4500 possent,
2707 4431 2847 4485 sicut
2873 4432 3283 4501 promittebant,
3305 4435 3463 4505 hujus
3486 4440 3562 4494 rei

1985 4522 2366 4580 certitudinem
2395 4537 2462 4578 ex
2487 4521 2691 4578 eisdem
2734 4522 2979 4590 partibus
3015 4523 3251 4580 delatam
3294 4527 3395 4581 sub
3438 4528 3561 4584 dili-

1987 4613 2133 4682 genti
2171 4613 2568 4668 examinatione
2591 4611 2868 4666 evidenter
2887 4614 3192 4680 ostendere.
3213 4615 3360 4671 Dixit
3383 4617 3565 4688 itaque

1988 4705 2146 4762 nobis
2169 4703 2313 4774 quod
2338 4719 2478 4758 unus
2507 4719 2574 4758 ex
2599 4701 2838 4771 praefatis
2866 4704 3162 4769 monachis,
3194 4704 3286 4775 qui
3312 4710 3456 4777 apud
3476 4711 3564 4767 Di-

1989 4799 2204 4854 vionem
2226 4807 2580 4862 remanserat,
2599 4797 2710 4866 jam
2733 4811 2988 4855 mortuus
3007 4802 3110 4867 sit;
3135 4803 3278 4860 alter
3299 4821 3452 4874 vero,
3475 4809 3564 4877 qui

1990 4889 2058 4942 ad
2089 4889 2508 4958 perquirendum
2539 4897 2595 4942 et
2622 4889 3038 4945 renuntiandum
3073 4907 3420 4964 perrexerat,
3469 4915 3565 4955 ne-

1991 4997 2265 5052 quaquam
2308 4983 2536 5039 ulterius
2573 4984 2645 5040 sit
2691 5001 2961 5044 reversus.
3006 4987 3261 5045 Attamen
3305 4989 3433 5048 dum
3477 4990 3567 5046 illa

1993 5088 2136 5137 ossa,
2166 5089 2196 5127 a
2228 5083 2336 5127 tam
2365 5073 2561 5130 vilibus
2589 5078 2835 5146 personis
2856 5078 3054 5145 delata,
3077 5089 3134 5136 et
3157 5082 3300 5136 nulla
3322 5083 3569 5138 veritatis

1995 5165 2293 5220 assertione
2321 5165 2615 5231 declarata,
2643 5177 2697 5222 et
2723 5177 2831 5223 tam
2867 5171 3066 5226 insulsa
3095 5172 3356 5229 relatione
3385 5173 3567 5228 Eccle-

1995 5257 2092 5312 site
2118 5256 2284 5320 illata,
2314 5257 2460 5313 velut
2479 5275 2640 5314 causa
2666 5261 2888 5317 honoris
2912 5262 3066 5331 juxta
3102 5266 3404 5335 sepulcrum
3428 5279 3568 5333 pra:-

1995 5346 2094 5402 fati
2114 5346 2331 5416 gloriosi
2356 5350 2610 5420 martyris
2633 5361 2943 5409 reverenter
2962 5353 3134 5410 locata
3156 5362 3566 5419 conservantur,

1996 5441 2228 5510 coepisse
2253 5440 2305 5495 in
2342 5442 2528 5496 eadem
2572 5441 2792 5499 basilica
2836 5444 2986 5499 velut
3019 5445 3262 5513 quadam
3313 5443 3570 5501 miracula

1997 5533 2138 5598 fieri,
2170 5550 2274 5589 non
2303 5535 2595 5590 sanitatum
2626 5544 2684 5591 et
2709 5531 3080 5598 curationum,
3122 5532 3319 5602 quibus
3355 5532 3460 5589 ulla
3495 5519 3570 5591 in-

2001 5629 2138 5686 dicia
2175 5629 2368 5684 divinae
2405 5630 2767 5686 miserationis
2805 5637 2861 5683 et
2888 5623 3282 5697 propitiationis
3323 5627 3575 5684 ostende-

1925 5704 1979 5765 Ι)

2075 5783 2100 5821 b
2138 5781 2488 5853 Ingelrannus
2522 5791 2638 5835 erat
2682 5782 2726 5834 is
2771 5780 2822 5832 in
2865 5785 3043 5831 castro
3086 5774 3392 5834 Divionensi
3430 5777 3577 5833 vices

2004 5853 2240 5922 episcopi
2271 5868 2452 5917 agens.
