4032 6520
489 440 565 508 79
1659 437 2019 496 AMULONIS
2057 435 2276 495 EPISC.
2315 437 2521 497 LUGD.
3680 445 3758 504 80

485 567 694 625 rentur,
725 559 820 615 sed
842 560 1260 630 percussionum
1300 565 1355 614 et
1394 554 1700 620 elisionum,
1733 554 1928 625 quibus
1968 553 2069 608 mi—
2095 554 2149 615 A
2172 569 2276 609 nus
2303 563 2489 610 monet
2514 555 2699 613 dicens
2724 575 2738 614 :
2785 577 2803 611 ‹
2835 557 3020 616 Estote
3043 559 3335 630 prudentes
3363 559 3505 617 sicut
3530 575 3760 634 serpen-

485 666 623 708 sera
649 650 982 706 muliercula
1021 651 1197 707 subito
1239 650 1292 703 in
1334 648 1450 718 ipsa
1484 647 1748 703 orationis
1787 647 1946 702 domo
1974 661 2066 701 ca-

483 742 614 799 dere
657 749 714 796 et
761 741 978 807 collidi,
1022 749 1076 797 et
1117 739 1269 811 quasi
1320 738 1507 794 vexari
1549 738 1900 802 viderentur;
1940 752 2064 792 cum

485 841 666 890 tamen
696 834 748 888 in
778 834 923 888 nulla
963 843 1116 904 parte
1150 832 1396 904 corporis
1439 832 1581 888 lasae
1611 839 1939 902 appareant,
1973 838 2070 886 aut

480 925 589 980 ulla
639 925 810 998 plaga
857 924 1085 994 alicujus
1130 926 1362 998 vestigia
1410 932 1717 981 monstrare
1758 925 2068 980 videantur.

481 1016 598 1086 Qua
641 1033 708 1073 ex
745 1033 906 1074 causa
944 1026 1093 1073 tanta
1133 1017 1261 1075 illuc
1297 1018 1446 1074 velut
1481 1018 1866 1074 admirantium
1907 1017 2066 1073 turba

479 1116 772 1181 concurrit,
788 1116 928 1172 sicut
955 1131 1064 1172 non
1086 1117 1264 1174 solum
1284 1117 1352 1173 ab
1377 1117 1467 1172 illo
1486 1115 1653 1171 fratre
1681 1123 1888 1182 nostro,
1905 1130 2066 1186 quem

477 1209 702 1265 misistis
724 1251 740 1275 ,
779 1211 876 1266 sed
919 1211 1086 1267 etiam
1114 1227 1146 1268 a
1186 1211 1458 1268 nonnullis
1489 1210 1612 1266 aliis
1647 1209 1962 1273 didicimus,
2006 1215 2068 1263 ut

470 1300 582 1372 jam
613 1311 866 1359 trecenta
902 1305 1018 1360 sive
1041 1304 1448 1376 quadringenta
1473 1315 1568 1358 aut
1592 1317 1658 1358 eo
1689 1301 1919 1373 amplius
1942 1315 2068 1371 per-

475 1411 622 1451 sona
645 1410 767 1452 esse
797 1394 1104 1452 referantur
1121 1439 1136 1463 ,
1166 1413 1287 1469 qua
1304 1396 1416 1466 jam
1445 1396 1592 1452 dicto
1619 1394 1781 1451 modo
1808 1409 2067 1450 corruen-

476 1495 560 1543 tes
594 1496 758 1560 atque
793 1488 941 1544 elisa
968 1496 1023 1544 et
1059 1505 1155 1560 per
1183 1489 1459 1559 paululum
1485 1488 1630 1545 velut
1656 1497 1874 1559 recepto
1902 1503 2065 1543 sensu

475 1587 702 1644 sanata,
737 1579 1044 1636 nullatenus
1070 1596 1100 1634 a
1130 1580 1252 1637 loco
1273 1581 1550 1636 discedere
1577 1595 1737 1652 posse
1757 1580 2064 1648 firmantur,

476 1673 605 1744 quia
636 1672 888 1730 videlicet
935 1673 981 1728 si
1024 1673 1093 1728 ad
1128 1673 1316 1730 domos
1344 1688 1472 1729 suas
1498 1673 1675 1729 redire
1703 1672 2066 1739 tentaverint,

475 1772 661 1828 statim
705 1786 843 1827 nova
876 1770 1058 1827 nescio
1097 1761 1204 1841 qua
1247 1769 1404 1842 plaga
1433 1784 1738 1841 percussa,
1778 1769 1846 1824 ad
1888 1769 2066 1824 eccle-

474 1869 613 1924 siam
640 1867 707 1923 de
732 1883 838 1938 qua
864 1867 1111 1923 exierant
1141 1866 1322 1922 redire
1351 1864 1762 1935 compellantur.
1790 1862 1848 1918 In
1869 1863 2065 1932 quibus

2175 662 2196 696 ‹
2232 653 2338 712 tes,
2367 654 2423 702 et
2452 647 2727 718 simplices
2752 649 2891 704 sicut
2915 650 3193 706 columba.
3227 670 3246 704 ι
3279 651 3549 708 Habemus
3575 655 3630 708 in
3647 654 3759 712 hac

2168 751 2228 792 re
2248 753 2504 811 magnum
2530 749 2585 795 et
2615 743 2969 800 reverendum
2997 744 3211 815 pietatis
3243 745 3547 816 exemplum
3577 747 3633 801 in
3665 764 3759 820 ge-

2167 831 2268 886 stis
2289 832 2432 887 beati
2456 832 2693 900 Martini,
2719 843 2779 890 ut
2807 851 3148 906 nequaquam
3172 844 3374 892 temere
3394 838 3756 895 adhibeamus

2168 921 2392 980 incertis
2425 923 2610 980 ﬁdem.
2643 925 2746 993 Qui
2769 927 2961 982 beatus
2986 935 3041 983 et
3068 928 3336 999 gloriosus
3355 941 3380 970 ιι
3401 928 3604 986 Christi
3624 947 3759 987 con-

2167 1013 2344 1070 fessor
2369 1024 2425 1072 et
2453 1016 2694 1086 pontifex
2737 1018 2915 1075 locum
2952 1021 3240 1091 quemdam
3273 1036 3303 1076 a
3327 1023 3758 1092 pracessoribus

2166 1105 2280 1161 suis
2314 1107 2415 1162 sub
2453 1106 2642 1164 altaris
2683 1108 2839 1164 titulo
2867 1119 3244 1166 consecratum
3282 1119 3340 1166 et
3378 1115 3763 1175 concurrentis

2165 1199 2348 1268 populi
2369 1199 2675 1271 frequentia
2696 1202 3052 1270 celebratum,
3065 1204 3192 1275 quia
3212 1220 3315 1261 nec
3334 1221 3531 1262 nomen
3556 1209 3759 1280 sepulti

2166 1287 2298 1358 illic,
2325 1299 2386 1346 ut
2418 1289 2715 1360 ferebatur,
2761 1295 3052 1366 martyris,
3086 1311 3188 1352 nec
3212 1305 3456 1368 tempora
3483 1301 3762 1369 passionis

2165 1382 2282 1454 ejus
2313 1385 2535 1455 reperit,
2561 1386 2787 1442 omnino
2824 1403 2882 1443 se
2923 1388 2992 1444 ab
3032 1387 3124 1444 illo
3162 1389 3282 1446 loco
3320 1391 3612 1459 abstinuit,
3655 1407 3763 1450 nec

2166 1481 2547 1536 auctoritatem
2568 1497 2722 1537 suam
2743 1481 2887 1553 vulgi
2913 1483 3154 1553 opinioni
3180 1486 3597 1542 accommodare
3623 1486 3765 1541 ulla-

2167 1580 2325 1628 tenus
2353 1571 2544 1639 voluit,
2577 1571 2770 1638 donec,
2803 1573 2885 1629 rei
2919 1573 3150 1629 veritate
3185 1574 3447 1631 divinitus
3474 1575 3575 1631 sibi
3605 1585 3768 1646 pate-

2167 1661 2333 1730 facta,
2375 1664 2538 1720 etiam
2583 1665 2842 1736 populum
2889 1666 3291 1737 superstitionis
3335 1667 3479 1724 illius
3529 1667 3771 1726 absolvit

2167 1766 2373 1808 errore.

2237 1845 2327 1901 ιν.
2361 1846 2673 1905 Invenimus
2701 1849 2867 1906 etiam
2890 1849 2946 1904 in
2975 1851 3208 1908 decretis
3234 1850 3382 1908 beati
3415 1867 3569 1923 papa
3594 1852 3768 1911 Gela-

473 1971 595 2015 esse
617 1924 902 2022 dicuntur,
943 1971 1053 2012 non
1080 1955 1252 2012 solum
1292 1924 1510 2026 puellal,
1558 1953 1654 2010 sed
1682 1953 1845 2009 etiam
1871 1924 2060 2022 conju-
2091 1924 2142 1988 Β
2166 1937 2234 1994 Sil
2262 1938 2289 1978 δ
2313 1939 2554 2010 Βηνίίθν
2580 1939 2758 1995 "Mari
2779 1941 3062 2012 episcopos
3086 1949 3141 1998 εἴ
3159 1957 3298 2014 Pelle
3318 1942 3526 1999 alienos
3555 1943 3770 2001 θωπί-

473 2061 612 2123 gata
651 2051 1003 2123 iuveniores,
1031 2059 1088 2107 et
1114 2050 1446 2107 maturiores
1489 2057 1680 2117 atate,
1721 2050 2064 2106 honestiores

472 2153 637 2213 atque
667 2144 912 2200 viliores.

541 2233 626 2288 Ill.
657 2232 784 2291 Hac
812 2244 995 2291 autem
1026 2249 1131 2290 non
1169 2235 1346 2291 solum
1373 2235 1429 2290 in
1475 2234 1708 2291 ecclesia
1752 2235 1927 2290 sancti
1963 2233 2064 2290 Be-

469 2322 654 2394 nigni,
703 2325 796 2380 sed
822 2325 984 2381 etiam
1026 2324 1083 2380 in
1119 2325 1288 2381 altera
1334 2325 1563 2382 ecclesia
1590 2327 1732 2382 intra
1764 2327 1942 2398 ipsum
1971 2341 2063 2382 ca-

477 2414 719 2482 stellum,
765 2425 820 2470 et
867 2416 920 2472 in
944 2416 1066 2472 aliis
1107 2417 1379 2473 nonnullis
1416 2433 1513 2487 per
1542 2418 1828 2488 parochias
1851 2427 2063 2475 vestras

471 2507 725 2563 similiter
756 2507 868 2576 jam
913 2507 1031 2565 fieri
1076 2509 1309 2580 coepisse
1352 2509 1714 2579 signiﬁcastis.
1748 2509 1884 2565 Nam
1915 2517 1972 2565 et
2005 2509 2061 2564 in

467 2599 946 2670 Augustodunensi
989 2601 1266 2656 territorio
1307 2602 1450 2671 quod
1481 2599 1773 2656 Sedelocus
1801 2609 2060 2668 vocatur,

465 2689 609 2760 apud
643 2689 934 2746 ecclesiam
970 2690 1026 2745 in
1057 2705 1164 2762 qua
1208 2691 1382 2747 sancti
1411 2699 1680 2762 martyres
1711 2689 2062 2757 Andocbius,

472 2777 718 2851 Thyrsus
745 2788 800 2834 et
832 2779 1018 2845 Felix,
1055 2780 1258 2836 conditi
1295 2789 1451 2846 sunt,
1485 2780 1682 2835 similia
1714 2780 1830 2835 fieri
1859 2780 1944 2834 vel
1969 2795 2063 2851 po-

468 2870 581 2926 tius
610 2869 858 2924 simulari
887 2879 1038 2926 certa
1067 2871 1329 2926 relatione
1351 2871 1736 2942 comperimus.
1768 2871 2062 2942 Exspecta-

470 2963 651 3017 vimus
678 2970 858 3016 autem
899 2962 1106 3032 aliquot
1130 2962 1322 3018 diebus
1341 3003 1357 3029 ,
1388 2972 1448 3018 ut
1481 2964 1624 3019 sicut
1653 2977 1751 3034 per
1775 2962 2063 3032 prafatum

470 3054 924 3125 chorepiscopum
973 3063 1214 3111 vestrum
1262 3057 1603 3126 rogavimus,
1653 3055 1965 3127 diligentius
2007 3063 2065 3111 et

467 3146 687 3200 modum
731 3153 787 3200 et
825 3146 1070 3202 ordinem
1113 3147 1274 3219 hujus
1320 3147 1401 3203 rei
1439 3147 1640 3204 vestris
1673 3147 1832 3204 nobis
1865 3147 2063 3205 litteris

474 3235 824 3302 intimaretis,
856 3246 914 3291 ut
942 3246 1148 3308 quanto
1173 3238 1426 3294 subtilius
1453 3247 1510 3294 et
1531 3238 1837 3295 evidentius
1864 3238 2064 3295 instru-

2163 2032 2455 2087 stianitatis
2477 2033 2670 2088 affectu
2691 2034 2987 2105 designari,
3003 2036 3095 2106 qui
3117 2036 3172 2091 in
3194 2053 3520 2108 quocunque
3539 2041 3766 2098 nomine

2163 2127 2564 2194 defunctorum,
2593 2135 2648 2182 et
2674 2127 2924 2185 fortassis
2949 2144 3051 2184 nec
3075 2131 3297 2185 omnino
3333 2130 3598 2199 ﬁdelium,
3626 2132 3764 2190 aedi-

2162 2222 2351 2278 ﬁcatas
2377 2221 2548 2277 sacris
2569 2221 3008 2290 processionibus
3030 2223 3288 2278 audacter
3313 2223 3602 2280 instituere
3625 2240 3766 2296 pra-

2162 2323 2383 2371 sumunt
2420 2312 2699 2369 ecclesias.
2749 2312 2856 2369 Sed
2883 2322 2940 2369 et
2975 2317 3335 2386 quorumdam
3364 2316 3764 2374 venerabilium

2162 2406 2660 2461 valde'sanctorum
2683 2421 2912 2477 corpora
2935 2408 3204 2471 novimus,
3228 2409 3312 2465 vel
3339 2409 3480 2464 inter
3502 2425 3760 2481 agrorum

2161 2499 2488 2568 sepulturas,
2532 2500 2619 2554 vel
2664 2500 2721 2554 in
2770 2501 2970 2572 angulo
3016 2501 3261 2558 ecclesia
3308 2504 3466 2560 annis
3508 2503 3764 2576 plurimis

2157 2589 2432 2660 iacuisse,
2476 2589 2650 2646 donec
2676 2605 2734 2646 se
2763 2592 2940 2663 dignis
2983 2594 3409 2653 revelationibus
3443 2597 3762 2655 manifesta-

2162 2689 2304 2736 rent.
2336 2681 2679 2752 Quapropter
2713 2681 2870 2752 juxta
2913 2687 3265 2754 apostolicam
3299 2698 3462 2759 atque
3483 2689 3762 2762 evangeli-

2163 2787 2284 2828 cam
2315 2772 2700 2829 auctoritatem
2728 2784 2783 2829 et
2813 2777 3146 2832 venerabilia
3191 2788 3501 2835 sanctorum
3530 2780 3756 2839 Palmm

2163 2864 2408 2934 exempla
2433 2873 2596 2936 atque
2618 2867 2885 2936 instituta,
2902 2879 3246 2926 removeatur
3265 2871 3332 2928 de
3353 2874 3534 2929 medio
3551 2881 3608 2929 et
3628 2890 3759 2931 con-

2161 2960 2377 3028 gruenti
2399 2960 2563 3016 modo
2590 2961 2856 3017 habeatur
2881 2964 3026 3019 unde
3048 2972 3197 3020 tanta
3223 2965 3511 3036 pullulavit
3537 2970 3754 3026 occasio

2163 3051 2584 3120 superstitionis,
2615 3063 2670 3108 et
2695 3054 2842 3109 nulla
2865 3057 3128 3126 probatur
3153 3058 3392 3115 existere
3431 3060 3638 3117 utilitas
3667 3077 3754 3118 sa-

2162 3141 2310 3197 lutis.
2360 3142 2497 3198 Nam
2534 3144 2634 3200 etsi
2664 3161 2830 3201 unum
2860 3155 2954 3202 aut
2996 3148 3168 3205 multo
3211 3150 3318 3206 duo
3359 3150 3446 3206 vel
3491 3152 3594 3208 tria
3635 3153 3758 3210 istis

2164 3232 2296 3304 ipsis
2324 3236 2690 3306 temporibus,
2731 3238 2930 3307 quibus
2976 3241 3103 3295 talia
3133 3251 3426 3314 geruntur,
3459 3245 3757 3301 sanitatum

467 3329 541 3384 cti
562 3369 577 3395 ,
627 3337 808 3396 tanto,
841 3330 1120 3402 aspirante
1147 3330 1242 3386 Dei
1271 3331 1476 3402 gratia,
1515 3332 1583 3386 ad
1628 3332 2060 3403 respondendum
2085 3312 2135 3378 α
2164 3327 2250 3384 vel
2285 3329 2630 3385 curationum
2657 3331 2810 3401 signa
2851 3332 2907 3387 in
2949 3312 3158 3389 eadem:
3181 3335 3327 3391 beati
3353 3336 3577 3409 Benigni
3601 3353 3758 3400 mar.-

471 3425 839 3482 inveniremur
867 3426 1069 3495 parati.
1103 3424 1210 3482 Sed
1235 3426 1362 3497 quia
1397 3427 1532 3482 nihil
1566 3434 1752 3498 postea
1779 3428 2060 3498 rescripsi-

466 3515 596 3580 stis,
639 3514 832 3571 melius
872 3517 1032 3573 nobis
1062 3518 1237 3574 visum
1269 3526 1354 3574 est
1390 3527 1450 3573 ut
1474 3519 1628 3589 juxta
1658 3521 1804 3590 quod
1845 3535 1912 3576 ex
1941 3519 2060 3590 ejus

471 3609 735 3666 relatione
775 3626 1072 3682 agnoscere
1102 3612 1188 3668 vel
1218 3612 1551 3683 perpendere
1591 3614 1894 3683 potuimus,
1927 3614 2062 3670 dile-

466 3701 636 3758 ctioni
665 3709 862 3758 vestra
897 3703 1135 3758 debitum
1176 3702 1546 3773 responsionis
1583 3702 1818 3759 oﬂicium
1848 3706 2060 3761 solvere

468 3809 578 3849 non
603 3791 935 3848 diﬂ‘eramus.
962 3794 1150 3864 Igitur,
1181 3803 1242 3850 ut
1268 3794 1335 3848 ad
1357 3795 1474 3850 hac
1495 3795 1699 3862 omnia,
1728 3805 1886 3866 prout
1904 3795 2061 3852 Chri-

465 3893 585 3939 stus
629 3881 834 3938 donare
883 3884 1168 3955 dignatur,
1216 3883 1458 3940 breviter
1496 3885 1955 3956 respondeamus,
2004 3894 2061 3941 et

469 3991 646 4032 causa
675 3976 990 4048 ambiguum
1029 3992 1152 4032 cum
1186 3983 1370 4032 vestra
1415 3979 1621 4048 pariter
1651 3977 1944 4034 dilectione
1974 3992 2061 4033 re-

468 4082 733 4130 secemus,
785 4067 1001 4122 videtur
1036 4067 1190 4123 nobis
1229 4067 1284 4122 in
1324 4069 1519 4139 primis
1557 4077 1617 4122 ut
1640 4083 1764 4124 ossa
1790 4068 1900 4134 illa,
1939 4082 2060 4139 qua

468 4158 614 4213 nulla
643 4159 878 4224 ratione,
913 4158 1059 4214 nulla
1090 4160 1415 4215 auctoritate
1435 4200 1450 4226 ,
1485 4159 1671 4216 nescio
1702 4158 1858 4229 cujus
1883 4161 2058 4217 sancti

466 4264 588 4305 esse
616 4251 903 4316 dicuntur,
930 4250 1073 4306 unde
1099 4252 1332 4321 primum
1367 4251 1590 4322 prurigo
1626 4251 1786 4322 hujus
1831 4252 2059 4309 curiosi-

470 4347 599 4400 tatis
627 4354 817 4401 exorta
847 4362 969 4402 esse
993 4345 1230 4411 videtur,
1262 4346 1484 4401 omnino
1513 4346 1580 4401 de
1606 4345 1777 4401 sacris
1803 4347 1979 4418 adytis
2003 4357 2054 4401 et

467 4436 534 4491 de
569 4435 688 4491 loco
719 4436 919 4492 celebri
960 4435 1218 4491 tollantur
1246 4444 1298 4491 et
1326 4451 1666 4508 nequaquam
1703 4437 1846 4498 intra
1885 4437 2059 4494 eccle-

465 4533 624 4598 siam,
668 4534 763 4588 sed
804 4532 938 4589 foris
981 4533 1036 4588 in
1066 4533 1240 4600 atrio,
1276 4542 1370 4588 aut
1395 4542 1542 4589 certe
1577 4534 1678 4590 sub
1703 4535 1940 4606 pariete,
1970 4534 2059 4592 vel

466 4625 613 4680 circa
661 4625 863 4695 ipsam,
902 4625 988 4682 vel
1031 4626 1177 4696 quod
1221 4625 1410 4683 utilius
1454 4627 1856 4694 existimamus,
1911 4629 2056 4684 circa

467 4715 632 4771 aliam
660 4724 872 4772 secreto
901 4716 953 4770 in
981 4716 1126 4783 loco,
1153 4727 1282 4788 apto
1304 4725 1358 4774 et
1384 4718 1607 4787 mundo,
1639 4720 1738 4776 sub
1759 4734 2056 4790 paucorum

467 4809 802 4864 conscientia
847 4808 1218 4878 sepeliantur;
1257 4817 1317 4864 ut
1349 4813 1604 4881 quoniam
1642 4820 1697 4868 et
1725 4821 1911 4869 sancta
1935 4828 2056 4870 esse

469 4902 743 4967 dicuntur,
778 4900 982 4972 aliquid
1019 4902 1100 4959 eis
1131 4905 1451 4959 reverentia
1494 4905 1787 4972 referatur,
1832 4915 1886 4961 et
1927 4909 2054 4978 quia

467 5009 590 5050 esse
616 4993 834 5066 penitus
860 4995 1194 5060 nesciuntur,
1225 5011 1566 5067 nequaquam
1596 4998 1820 5054 rudibus
1843 4999 2056 5069 populis

469 5086 686 5140 occasio
727 5085 932 5140 erroris
957 5095 1009 5141 et
1040 5089 1442 5157 superstitionis
1473 5091 1755 5145 exsistant.
1794 5089 1905 5147 Nec
1943 5107 2056 5150 me-

472 5186 624 5234 tuere
663 5178 923 5234 debemus
971 5195 1037 5235 ne
1086 5181 1225 5236 forte
1265 5197 1331 5237 ex
1379 5184 1481 5239 hac
1509 5183 1783 5255 diligentia
1813 5185 2050 5256 aliquam

469 5267 819 5324 offensionem
847 5270 1208 5328 incurramus.
1235 5271 1361 5328 Vult
1381 5275 1527 5329 enim
1552 5276 1890 5345 omnipotens
1910 5277 2052 5333 Deus

470 5376 572 5414 nos
597 5359 653 5413 in
680 5359 843 5416 rebus
874 5361 986 5416 suis
1017 5373 1206 5418 cautos
1230 5379 1350 5420 esse
1366 5363 1539 5436 ’atque
1570 5367 1833 5423 discretos
1852 5409 1866 5435 ,
1891 5368 2050 5437 juxta

467 5462 797 5524 praceptum
823 5453 1065 5525 Apostoli
1104 5457 1366 5514 dicentis:
1411 5477 1430 5510 ‹
1460 5459 1650 5515 Omnia
1696 5470 1878 5516 autem
1925 5477 2051 5531 pro-

475 5560 495 5594 ε
526 5543 670 5610 hate,
696 5545 840 5615 quod
865 5545 1067 5601 bonum
1091 5557 1174 5603 est
1199 5557 1398 5616 tenete,
1436 5549 1506 5604 ab
1528 5550 1673 5604 omni
1697 5551 1880 5619 specie
1907 5549 2050 5606 mala

477 5650 496 5682 ε
533 5633 799 5690 abstinete
823 5651 940 5691 vos.
978 5656 995 5688 ι
1036 5638 1103 5692 Et
1128 5638 1354 5693 iterum:
1385 5657 1403 5688 ε
1437 5637 1572 5693 Nam
1599 5647 1654 5694 et
1679 5639 1792 5710 ipse
1821 5639 2050 5695 Satanas

477 5741 496 5773 ι
533 5727 874 5796 transfigurat
897 5745 954 5783 se
990 5731 1042 5785 in
1074 5731 1322 5802 angelum
1358 5730 1510 5785 lucis.
1546 5751 1562 5781 ι
1602 5730 1752 5786 Unde
1778 5741 1831 5787 et
1865 5734 2049 5788 Domi-

543 5852 565 5877 ε
609 5838 758 5965 Ssulp.
804 5843 1037 5899 Severus
1084 5846 1135 5899 in
1180 5845 1272 5899 lib.
1322 5845 1386 5899 de
1436 5845 1553 5899 Vita
1604 5847 1744 5902 beati
1793 5846 2043 5913 Martini,

543 5924 586 5965 p.
662 5950 675 5964 .

473 5921 586 5981 cap.
623 5921 675 5965 δ.

2079 4677 2135 4738 D

2162 3421 2298 3492 tyris
2319 3420 2549 3478 ecclesia
2570 3422 2840 3479 veraciter
2859 3432 2915 3480 et
2933 3424 3289 3495 probabiliter
3308 3426 3578 3483 celebrata
3599 3435 3755 3498 sunt,

2160 3513 2277 3569 hac
2324 3511 2571 3584 profecto
2619 3529 2742 3569 cum
2787 3516 2936 3571 omni
2984 3517 3182 3588 gaudio
3216 3525 3272 3572 et
3302 3518 3648 3574 veneratione
3690 3535 3758 3578 ac

2159 3604 2340 3660 debita
2367 3606 2668 3676 gratiarum
2715 3607 2931 3664 actione
2961 3608 3030 3664 ad
3057 3609 3152 3664 Dei
3193 3609 3416 3678 gloriam
3449 3617 3505 3665 et
3537 3610 3758 3668 beatis-

2159 3699 2283 3754 simi
2315 3707 2478 3770 atque
2509 3699 2888 3769 gloriosissimi
2930 3703 3189 3773 martyris
3230 3703 3422 3758 merita
3454 3702 3752 3762 “referenda

2161 3798 2308 3845 sunt.
2334 3788 2447 3844 Nec
2476 3798 2654 3847 tamen
2683 3792 2756 3847 ob
2782 3793 2888 3848 hoc
2916 3801 3113 3850 caetera
3141 3809 3260 3864 qua
3284 3795 3398 3877 sive
3423 3795 3480 3850 in
3507 3797 3743 3867 ejusdem

2160 3882 2415 3954 martyris
2440 3883 2672 3940 ecclesia
2689 3924 2706 3950 ,
2739 3885 2855 3940 sive
2881 3885 2937 3940 in
2967 3885 3242 3956 plerisque
3264 3886 3385 3942 aliis
3413 3887 3532 3943 fieri
3563 3890 3747 3946 dicun-

2159 3981 2268 4040 tur,
2299 3975 2648 4044 approbanda
2678 3986 2845 4042 sunt;
2884 3978 3037 4048 quia,
3064 3987 3325 4048 quantum
3356 3980 3526 4050 ipsius
3550 3982 3629 4038 rei
3661 3996 3752 4053 ge-

2160 4073 2258 4120 sta
2304 4066 2437 4120 ordo
2486 4066 2764 4134 ostendit,
2806 4069 2982 4139 potuit
3023 4068 3142 4124 ﬁeri
3177 4078 3237 4124 ut
3272 4070 3390 4126 hac
3414 4073 3652 4140 primum
3681 4087 3749 4129 ex

2160 4170 2296 4210 vana
2325 4157 2602 4228 opinione,
2631 4168 2890 4231 tanquam
2916 4176 3091 4232 nuper
3126 4162 3272 4219 allati
3301 4165 3478 4220 sancti
3507 4165 3751 4236 corporis

2159 4249 2335 4304 locum
2363 4250 2633 4306 inveniret
2654 4251 2869 4308 occasio
2890 4293 2905 4318 ,
2938 4252 3066 4308 dum
3099 4255 3153 4308 in
3178 4253 3373 4310 diebus
3403 4255 3752 4328 quadragesi-

2160 4341 2412 4406 malibus,
2447 4341 2843 4400 conﬂuentibus
2886 4343 3158 4411 fortasse,
3199 4353 3262 4401 ut
3293 4347 3348 4400 in
3393 4346 3577 4402 multis
3616 4346 3752 4404 locis

2161 4440 2495 4494 consuetudo
2524 4447 2628 4506 est,
2659 4440 2726 4493 ad
2757 4440 3060 4496 orationem
3086 4441 3441 4512 popularibus
3467 4442 3642 4497 turbis
3661 4457 3753 4498 os-

2160 4530 2498 4598 tenderetur,
2521 4531 3012 4600 commendaretur,
3027 4542 3082 4588 et
3107 4533 3444 4589 venerationi
3465 4534 3752 4592 habendus

2161 4622 2253 4692 qui
2287 4624 2500 4694 penitus
2539 4625 2918 4696 ignorabatur,
2965 4640 3299 4698 supervacue
3340 4625 3746 4694 inculcaretur;

2161 4724 2322 4787 atque
2341 4732 2409 4773 ex
2430 4718 2532 4774 hoc
2545 4719 2659 4789 jam
2679 4720 3090 4790 superveniente
3110 4719 3456 4775 solemnitate
3473 4720 3748 4789 Paschali,

2159 4809 2378 4879 quando
2401 4809 2531 4864 talia
2555 4810 2841 4866 inchoasse
2864 4811 3239 4882 perhibentur,
3272 4812 3408 4868 viles
3435 4821 3489 4868 et
3512 4828 3749 4884 nequam

2159 4901 2492 4968 homunculi,
2515 4911 2736 4974 accepta
2757 4905 3062 4971 occasione,
3093 4905 3205 4960 sive
3230 4905 3554 4961 necessitate
3584 4903 3750 4962 famis

2159 5001 2404 5062 cogente,
2435 4993 2550 5048 sive
2586 4994 2880 5064 cupiditate
2919 4994 3055 5051 lucri
3085 4995 3408 5067 instigante,
3438 4994 3748 5052 istiusmodi

2158 5085 2306 5142 velut
2332 5088 2728 5156 percussiones,
2755 5100 2812 5143 et
2839 5088 3166 5153 collisiones,
3199 5097 3254 5144 et
3281 5089 3747 5160 dementationes,

2159 5191 2223 5232 ac
2247 5193 2461 5232 rursum
2494 5178 2824 5246 sanationes,
2853 5179 3057 5251 fingere
3080 5190 3242 5251 atque
3261 5188 3540 5236 ostentare
3564 5172 3750 5252 cape;

2157 5267 2289 5335 rint,
2320 5270 2434 5324 sive
2462 5270 2571 5326 sint
2591 5270 2715 5336 viri,
2745 5271 2860 5327 sive
2882 5272 3160 5328 mulieres.
3196 5334 3198 5336 τ

2228 5362 2295 5418 γ.
2325 5365 2477 5433 Quod
2508 5382 2628 5421 cum
2655 5367 2902 5438 populus,
2937 5383 3273 5440 supervacua
3313 5367 3568 5438 opinione
3593 5368 3747 5424 delu—

2156 5469 2286 5523 sus,
2335 5456 2392 5510 in
2439 5457 2794 5512 admiratione
2823 5458 2909 5514 vel
2952 5469 3162 5515 terrore
3203 5458 3405 5516 habere
3447 5459 3744 5530 cepisset,

2155 5553 2307 5602 tanta
2352 5545 2480 5602 illuc
2507 5547 2758 5604 conferre
2789 5559 2844 5606 et
2878 5551 3032 5622 quasi
3071 5550 3212 5606 male
3240 5550 3567 5607 habentibus
3594 5550 3749 5608 velut

2151 5654 2219 5694 ex
2268 5639 2658 5696 misericordia
2704 5643 3082 5712 compassione
3132 5642 3516 5697 administrare
3561 5657 3747 5713 σωρο-

2153 5738 2300 5796 runt,
2326 5740 2384 5785 ut
2404 5731 2624 5788 omnino
2645 5733 2737 5802 qui
2767 5733 2897 5789 talia
2924 5736 3035 5803 pati
3063 5734 3409 5802 videbantur,
3433 5749 3541 5793 non
3563 5734 3743 5792 solum

2225 5852 2250 5890 ι)
2277 5852 2499 5907 Decreta
2529 5853 2748 5919 Gelasii,
2776 5870 2893 5925 cap.
2921 5853 3011 5908 25.
