4032 6436
299 355 362 410 8f
1722 352 2099 412 EPISTOLE.
3475 346 3543 405 8‘2

303 485 330 522 a
360 470 478 523 loco
507 467 758 523 recedere
784 468 1017 534 nollent,
1052 469 1146 526 sed
1177 478 1434 540 tanquam
1463 485 1600 524 nova
1621 470 1778 540 plaga
1808 484 1872 523 ac
1899 473 1951 530 Α
1976 468 2255 538 vulgares,
2287 482 2408 524 cum
2434 469 2574 526 votis
2605 484 2668 525 ac
2696 465 2850 524 donis
2881 469 3125 539 plurimis
3167 467 3428 540 gregatim
3456 480 3546 522 ec-

302 558 576 614 debilitate
595 561 858 629 percussi,
882 561 1191 616 nullatenus
1218 576 1276 617 se
1311 562 1567 617 recedere
1607 575 1764 630 posse
1804 561 1874 614 si-
1977 561 2197 616 clesiam
2237 561 2670 632 frequentarent,
2708 569 2928 631 accepto
2955 561 3022 615 ab
3051 560 3238 616 eodem
3265 565 3418 630 patre
3449 571 3548 611 no-

299 649 590 706 mularent.
621 650 846 717 Quando
871 651 1017 707 enim
1043 668 1277 722 unquam
1310 653 1362 708 in
1393 651 1648 708 Ecclesiis
1675 651 1790 716 Dei,
1821 651 1876 706 in
1977 660 2093 708 stro
2136 653 2366 708 consilio
2409 653 2724 723 przedicavit
2757 653 2838 708 eis
2863 661 3025 722 atque
3050 650 3304 722 praecepit
3338 649 3549 704 Narbo-

302 742 581 798 memoriis
610 741 1044 798 beatissimorum
1084 752 1415 814 martyrum,
1448 742 1576 797 talia
1593 743 1757 813 Signa
1789 741 1874 796 in-
1976 744 2162 799 nensis
2203 743 2294 814 qui
2322 760 2465 800 nunc
2496 753 2741 813 superest
2783 742 3208 798 Bartholommus
3235 740 3548 809 episcopus,

301 835 648 900 crebuerunt,
672 834 869 904 quibus
894 851 1234 906 nequaquam
1254 837 1383 908 aegri
1410 844 1750 900 sanarentur,
1783 834 1878 890 sed
1976 843 2040 889 ut
2062 835 2284 892 omnino
2314 835 2490 890 locum
2519 834 2686 896 illum,
2720 850 2880 904 quem
2903 831 3278 904 superstitiose
3307 819 3552 900 frequen-

305 924 424 979 sani
447 933 859 994 percuterentur
879 933 936 980 et
961 927 1432 982 dementarentur?
1453 926 1678 994 Quando
1702 925 1880 981 istius-

304 1016 450 1070 modi
476 1016 739 1071 sanitates
766 1025 1076 1072 sanctorum
1103 1017 1278 1072 oratio
1306 1018 1444 1088 apud
1477 1018 1759 1073 Dominum
1785 1017 1880 1072 ob-

302 1107 487 1171 tinuit,
517 1107 712 1177 quibus
745 1108 1016 1179 simplices
1045 1117 1099 1164 et
1130 1109 1443 1165 innocentes
1463 1109 1654 1180 puellae
1677 1109 1732 1164 in
1758 1123 1881 1164 san-

303 1197 517 1251 ctuario
558 1197 653 1252 Dei
695 1197 992 1254 incolumes
1018 1198 1346 1265 reddantur,
1388 1198 1480 1254 sed
1512 1199 1556 1254 si
1599 1199 1665 1254 de
1706 1198 1880 1253 salute

304 1305 401 1345 sua
428 1292 681 1362 gaudium
708 1293 1023 1362 parentibus
1065 1292 1241 1348 facere
1279 1291 1583 1357 voluerint,
1623 1291 1880 1346 continuo

305 1382 499 1436 iterum
529 1398 800 1453 percussae
821 1385 888 1438 ad
913 1383 1101 1438 domos
1121 1383 1430 1439 earumdem
1454 1389 1737 1453 parentum
1758 1397 1882 1437 suo-

305 1488 425 1526 rum
458 1473 634 1528 redire
672 1474 1102 1543 prohibeantur?
1137 1473 1363 1540 Quando
1400 1483 1579 1528 autem
1618 1481 1882 1544 martyres

305 1563 478 1617 sancti
504 1565 576 1618 ita
601 1566 919 1636 conjugatas
943 1582 1184 1636 quasque
1212 1565 1396 1621 ﬁdeles
1425 1567 1478 1620 in
1505 1565 1619 1620 suis
1641 1573 1884 1620 sanctua-

307 1655 406 1710 riis
451 1657 669 1711 sanitati
711 1660 1098 1724 restituerunt,
1137 1669 1196 1712 ut
1226 1673 1320 1713 eas
1344 1674 1375 1713 a
1400 1657 1612 1712 maritis
1639 1656 1884 1727 sejunge-

302 1755 449 1812 rent,
481 1756 534 1802 et
562 1763 631 1802 ne
657 1749 725 1804 ad
756 1750 998 1805 virorum
1030 1767 1250 1806 suorum
1295 1751 1484 1805 domos
1527 1751 1722 1806 reverti
1760 1766 1883 1820 pos-

305 1851 448 1902 sent.
477 1845 770 1913 repentinae
801 1845 970 1900 cladis
998 1845 1464 1900 animadversione
1494 1845 1882 1916 percuterent?
1909 1823 1957 1883 Β

306 1933 439 2000 Quis
474 1935 586 1988 haec
613 1951 720 1989 non
751 1935 932 1990 videat
957 1935 1040 1990 vel
1071 1936 1296 1992 fallaciis
1314 1937 1592 1990 hominum
1617 1934 1883 2004 nequissi-

308 2041 544 2090 morum,
563 2028 647 2082 vel
668 2027 1073 2097 deceptionibus
1093 2039 1146 2084 et
1171 2028 1416 2084 ludibriis
1436 2029 1736 2084 dmmonum
1755 2043 1883 2083 con-

307 2116 554 2182 cinnata,
584 2119 673 2186 qui
707 2119 927 2174 hebetes
955 2133 1133 2182 sensu,
1168 2128 1222 2174 et
1251 2120 1438 2174 inanes
1469 2119 1587 2183 ﬁde,
1620 2127 1675 2174 et
1699 2119 1884 2188 plenos

305 2207 644 2271 curiositate,
679 2217 731 2261 et
766 2210 1028 2264 attonitos
1067 2211 1327 2276 vanitate,
1362 2209 1519 2265 facile
1546 2211 1882 2280 opprimunt,

305 2298 390 2352 vel
419 2299 578 2353 etiam
611 2300 868 2354 invadunt
894 2312 956 2356 ut
981 2303 1032 2356 in
1061 2303 1162 2368 eis,
1201 2303 1312 2358 Deo
1336 2304 1483 2373 juste
1506 2304 1882 2374 permittente,

306 2397 366 2444 et
398 2392 614 2460 prepria
649 2393 889 2462 nequitia
938 2395 1192 2449 saeviente
1214 2436 1228 2460 ,
1260 2395 1389 2450 talia
1418 2396 1580 2451 etiam
1618 2396 1886 2451 veraciter

305 2499 564 2541 exercere
589 2487 880 2542 sinantur?
915 2488 1091 2560 Atque
1126 2491 1198 2545 ita
1228 2491 1372 2546 velut
1405 2508 1471 2546 ex
1501 2508 1608 2547 uno
1645 2492 1762 2547 loco
1789 2507 1886 2563 per

308 2575 563 2630 astutiam
591 2578 868 2633 hominum
891 2587 946 2634 et
974 2581 1268 2651 nequitiam
1299 2581 1598 2636 daemonum
1625 2583 1886 2651 pessimo-

309 2679 453 2729 rum,
487 2667 579 2736 qui
616 2667 866 2724 humana:
909 2669 1069 2724 saluti
1098 2671 1328 2726 libenter
1359 2671 1624 2738 illudunt,
1658 2689 1754 2744 per
1780 2673 1884 2728 alia

311 2769 475 2831 atque
499 2762 602 2816 alia
625 2761 742 2817 loca
765 2779 823 2818 se
843 2763 1152 2834 pestilentia
1175 2766 1278 2820 ista
1301 2765 1702 2835 superstitionis
1725 2775 1886 2836 atque

309 2853 580 2908 illusionis
611 2853 885 2909 diffudisse
912 2855 1160 2921 videtur,
1208 2856 1332 2911 dum
1369 2856 1422 2910 in
1456 2856 1626 2911 sacris
1663 2855 1794 2910 locis
1833 2864 1888 2911 et

309 2953 621 3001 sanctorum
666 2955 963 3018 martyrum
1005 2947 1242 3003 basilicis
1289 2958 1413 3003 sunt
1457 2948 1617 3002 etiam
1667 2947 1885 3017 quidam

312 3037 405 3106 qui
432 3037 603 3106 turpis
625 3037 759 3092 lucri
790 3039 964 3110 gratia
994 3055 1098 3095 non
1129 3039 1299 3094 solum
1323 3039 1424 3094 ista
1448 3055 1553 3094 non
1577 3039 1882 3109 prohibent,

311 3145 412 3185 nec
434 3139 703 3185 errantem
739 3131 994 3202 p0pulum
1039 3133 1106 3187 ad
1155 3133 1420 3188 sinceram
1451 3141 1506 3188 et
1537 3148 1725 3203 puram
1764 3133 1884 3188 reli-

312 3220 485 3290 gionis
513 3221 914 3277 observantiam
946 3223 1261 3288 instituunt,
1293 3223 1387 3278 sed
1431 3223 1590 3277 etiam
1627 3222 1887 3293 instigant

315 3313 382 3367 ad
413 3311 539 3367 talia
571 3314 848 3380 sectanda,
881 3329 1081 3385 eosque
1109 3323 1362 3384 tanquam
1393 3313 1673 3382 religiosos
1697 3312 1890 3382 przedi-

314 3411 474 3468 cant,
513 3419 576 3458 ac
619 3405 730 3458 suis
759 3403 1160 3460 adulationibus
1188 3404 1566 3476 supplantant,
1593 3411 1800 3459 tantum
1829 3411 1891 3459 ut

315 3508 381 3547 ex
417 3509 603 3548 eorum
633 3495 773 3549 votis
805 3504 966 3563 atque
998 3496 1238 3551 donariis
1261 3496 1346 3551 vel
1372 3496 1643 3565 marsupia
1673 3511 1768 3550 sua
1805 3509 1893 3550 re-

317 3583 502 3652 pleant
521 3624 536 3647 ,
562 3584 647 3637 vel
678 3585 849 3653 epulis
875 3593 930 3638 et
961 3586 1325 3654 potationibus
1349 3595 1562 3640 vacent.
1595 3588 1671 3640 De
1697 3587 1892 3655 quibus

319 3683 468 3730 recte
491 3689 588 3744 per
622 3674 948 3745 Prophetam
986 3676 1220 3732 dicitur:
1263 3694 1282 3727 ι
1313 3675 1543 3730 Peccata
1578 3675 1757 3746 populi
1786 3675 1892 3730 mei

325 3783 344 3814 ‹
389 3765 673 3819 comedent
716 3774 770 3819 et
814 3766 880 3820 ad
922 3767 1263 3836 iniquitatem
1304 3781 1494 3821 eorum
1539 3765 1896 3822 sublevabunt

324 3871 344 3903 σ
381 3853 588 3908 animas
617 3870 826 3910 eorum.
859 3876 876 3906 ι
903 3855 1027 3912 Hzec
1050 3857 1114 3911 de
1134 3855 1348 3912 ﬁctione
1370 3856 1554 3910 talium
1585 3855 1889 3910 illusionum

316 3952 372 3998 et
393 3944 582 4000 insana
599 3948 957 4015 quorumdam
979 3948 1274 4018 cupiditate
1294 3962 1632 4018 nequaquam
1655 3948 1709 4002 in
1731 3947 1891 4017 hujus

315 4037 682 4104 responsionis
709 4046 905 4093 nostra:
932 4039 1070 4094 serie
1107 4039 1426 4105 diceremus,
1456 4039 1557 4094 nisi
1598 4039 1723 4094 talia
1755 4048 1891 4094 tem-

314 4140 448 4196 pore
476 4126 549 4195 pii
579 4127 751 4196 patris
786 4136 842 4183 et
881 4129 1239 4183 antecessoris
1283 4129 1450 4184 nostri
1481 4129 1556 4183 ita
1590 4129 1891 4184 certissime

317 4218 372 4274 in
401 4219 723 4288 quibusdam
753 4221 1116 4285 homunculis,
1149 4230 1254 4274 tam
1281 4222 1434 4288 viris,
1462 4235 1621 4290 quam
1654 4219 1885 4288 feminis,

317 4309 457 4364 intra
478 4313 772 4380 paroeciam
806 4321 1048 4368 nostram
1079 4314 1286 4383 experti
1315 4328 1586 4381 essemus,
1627 4321 1685 4368 ut
1711 4313 1776 4368 de
1804 4313 1888 4368 his

315 4404 622 4462 nullatenus
650 4406 898 4462 dubitare
931 4407 1328 4478 permittamur.

1979 933 2097 981 tare
2144 935 2450 996 coeperant,
2493 940 2833 994 nequaquam
2877 923 3104 994 amplius
3141 923 3213 977 ita
3241 920 3551 990 frequenta-

1973 1009 2132 1084 rent,
2184 1027 2238 1073 et
2284 1032 2618 1089 quaecunque
2661 1017 2786 1070 illuc
2835 1015 3080 1071 conferre
3129 1018 3554 1076 consueverant,

1981 1108 2153 1178 magis
2196 1108 2248 1162 in
2298 1123 2426 1162 usus
2472 1105 2823 1176 indigentium
2867 1113 2922 1158 et
2965 1101 3348 1159 misericordiae
3391 1113 3555 1170 opera

1981 1207 2286 1272 erogarent.
2324 1198 2476 1266 Quod
2513 1213 2632 1253 cum
2673 1197 2872 1252 factum
2912 1195 3134 1261 fuisset,
3180 1195 3362 1250 statim
3398 1202 3452 1249 et
3483 1190 3553 1247 ibi

1980 1302 2034 1349 et
2064 1293 2117 1346 in
2150 1291 2270 1347 aliis
2296 1290 2430 1345 locis
2457 1290 2508 1344 in
2537 1289 2732 1359 quibus
2765 1289 2876 1359 jam
2905 1287 3154 1343 similiter
3187 1287 3302 1341 ﬁeri
3337 1285 3558 1355 incipie-

1980 1385 2106 1451 bat,
2137 1394 2242 1440 tota
2285 1384 2372 1437 illa
2411 1383 2654 1452 deceptio
2685 1381 2943 1446 cessavit,
2991 1388 3044 1436 et
3085 1379 3312 1450 populus
3355 1376 3532 1432 fidelis

1981 1487 2163 1550 Optata
2188 1477 2558 1534 incolumitate
2588 1492 2651 1531 ac
2681 1473 3094 1544 tranquillitate,
3127 1469 3431 1541 respiravit.

2054 1594 2162 1648 VII.
2197 1593 2348 1650 Unde
2379 1593 2599 1648 omnino
2623 1591 2836 1646 videtur
2866 1589 3040 1653 nobis,
3071 1596 3232 1658 prout
3273 1585 3411 1641 ratio
3442 1585 3557 1654 ipsa

1985 1687 2170 1750 dictat,
2199 1695 2253 1741 et
2277 1685 2541 1739 bonorum
2573 1698 2671 1738 nos
2700 1681 2946 1752 exempla
2975 1680 3288 1739 informant,
3329 1687 3387 1732 ut
3425 1678 3560 1732 arri-

1983 1778 2145 1847 piatis
2190 1777 2336 1845 pium
2377 1773 2610 1830 studium
2660 1782 2715 1829 et
2759 1770 3144 1828 sacerdotalem
3194 1771 3559 1826 sinceritatem

1985 1884 2048 1923 ac
2071 1866 2449 1930 severitatem;
2479 1873 2533 1919 et
2567 1881 2636 1919 ne
2665 1865 2856 1920 domus
2900 1863 3132 1926 Domini,
3161 1877 3321 1931 quam
3349 1869 3563 1931 Oportet

1981 1974 2101 2014 esse
2137 1959 2354 2013 domum
2401 1955 2684 2019 orationis,
2721 1955 2815 2009 fiat
2860 1955 3050 2010 domus
3093 1952 3475 2022 negotiationis
3506 1959 3562 2007 et

1982 2049 2235 2120 spelunca
2266 2048 2553 2110 latronum,
2581 2045 2869 2100 eliminetis
2901 2060 2964 2099 ex
2995 2059 3056 2098 ea
3086 2043 3389 2098 istiusmodi
3417 2057 3563 2096 com-

1983 2148 2224 2194 mentum
2253 2147 2308 2192 et
2339 2137 2647 2208 figmentum
2677 2135 2997 2191 diabolicum
3019 2175 3033 2199 ,
3074 2149 3180 2205 quo
3225 2141 3376 2188 tanta
3421 2130 3561 2186 infe-

1984 2228 2166 2282 licium
2217 2227 2494 2282 hominum
2537 2235 2590 2280 et
2646 2225 2878 2280 maxime
2933 2224 3219 2279 mulierum
3275 2222 3568 2278 multitudo

1985 2319 2147 2374 nimis
2189 2317 2418 2372 dolende
2459 2332 2522 2371 ac
2565 2317 2830 2386 pudende,
2872 2315 3017 2369 velut
3064 2315 3274 2385 captiva
3301 2323 3356 2370 et
3384 2321 3567 2368 mente

1986 2418 2164 2479 capta,
2196 2407 2428 2479 obligata
2473 2414 2720 2470 tenetur;
2754 2406 3121 2460 annuutiando
3155 2404 3407 2460 omnibus
3435 2403 3565 2458 ﬁde-

1985 2501 2111 2556 liter
2157 2509 2320 2569 atque
2374 2497 2728 2561 obtestando,
2779 2505 2837 2550 ut
2887 2496 3196 2551 intermisso
3255 2494 3565 2565 hujusmodi

1984 2608 2124 2649 vano
2159 2600 2213 2646 et
2239 2589 2542 2660 pernicioso
2573 2604 2858 2654 concursu,
2892 2589 3031 2644 unde
3058 2587 3203 2642 nulla
3235 2588 3429 2643 animae
3473 2603 3565 2642 sa-

1986 2685 2090 2748 lus,
2122 2683 2270 2738 nulla
2311 2681 2554 2750 corporis
2597 2679 2956 2744 incolumitas,
3003 2677 3150 2732 nulla
3191 2678 3316 2732 vita:
3358 2677 3565 2733 utilitas

1986 2774 2271 2846 provenire
2291 2771 2654 2842 cognoscitur,
2669 2783 3006 2840 unaquaeque
3024 2768 3174 2838 plebs
3196 2768 3248 2822 in
3270 2768 3564 2838 parteeliiis

1987 2864 2320 2929 eteeclesiis,
2343 2864 2538 2933 quibus
2555 2863 2811 2916 attributa
2835 2872 2938 2927 est,
2961 2861 3140 2930 quieta
3158 2860 3446 2923 consistat;
3470 2859 3563 2915 ubi

1989 2970 2202 3012 sacrum
2246 2953 2513 3022 baptisma
2558 2951 2773 3022 accipit,
2800 2951 2890 3006 ubi
2921 2965 3116 3020 corpus
3153 2958 3208 3005 et
3242 2950 3565 3020 sanguinem

1987 3045 2199 3103 Domini
2224 3044 2469 3116 percipit,
2498 3043 2586 3098 ubi
2618 3044 2903 3098 missarum
2933 3042 3194 3098 solemnia
3215 3041 3406 3096 audire
3435 3056 3564 3096 con—

1990 3139 2182 3203 suevit,
2210 3137 2300 3192 ubi
2321 3152 2352 3191 a
2375 3136 2654 3192 sacerdote
2678 3151 2774 3191 suo
2795 3135 3168 3206 pmnitentiam
3191 3135 3258 3190 de
3283 3143 3459 3198 reatu,
3483 3134 3563 3188 vi-

1989 3229 2293 3285 sitationem
2315 3227 2370 3282 in
2391 3227 2726 3292 infirmitate,
2750 3226 3080 3298 sepulturam
3103 3222 3158 3281 in
3179 3235 3353 3282 morte
3373 3239 3562 3281 conse-

1989 3323 2190 3393 quitur,
2219 3322 2309 3376 ubi
2356 3323 2516 3377 etiam
2548 3321 2784 3376 decimas
2813 3328 2868 3374 et
2917 3319 3183 3389 primitias
3207 3335 3333 3375 suas
3361 3317 3562 3375 offerre

1988 3410 2318 3482 praecipitur,
2343 3409 2431 3464 ubi
2454 3409 2592 3464 ﬁlios
2621 3423 2746 3464 suos
2779 3406 3118 3476 baptismatis
3148 3405 3320 3477 gratia
3356 3407 3561 3461 initiari

1989 3503 2308 3576 gratulatur,
2354 3503 2446 3557 ubi
2475 3502 2694 3556 verbum
2717 3499 2812 3555 Dei
2839 3498 3055 3555 assidue
3082 3498 3252 3566 audit,
3274 3507 3329 3555 et
3353 3496 3561 3569 agenda

1991 3609 2054 3648 ac
2076 3609 2180 3648 non
2200 3593 2404 3664 agenda
2430 3592 2734 3663 cognoscit;
2764 3589 2906 3656 illuc,
2935 3592 3172 3660 inquam,
3193 3599 3318 3646 vota
3339 3599 3394 3645 et
3413 3589 3562 3644 obla-

1993 3681 2168 3736 tiones
2186 3696 2310 3735 suas
2330 3680 2581 3734 alacriter
2601 3678 2853 3747 perferat,
2877 3679 2950 3733 ibi
2977 3680 3257 3734 orationes
3279 3688 3334 3735 et
3354 3677 3553 3749 suppli-

1992 3770 2232 3826 cationes
2263 3783 2387 3824 suas
2411 3768 2636 3822 Domino
2657 3766 2913 3833 effundat,
2935 3767 3008 3822 ibi
3037 3767 3289 3838 suffragia
3317 3769 3564 3824 omnium

1991 3869 2296 3917 sanctorum
2319 3868 2544 3929 quaerat,
2569 3857 2683 3928 qui,
2710 3867 2770 3913 ut
2790 3853 3048 3928 scriptu‘m
3069 3867 3182 3914 est:
3205 3877 3223 3911 ι
3248 3856 3569 3930 Sequuntur

1996 3971 2016 4004 ς
2043 3953 2251 4024 Agnum
2273 3965 2594 4021 quocunque
2613 3950 2780 4015 vadit,
2802 3969 2820 4000 ι
2856 3960 2910 4005 et
2930 3949 3132 4005 idcirco
3155 3948 3386 4006 fideliter
3407 3950 3562 4005 invo-

1989 4046 2236 4102 cantibus
2270 4044 2465 4113 ubique
2498 4052 2695 4114 praesto
2738 4050 2884 4108 sunt,
2911 4049 2966 4097 et
2993 4056 3092 4112 per
3133 4041 3278 4112 ipsos
3311 4050 3473 4112 atque
3503 4041 3564 4097 in

1989 4136 2118 4206 ipsis
2146 4135 2485 4204 omnipotens
2510 4133 2682 4199 Deus,
2714 4132 2803 4202 qui
2831 4131 3028 4203 populo
3062 4147 3159 4188 suo
3187 4131 3452 4202 promittit
3481 4131 3568 4187 di-

1987 4242 2117 4283 cens
2140 4245 2157 4277 ‹
2191 4245 2202 4280 :
2227 4225 2284 4280 In
2315 4225 2460 4280 omni
2489 4223 2607 4280 loco
2630 4223 2682 4278 in
2713 4239 2821 4294 quo
2848 4223 3108 4278 memoria
3135 4222 3299 4278 fuerit
3328 4223 3569 4279 nominis

1993 4337 2012 4370 ε
2041 4317 2166 4382 mei,
2183 4315 2394 4372 veniam
2410 4316 2476 4370 ad
2496 4323 2545 4370 te
2560 4324 2615 4370 et
2628 4315 2941 4371 benedieam
2961 4314 3076 4369 tibi.
3102 4333 3121 4368 ι
3143 4313 3216 4370 lbi
3239 4315 3419 4385 itaque
3436 4329 3565 4370 una-

1988 4426 2213 4482 quaeque
2244 4409 2394 4480 plebs
2419 4407 2633 4479 pupillis
2667 4417 2722 4462 et
2755 4407 2951 4472 viduis,
2979 4393 3302 4477 pauperibus
3329 4416 3384 4462 et
3407 4421 3563 4478 pere!

389 4498 476 4554 Vl.
512 4499 755 4555 Vidimus
789 4515 1024 4570 namque
1051 4500 1334 4570 aliquoties
1374 4515 1558 4556 coram
1587 4501 1676 4556 illo
1705 4501 1794 4572 qui
1831 4516 1888 4557 se
1913 4523 1966 4583 ι)
1991 4503 2183 4574 griuis,
2221 4501 2286 4556 de
2315 4499 2642 4554 facultatulis
2680 4514 2814 4568 quas
2848 4497 2991 4553 Deus
3034 4497 3222 4552 tribuit
3263 4497 3563 4569 eleemosy-

318 4592 678 4650 daemoniacos
707 4594 1070 4650 advexaticios
1100 4610 1220 4650 esse
1250 4595 1568 4651 simularent
1592 4613 1606 4662 ;
1642 4597 1735 4652 sed
1764 4611 1888 4651 cum

315 4687 565 4756 plurimis
609 4687 781 4758 plagis
833 4695 996 4756 atque
1039 4687 1359 4742 verberibus
1404 4687 1886 4756 distringerentur,

317 4775 602 4832 confestim
633 4776 700 4830 de
729 4775 1034 4831 miserrima
1060 4775 1402 4830 simulatione
1428 4774 1682 4840 confessi,
1713 4785 1766 4830 et
1793 4791 1890 4831 ne-

317 4869 599 4924 cessitates
642 4877 805 4938 atque
835 4876 1104 4940 egestates
1149 4884 1306 4935 suas,
1340 4868 1536 4938 quibus
1581 4869 1888 4940 supplendis

317 4960 444 5016 talia
475 4970 898 5028 ostentaverant,
928 4961 1139 5030 publice
1162 4970 1512 5032 exponentes,
1542 4963 1608 5018 ab
1630 4961 1776 5018 omni
1802 4962 1888 5017 iu-

313 5054 539 5109 vasione
567 5054 920 5119 daamoniaca,
951 5053 1108 5109 sicuti
1143 5062 1199 5110 et
1233 5062 1418 5120 erant,
1456 5052 1605 5108 illaesi
1626 5068 1888 5124 apparue-

319 5154 466 5200 runt.
501 5144 712 5200 Scimus
740 5145 903 5200 etiam
932 5145 1203 5200 civitatem
1233 5146 1522 5216 quamdam
1553 5145 1696 5200 haud
1732 5144 1888 5216 longe

319 5250 352 5290 a
397 5237 599 5292 nostris
639 5235 853 5302 finibus,
890 5251 1009 5306 qua:
1055 5235 1242 5292 Ucetia
1269 5243 1641 5305 nuncupatur,
1685 5235 1788 5291 sita
1834 5235 1887 5291 in

317 5331 596 5403 provincia
623 5329 978 5395 Narbonensi,
1009 5328 1102 5384 ubi
1132 5343 1256 5384 cum
1287 5327 1525 5397 ejusdem
1552 5327 1654 5397 piae
1681 5341 1888 5382 memo-

318 5426 414 5480 rize
439 5423 852 5494 praedecessoris
879 5423 1047 5478 nostri
1076 5430 1318 5494 tempore
1347 5420 1414 5476 ad
1440 5419 1742 5490 sepulcrum
1769 5435 1891 5477 san-

317 5514 391 5569 cti
416 5513 643 5568 Firmini
675 5514 912 5584 episcopi
949 5513 1251 5570 istiusmodi
1292 5513 1668 5583 percussiones
1703 5521 1758 5569 et
1794 5513 1891 5569 eli-

316 5607 500 5664 siones
530 5606 646 5660 ﬁeri
675 5606 980 5677 empissent,
1010 5606 1081 5659 ita
1117 5614 1176 5660 ut
1205 5606 1258 5660 in
1283 5605 1541 5660 membris
1580 5605 1887 5660 cadentium

317 5699 688 5768 reperirentur
707 5697 950 5766 quaedam
973 5697 1226 5766 stigmata
1248 5694 1484 5761 ultionis,
1505 5704 1757 5766 tanquam
1782 5696 1889 5754 illic

314 5788 546 5860 aulpbur
572 5788 814 5855 arsisset,
841 5796 895 5844 et
920 5803 986 5844 ex
1018 5788 1120 5846 hoc
1140 5787 1314 5844 territi
1346 5796 1506 5858 atque
1531 5787 1888 5859 obstupefacti

1991 4609 2184 4650 narum
2241 4591 2582 4662 largitionem
2631 4589 2910 4654 exhibeat,
2961 4587 3343 4660 h03pitalilatis
3389 4588 3564 4644 officia

1989 4685 2284 4755 impendat,
2319 4692 2374 4738 et
2407 4682 2760 4752 quodcunque
2802 4679 3283 4736 comessationibus
3306 4689 3361 4734 et
3387 4681 3565 4736 ebrie-

1989 4778 2190 4832 tatibus
2216 4783 2271 4829 et
2297 4782 2502 4844 quaestu
2533 4771 2809 4828 hominum
2841 4786 3101 4826 vanorum
3131 4785 3450 4827 consumere
3474 4787 3566 4828 so-

1988 4867 2152 4932 lebat,
2187 4866 2239 4921 in
2272 4863 2573 4922 istiusmodi
2619 4861 2732 4918 suis
2773 4871 2827 4918 et
2859 4860 3088 4933 proximi
3119 4861 3426 4918 salubribus
3456 4864 3566 4918 uti-

1987 4959 2229 5015 litatibus
2255 4957 2540 5028 expendat.
2567 4955 2692 5011 Haec
2729 4963 2812 5011 est
2839 4954 2982 5011 enim
3021 4953 3261 5026 legitima
3302 4963 3358 5011 et
3389 4955 3563 5011 eccle-

1988 5049 2206 5105 siastica
2233 5045 2504 5116 religionis
2527 5043 2734 5119 forma;
2763 5044 2880 5100 haec
2910 5042 3129 5114 antiqua
3160 5043 3395 5100 fidelium
3432 5059 3564 5100 con-

1990 5138 2236 5205 suetudo,
2264 5151 2361 5208 per
2387 5150 2547 5207 quam
2576 5143 2630 5190 et
2669 5135 2965 5190 novitatum
2995 5133 3202 5189 vanitas
3229 5142 3559 5205 amputatur,

1989 5241 2044 5288 et
2070 5238 2281 5286 vetusta
2307 5244 2370 5284 ac
2416 5235 2561 5284 recta
2596 5227 2917 5298 evangelicae
2945 5234 3107 5296 atque
3148 5225 3452 5296 apostolicm
3485 5226 3561 5279 in-

1990 5321 2283 5380 stitutionis
2309 5319 2498 5375 semita
2536 5317 2856 5373 custoditur.
2891 5312 2950 5371 Si
2977 5325 3156 5372 autem
3188 5324 3242 5370 et
3275 5313 3562 5384 languores

1991 5414 2156 5486 aliqui
2182 5429 2246 5469 ac
2278 5412 2581 5467 debilitates
2613 5409 2893 5474 accidunt,
2929 5407 3084 5479 juxta
3111 5404 3476 5474 evangelicum
3505 5415 3563 5462 et

1993 5506 2356 5580 apostolorum
2388 5511 2717 5575 praeceptum
2763 5507 2960 5571 praesto
2993 5498 3155 5554 habet
3193 5497 3564 5568 unusquisque

1990 5610 2050 5658 ut
2082 5601 2344 5656 «inducat
2391 5595 2736 5666 presbyteros
2780 5590 3055 5654 Ecclesiae,
3098 5598 3153 5644 et
3198 5597 3350 5642 orent
3399 5604 3563 5662 super

1997 5715 2016 5750 ι
2044 5710 2191 5761 eum,
2213 5698 2475 5763 ungentes
2495 5703 2617 5742 eum
2639 5685 2756 5741 oleo
2779 5685 2833 5740 in
2856 5682 3072 5737 nomine
3097 5680 3338 5748 Domini;
3363 5689 3420 5737 et
3440 5695 3562 5738 ora-

2000 5809 2018 5844 (
2050 5789 2122 5844 tio
2146 5786 2268 5844 ﬁdei
2292 5781 2520 5839 salvabit
2545 5778 2816 5834 inﬁmum
2840 5772 3045 5846 (Iacob.
3071 5789 3122 5842 v,
3153 5772 3260 5846 14).
3304 5792 3324 5826 ι
