4032 6440
477 308 545 366 83
826 364 831 373 ,
1663 312 2017 369 AMULONIS
2056 313 2275 373 EPISC.
2322 318 2525 375 LUGD.

3656 329 3753 391 84

546 419 674 476 Vlll.
713 419 848 475 Cum
892 422 1007 478 haec
1052 423 1312 494 largiente
1357 424 1508 481 vobis
1559 424 1786 480 Domino
1822 425 2051 502 fideliter
2076 446 2125 516 Α
2160 448 2178 479 ί
2222 442 2278 485 et
2302 432 2706 489 immaculatum
2729 450 2788 493 se
2809 436 3082 493 custodire
3101 436 3170 493 ab
3195 438 3567 496 hocsaaculo.»
3593 440 3773 510 Qua"

471 519 634 582 atque
662 513 924 568 instanter
948 515 1265 570 annuntiata
1291 514 1491 571 fuerint
1515 526 1568 571 et
1595 516 1895 582 observata,
1925 532 2048 572 con-

471 599 685 656 fidimus
712 603 767 657 in
797 603 965 674 ipsius
991 605 1206 675 pietate,
1238 607 1494 676 quoniam
1525 616 1774 664 cessante
1806 607 1953 662 inani
1982 623 2048 666 ac

469 705 803 762 supervacua
848 694 1130 768 largitione
1162 711 1445 752 munerum
1481 713 1545 754 ac
1570 707 1840 765 votorum,
1867 713 2046 753 cessa-

468 781 549 837 bit
589 783 755 838 etiam
808 785 1091 840 multitudo
1133 784 1223 840 illa
1270 786 1639 843 simulantium
1682 796 1738 843 et
1779 786 2047 842 simulatio

469 874 877 943 percussionum
906 891 970 930 ac
1006 876 1485 946 dementationum,
1514 895 1638 935 cum
1678 878 2048 949 unusquisque

471 979 577 1020 non
620 981 755 1021 vana
784 974 838 1022 et
865 965 999 1021 falsa
1028 976 1324 1037 ostentare,
1369 970 1462 1025 sed
1492 970 1559 1025 ad
1588 968 1887 1040 corpusculi
1925 982 2047 1024 sus-

468 1058 815 1113 tentationem
860 1061 1163 1116 necessaria
1210 1078 1453 1133 qumrere
1496 1061 1581 1117 vel
1620 1063 1786 1117 etiam
1833 1062 2044 1118 mendi-

466 1165 592 1207 care
620 1161 873 1221 cogetur;
927 1152 1001 1206 ita
1033 1160 1092 1206 ut
1120 1152 1164 1208 si
1205 1152 1344 1209 forte
1374 1154 1537 1225 aliqui
1578 1153 1960 1209 obstinatiores
1990 1153 2045 1208 in

465 1241 559 1297 tali
597 1241 741 1298 facto
779 1258 1043 1314 apparere
1078 1242 1381 1310 voluerint,
1423 1245 1571 1300 duris
1599 1244 1819 1300 omnino
1856 1242 2047 1299 verbe-

463 1317 613 1388 ribus
661 1333 913 1399 coerciti,
958 1334 1025 1387 ad
1077 1332 1471 1389 confessionem
1518 1334 1763 1390 veritatis
1805 1333 2043 1403 compel-

462 1423 607 1479 lendi
652 1424 809 1480 nobis
842 1439 960 1482 esse
1008 1425 1307 1482 videantur.
1353 1426 1487 1482 Nam
1530 1427 1631 1482 etsi
1680 1426 1810 1481 illud
1856 1438 2045 1480 verum

461 1522 607 1569 esset
646 1523 704 1568 ut
738 1514 1016 1571 discedere
1062 1532 1092 1571 a
1123 1517 1256 1572 locis
1297 1517 1401 1572 illis
1445 1524 1715 1572 tentantes
1758 1514 2044 1571 confestim

462 1621 603 1662 novo
631 1610 804 1664 morbi
833 1624 1029 1682 genere
1067 1611 1489 1681 corriperentur,
1514 1618 1717 1682 quanto
1754 1620 1896 1666 esset
1930 1626 2046 1665 ma-

462 1698 711 1755 nifestius
763 1701 867 1757 hoc
900 1717 968 1756 ex
1015 1702 1211 1758 diaboli
1257 1703 1657 1773 impugnatione
1700 1700 1851 1766 ﬁeri,
1894 1708 2042 1756 tanto

2161 533 2317 578 tenus
2356 525 2469 579 hinc
2503 534 2667 597 atque
2708 526 3014 597 huiusmodi
3060 529 3350 599 apostolica
3390 531 3752 591 hortamenta

2153 615 2493 671 attendentes
2538 625 2645 672 tam
2690 616 2989 691 presbyteri
3032 635 3192 691 quam
3232 621 3446 691 populi,
3475 633 3639 694 atque
3682 627 3750 683 in

2150 702 2284 759 locis
2309 706 2423 763 suis
2452 706 2665 773 devote,
2702 708 2968 766 instanter
3006 728 3071 768 ac
3101 712 3329 770 fideliter
3359 714 3589 773 Domino
3614 734 3749 773 ser-

2149 793 2379 865 vientes,
2405 798 2707 858 sinceritati
2736 804 2935 860 mentis
2960 812 3015 860 et
3039 804 3306 863 fructibus
3342 809 3747 868 misericordia

2144 887 2327 957 potius
2350 891 2604 946 studeant
2644 909 2804 963 quam
2836 896 3063 952 vanitati
3088 898 3174 954 vel
3197 902 3569 958 ostentationi.
3597 902 3749 959 Nam

2148 980 2247 1043 etsi
2278 982 2498 1051 quidam
2528 983 2742 1039 illorum
2775 985 3047 1061 fallaciam
3082 1000 3244 1060 atque
3278 990 3578 1049 fallentium
3606 1010 3748 1051 vere

2147 1074 2494 1143 energumeni
2522 1083 2575 1130 et
2604 1078 2869 1146 arreptitii
2915 1088 3128 1147 essent,
3164 1096 3325 1138 more
3360 1083 3748 1142 ecclesiastico

2148 1161 2232 1216 vel
2272 1163 2325 1218 in
2365 1163 2500 1220 locis
2531 1167 2644 1222 suis
2672 1182 2701 1221 a
2737 1170 3111 1229 sacerdotibus
3153 1174 3283 1239 suis,
3312 1175 3398 1230 vel
3424 1176 3479 1231 in
3510 1176 3748 1247 quibus-

2147 1269 2253 1325 que
2294 1266 2595 1329 martyrum
2639 1264 2965 1319 sanctuariis
3010 1282 3042 1320 a
3084 1266 3403 1341 propinquis
3446 1277 3503 1324 et
3539 1270 3744 1326 amicis

2147 1349 2435 1418 tranquille
2475 1350 2778 1409 debuerant
2824 1359 3044 1414 tractari
3087 1368 3265 1430 atque,
3305 1361 3606 1433 opitulante
3634 1361 3741 1418 Dei

2145 1443 2337 1513 gratia,
2367 1446 2608 1516 purgari,
2632 1463 2741 1504 non
2764 1451 3086 1521 populorum
3113 1454 3285 1511 turbis
3315 1471 3381 1512 ac
3409 1455 3742 1514 tumultibus

2147 1540 2381 1600 inaniter
2406 1547 2679 1614 prosequi.
2711 1546 2856 1612 Haec,
2886 1555 3047 1615 prout
3072 1545 3335 1602 Dominus
3374 1546 3546 1613 dedit,
3573 1548 3740 1618 iuxta

2144 1638 2521 1693 auctoritatem
2559 1639 2794 1694 divinam
2823 1647 2879 1695 et
2907 1638 3305 1694 institutionem
3344 1647 3630 1709 paternam
3660 1641 3738 1696 ad

2146 1726 2626 1798 interrogationem
2653 1737 2890 1785 vestram
2931 1729 3119 1784 sedulo
3161 1730 3486 1800 respondere
3517 1731 3735 1786 curavi.

464 1791 820 1889 (f9nﬁ‘lenllus
867 1794 1095 1851 Domino
1142 1796 1435 1851 miserante
1573 1803 1888 1889 Ρῗοέθῧφίθ
1928 1800 2043 1848 erat
2072 1812 2119 1873 Β
2145 1815 2254 1873 Vos
2280 1827 2334 1873 et
2355 1791 2463 1874 ista
2491 1819 2721 1875 libenter
2749 1819 3010 1889 accipite;
3038 1828 3093 1874 et
3126 1819 3171 1876 si
3197 1791 3302 1889 qua
3330 1819 3555 1875 meliora
3588 1821 3739 1876 Deus

462 1886 871 1954 discedendum,
916 1897 971 1943 et
995 1889 1320 1960 contemptis
1366 1888 1594 1944 fideliter
1625 1886 1829 1941 inimici
1874 1894 2044 1941 terro-

462 1977 629 2044 ribus,
656 1979 709 2034 in
739 1979 871 2036 locis
897 1980 1149 2052 legitimis
1176 1995 1326 2037 more
1367 1980 1736 2036 ecclesiastico
1774 1978 1917 2033 illius
1942 1977 2045 2032 mi~

462 2074 770 2129 sericordize
798 2077 1224 2148 supplicandum.
1262 2076 1448 2147 Neque
1474 2077 1620 2132 enim
1648 2077 1791 2131 inter
1828 2082 2045 2131 sanctos

463 2172 729 2236 martyres
753 2174 807 2220 et
834 2169 1051 2238 spiritus
1079 2177 1240 2238 atque
1264 2166 1471 2222 animas
1491 2166 1758 2236 iustorum
1786 2180 1909 2221 cum
1939 2163 2045 2218 Do-

462 2254 609 2309 mino
631 2254 743 2324 iam
792 2258 1132 2328 regnantium
1181 2257 1290 2312 illic
1336 2257 1533 2312 invidia
1581 2255 1900 2325 suspicanda
1929 2264 2043 2320 est,

460 2345 556 2399 sed
594 2346 750 2415 plena
792 2347 1073 2402 charitatis
1111 2349 1312 2413 unitas,
1347 2357 1400 2402 et
1442 2348 1660 2417 pietatis
1700 2347 1963 2411 societas;
1993 2353 2047 2401 et

461 2432 584 2503 ideo
611 2435 769 2491 simul
797 2437 898 2492 sibi
937 2438 1146 2494 oblatos
1170 2455 1367 2511 aegros,
1398 2439 1443 2493 si
1472 2438 1705 2494 vitandae
1733 2437 2046 2493 tentationis

461 2527 631 2595 gratia
665 2526 899 2583 fideliter
928 2528 996 2583 ad
1032 2529 1258 2583 aliorum
1307 2538 1617 2585 sanctorum
1651 2529 1837 2583 limina
1876 2528 2044 2583 dedu-

458 2624 667 2684 cantur,
714 2634 1055 2690 nequaquam
1102 2621 1400 2693 indignari,
1427 2620 1519 2678 sed
1566 2621 1743 2693 potius
1784 2622 1965 2676 favere
1991 2628 2046 2675 et

460 2713 799 2782 congaudere
837 2722 1001 2784 atque
1041 2714 1405 2785 congratulari
1441 2714 1697 2771 credendi
1732 2722 1873 2770 sunt.
1899 2714 2045 2781 Quo-

460 2815 580 2856 rum
610 2817 750 2857 unus
775 2804 1067 2875 praecipue,
1093 2820 1319 2877 magnus
1339 2807 1591 2863 videlicet
1613 2807 1888 2879 apostolus
1913 2805 2046 2860 Pau‘

458 2892 564 2957 lus,
596 2902 820 2965 propter
848 2896 990 2952 hanc
1016 2897 1280 2953 unitatem
1325 2898 1548 2969 spiritus
1587 2899 1800 2954 czeteris
1841 2897 2045 2953 sanctis

457 2985 622 3041 dicit:
651 3007 669 3038 ‹
698 2987 755 3044 Si
784 2988 871 3044 cui
899 2999 1077 3059 autem
1107 2989 1307 3061 aliquid
1336 2992 1565 3059 donatis,
1596 3000 1650 3049 et
1678 3008 1797 3064 ego.
1826 2990 1963 3046 Nam
1990 2997 2047 3046 et

462 3095 481 3127 ι
516 3090 616 3147 ego
640 3077 685 3131 si
711 3078 838 3147 quid
861 3080 1073 3145 donavi,
1096 3089 1316 3151 propter
1333 3097 1429 3137 vos
1454 3083 1505 3137 in
1534 3097 1760 3153 persona
1782 3080 2002 3137 Christi.
2017 3101 2037 3135 ι

2145 1909 2466 1979 inspiravit,
2524 1919 2773 1981 prompta
2836 1911 3134 1966 intentione
3186 1919 3241 1966 et
3290 1911 3537 1982 vigilanti
3601 1925 3740 1968 cura

2147 2002 2419 2073 peragite;
2448 2012 2719 2073 quatenus
2743 2019 2869 2074 grex
2896 2003 3208 2059 Dominieus
3239 2012 3434 2059 vestra:
3458 2005 3737 2075 guberna-

2148 2093 2281 2148 tioni
2327 2095 2667 2161 commissus,
2697 2096 2887 2151 eodem
2928 2095 3155 2151 Domino
3196 2094 3514 2161 auxiliante,
3545 2104 3604 2151 et
3639 2110 3736 2152 er-

2147 2184 2289 2249 roris
2319 2183 2539 2257 effugiat
2561 2184 2959 2251 oﬂ‘endiculum,
2981 2193 3038 2240 et
3073 2184 3350 2255 religionis
3392 2200 3458 2241 ac
3503 2185 3736 2241 sinceri-

2148 2276 2275 2331 tatis
2297 2285 2658 2347 consequatur
2683 2287 3063 2347 augmentum.
3108 2276 3350 2333 Misimus
3374 2277 3529 2333 vobis
3562 2279 3733 2335 etiam

2146 2366 2421 2435 exemplar
2453 2367 2691 2437 epistolae
2737 2365 2947 2437 praefati
2994 2368 3071 2438 pii
3117 2368 3289 2437 patris
3331 2377 3388 2424 et
3431 2369 3729 2426 nutritoris

2145 2457 2318 2512 nostri
2346 2457 2414 2512 ad
2438 2458 2551 2528 iam
2579 2457 2784 2514 dictum
2829 2457 3238 2516 Narbonensem
3277 2460 3627 2530 episcopum,
3669 2466 3735 2515 ut

2148 2549 2195 2603 si
2218 2548 2339 2618 quis
2365 2550 2429 2604 de
2455 2549 2763 2621 huiusmodi
2785 2552 2965 2608 causis
2982 2551 3234 2608 subtilius
3254 2563 3310 2607 et
3333 2552 3547 2622 plenius
3564 2568 3728 2610 nosse

2146 2637 2404 2703 voluerit,
2444 2637 2584 2694 illius
2622 2638 2853 2696 lectione
2900 2640 3122 2697 uberius
3162 2655 3227 2698 ac
3272 2641 3596 2712 profundius
3642 2643 3728 2699 in-

2147 2733 2408 2782 struatur.
2438 2727 2580 2783 Deus
2604 2729 3341 2799 omnipotens-reverendam
3372 2730 3727 2789 dilectionem

2146 2826 2384 2875 vestram
2406 2820 2474 2875 ad
2504 2818 2917 2876 aediﬁcationem
2952 2804 3210 2879 Ecclesia:
3238 2837 3350 2879 suae
3369 2821 3575 2895 iugiter
3599 2838 3726 2895 pro—

2148 2918 2330 2981 tegere
2354 2917 2408 2963 et
2433 2909 2709 2965 custodire
2730 2909 3000 2982 dignetur.

2717 3020 3053 3078 EPISTOLA
3088 3022 3154 3077 ll.

2667 3109 2734 3147 AD
2773 3108 3204 3150 GOTHESCALCUI.

457 3168 610 3260 Quod
655 3171 700 3226 si
746 3179 929 3226 votum
975 3180 1030 3228 et
1071 3173 1396 3230 desiderium
1440 3183 1523 3229 est
1557 3173 1878 3245 populorum
1909 3173 2044 3229 ﬁde-
2073 3172 2118 3236 C
2221 3183 2412 3240 Αιωιο
2453 3183 2671 3239 humilis
2716 3184 2973 3241 Ecclesia:
3018 3184 3392 3258 Lugdunensis
3438 3188 3725 3260 episcopus

457 3259 611 3327 lium,
629 3261 965 3319 diversorum
996 3275 1293 3337 martyrum
1322 3275 1377 3322 et
1396 3274 1712 3322 eseterorum
1732 3274 2044 3321 sanctorum

458 3348 647 3409 limina
675 3356 990 3427 suppliciter
1018 3357 1384 3429 frequentare,
1415 3366 1539 3414 sunt
1567 3358 1681 3413 dies
1710 3358 1845 3413 certi
1881 3364 1935 3411 et
1968 3358 2045 3413 le—

456 3445 650 3515 gitimi,
679 3448 873 3517 quibus
898 3450 951 3504 id
979 3450 1133 3522 juxta
1162 3451 1438 3521 antiquam
1471 3450 1725 3505 Ecclesiae
1748 3449 2044 3504 observan-

454 3534 589 3589 tiam
619 3537 812 3594 devote
863 3555 1120 3597 exercere
1164 3541 1468 3606 conveniat,
1513 3549 1751 3612 tempore
1797 3540 2044 3595 videlicet

458 3627 789 3694 generalium
807 3633 1163 3704 rogationum,
1179 3639 1232 3686 et
1243 3647 1342 3702 pro
1366 3632 1591 3687 diversis
1608 3631 2043 3687 tribulationibus

459 3734 524 3775 ac
560 3723 974 3781 necessitatibus
994 3725 1316 3781 indictarum
1340 3724 1670 3792 litaniarum,
1696 3741 1787 3781 seu
1804 3725 2043 3796 quadra-

450 3814 783 3883 gesimalium
801 3815 1151 3888 ieiuniorum,
1175 3818 1291 3875 sive
1316 3817 1479 3873 etiam
1509 3818 1564 3874 in
1588 3817 1785 3889 vigiliis
1811 3825 1863 3873 et
1894 3824 2045 3872 nata-

458 3906 592 3962 litiis
621 3914 944 3980 martyrum.

482 3988 486 3992 Α
522 3996 614 4053 IX.
661 3997 791 4066 Quae
832 4000 1013 4056 omnia
1057 4009 1112 4057 et
1152 4015 1219 4057 ex
1261 4000 1585 4058 universalis
1630 3999 1883 4057 Ecclesiae
1909 3997 2041 4070 lege

448 4089 798 4157 descendunt,
840 4100 897 4145 et
923 4090 1268 4148 sacerdotum
1294 4091 1679 4164 praedicatione
1720 4106 1785 4145 ac
1829 4090 2040 4145 denun—

450 4168 673 4237 tiatione
719 4186 1195 4247 commendantur,
1240 4193 1294 4240 et
1332 4183 1575 4240 omnium
1620 4180 1856 4239 fidelium
1907 4183 2038 4238 ohe-

448 4268 649 4326 tlientia
682 4281 735 4327 et
766 4273 969 4344 pietate
1017 4276 1274 4331 attentius
1302 4276 1639 4331 observanda
1670 4282 1821 4337 sunt,
1866 4289 2038 4344 quan-

447 4377 607 4431 quam
642 4371 697 4419 et
721 4366 932 4420 caeteris
963 4365 1150 4421 diebus
1185 4381 1307 4421 cum
1335 4365 1550 4422 silentio
1593 4373 1648 4420 et
1678 4364 1914 4435 puritate
1943 4364 2035 4420 de-

447 4453 703 4519 votionis,
730 4469 838 4510 non
868 4454 921 4509 in
960 4455 1320 4510 ostentatione
1366 4463 1421 4511 et
1452 4454 1703 4521 tumultu,
1736 4470 1889 4509 sacra
1920 4454 2036 4509 loca

2146 3276 2496 3341 dilectissimo
2522 3274 2677 3330 fratri
2720 3274 3108 3333 GOTHESCALCO
3137 3289 3163 3318 α
3194 3276 3445 3334 salutem.
3488 3277 3639 3346 Quod
3671 3287 3726 3335 te

2146 3369 2200 3425 in
2237 3368 2395 3440 huius
2439 3369 2708 3425 sermonis
2747 3369 2969 3425 exordio
3018 3367 3240 3425 fratrem
3282 3371 3518 3438 nomino,
3560 3386 3727 3441 quem

2146 3457 2397 3515 fraterna:
2449 3460 2644 3514 unitati
2690 3461 3025 3515 contrarium
3087 3476 3196 3517 non
3259 3463 3464 3535 ignoro,
3517 3478 3612 3527 ea,
3665 3464 3727 3519 in

2146 3559 2404 3622 quantum
2436 3551 2576 3607 Deus
2604 3551 2853 3623 largitur,
2886 3552 3026 3611 facio
3051 3554 3342 3621 charitate,
3372 3570 3531 3625 quam
3567 3554 3726 3609 Scri-

2142 3653 2303 3716 ptura
2347 3643 2504 3699 nobis
2536 3643 2791 3715 praecepit
2826 3645 3051 3702 dicens:
3086 3663 3106 3699 ι
3132 3644 3307 3701 Dicite
3336 3647 3423 3702 his
3453 3645 3544 3716 qui
3592 3645 3723 3700 ode—

2149 3755 2168 3789 ι
2194 3743 2320 3791 runt
2344 3751 2442 3791 vos
2464 3750 2479 3789 :
2501 3734 2725 3791 Fratres
2738 3736 2909 3790 nostri
2920 3736 3075 3791 estis.
3095 3756 3114 3789 ι
3132 3736 3264 3805 Quia
3287 3736 3391 3795 etsi
3412 3750 3479 3791 ex
3506 3735 3714 3791 illorum

2143 3835 2297 3900 parte
2325 3826 2418 3896 qui
2446 3824 2709 3895 eiusmodi
2737 3835 2863 3881 sunt
2894 3825 3209 3884 fraternitas
3234 3826 3464 3897 deperit,
3497 3840 3611 3880 non
3636 3823 3712 3880 id-

2143 3918 2288 3975 circo
2313 3918 2477 3974 etiam
2507 3917 2560 3971 in
2590 3916 2746 3972 nobis
2774 3916 3067 3990 frigescere
3105 3927 3198 3974 aut
3237 3917 3416 3989 perire
3445 3916 3608 3973 debet
3643 3916 3722 3985 ip-

2098 4068 2105 4075 ,
2143 4011 2258 4068 sius
2298 4010 2656 4069 fraternitatis
2699 4011 2943 4069 affectus.
2989 4014 3143 4080 Quod
3189 4020 3369 4068 autem
3397 4026 3509 4067 non
3548 4010 3723 4067 solum

2143 4101 2369 4160 fratrem
2395 4144 2412 4170 ,
2458 4104 2552 4163 sed
2600 4103 2765 4159 etiam
2813 4103 3226 4160 dilectissimum
3276 4102 3420 4169 dico,
3462 4101 3723 4159 Dominus

2142 4197 2294 4253 novit
2317 4196 2446 4267 quia
2478 4206 2531 4253 te
2570 4197 2803 4254 ﬁdeliter
2844 4196 3035 4270 diligo,
3059 4199 3164 4257 hoc
3190 4197 3286 4253 tibi
3315 4196 3539 4268 cupiens
3576 4195 3723 4266 quod

2141 4296 2196 4345 et
2241 4288 2395 4343 mihi.
2426 4288 2581 4345 Unde
2623 4298 2678 4347 et
2705 4289 2934 4346 salutem
2963 4290 3056 4349 tibi
3098 4290 3371 4346 veraciter
3402 4297 3551 4359 opto,
3581 4303 3723 4358 prae-

2142 4390 2347 4439 sentem
2385 4383 2587 4453 pariter
2631 4391 2686 4439 et
2731 4382 3001 4451 futuram,
3038 4398 3135 4455 per
3163 4398 3285 4440 eam
3324 4382 3493 4439 divini
3540 4380 3723 4439 cultus

2141 4473 2422 4544 pietatem,
2445 4490 2585 4545 qum,
2612 4475 2755 4531 sicut
2778 4475 3069 4547 Apostolus
3092 4483 3321 4532 testatur
3346 4493 3360 4530 :
3393 4472 3513 4529 «Ad
3537 4473 3721 4529 omnia

452 4532 804 4615 probabiliter
833 4547 1138 4602 visitentur.
1172 4546 1322 4603 Nunc
1346 4563 1477 4603 vero
1500 4559 1701 4619 quanta
1726 4547 2034 4605 absurditas
2059 4527 2115 4588 Ῑ)
2142 4527 2163 4618 ξ
2209 4527 2377 4622 illi“;
2409 4527 3394 4639 ﬁggggiug
3427 4581 3548 4636 qua,
3575 4527 3724 4621 hunc

449 4651 530 4696 est
559 4643 675 4697 haec
714 4650 824 4697 tam
863 4641 1124 4714 legitima,
1152 4652 1206 4698 et
1233 4652 1339 4697 tam
1377 4642 1592 4698 assidue
1621 4642 1936 4697 annuntiata
1968 4656 2033 4695 ac

441 4730 587 4801 iusta
619 4747 647 4784 a
668 4730 941 4802 plerisque
965 4729 1311 4801 popularibus
1342 4739 1436 4785 aut
1465 4730 1793 4802 negligenter
1822 4728 2030 4796 omitti,

447 4832 539 4878 aut
570 4826 656 4877 vix
685 4831 739 4877 et
762 4830 949 4893 coacte
974 4821 1270 4887 observari,
1302 4831 1357 4877 et
1381 4822 1449 4876 ad
1475 4820 1565 4875 illa
1590 4836 1710 4876 esse
1742 4820 2034 4891 promptis-

446 4919 613 4973 simos
647 4931 785 4986 quae,
824 4914 968 4969 nullo
993 4915 1319 4985 prcedieante
1349 4930 1411 4969 ac
1445 4913 1687 4976 docente,
1735 4914 1844 4967 imo
1869 4913 2032 4968 etiam

445 5010 762 5074 obsistente,
786 5015 995 5062 tantum
1024 5008 1189 5062 animi
1222 5006 1305 5063 sui
1331 5006 1761 5076 supervacuitate
1788 5020 2021 5075 sequun-

446 5108 568 5164 tur;
605 5097 800 5169 quibus
823 5111 961 5166 szepe
988 5094 1129 5151 beati
1155 5095 1309 5151 Pauli
1331 5094 1556 5165 apostoli
1584 5110 1715 5150 voce
1753 5093 2030 5149 inculcan-

445 5191 571 5245 dum
602 5197 722 5246 est:
762 5208 780 5240 ι
809 5187 1048 5254 Fratres,
1083 5188 1245 5244 nolite
1274 5187 1427 5258 pueri
1460 5185 1594 5243 efﬁci
1622 5186 1903 5251 sensibus;
1934 5185 2029 5241 sed

451 5264 491 5335 cf
514 5281 719 5335 malitia
755 5279 958 5351 parvuli
986 5286 1179 5344 estote,
1204 5288 1265 5333 ut
1304 5279 1548 5351 sensibus
1577 5277 1802 5349 perfecti
1834 5277 1969 5333 sitis.
2001 5296 2020 5330 υ

445 5373 513 5429 Et
548 5372 675 5427 illud
702 5350 850 5429 beati
893 5370 1078 5428 Jacobi
1126 5372 1393 5427 dicentis:
1420 5350 1447 5423 ἶ
1478 5370 1689 5439 Religio
1729 5369 1927 5425 munda
1972 5375 2026 5425 et

450 5484 471 5519 ι
513 5466 862 5522 immaculata
895 5466 1035 5536 apud
1063 5465 1348 5520 Dominum
1392 5472 1445 5519 et
1492 5462 1703 5518 Patrem
1744 5462 1859 5515 haec
1905 5468 2024 5515 est:

450 5574 473 5609 ε
513 5556 737 5614 visitare
763 5558 994 5630 pupillos
1022 5567 1074 5614 et
1114 5558 1304 5613 viduas
1343 5558 1395 5612 in
1426 5554 1772 5611 tribulatione
1803 5568 1990 5608 eorum
2010 5593 2025 5617 ,

482 5698 544 5731 -ι
575 5686 835 5745 Monacho
860 5688 1177 5753 Orhacensi,
1204 5691 1364 5745 docto
1389 5689 1632 5759 quidem,
1656 5687 1749 5742 sed
1772 5687 2027 5742 Ecclesiae

445 5760 847 5830 perturbatori,
891 5771 944 5816 et
984 5761 1040 5819 in
1083 5762 1290 5834 synodo
1331 5759 1725 5825 Carisiacensi,
1775 5760 2026 5815 damnato

2142 4676 2161 4708 ι
2205 4666 2307 4723 est,
2336 4666 2390 4713 et
2432 4657 2647 4714 futurae.
2670 4679 2689 4711 ι
2719 4659 2962 4715 Audiens
2990 4674 3121 4716 sane
3151 4666 3206 4715 et
3255 4671 3555 4728 agnoscens
3600 4671 3724 4726 qua:

2136 4750 2190 4805 in
2217 4752 2433 4821 scriptis
2465 4752 2569 4807 tuis
2597 4752 2813 4818 misisti,
2840 4762 2895 4808 et
2919 4767 3018 4823 per
3047 4752 3336 4822 quemdam
3365 4750 3591 4808 fratrem
3626 4765 3721 4806 no-

2137 4851 2312 4899 strum
2340 4843 2470 4897 mihi
2512 4843 2895 4899 innotescenda
2933 4844 3411 4905 vehementissime
3438 4840 3723 4912 ﬂagitaSti,

2136 4932 2228 4987 diu
2255 4933 2497 4987 haesitavi
2524 4942 2702 4987 utrum
2734 4934 2833 4989 tibi
2855 4936 3181 5004 respondere
3208 4934 3484 4997 deberem,
3509 4928 3721 4987 homini

2137 5022 2205 5077 de
2230 5022 2385 5078 novis
2419 5030 2609 5078 contra
2637 5021 2933 5078 Ecclesiam
2962 5021 3492 5093 praesumptionibus,
3527 5027 3583 5073 et
3609 5032 3720 5071 non

2134 5113 2316 5184 parvis
2363 5113 2642 5169 erroribus
2689 5112 3009 5182 iamdudum
3061 5122 3347 5178 aecusato,
3394 5119 3453 5167 et
3492 5116 3719 5181 propter

2134 5206 2556 5273 contumaciam,
2583 5214 2643 5262 ut
2670 5206 2850 5271 audio,
2878 5207 3197 5279 episcopalis
3240 5205 3455 5263 concilii
3480 5202 3719 5258 auctori-

2133 5305 2247 5351 tate
2276 5294 2550 5351 damnato.
2578 5296 2947 5368 Importunum
2982 5313 3213 5368 namque
3235 5306 3290 5353 et
3322 5295 3607 5367 impudens
3636 5293 3718 5348 vi-

2132 5388 2247 5453 deri
2279 5403 2436 5456 posse
2460 5387 2862 5455 existimabam,
2894 5388 2939 5444 si
2983 5389 3052 5444 de
3095 5403 3279 5456 causa,
3318 5401 3441 5459 qua:
3478 5385 3717 5456 pruden-

2130 5478 2265 5532 tium
2293 5487 2347 5533 et
2390 5478 2814 5535 reverendorum
2860 5476 3090 5534 fratrum
3123 5488 3437 5536 nostrorum
3485 5474 3715 5547 inquisi-

2130 5573 2301 5640 tione,
2344 5573 2650 5643 cognitione
2693 5580 2751 5627 et
2790 5572 3056 5628 sententia
3104 5571 3326 5628 definita
3354 5578 3471 5636 est,
3511 5564 3718 5638 aliquid

2124 5686 2236 5812 ,ξίιὲ
2277 5684 2586 5756 Moguntiie,
2628 5685 2697 5740 ob
2736 5683 3137 5741 contumaciam
3179 5681 3348 5755 virgis
3376 5695 3541 5747 caeso,
3568 5692 3721 5736 anno
