4032 6434
244 472 315 530 88
1682 463 2064 522 EPISTOLIE.
3431 455 3504 512 86

245 587 387 643 ultro
414 585 597 642 dicere
623 582 709 639 vel
742 583 1066 654 respondere
1112 582 1438 654 aggrederer
1462 601 1474 638 :
1522 591 1579 637 et
1604 595 1823 636 rursum
1844 586 1897 643 Α
1923 595 2051 633 num
2082 578 2151 633 sit
2178 576 2518 640 obedientite,
2545 586 2601 630 et
2625 584 2884 643 quantum
2914 574 3115 633 malum
3142 570 3505 626 contentionis

246 690 450 740 tantam
491 680 927 750 deprecationem
953 686 1008 733 et
1034 677 1480 749 supplicationem
1511 682 1658 728 tuam
1692 685 1822 725 corp

243 781 486 827 temnere
523 780 578 825 et
621 770 896 839 praeterire
935 768 1152 823 silentio
1195 782 1303 822 non
1338 764 1625 819 videbatur
1663 760 1823 817 Chri-

241 863 431 917 stiante
452 873 571 917 esse
597 859 815 930 pietatis
839 866 895 914 et
919 858 1223 923 cbaritatis,
1247 872 1344 927 per
1364 869 1527 926 quam
1552 851 1822 923 praecipue

240 954 326 1010 lex
369 953 569 1009 Christi
620 952 950 1021 adimpletur
998 951 1055 1005 in
1091 950 1271 1015 nobis,
1308 954 1540 1003 testante
1578 952 1635 1000 et
1669 958 1823 997 eom-

236 1047 529 1104 mendante
556 1045 813 1117 Apostolo
839 1065 852 1100 :
886 1064 905 1097 ι
932 1044 1085 1101 Alter
1129 1045 1354 1101 alterius
1380 1057 1546 1098 onera
1588 1047 1821 1111 portate,

240 1157 261 1191 ι
280 1145 350 1193 et
369 1137 448 1194 sic
460 1136 822 1207 adimplebitis
846 1137 1015 1205 legem
1045 1136 1267 1193 Christi.
1288 1156 1306 1188 ι
1325 1134 1481 1191 Unde
1509 1140 1565 1188 et
1594 1147 1716 1187 cum
1746 1130 1814 1186 de

236 1229 418 1301 seipse
445 1231 706 1285 dixisset:
736 1247 756 1281 ι
782 1229 980 1285 Factus
1019 1243 1138 1284 sum
1185 1226 1417 1282 inﬁrmis
1459 1224 1728 1289 inﬁmus,
1756 1229 1820 1276 ut

240 1341 259 1375 ι
296 1323 542 1382 inﬁrmos
567 1322 810 1378 lucrarer
850 1340 865 1376 :
903 1321 1154 1376 omnibus
1178 1320 1359 1376 omnia
1386 1317 1560 1373 factus
1589 1330 1732 1381 sum,
1762 1320 1824 1369 ut

239 1432 260 1465 ο
282 1427 477 1468 omnes
500 1412 731 1467 facerem
754 1410 963 1476 salvos;
989 1429 1007 1461 ι
1038 1419 1094 1466 et
1113 1419 1235 1479 post
1256 1408 1434 1478 aliqua
1458 1426 1472 1460 :
1494 1425 1513 1458 ι
1543 1404 1658 1461 Νοιι
1682 1418 1826 1474 quaso

241 1519 260 1552 ι
294 1516 423 1557 rens
443 1504 584 1571 quod
606 1502 738 1557 mihi
768 1500 899 1556 utile
927 1510 1039 1567 est,
1069 1500 1164 1555 sed
1192 1500 1334 1571 quod
1365 1498 1567 1564 multis,
1596 1504 1656 1551 ut
1688 1494 1824 1551 salvi

240 1609 259 1643 ι
296 1591 451 1657 ﬁant,
497 1613 516 1645 ι
548 1593 825 1658 continuo,
854 1601 913 1647 ut
941 1606 1045 1647 nos
1066 1592 1133 1646 ad
1158 1590 1464 1660 exemplum
1498 1587 1616 1653 sui,
1647 1595 1702 1643 et
1727 1600 1827 1657 per

233 1682 339 1738 hoc
376 1684 442 1738 ad
470 1684 775 1754 exemplum
817 1683 1043 1748 Christi,
1069 1684 1365 1737 instrueret
1391 1690 1447 1737 et
1476 1679 1821 1744 informaret,

232 1772 539 1843 adjunxit:
613 1792 632 1826 ι
678 1775 983 1829 lmitatores
1035 1775 1142 1829 mei
1198 1782 1391 1839 estote,
1440 1773 1579 1828 sicut
1622 1779 1676 1826 et
1721 1785 1823 1841 ego

236 1884 253 1916 ι
282 1865 510 1921 Christi.
552 1886 570 1919 ι
600 1867 717 1937 lpse
743 1876 826 1922 est
854 1868 995 1921 enim
1024 1882 1185 1921 verus
1216 1876 1271 1921 et
1304 1867 1424 1937 pius
1454 1865 1542 1919 ille
1575 1864 1819 1918 Samari-

1922 681 1977 726 et
2000 669 2374 734 contumacizr,
2400 667 2561 722 docet
2584 682 2682 722 nos
2710 666 2908 723 iterum
2938 680 3118 721 sermo
3144 662 3378 729 divinus,
3410 659 3504 715 ubi

1921 777 2018 832 per
2059 757 2366 833 Samuelem
2399 757 2721 828 prophetam
2767 755 2898 811 dicit
2932 769 2947 808 :
2983 775 2999 805 ι
3032 752 3220 808 Melior
3248 760 3329 806 est
3371 752 3503 805 obe-

1928 870 1947 903 (
1991 851 2194 906 dientia
2222 864 2385 920 quam
2414 847 2667 911 victimae,
2693 855 2750 901 et
2793 845 3099 903 auscultare
3140 844 3314 915 magis
3340 858 3505 912 quam

1929 959 1949 993 ι
1990 941 2187 997 oﬁ‘erre
2213 941 2429 1010 adipem
2474 938 2737 1004 arietum,
2765 938 3019 1007 quoniam
3046 936 3199 1008 quasi
3223 945 3507 1007 peccatum

1930 1052 1949 1085 ι
1994 1032 2256 1090 ariolandi
2285 1040 2371 1087 est
2421 1044 2745 1101 repugnare,
2773 1029 2929 1098 quasi
2977 1028 3156 1085 scelus
3187 1025 3506 1081 idololatria:

1929 1146 1949 1178 ι
1994 1124 2136 1182 nolle
2178 1124 2545 1195 acquiescere.
2584 1143 2604 1175 ι
2652 1122 2840 1192 Itaque
2887 1131 2942 1176 et
2994 1132 3073 1186 tu,
3122 1121 3167 1177 si
3213 1120 3406 1183 bonus,
3453 1126 3513 1175 et

1924 1220 2106 1285 utilis,
2153 1226 2209 1274 et
2254 1217 2512 1288 paciﬁcus
2554 1215 2808 1271 Ecclesia:
2844 1212 2987 1267 ﬁlius
3030 1226 3151 1268 esse
3196 1211 3509 1275 desideras,

1925 1312 2038 1368 noli
2075 1320 2129 1368 te
2179 1311 2359 1366 sensui
2416 1319 2507 1366 tuo
2550 1308 2908 1370 committere,
2955 1305 3049 1360 sed
3101 1302 3367 1373 majorum
3420 1299 3508 1369 ju—

1926 1404 2081 1459 diciis
2119 1411 2280 1471 atque
2338 1399 2648 1463 sententiae,
2691 1398 2798 1452 imo
2842 1395 3039 1451 divinis
3082 1402 3139 1450 et
3180 1389 3512 1449 ecclesiasti-

1926 1497 2006 1552 cis
2044 1494 2462 1551 auctoritatibus
2504 1491 2661 1547 facile
2684 1491 2835 1555 cede,
2870 1489 3102 1544 libenter
3143 1485 3428 1558 acquiesee
3457 1491 3513 1539 et

1926 1588 2237 1644 obedienter
2269 1585 2517 1649 subdere,
2548 1594 2609 1639 ut
2640 1585 2815 1656 possit
2844 1584 2899 1637 in
2930 1591 2981 1637 te
3018 1581 3113 1635 Dei
3140 1580 3372 1650 Spiritus
3409 1578 3510 1633 ha-

1926 1677 2135 1744 bitare,
2186 1678 2399 1733 dicente
2462 1676 2692 1732 Domino
2742 1692 2838 1744 per
2881 1673 3244 1745 Prophetam:
3288 1690 3306 1722 ι
3338 1670 3513 1742 Super

1933 1787 1953 1821 ι
1997 1786 2157 1839 quem
2182 1771 2480 1840 requiescet
2496 1768 2731 1839 Spiritus
2749 1767 3046 1833 meus,nisi
3068 1781 3228 1837 super
3249 1764 3507 1820 humilem

1933 1880 1953 1915 ι
1997 1872 2053 1917 et
2077 1862 2339 1931 quietum,
2368 1870 2423 1917 et
2450 1869 2770 1916 trementem
2800 1859 2965 1915 verba
2996 1858 3150 1913 mea?
3182 1878 3199 1910 ο
3250 1856 3514 1912 Videmus

231 1963 415 2018 tanus,
444 1956 536 2025 qui
565 1956 982 2012 descendentem
1007 1956 1075 2011 ab
1102 1933 1400 2011 Jerusalem
1422 1956 1477 2009 in
1505 1953 1740 2019 Jericbo,
1762 1961 1819 2009 et
1847 1933 1896 1995 Β
1923 1962 2073 2010 certe
2126 1962 2368 2023 tempora
2425 1952 2720 2007 novissima
2769 1959 2826 2005 et
2888 1948 3381 2021 periculosissima,
3440 1947 3509 2002 ab

227 2059 262 2098 a
305 2044 609 2099 latronibus
654 2047 710 2099 in
752 2045 947 2100 itinere
998 2046 1320 2115 spoliatum,
1359 2054 1415 2099 et
1450 2045 1814 2110 vulneratum,

228 2150 299 2190 ac
345 2136 665 2191 semivivum
707 2136 1049 2201 derelictum,
1076 2137 1370 2192 clementer
1398 2136 1686 2191 miseratus
1713 2145 1816 2200 est,

226 2225 464 2296 alligans
504 2227 728 2281 vulnera
775 2227 915 2297 ejus,
955 2238 1009 2281 et
1048 2227 1160 2281 vini
1200 2236 1362 2297 atque
1405 2226 1510 2281 olei
1554 2224 1823 2281 infusione

226 2331 433 2372 curans
460 2334 474 2370 :
507 2325 779 2386 tantaque
824 2318 1210 2373 misericordiae
1245 2326 1302 2372 et
1337 2316 1553 2386 pietatis
1580 2332 1690 2371 sua
1720 2330 1821 2372 nos

227 2409 531 2465 imitatores
569 2424 690 2464 esse
727 2409 1064 2475 desiderans,
1102 2409 1157 2463 in
1198 2409 1307 2464 ﬁne
1343 2408 1501 2479 hujus
1547 2409 1821 2477 parabolae

225 2502 525 2572 unicuique
546 2511 790 2557 nostrum
812 2502 979 2556 dicit:
1002 2522 1021 2555 ι
1044 2502 1214 2567 Vade,
1229 2509 1284 2555 et
1310 2512 1365 2557 tu
1387 2501 1474 2556 fac
1500 2501 1767 2555 similiter.
1793 2520 1814 2552 ι

226 2591 515 2648 Manifeste
556 2593 849 2648 ostendens
876 2592 1025 2647 illum
1053 2607 1182 2648 vere
1208 2609 1329 2649 esse
1374 2594 1681 2666 proximum
1710 2592 1821 2649 fra-

231 2684 326 2746 tri,
359 2682 512 2737 illum
537 2697 666 2738 vere
708 2682 1036 2737 imitatorem
1066 2685 1183 2750 sui,
1219 2684 1311 2754 qui
1344 2683 1601 2740 fraternis
1630 2699 1819 2740 neces-

226 2775 488 2831 sitatibus
550 2783 714 2845 atque
763 2773 1172 2830 inﬁrmitatibus
1206 2784 1456 2846 prompta
1503 2775 1706 2845 pietate
1764 2782 1821 2829 et

225 2866 606 2937 compassione
648 2874 1015 2921 succurreret.
1046 2866 1355 2922 istiusmodi
1385 2867 1546 2938 igitur
1577 2865 1822 2921 conside-

225 2958 442 3014 ratione
486 2966 836 3030 provocatus,
861 2965 918 3015 et
945 2958 1014 3015 de
1041 2959 1436 3015 venerabilium
1469 2959 1698 3014 fratrum
1737 2966 1823 3014 at-

224 3064 337 3120 que
383 3050 834 3105 consacerdotum
879 3056 1192 3106 nostronim
1224 3050 1595 3107 sincerissima
1639 3050 1819 3105 chari-

227 3147 343 3194 tate
370 3140 605 3195 conﬁsus
637 3141 759 3210 (per
803 3154 964 3211 quam
991 3141 1042 3195 in
1081 3140 1309 3197 Domino
1334 3157 1501 3196 unum
1527 3156 1737 3207 sumus,
1763 3148 1820 3196 et

223 3230 463 3287 invicem
497 3233 776 3291 commissi
819 3233 977 3290 nobis
1017 3234 1306 3290 ministerii
1347 3250 1516 3313 onera
1557 3241 1613 3289 et
1638 3233 1815 3290 oﬁicia

222 3327 634 3383 communicare
676 3328 959 3395 debemus,
1001 3337 1274 3400 quatenus
1319 3339 1377 3385 et
1420 3330 1636 3385 illorum
1676 3331 1817 3386 bona

221 3434 326 3491 per
352 3420 727 3476 unanimitatis
772 3422 1026 3491 spiritum
1068 3431 1277 3489 nostra,
1309 3430 1366 3478 et
1397 3432 1607 3488 nostra,
1634 3424 1680 3478 si
1710 3439 1815 3493 qua

221 3513 409 3569 divina
440 3515 814 3570 misericordia
838 3529 959 3569 esse
995 3525 1243 3585 possunt,
1272 3516 1489 3571 illorum
1517 3516 1668 3588 sint),
1705 3532 1819 3572 me-

222 3604 337 3658 lius
361 3612 416 3658 et
443 3604 715 3657 salubrius
743 3604 1057 3658 existimavi
1101 3606 1309 3676 aliquid
1356 3615 1462 3660 tua:
1489 3606 1820 3661 fraternitati

223 3694 557 3759 rescribere,
587 3706 749 3763 quam
782 3694 961 3748 inutili
988 3695 1384 3760 taciturnitate,
1419 3705 1476 3749 et
1508 3696 1576 3751 de
1601 3696 1706 3749 illis
1742 3697 1822 3750 vi-

220 3784 389 3840 derer
413 3782 672 3850 diﬁidere,
707 3793 761 3839 et
791 3784 889 3839 tibi
932 3792 1041 3839 tam
1084 3785 1410 3856 angustiam,
1443 3794 1553 3839 tam
1598 3783 1818 3851 afﬂicto,

222 3885 340 3930 tam
371 3875 536 3929 anxio
575 3883 630 3928 et
677 3873 1016 3937 conturbato,
1053 3875 1187 3930 nihil
1234 3876 1536 3931 consulere.
1576 3876 1819 3947 Quapro—

220 3972 355 4035 pter
379 3964 769 4035 omnipotentis
799 3965 1013 4020 Domini
1042 3975 1099 4020 et
1127 3964 1427 4025 Salvatoris
1454 3966 1818 4039 largissimam

220 4065 283 4111 et
324 4056 727 4111 indeﬁcientem
755 4070 857 4125 oro
878 4057 1129 4127 gratiam,
1162 4066 1223 4111 ut
1259 4057 1416 4113 nobis
1465 4058 1707 4114 tribuere
1736 4059 1819 4114 di-

220 4157 423 4218 gnetur
468 4149 655 4204 utilem
700 4158 759 4204 et
800 4162 1054 4205 veracem
1107 4158 1257 4207 tuam
1302 4151 1729 4206 consolationem
1763 4161 1821 4207 et

221 4241 660 4307 instructionem,
693 4254 1003 4297 sermonem
1031 4249 1086 4298 et
1120 4243 1366 4297 animum
1412 4252 1564 4298 tuum
1606 4259 1818 4315 praepa-

220 4344 308 4392 ret
338 4350 405 4391 ac
450 4336 783 4406 tranquillet,
814 4348 876 4391 ut
901 4350 1021 4407 qua:
1053 4336 1249 4391 dicturi
1279 4350 1489 4403 sumus,
1521 4338 1613 4408 pia
1662 4352 1817 4391 man-

222 4429 511 4485 suetudine
537 4438 593 4484 et
639 4429 943 4483 humilitate
986 4429 1273 4498 suscipias,
1318 4442 1384 4485 ac
1416 4428 1655 4498 seposita
1692 4429 1815 4483 ani-

222 4522 489 4576 mositate
507 4528 563 4576 et
602 4520 782 4576 studio
824 4520 1209 4586 contentionis,
1250 4520 1482 4575 libenter
1527 4536 1649 4591 qua:
1687 4533 1817 4574 vera

1918 2044 2176 2114 Apostolo
2221 2044 2349 2099 olim
2392 2044 2671 2115 praedicta,
2714 2042 2874 2112 plena
2920 2038 3237 2111 ignorantiae
3274 2046 3328 2093 et
3358 2036 3511 2091 inﬁr-

1921 2136 2128 2192 mitatis
2163 2136 2500 2202 animorum,
2540 2135 2595 2190 in
2634 2134 2830 2206 quibus
2860 2132 2990 2187 illud
3014 2129 3228 2187 Domini
3267 2127 3508 2183 terribile

1923 2228 2125 2283 dictum
2164 2243 2376 2297 semper
2421 2237 2506 2283 est
2551 2210 3036 2290 reminiscendum,
3072 2232 3237 2295 atque
3282 2231 3517 2281 tremen'

1924 2320 2049 2374 dum
2088 2338 2101 2373 :
2138 2337 2157 2371 ι
2186 2319 2287 2387 Qui
2344 2319 2793 2377 scandalizaverit
2845 2333 3014 2373 unum
3050 2317 3117 2371 de
3172 2314 3382 2386 pusillis
3424 2298 3529 2369 his'
3560 2307 3566 2314 ’

1929 2432 1947 2466 ι
1993 2414 2085 2483 qui
2132 2414 2186 2469 in
2236 2429 2322 2468 me
2355 2414 2621 2478 credunt,
2668 2412 2886 2481 expedit
2928 2412 2979 2465 ei
3036 2418 3095 2464 ut
3150 2407 3515 2478 suspendatur

1928 2525 1947 2559 ι
1995 2506 2136 2560 mola
2192 2506 2431 2561 asinaria
2477 2505 2533 2558 in
2582 2502 2720 2558 collo
2771 2502 2909 2572 ejus,
2959 2510 3015 2556 et
3058 2499 3405 2568 demergatur
3455 2497 3511 2551 iu

1929 2614 1947 2647 ι
1984 2596 2306 2667 profundum
2337 2595 2523 2651 maris.
2562 2615 2581 2646 ι
2624 2593 2690 2648 Et
2725 2595 2920 2649 iterum
2949 2612 2962 2647 :
2997 2611 3016 2644 ι
3046 2590 3139 2646 Va:
3184 2591 3386 2645 mundo
3436 2590 3504 2644 ab

1931 2706 1950 2740 ι
1985 2687 2284 2745 scandulis!
2319 2686 2553 2741 Necesse
2593 2693 2678 2740 est
2706 2693 2765 2739 ut
2811 2684 3034 2738 veniant
3074 2681 3373 2736 scandala:
3408 2694 3505 2734 ve-

1931 2799 1949 2833 ι
1989 2790 2295 2835 rumtamen
2340 2795 2421 2834 vae
2466 2777 2671 2833 homini
2718 2776 2795 2831 illi
2835 2793 2931 2848 per
2980 2791 3143 2846 quem
3190 2773 3512 2830 scandalum

1932 2893 1952 2927 ι
1990 2874 2170 2929 venit!
2204 2894 2223 2925 ι
2262 2871 2371 2929 Sed
2398 2880 2455 2927 et
2480 2886 2640 2925 aures
2664 2879 2719 2924 et
2747 2870 2960 2942 linguas
2984 2868 3292 2940 prurientes
3319 2880 3513 2922 cavere

1925 2967 2208 3031 debemus,
2240 2982 2309 3022 ne
2334 2964 2419 3019 vel
2452 2965 2521 3020 ad
2554 2963 2850 3019 audiendas
2879 2962 2965 3017 vel
2995 2962 3062 3016 ad
3093 2961 3390 3032 loquendas
3415 2975 3511 3014 no-

1928 3059 2124 3114 vitates
2172 3057 2412 3128 prompti
2443 3065 2500 3112 et
2534 3054 2724 3110 faciles
2753 3054 2943 3110 simus.
2970 3053 3107 3121 Quia
3128 3063 3183 3109 et
3204 3054 3512 3124 prurientes

1925 3150 2165 3214 auribus,
2201 3156 2257 3203 et
2277 3145 2533 3217 profanas
2553 3160 2745 3201 vocum
2769 3144 3036 3199 novitates
3059 3144 3264 3214 pariter
3283 3142 3509 3213 Aposto«

1922 3243 2009 3300 lus
2047 3243 2395 3307 condemnat,
2426 3248 2481 3296 et
2505 3238 2876 3310 oppositiones
2905 3236 3027 3293 falsi
3058 3237 3294 3294 nominis
3323 3237 3501 3292 scien—

1926 3336 2041 3395 tite.
2066 3336 2363 3390 admonens
2408 3332 2745 3394 devitandas,
2784 3331 3040 3386 continuo
3066 3330 3135 3385 de
3160 3329 3348 3384 eadem
3386 3327 3510 3383 falsi

1922 3426 2160 3483 nominis
2185 3425 2413 3481 scientia
2450 3422 2748 3494 subjungit,
2778 3422 3001 3477 dicens:
3037 3441 3055 3472 ι
3086 3420 3260 3489 Quam
3282 3421 3509 3491 quidem

1926 3537 1946 3571 ι
1974 3521 2374 3590 promittentes,
2404 3516 2548 3571 circa
2579 3514 2741 3571 ﬁdem
2763 3514 3100 3571 exciderunt.
3123 3534 3143 3567 ι
3170 3513 3302 3570 Cum
3329 3514 3510 3569 adhuc

1921 3626 2073 3666 esses
2118 3611 2171 3663 in
2220 3609 2468 3679 partibus
2513 3607 2663 3677 regni
2710 3605 3048 3673 Germaniae,
3097 3606 3404 3662 audivimus
3450 3607 3507 3661 in

1922 3702 2114 3773 primis
2151 3716 2314 3771 super
2352 3701 2574 3754 nomine
2617 3708 2713 3753 tuo
2763 3698 2963 3752 famam
3010 3698 3291 3753 dolendam
3318 3716 3331 3751 :
3363 3698 3507 3767 quod

1921 3792 2178 3848 videlicet
2214 3790 2484 3846 novitates
2531 3803 2765 3852 sereres,
2795 3796 2848 3843 et
2878 3776 3072 3842 stultas
3099 3802 3164 3842 ac
3192 3787 3310 3841 sine
3336 3786 3502 3842 disci-

1918 3886 2066 3957 plina
2126 3884 2456 3955 quaestiones
2510 3881 2825 3937 ventilares.
2893 3879 3099 3935 Deinde
3150 3880 3361 3950 perlata
3420 3888 3529 3975 estt

1918 3979 2082 4035 etiam
2109 3977 2177 4032 ad
2202 3991 2304 4033 nos
2332 3974 2511 4031 studio
2541 3973 3032 4030 ecclesiasticarum
3084 3973 3327 4028 virorum
3353 3981 3520 4043 quae«'

1917 4069 2044 4125 dam
2090 4068 2358 4138 scriptura
2406 4073 2516 4129 tua,
2560 4065 2616 4120 in
2661 4080 2767 4135 qua
2814 4064 3178 4135 apertissime,
3209 4072 3264 4119 et
3288 4062 3499 4134 prolixo

1919 4172 2193 4224 sermone,
2245 4165 2409 4228 atque
2437 4165 2499 4212 ut
2525 4156 2621 4211 tibi
2664 4155 2839 4211 visum
2868 4162 2952 4210 est
2980 4154 3142 4211 etiam
3170 4153 3495 4211 testimoniis

1919 4246 2344 4321 Scripturarum,
2368 4248 2482 4304 sive
2502 4257 2814 4302 sanctorum
2841 4245 3085 4311 Patrum,
3112 4246 3240 4317 quid
3263 4245 3499 4302 sentires

1917 4342 2032 4397 sive
2075 4342 2298 4397 duceres
2339 4339 2714 4409 multipliciter
2747 4346 3036 4397 exsecutus
3071 4354 3151 4395 es.
3180 4338 3336 4393 Nunc
3364 4353 3499 4410 quo.

1917 4448 2022 4504 que
2067 4433 2379 4503 accepimus
2417 4440 2474 4489 et
2513 4431 2622 4485 alia
2651 4430 2855 4498 scripta
2884 4438 2977 4484 tua
3012 4444 3120 4485 non
3148 4444 3339 4499 parva,
3378 4444 3500 4499 quae

1918 4526 1987 4580 ad
2014 4524 2319 4596 episcopos,
2365 4523 2450 4578 vel
2489 4529 2683 4578 contra
2725 4521 3030 4591 episcopos,
3060 4521 3151 4592 qui
3182 4522 3237 4576 in
3267 4521 3500 4578 concilio

222 4620 353 4667 sunt
393 4611 599 4676 audiaS,
636 4618 707 4673 et,
721 4624 829 4665 non
872 4618 1089 4676 nostra,
1121 4610 1217 4665 sed
1264 4608 1360 4665 Dei
1399 4618 1457 4664 et
1498 4620 1812 4665 sanctorum
1837 4636 1895 4699 ι)
1917 4615 2280 4673 damnationis
2312 4622 2418 4669 tua:
2442 4612 2734 4677 aﬁ‘uerunt,
2765 4610 3049 4681 scripsisse
3086 4609 3172 4666 vel
3205 4608 3498 4680 protulisse

223 4704 449 4760 Patrum
489 4704 634 4759 dicta
671 4705 989 4759 obedienter
1022 4702 1307 4773 suscipias,
1339 4704 1528 4774 eisque
1569 4704 1808 4758 animum

224 4805 381 4852 tuum
410 4804 465 4852 et
493 4811 711 4852 sensum
736 4798 950 4852 sincera
982 4796 1187 4867 pietate
1221 4795 1531 4861 submittas,
1560 4796 1709 4866 quia,
1752 4805 1812 4851 ut

222 4900 396 4941 verax
434 4887 706 4942 veraciter
748 4886 1028 4957 Scriptura
1073 4884 1249 4952 dixit,
1305 4902 1324 4937 ι
1371 4884 1510 4941 Sunt
1552 4886 1654 4941 via:
1691 4900 1813 4957 quae

228 4978 555 5034 c'videntur
611 4980 818 5035 homini
870 4988 1064 5047 rectae,
1106 4989 1162 5035 et
1214 4979 1570 5036 novissimum
1626 4995 1812 5036 earum

230 5086 250 5122 ι
295 5071 449 5125 ducit
491 5071 558 5125 ad
591 5064 840 5127 mortem.
866 5082 899 5123 ι’
920 5064 990 5125 Et
1023 5092 1039 5123 ;
1069 5087 1090 5121 ι
1117 5068 1219 5138 Qui
1266 5070 1488 5125 conﬁdit
1526 5071 1810 5142 cogitatio-

232 5179 252 5214 ι
298 5161 466 5217 nibus
525 5163 640 5218 suis
686 5163 855 5233 impie
899 5162 1033 5234 agit.
1085 5181 1105 5215 ι
1158 5160 1309 5218 Unde
1349 5170 1405 5217 et
1450 5162 1580 5218 alibi
1624 5163 1813 5219 eadem

229 5250 517 5322 Scriptura
560 5254 849 5320 admonet,
883 5254 1108 5309 dicens:
1143 5269 1161 5304 ι
1187 5253 1255 5308 Et
1283 5266 1353 5309 ne
1383 5255 1637 5311 innitaris
1677 5271 1812 5328 pru-

233 5366 252 5399 ι
297 5347 501 5402 ἀθηιίιρ
547 5356 671 5402 tute.
698 5368 717 5400 ι
752 5344 867 5403 Hoc
908 5356 1144 5419 namque
1184 5348 1405 5414 malum,
1432 5348 1695 5419 quantum
1722 5366 1814 5408 ca-

227 5439 465 5494 vendum
515 5440 586 5495 sit
633 5440 869 5508 homini,
909 5441 1072 5497 etiam
1119 5440 1310 5497 beatus
1355 5441 1593 5513 Ephrem
1634 5444 1811 5501 admio

230 5531 418 5587 randae
466 5532 772 5589 sanctitatis
810 5540 866 5588 et
912 5528 1295 5588 illustrissimze
1345 5534 1608 5590 doctrina:
1656 5544 1812 5607 pater

229 5625 506 5690 ostendit,
546 5640 667 5681 cum
707 5626 760 5681 in
809 5627 943 5681 hora
987 5626 1167 5682 exitus
1201 5626 1302 5687 sui,
1337 5628 1540 5682 astaati
1571 5628 1675 5683 sibi
1717 5631 1812 5685 uni

227 5732 300 5774 ex
325 5718 621 5790 discipulis,
651 5722 828 5791 magni
850 5729 905 5775 et
925 5719 1068 5776 acuti
1097 5726 1153 5775 et
1176 5718 1339 5774 nimis
1361 5721 1560 5775 curiosi
1589 5722 1812 5795 ingenii,

229 5808 464 5866 sollicite
493 5810 788 5866 admonens
815 5811 988 5866 dixit:
1014 5808 1176 5877 Cave,
1200 5807 1446 5875 Pauline,
1474 5824 1546 5865 ne
1574 5826 1814 5882 unquam

231 5900 609 5963 tamen:
642 5902 1060 5967 agitationibus
1089 5901 1215 5964 tuis.
1245 5899 1523 5970 Quantum
1549 5916 1680 5961 vero
1716 5904 1813 5962 bo-

1916 4707 2139 4763 videris.
2162 4705 2221 4761 ln
2249 4705 2447 4775 quibus
2471 4710 2672 4773 quanta
2697 4700 2922 4771 potuisti
2950 4700 3267 4781 intentione,
3297 4700 3364 4757 de
3388 4718 3497 4756 una

1920 4806 2127 4853 tantum
2170 4796 2487 4867 quaestione,
2531 4795 2587 4850 id
2622 4802 2725 4861 est,
2773 4792 3248 4864 praedestinatione
3288 4793 3493 4862 divina,

1917 4890 2046 4960 quid
2073 4898 2282 4953 teneas,
2312 4888 2597 4958 diligenter
2616 4885 2888 4956 explicare
2918 4887 3141 4942 curasti.
3180 4884 3259 4942 lta
3290 4885 3493 4943 factum

1917 4990 2025 5046 eat,
2051 4989 2111 5036 ut
2129 4995 2197 5035 ex
2217 4988 2446 5050 utraque
2468 4978 2737 5049 scriptura
2758 4985 2872 5042 tua,
2895 4977 3009 5034 sive
3029 4993 3193 5049 quam
3217 4992 3315 5048 per
3340 4977 3491 5041 alios,

1919 5074 2034 5135 sive
2070 5088 2232 5144 quam
2260 5082 2313 5129 te
2338 5073 2591 5145 mittente
2624 5072 2955 5144 accepimus,
2992 5071 3307 5142 plenissime
3342 5070 3496 5128 nobis

1920 5179 2251 5237 cognoscere
2290 5165 2595 5231 videamur,
2642 5164 2697 5220 in
2741 5162 2940 5233 quibus
2971 5163 3327 5237 quastionum
3353 5161 3497 5233 peri-

1918 5259 2057 5316 culis
2080 5258 2323 5326 ﬁuctuet,
2350 5257 2454 5325 vel,
2474 5257 2620 5330 quod
2648 5257 2810 5313 nimis
2837 5256 3127 5313 dolendum
3145 5264 3249 5321 est,
3276 5251 3495 5307 naufra-

1915 5358 2076 5425 getur
2115 5366 2307 5423 sensus
2346 5360 2492 5408 tuus.
2525 5350 2866 5420 QuaprOpter
2907 5347 3290 5419 compendiose
3338 5342 3496 5398 nobis

1912 5455 1971 5504 et
1994 5445 2203 5502 utiliter
2244 5444 2363 5501 ﬁeri
2406 5458 2569 5515 posse
2594 5443 2852 5509 videtur,
2901 5451 2962 5497 ut
2994 5458 3061 5498 ex
3093 5438 3184 5494 illa
3212 5443 3323 5492 tota
3350 5434 3493 5491 serie

1915 5538 2243 5609 scriptorum
2287 5547 2527 5601 tuorum,
2572 5550 2638 5591 ea
2682 5551 2803 5605 qua:
2848 5533 3006 5589 nobis
3044 5530 3167 5586 ﬁdei
3211 5526 3493 5585 catholica:

1914 5630 2151 5687 maxime
2177 5629 2453 5685 contraria
2481 5642 2604 5683 esse
2626 5627 2898 5690 videntur,
2936 5620 3189 5678 brevibus
3216 5628 3271 5675 et
3302 5618 3493 5675 distiu-

1913 5724 2019 5780 ctis
2056 5720 2306 5794 capitulis
2342 5720 2678 5785 ordinemus,
2719 5718 3095 5787 adjungentes,
3123 5712 3238 5768 sive
3261 5710 3489 5782 subjun-

1913 5822 2102 5886 gentes
2128 5828 2227 5884 per
2253 5810 2489 5883 singula,
2528 5809 2661 5879 quid
2690 5826 2722 5865 e
2746 5806 3023 5863 contrario
3054 5803 3335 5878 Scriptura
3361 5819 3488 5859 sau-
3557 5870 3562 5881 ι

1913 5914 2002 5965 αι
2048 5904 2266 5975 doceat,
2310 5910 2369 5964 et
2408 5899 2653 5961 Ecclesia
2696 5897 2791 5957 Dei
2840 5896 3149 5962 ﬁrmissime
3190 5902 3390 5963 teneat,
3429 5898 3488 5948 et
