4032 6520
496 481 564 536 87
1350 493 1361 503 '
1689 484 1784 538 ΑΜ
1798 482 2041 540 ULONIS
2085 481 2300 540 EPISC.
2345 485 2561 572 LUGD.‘
3679 500 3751 555 88

493 597 696 666 ubique
726 595 956 654 ﬁdeliter
979 614 1043 653 ac
1065 595 1354 653 salubriter
1377 597 1590 651 doceat.
1619 596 1784 666 Cujus
1812 600 2071 654 doctrinae
2095 601 2145 661 Α
2179 614 2200 647 ε
2236 599 2656 666 superducentes
2696 600 2796 657 sibi
2823 601 3054 660 celerem
3084 606 3463 675 perditionem.
3491 628 3512 663 ι
3545 609 3614 666 Ει
3643 612 3748 684 ipsi

493 699 549 744 et
576 690 824 745 sensibus
853 700 927 756 te,
960 691 1112 761 quasi
1152 689 1398 744 devotum
1428 696 1483 743 et
1512 688 1661 758 pium
1702 689 1892 755 ﬁlium,
1932 690 2067 745 irre-

407 815 410 818 .
491 780 830 850 fragabiliter
856 781 1229 849 obtemperare
1273 786 1510 847 oportet,
1558 779 1604 834 si
1651 781 1803 849 cupis
1850 781 1904 834 in
1949 781 2066 851 ejus

491 875 736 944 corporis
761 872 1023 928 unitatem
1057 871 1242 925 vivum
1283 879 1338 925 et
1367 886 1558 926 sanum
1591 873 1891 926 membrum
1917 873 2064 926 inve-

490 964 618 1028 niri,
667 972 722 1017 et
765 978 870 1017 non
898 976 1020 1017 cum
1051 961 1302 1029 putribus
1330 971 1386 1017 et
1417 963 1680 1017 emortuis
1711 961 1872 1029 justae
1913 979 2065 1018 seve-

488 1055 888 1126 ritatisjudicio
940 1055 1332 1110 abscissionem
1386 1055 1606 1110 mereri.
1669 1054 1824 1111 Hunc
1882 1064 2062 1111 autem

485 1143 748 1198 sermonis
789 1143 962 1198 nostri
1012 1153 1278 1209 tenorem,
1317 1151 1535 1200 servato
1557 1144 1611 1199 in
1641 1146 1892 1200 omnibus
1935 1146 2064 1216 legi-

484 1237 617 1290 timo
664 1236 859 1291 ordine
911 1251 976 1290 ac
1009 1237 1382 1292 ecclesiastica
1419 1237 1762 1303 auctoritate,
1801 1254 1909 1293 non
1940 1238 2060 1305 tibi,

482 1330 573 1398 qui
622 1329 822 1384 infelici
854 1338 909 1384 et
938 1330 1230 1386 miserabili
1263 1330 1415 1401 lapsu
1447 1331 2060 1386 'excommunicationem

479 1420 549 1474 ab
594 1419 838 1475 Ecclesia
884 1421 1166 1491 excepisti,
1210 1421 1304 1477 sed
1337 1421 1710 1492 principaliter
1738 1421 2062 1476 reverentis-

480 1511 618 1567 simo
641 1522 695 1565 et
743 1511 1063 1568 charissima
1113 1522 1298 1568 nostro
1356 1513 1772 1584 metropolitano
1829 1513 2060 1568 antistiti

478 1603 780 1660 direximus
831 1615 943 1670 tuo,
992 1607 1326 1662 confidentes
1353 1606 1407 1661 in
1438 1607 1650 1662 Domini
1677 1607 1892 1677 pietate,
1933 1607 2058 1676 quia

477 1709 600 1748 cum
652 1696 766 1750 [nec
812 1695 1002 1766 legerit
1041 1707 1095 1752 et
1136 1707 1334 1753 nostrae
1377 1715 1506 1770 erga
1557 1708 1610 1754 te
1661 1699 2057 1769 compassianis

478 1785 732 1842 affectum
777 1789 1109 1860 cognoverit,
1161 1806 1267 1844 non
1319 1791 1685 1861 indignatione
1732 1793 1912 1863 aliqua
1963 1792 2056 1847 ad-

476 1889 691 1929 versum
726 1883 796 1941 te,
828 1877 924 1932 sed
955 1879 1080 1933 boni
1110 1880 1283 1950 patris
1311 1889 1367 1934 et
1391 1881 1467 1949 pii
1503 1883 1736 1950 pastoris
1757 1883 2054 1938 visceribus

2168 686 2399 743 Domino
2441 690 2507 744 de
2539 689 2741 745 eisdem
2784 693 3052 751 haereticis
3091 713 3188 767 per
3229 697 3553 769 Prophetam
3582 718 3598 757 :
3630 723 3649 756 ι
3678 705 3750 760 Et

2171 796 2190 827 ι
2214 792 2312 847 ego
2339 778 2541 834 redemi
2563 793 2673 844 eos,
2689 790 2744 838 et
2759 792 2946 839 contra
2972 801 3058 841 me
3076 786 3239 844 locuti
3255 799 3380 846 sunt
3401 796 3740 868 mendacia.)

2163 866 2523 945 Itaquejuxta
2564 871 2723 929 ﬁdem
2767 876 3088 933 catholicam
3123 889 3178 935 et
3209 883 3582 952 apostolicam,
3620 866 3748 960 pro-

2162 958 2433 1026 pheticam
2458 969 2513 1016 et
2537 964 2918 1035 evangelicam,
2944 982 3130 1025 omnes
3154 969 3262 1037 isti,
3293 971 3522 1030 ﬁdeliter
3547 958 3746 1035 adha-

2161 1047 2419 1117 ptismum
2457 1050 2658 1108 Christi
2702 1056 3039 1124 accedentes,
3069 1075 3176 1115 non
3198 1063 3386 1131 utique
3409 1065 3518 1120 alio
3542 1070 3738 1138 pretio,

2163 1138 2256 1192 sed
2285 1137 2485 1194 Christi
2508 1142 2765 1213 sanguine
2787 1146 3047 1217 redempti
3070 1159 3216 1204 sunt.
3243 1149 3348 1207 Sed
3371 1168 3497 1208 cum
3520 1137 3742 1225 plurimi

2160 1244 2228 1284 ex
2256 1231 2336 1285 eis
2369 1235 2614 1288 eamdem
2666 1237 2896 1307 gratiam
2964 1239 3018 1295 in
3060 1256 3118 1296 se
3151 1242 3360 1298 irritam
3403 1245 3652 1316 fecerint,
3684 1259 3742 1306 et

2159 1318 2363 1376 idcirco
2391 1322 2444 1376 in
2479 1332 2740 1381 teternum
2762 1339 3006 1397 pereant,
3043 1347 3150 1401 qua
3195 1334 3405 1390 ratione
3432 1351 3622 1394 verum
3653 1350 3741 1397 est

2160 1413 2431 1467 neminem
2469 1415 2648 1484 perire
2670 1433 2828 1488 posse
2854 1423 3112 1492 sanguine
3133 1423 3332 1480 Christi
3364 1427 3738 1500 redemptum?

2230 1501 2478 1559 Secundo
2500 1505 2619 1562 loco
2643 1509 2895 1578 displicet
2917 1513 3074 1568 nobis
3101 1513 3279 1581 valde,
3303 1517 3430 1585 quia
3451 1521 3738 1578 verissima

2156 1602 2212 1650 et
2233 1598 2600 1654 sacratissima
2630 1600 2889 1658 Ecclesiae
2916 1615 3273 1673 sacramenta,
3303 1609 3553 1667 videlicet
3579 1629 3738 1669 exor-

2155 1685 2332 1754 cismi,
2382 1698 2437 1743 et
2478 1690 2756 1761 baptismi,
2797 1695 3124 1764 chrismatis,
3169 1707 3226 1752 et
3267 1699 3624 1760 Eucharistiae
3668 1721 3738 1762 ac

2154 1791 2348 1833 manus
2375 1779 2751 1851 impositionis,
2784 1787 3154 1855 perfuncwrie
3175 1796 3230 1846 et
3255 1789 3598 1850 frustratorie
3620 1811 3739 1852 om-

2153 1866 2333 1936 nibus,
2365 1870 2456 1939 qui
2483 1881 2604 1942 post
2643 1877 3044 1946 perceptionem
3088 1894 3274 1936 eorum
3316 1865 3565 1952 pereant,
3613 1886 3735 1943 dari

473 1970 922 2036 commovebitur,
956 1979 1013 2026 ut
1044 1971 1130 2027 his
1160 1982 1524 2044 congruenter
1551 1974 1804 2046 perlectis
1829 1985 1883 2030 et
1905 1983 2050 2030 tran-
2076 1957 2125 2016 B
2152 1963 2465 2032 conﬁrmas,
2502 1967 2628 2022 dum
2661 1984 2755 2025 803
2783 1972 3042 2042 sangume
3067 1972 3292 2042 (Πινίεῑίν
3323 1976 3441 2032 Sine
3466 1993 3575 2048 (Ιυο
3611 1979 3733 2050 ipsa

472 2061 636 2130 quille
665 2064 804 2132 apud
840 2074 892 2118 te
925 2065 1190 2140 tractatis,
1241 2065 1286 2120 si
1328 2066 1509 2122 divina
1556 2068 1732 2138 gratia
1775 2069 2050 2137 aspirante

471 2154 816 2222 acquiescere
861 2156 1100 2215 volueris
1150 2158 1405 2224 veritati,
1460 2174 1797 2229 nequaquam
1848 2161 2046 2216 diutius

469 2247 692 2303 aherres
715 2263 745 2302 a
770 2248 959 2314 caulis,
993 2250 1086 2305 sed
1115 2250 1241 2305 boni
1285 2258 1340 2305 et
1382 2251 1577 2306 summi
1602 2253 1835 2322 pastoris
1863 2254 2045 2334 hume-

465 2337 546 2392 ris
588 2347 916 2409 reportatus,
958 2341 1153 2396 unitati
1199 2340 1431 2397 inventae
1467 2357 1531 2396 ac
1571 2343 1860 2415 redemptae
1901 2345 2040 2412 ovis,

466 2442 590 2482 cum
618 2430 814 2499 gaudio
841 2430 1144 2486 caelestium
1174 2442 1229 2488 et
1267 2434 1634 2500 terrestrium,
1681 2434 1912 2492 feliciter
1959 2450 2043 2491 re-

465 2522 729 2576 stituaris.
780 2521 905 2578 Haec
953 2532 1079 2579 sunt
1111 2525 1279 2596 igitur
1311 2541 1434 2596 qua:
1468 2526 1522 2580 in
1550 2527 1766 2598 scriptis
1799 2529 1906 2585 tuis
1928 2545 2043 2586 me-

463 2614 567 2668 rito
605 2616 1066 2684 reprehendenda,
1107 2625 1164 2671 et
1207 2618 1556 2686 reprehensa,
1605 2627 1860 2690 tanquam
1892 2637 2036 2676 verre

463 2704 586 2758 ﬁdei
639 2705 918 2759 catholicae
961 2705 1200 2773 inimica,
1245 2709 1595 2776 notavimus,-
1621 2719 1676 2766 et
1713 2711 1946 2783 qualiter
1969 2713 2037 2769 ad

462 2794 702 2866 regulam
733 2796 980 2852 veritatis
1010 2797 1119 2854 sint
1149 2801 1467 2872 corrigenda
1505 2803 1940 2872 perstrinximus.

534 2883 593 2938 In
627 2887 818 2955 primis
847 2887 1095 2957 displicet
1129 2890 1285 2946 nobis
1313 2890 1493 2959 valde,
1535 2894 1677 2962 quod
1704 2895 1842 2951 dicis
1869 2905 1923 2952 et
1950 2911 2038 2952 as-

458 2976 598 3032 seris
647 2979 920 3033 neminem
966 2980 1145 3049 perire
1191 2996 1349 3052 posse
1397 2980 1597 3039 Christi
1641 2985 1902 3058 sanguine
1947 3002 2036 3043 re-

459 3069 755 3140 demptum.
786 3070 898 3127 Hoc
927 3073 1071 3128 enim
1107 3074 1310 3130 dictum
1359 3075 1641 3147 dupliciter
1676 3079 1802 3135 ﬁdei
1842 3081 2030 3137 catho-

457 3159 576 3216 licae
620 3163 954 3218 adversatur.
1006 3163 1064 3220 Si
1101 3175 1196 3221 aut
1238 3167 1507 3222 neminem
1534 3182 1601 3224 ex
1628 3185 1853 3227 numero
1877 3171 2033 3228 Chri-

457 3253 754 3308 stianorum
779 3295 794 3320 ,
837 3265 1121 3327 postquam
1163 3258 1330 3313 semel
1375 3259 1428 3314 in
1462 3259 1680 3317 Christo
1723 3263 2030 3334 baptizatus

454 3349 509 3394 et
530 3316 802 3414 particeps
831 3316 1222 3416 redemptionis
1245 3345 1449 3404 Christi
1471 3348 1692 3406 effectus
1717 3316 1822 3419 est:
1852 3355 2030 3424 perire
2056 3316 2104 3380 Ο

454 3445 614 3500 posse
641 3433 951 3501 conﬁrmas,
976 3444 1167 3491 contra
1193 3436 1506 3508 Apostolum
1531 3443 1869 3511 apertissime
1893 3461 2032 3515 pra:-

457 3522 728 3580 dieantem
749 3533 806 3581 et
825 3536 1218 3584 contestantem
1245 3544 1262 3608 _:
1290 3550 1310 3582 ι
1329 3530 1590 3597 Quoniam
1615 3533 1783 3604 iniqui
1805 3550 2030 3607 regnum

461 3632 478 3664 ι
514 3612 607 3669 Dei
635 3631 739 3670 non
767 3617 1136 3687 possidebunt.
1170 3640 1189 3672 ι
1221 3621 1290 3676 Et
1313 3623 1566 3692 quoniam
1593 3627 1684 3696 qui
1716 3627 1804 3682 illa
1829 3629 1912 3685 vel
1938 3631 2028 3687 illa

453 3704 679 3760 crimina
718 3706 1057 3777 admiserint,
1097 3725 1325 3783 regnum
1353 3713 1446 3768 Dei
1471 3730 1575 3770 non
1607 3728 2023 3790 consequentur,

452 3805 508 3852 et
553 3811 659 3852 non
698 3799 901 3855 habent
943 3801 1315 3860 haereditatem
1365 3805 1418 3861 in
1457 3822 1623 3878 regno
1660 3808 1861 3867 Christi
1904 3813 2024 3881 Dei,

449 3888 590 3943 inter
611 3905 746 3958 quos
774 3891 939 3945 etiam
971 3891 1048 3946 illi
1090 3902 1216 3948 sunt
1254 3904 1538 3967 negatores
1568 3897 1788 3967 Christi,
1817 3902 1881 3956 de
1906 3903 2028 3972 qui-

450 3984 552 4038 bus
578 3984 696 4052 ipse
731 3984 1051 4040 terribiliter
1085 3993 1314 4042 testatur
1348 4006 1361 4042 :
1395 4008 1414 4041 ‹
1441 3989 1757 4062 Quicunque
1791 4007 2023 4066 negave-

455 4091 474 4124 l
510 4075 584 4128 rit
611 4091 699 4131 me
729 4089 913 4130 coram
941 4077 1270 4146 hominibus,
1302 4083 1511 4150 negabo
1544 4091 1600 4139 et
1635 4100 1735 4154 ego
1777 4101 1900 4141 eum
1929 4101 2024 4143 co-

451 4185 472 4218 ι
507 4183 624 4221 ram
663 4167 826 4225 Patre
854 4185 976 4226 meo
1014 4171 1108 4242 qui
1147 4181 1230 4228 est
1274 4173 1328 4228 in
1364 4174 1538 4231 caalis.
1569 4195 1588 4229 ι
1630 4177 1698 4231 Et
1741 4178 1816 4234 illi
1857 4179 2026 4236 infru-

445 4269 648 4316 ctuosze
683 4262 830 4331 ﬁdei,
875 4265 942 4320 de
983 4265 1178 4336 quibus
1209 4266 1324 4323 ait:
1355 4288 1373 4321 ι
1395 4267 1510 4326 Non
1545 4272 1722 4329 omnis
1759 4275 1851 4344 qui
1891 4276 2023 4333 dicit

449 4370 469 4404 ι
508 4354 640 4408 mihi
675 4372 688 4410 :
723 4355 971 4423 Domine,
1014 4357 1261 4424 Domine,
1305 4360 1528 4417 intrabit
1556 4363 1610 4418 in
1650 4379 1874 4436 regnum
1905 4381 2018 4423 cat-

451 4461 470 4494 α
507 4444 703 4501 lorum.
737 4466 757 4499 ι
817 4446 923 4503 Sed
971 4457 1028 4505 et
1071 4450 1175 4506 illae
1226 4451 1388 4508 fatuae
1440 4454 1697 4526 virgines,
1746 4472 1865 4527 quae
1910 4474 2019 4514 non

443 4548 793 4608 sumpserunt
831 4540 1012 4595 oleum
1053 4543 1109 4596 in
1153 4544 1298 4598 vasis
1343 4545 1456 4600 suis
1495 4561 1618 4600 cum
1659 4547 2012 4619 lampadibus,

2149 2055 2431 2125 mysteria,
2479 2058 2575 2112 sed
2618 2061 2864 2129 quaedam
2899 2062 3045 2117 velut
3078 2078 3246 2138 vacua
3273 2074 3328 2121 et
3353 2066 3536 2124 inania
3579 2069 3727 2126 ludi-

2146 2145 2268 2212 bria
2311 2156 2440 2203 sunt
2485 2149 2767 2218 habenda,
2814 2153 3120 2224 redemptos
3165 2171 3734 2227 negaszcumecon-

2146 2239 2316 2294 trario
2343 2239 2654 2311 Apostolus,
2693 2252 2750 2298 et
2773 2244 3058 2300 veritatem
3086 2247 3472 2318 redemptionis
3494 2251 3725 2322 Christi,

2143 2337 2199 2384 et
2223 2345 2410 2386 verum
2439 2331 2741 2388 divinorum
2765 2337 3146 2406 mysteriorum
3170 2338 3439 2409 effectum,
3477 2345 3642 2401 etiam
3669 2347 3726 2402 in

2141 2421 2224 2476 eis
2259 2423 2350 2491 qui
2389 2423 2816 2494 irreparabiliter
2851 2436 3082 2498 pereunt
3122 2429 3315 2486 doceat
3355 2447 3475 2489 esse
3503 2434 3722 2504 collata,

2143 2527 2268 2566 cum
2295 2513 2405 2568 ait:
2439 2533 2458 2565 ι
2479 2515 2819 2585 lmpossibile
2857 2520 3000 2573 enim
3041 2528 3126 2575 est
3154 2537 3251 2578 eos
3279 2523 3370 2593 qui
3401 2526 3566 2582 semel
3596 2538 3727 2585 sunt

2147 2622 2165 2655 ι
2212 2603 2522 2672 illuminati,
2554 2616 2911 2676 gustaverunt
2947 2612 3110 2666 etiam
3147 2613 3350 2670 donum
3386 2616 3625 2683 caeleste,
3666 2629 3725 2675 et.

2145 2712 2165 2746 ι
2208 2696 2508 2767 participes
2553 2708 2680 2753 sunt
2714 2698 2845 2756 facti
2882 2699 3118 2772 Spiritus
3144 2705 3336 2770 sancti,
3367 2716 3720 2776 gustaverunt

2143 2807 2162 2841 ι
2211 2789 2569 2848 nihilominus
2605 2793 2806 2848 bonum
2843 2794 2939 2850 Dei
2969 2797 3222 2865 verbum,
3255 2785 3592 2872 virtutesque
3612 2818 3718 2860 sm-

2142 2897 2162 2931 ‹
2205 2880 2310 2935 culi
2344 2883 2578 2947 venturi,
2617 2891 2672 2939 et
2692 2885 2928 2957 prolapsi
2967 2895 3111 2955 sunt,
3139 2891 3390 2946 renovari
3422 2908 3613 2950 rursus
3648 2896 3716 2952 ad

2141 2991 2160 3027 ι
2205 2976 2600 3045 paenitentiam,
2648 2994 2864 3034 rursum
2909 2981 3286 3052 cruciﬁgentes
3325 2984 3544 3041 sibimet
3581 2986 3718 3058 ipsis

2139 3083 2159 3116 ι
2199 3064 2394 3120 Filium
2435 3067 2568 3135 Dei,
2613 3077 2722 3125 etc.
2751 3090 2774 3123 ι»
2824 3070 2894 3126 Et
2938 3071 3182 3128 iterum:
3235 3093 3255 3126 ι
3284 3075 3497 3143 Quanto
3541 3081 3716 3150 magis

2139 3171 2159 3206 ‹
2202 3155 2407 3226 putatis
2429 3157 2700 3214 deteriora
2726 3160 2925 3216 mereri
2951 3162 3232 3232 supplicia,
3260 3164 3353 3234 qui
3390 3165 3585 3221 Filium
3616 3167 3714 3223 Dei

2139 3262 2160 3295 ‹
2203 3247 2641 3315 conculcaverit,
2673 3256 2728 3304 et
2757 3250 3070 3322 sanguinem
3115 3255 3423 3310 testamenti
3449 3255 3713 3326 pollutum

2141 3355 2160 3389 ι
2206 3339 2442 3405 duxerit,
2483 3341 2536 3396 in
2581 3356 2690 3411 quo
2721 3343 3091 3401 sanctiﬁcatus
3124 3353 3228 3413 est,
3256 3355 3313 3403 et
3337 3347 3560 3420 Spiritui
3591 3367 3714 3423 gra-

2113 3510 2116 3512 γ
2140 3452 2160 3485 ι
2201 3434 2288 3488 tiae
2315 3434 2698 3491 contumeliam
2723 3436 2951 3492 fecerit?
2977 3458 2997 3490 ι
3025 3439 3094 3494 Ει
3123 3439 3228 3495 alio
3251 3439 3408 3498 loco:
3438 3463 3456 3494 α
3481 3443 3549 3498 Et
3581 3460 3712 3515 per-

2139 3545 2157 3579 t
2202 3525 2332 3593 ibit',
2371 3527 2577 3597 inquit,
2614 3527 2860 3585 inﬁrmus
2900 3529 2958 3585 in
2991 3539 3082 3586 tua
3123 3533 3453 3590 conscientia
3501 3533 3711 3606 frater,

2135 3635 2155 3668 ί
2198 3626 2420 3687 propter
2452 3631 2614 3688 quem
2642 3617 2892 3674 Christus
2916 3628 3163 3676 mortuus
3185 3623 3309 3677 est!
3339 3641 3358 3676 ι
3396 3621 3472 3677 lta
3501 3624 3710 3682 veritas

2129 3708 2514 3778 mysteriorum
2557 3710 2770 3780 peragit
2811 3709 3067 3767 virtutem
3111 3727 3287 3780 suam,
3326 3729 3450 3769 cum
3477 3714 3708 3773 ﬁdeliter

2127 3799 2414 3868 accipitur,
2451 3800 2615 3854 etiam
2643 3801 2696 3855 in
2732 3799 2839 3856 illis
2861 3802 2952 3871 qui
2985 3816 3094 3858 non
3121 3814 3448 3873 permanent
3473 3808 3530 3862 in
3556 3809 3695 3863 veri-

2129 3898 2241 3944 tate
2278 3890 2590 3946 eorumdem
2635 3893 3041 3962 mysteriorum.
3088 3892 3198 3951 Sed
3235 3896 3372 3951 etin
3401 3896 3490 3952 illa
3521 3898 3702 3969 regula

2126 3981 2590 4052 intelligendarum
2655 3981 3058 4054 Scripturarum
3115 3987 3183 4042 de
3229 4003 3457 4060 corpore
3499 3989 3702 4046 Christi

2125 4087 2256 4129 vero
2299 4083 2461 4144 atque
2505 4073 2782 4142 simulato,
2825 4076 2968 4132 unde
3011 4085 3069 4132 tu
3109 4079 3256 4135 hunc
3281 4095 3526 4138 errorem
3554 4083 3706 4138 velut

2125 4165 2451 4220 conﬁrmare
2493 4165 2704 4235 niteris,
2746 4169 3016 4226 veraciter
3063 4185 3225 4228 nosse
3274 4173 3468 4240 debes,
3531 4175 3704 4230 simm

2123 4255 2380 4312 lationem
2407 4257 2653 4313 denotari
2690 4259 2817 4314 vitae
2851 4268 2906 4316 et
2937 4275 3172 4330 morum,
3209 4279 3340 4331 non,
3363 4266 3508 4336 quod
3536 4266 3700 4335 absit,

2123 4349 2429 4405 divinorum
2469 4353 2854 4424 mysteriorum
2882 4361 2938 4408 et
2960 4361 3445 4411 sacramentorum.

2193 4440 2375 4497 Tertio
2401 4441 2520 4498 loco
2542 4443 2791 4514 displicet
2821 4445 2982 4502 nobis.
3015 4445 3196 4514 valde,
3236 4447 3365 4516 quia
3401 4455 3457 4502 et
3486 4446 3701 4503 divina-

2119 4546 2241 4586 rum
2290 4531 2692 4604 Scripturarum
2721 4535 3048 4592 testimoniis
3075 4545 3133 4593 et
3157 4537 3539 4594 sincerissimis
3566 4553 3698 4595 san-

442 4629 635 4698 quibus
657 4629 836 4686 clausa
859 4631 1026 4702 janua
1049 4634 1197 4704 regni
1219 4634 1460 4691 dicturus
1481 4645 1564 4691 est
1594 4655 1607 4692 :
1644 4655 1664 4690 ‹
1689 4638 1860 4695 Amen
1895 4641 2017 4697 dico

2134 4633 2331 4682 :torum
2384 4624 2607 4683 Patrum
2649 4627 2809 4683 dictis
2856 4635 2967 4682 tam
3015 4643 3271 4700 perverse
3315 4629 3572 4695 abuteris,
3632 4638 3700 4686 ut

445 4741 464 4772 ε
494 4723 664 4786 vobis,
698 4724 880 4780 nescio
906 4741 1022 4782 vos.
1050 4746 1068 4780 ι
1106 4727 1212 4781 Aut
1237 4729 1280 4784 si
1305 4744 1412 4784 non
1439 4731 1636 4797 credis,
1671 4747 1881 4799 omnes,
1917 4735 2012 4805 qui

440 4828 569 4867 vera
599 4814 700 4869 ﬁde
728 4824 785 4870 et
810 4816 1094 4872 devotione
1117 4833 1214 4888 per
1240 4820 1488 4890 baptismi
1523 4823 1753 4892 gratiam
1789 4839 2011 4896 regene-

436 4913 664 4972 rantur,
707 4905 910 4963 Christi
959 4924 1080 4965 esse
1127 4913 1386 4983 sanguine
1429 4914 1756 4985 redemptos,
1803 4915 1912 4971 imo
1953 4917 2010 4973 in

435 4995 640 5053 Christi
687 5008 860 5055 morte
897 5009 952 5054 et
993 5002 1253 5072 sanguine
1298 5004 1622 5075 baptizatos,
1663 5005 1790 5062 licet
1823 5015 2009 5076 postea

434 5087 652 5157 plurimi
683 5106 752 5145 ex
775 5091 872 5156 eis,
893 5089 991 5146 'vel
1020 5107 1119 5162 per
1141 5093 1397 5162 haereses,
1437 5095 1522 5151 vel
1545 5111 1644 5168 per
1664 5095 1770 5152 alia
1793 5097 2006 5155 diversa

431 5180 665 5236 crimina
717 5190 981 5250 pereant,
1038 5183 1476 5241 manifestissime
1542 5187 1873 5243 contrarium
1923 5196 2008 5245 est

432 5272 596 5326 beato
647 5271 814 5327 Paulo
858 5273 1099 5343 apostolo
1143 5275 1385 5330 dicenti:
1419 5295 1437 5327 ι
1465 5275 1783 5348 Quicunque
1826 5279 2002 5350 bapti-

438 5382 457 5413 ι
488 5363 592 5416 zati
619 5378 803 5418 sumus
827 5363 882 5418 in
906 5362 1121 5420 Christo
1145 5362 1294 5431 Jesu,
1329 5365 1382 5420 in
1421 5375 1596 5421 morte
1630 5366 1794 5436 ipsius
1827 5369 2004 5439 bapti-

440 5475 458 5503 ‹
489 5457 592 5510 zati
633 5472 837 5512 sumus.
860 5476 878 5508 ι
919 5458 985 5514 Et
1016 5458 1173 5514 beato
1199 5455 1392 5512 Joanni
1419 5457 1666 5513 similiter
1707 5459 1774 5514 de
1816 5459 2004 5515 eodem

436 5545 662 5601 Domino
686 5549 1010 5603 contestanti
1037 5566 1049 5601 :
1078 5567 1097 5598 ‹
1120 5547 1219 5614 Qui
1238 5547 1424 5603 dilexit
1448 5563 1568 5614 nos,
1587 5548 1780 5618 inquit,
1801 5557 1854 5602 et
1875 5549 2004 5604 lavit

439 5655 459 5687 ε
498 5653 594 5692 nos
633 5655 662 5692 a
686 5643 922 5709 peccatis
949 5641 1146 5694 nostris
1180 5641 1229 5694 in
1263 5641 1520 5711 sanguine
1551 5656 1666 5695 suo.
1709 5660 1728 5693 ι
1757 5641 1822 5695 Et
1845 5641 2003 5696 beato

432 5726 595 5784 Petro
614 5731 776 5786 etiam
796 5733 860 5788 de
875 5732 1124 5803 pessimis
1137 5731 1426 5798 haereticis,
1442 5733 1532 5802 qui
1545 5740 1667 5802 post
1677 5732 2004 5803 baptismum

432 5821 822 5894 redemptionis
861 5825 1061 5880 Christi
1109 5825 1176 5881 de
1220 5825 1458 5881 Ecclesia
1510 5833 1877 5892 recesserunt,
1928 5825 2004 5881 ita

408 5914 670 5992 dicenti:
707 5941 724 5970 ‹
755 5920 822 5974 Et
855 5935 977 5975 eum
1005 5921 1095 5988 qui
1137 5921 1266 5976 emit
1312 5937 1406 5977 eos
1451 5922 1735 5978 Dominum
1781 5927 2007 5992 negant,-

2117 4714 2234 4770 haec
2278 4717 2462 4772 omnia
2508 4732 2629 4788 quae
2666 4717 3111 4776 manifestissime
3150 4721 3408 4778 adversus
3454 4722 3694 4778 divinam

2115 4807 2402 4862 veritatem
2445 4816 2501 4862 et
2537 4816 2820 4879 paternam
2861 4809 3024 4864 ﬁdem
3057 4809 3320 4882 disputas,
3357 4827 3424 4868 ex
3450 4813 3554 4869 illis
3582 4828 3695 4870 non

2087 4907 2263 4955 .recte
2302 4899 2588 4957 intellectis
2631 4904 3000 4975 multipliciter
3042 4903 3314 4963 afﬁrmare
3369 4906 3688 4963 contendas.

2111 4986 2172 5042 lu
2202 4995 2410 5042 tantum
2436 4998 2495 5044 ut
2519 4990 2643 5063 illos
2684 4993 2776 5062 qui
2811 5006 2878 5047 ex
2912 5009 3138 5051 numero
3174 4994 3410 5051 ﬁdelium
3438 5005 3690 5067 pereunt,

2113 5097 2215 5138 nec
2244 5094 2391 5150 tunc,
2419 5085 2634 5156 quando
2663 5086 2927 5158 imprimis
2957 5089 3025 5144 ad
3051 5089 3401 5161 percipienda
3429 5090 3690 5162 mysteria

2112 5177 2541 5246 regenerationis
2575 5185 2632 5234 et
2669 5177 2963 5236 Dominicaa
3005 5181 3314 5249 oblationis,
3353 5181 3440 5239 vel
3475 5182 3529 5238 in
3558 5196 3692 5253 par-

2107 5265 2233 5321 vula
2276 5277 2438 5324 aetate
2474 5268 2543 5324 ab
2577 5269 2698 5326 aliis
2739 5271 2908 5327 oblati
2954 5282 3101 5341 sunt,
3146 5273 3234 5330 vel
3275 5274 3380 5346 ipsi
3409 5275 3465 5330 in
3493 5273 3690 5343 majori

2111 5357 2344 5415 ﬁdeliter
2387 5371 2754 5428 accesserunt,
2801 5362 3035 5422 afﬁrmes
3071 5365 3290 5423 Christo
3331 5375 3385 5422 et
3431 5366 3688 5423 Ecclesiae

2110 5468 2216 5508 non
2263 5453 2672 5524 incorporatos,
2723 5469 2824 5510 nec
2865 5457 3108 5518 membra
3157 5457 3302 5512 illius
3352 5457 3590 5527 quaesita:
3630 5463 3688 5512 et.

2109 5544 2329 5600 salvatae
2353 5545 2470 5600 ovis
2500 5545 2744 5612 eﬁ'ectos,
2784 5562 2848 5602 ac
2876 5562 2973 5617 per
2996 5547 3100 5603 hoc
3125 5562 3227 5603 nec
3253 5562 3490 5617 unquam
3515 5547 3688 5602 fuisse

2107 5636 2617 5698 Cbristianos.Nam
2653 5639 2921 5708 quomodo
2949 5649 3032 5695 est
3060 5639 3421 5705 Christianus,
3446 5638 3538 5710 qui
3574 5653 3686 5693 non

2107 5731 2342 5800 pertinet
2378 5732 2444 5786 ad
2485 5748 2681 5803 corpus
2713 5733 2932 5796 Christi,
2968 5732 3059 5802 qui
3088 5748 3193 5788 non
3243 5741 3326 5788 est
3375 5730 3683 5786 membrum

2111 5824 2354 5881 Christi?
2399 5826 2532 5882 Cum
2581 5842 2612 5880 e
2655 5825 2930 5880 contrario
2983 5824 3271 5894 Apostolus
3319 5823 3485 5878 etiam
3538 5819 3679 5885 illos,

2109 5920 2198 5989 qui
2243 5919 2477 5988 graviter
2514 5931 2772 5988 peccare.
2824 5924 2882 5973 et
2920 5915 2976 5972 in
3019 5915 3210 5978 eodem
3250 5914 3404 5990 gravi
3449 5919 3712 5992 peccato“
