4032 6466
265 449 342 507 89

1716 436 2090 498 EPISTOL/E.
3445 445 3513 500 90

255 567 447 640 perire
467 568 713 637 possunt,
743 560 983 618 membra
1008 558 1209 616 Christi
1234 566 1290 616 et
1320 557 1574 629 templum
1606 556 1843 628 Spiritus
1869 559 1921 618 Α
1945 555 2107 627 lignis
2135 553 2360 626 angelis,
2389 564 2445 611 et
2472 553 2718 626 reprobis
2754 552 3064 611 hominibus
3092 566 3382 628 perpetuas
3403 573 3516 630 po:-

255 655 432 710 sancti
449 669 567 709 esse
583 653 744 718 dicat,
759 651 994 722 quandiu
1014 650 1242 705 fideliter
1255 659 1310 704 et
1325 649 1639 706 innocenter
1651 655 1834 719 agunt.

259 764 281 797 ς
329 744 582 810 Nescitis,
604 745 794 814 inquit,
820 743 943 814 quia
965 757 1194 813 corpora
1222 751 1400 798 vestra
1424 741 1662 796 membra
1683 738 1839 794 Chri-

259 854 280 888 ‹
322 837 396 892 sti
418 837 578 890 sunt?
599 835 812 891 Tollens
831 849 958 907 ergo
977 835 1218 890 membra
1237 832 1436 889 Christi
1455 832 1644 887 faciam
1663 846 1836 886 mem-

258 944 278 978 ι
323 927 425 983 bra
449 926 781 982 meretricis?
800 925 974 981 Absit.
1002 943 1021 977 ι
1049 925 1116 979 Ει
1138 925 1332 979 iterum
1357 941 1371 976 :
1405 943 1422 974 ‹
1450 921 1681 977 Nescitis
1710 920 1836 991 quia

256 1036 275 1068 ε
327 1017 585 1087 templum
617 1017 709 1072 Dei
745 1017 898 1080 estis,
943 1023 998 1068 et
1040 1013 1275 1084 Spiritus
1303 1021 1519 1068 sanctus
1545 1011 1751 1066 habitat
1778 1011 1834 1064 in

257 1124 277 1159 ι
325 1107 518 1163 vobis?
559 1105 616 1162 Si
642 1107 763 1176 quis
787 1115 966 1160 autem
995 1103 1250 1174 templum
1279 1102 1373 1158 Dei
1401 1100 1701 1169 violaverit,
1725 1099 1834 1156 dis-

255 1218 278 1253 ι
321 1201 513 1272 perdet
541 1199 688 1254 illum
718 1199 880 1264 Deus,
907 1217 926 1250 ι
954 1205 1058 1252 etc.

327 1291 534 1360 Quarto
578 1290 696 1346 loco
743 1289 987 1360 diSplicet
1022 1287 1180 1343 nobis
1203 1285 1380 1352 valde,
1409 1284 1544 1355 quia-
1560 1292 1670 1339 tam
1699 1283 1833 1338 dure

251 1392 310 1439 et
353 1383 753 1454 indisciplinate
783 1391 839 1438 et
865 1382 1174 1438 immaniter
1216 1381 1281 1435 de
1329 1377 1507 1434 divina
1552 1376 1833 1447 praedesti-

249 1476 479 1531 natione
499 1476 664 1531 sentis
685 1482 739 1529 et
759 1473 996 1544 loqueris
1019 1473 1073 1527 in
1094 1471 1436 1527 damnatione
1458 1470 1828 1539 reproborum,

250 1574 317 1619 ut
349 1580 540 1620 omnes
569 1563 687 1619 illos
714 1564 806 1634 qui
833 1563 899 1618 ad
923 1562 1199 1617 sinistram
1234 1558 1469 1630 ponendi
1510 1566 1636 1613 sunt
1664 1558 1718 1612 in
1746 1558 1832 1613 die

240 1652 466 1723 judicii,
491 1665 545 1711 et
571 1671 694 1712 cum
722 1653 934 1710 diabolo
966 1661 1127 1724 atque
1161 1654 1368 1726 angelis
1403 1652 1520 1723 ejus
1546 1668 1644 1724 pro
1675 1653 1830 1707 malis

248 1746 470 1800 meritis
510 1746 626 1801 suis
669 1753 874 1800 aeterno
899 1745 1023 1816 igne
1051 1745 1360 1810 damnandi,
1407 1738 1480 1798 ita
1509 1743 1616 1798 sint
1640 1742 1832 1797 divini-

249 1843 344 1891 tus
391 1839 458 1892 ad
501 1837 776 1892 interitum
825 1837 1223 1908 prmdestinati,
1271 1845 1332 1890 ut
1374 1850 1560 1891 eorum
1607 1849 1826 1905 prorsus

1941 661 2057 710 nas,
2101 661 2207 701 non
2250 645 2375 715 quia
2413 646 2676 718 malignos
2718 655 2771 702 et
2804 647 3064 718 reprobos
3095 647 3211 718 ipse
3241 663 3335 705 eos
3360 649 3509 716 facit,

1939 739 2034 794 sed
2055 738 2180 809 quia
2203 736 2465 808 malignos
2487 746 2544 793 et
2568 740 2826 808 reprobos
2851 753 2949 794 suo
2979 739 3110 794 vitio
3146 739 3356 797 futuros
3390 741 3510 798 illos

1936 833 2219 902 prazvidit:
2252 839 2307 886 et
2331 846 2466 902 quos
2507 832 2642 886 tales
2685 833 2905 902 proprio
2930 832 3061 888 vitio
3083 832 3290 889 futuros
3318 835 3512 905 praevi-

1936 922 2035 989 dit,
2060 923 2188 993 quid
2213 923 2406 977 mirum
2442 923 2486 978 si
2512 939 2607 978 eos
2629 923 2778 994 justo
2796 925 3000 995 judicio
3019 941 3117 981 suo
3145 927 3362 980 aeternis
3390 939 3508 996 pa:-

1935 1012 2020 1068 nis
2059 1020 2113 1067 et
2147 1012 2410 1068 incendiis
2449 1013 2872 1084 praedestinavit,
2915 1024 2975 1068 ut
3003 1016 3094 1086 qui
3117 1017 3356 1073 volentes
3384 1031 3510 1086 pec-

1935 1111 2216 1170 caverunt,
2259 1103 2502 1159 nolentes
2551 1103 2875 1174 puniantur?
2918 1105 3035 1160 Non
3076 1107 3256 1177 itaque
3301 1107 3354 1161 in
3403 1107 3510 1166 illis

1932 1197 2336 1268 przedestinavit
2374 1198 2715 1268 omnipotens
2756 1198 2897 1254 Deus
2943 1216 3064 1269 quzc
3099 1202 3201 1257 sibi
3231 1211 3389 1258 erant
3422 1201 3506 1256 fa-

1934 1287 2072 1342 cturi
2097 1288 2277 1358 iniqua
2308 1287 2584 1343 voluntate
2620 1305 2736 1354 sua,
2767 1290 2861 1344 sed
2890 1304 3011 1359 qua:
3046 1290 3160 1360 ipse
3190 1293 3255 1346 de
3281 1293 3361 1348 eis
3388 1301 3510 1349 erat

1933 1380 2281 1435 ordinaturus
2305 1381 2613 1450 aequissimo
2635 1381 2840 1452 judicio
2872 1396 2988 1436 suo.
3028 1379 3182 1436 Nulla
3209 1383 3351 1438 enim
3376 1399 3510 1455 pra}:

1933 1471 2221 1527 destinavit
2264 1472 2482 1543 iniusta,
2526 1475 2619 1528 sed
2671 1480 2879 1527 tantum
2913 1471 3096 1542 justa;
3136 1472 3331 1543 injusta
3377 1489 3508 1530 vero

1929 1564 2206 1633 przcscivit
2251 1571 2312 1618 ut
2355 1565 2500 1619 Deus
2547 1563 2749 1630 futura,
2799 1565 3203 1635 prmdestinavit
3249 1574 3309 1619 ut
3338 1563 3503 1634 judex

1925 1656 2102 1726 justus
2131 1658 2456 1714 damnanda.
2491 1656 2601 1712 Nec
2627 1657 2973 1728 praescientia
3001 1666 3204 1723 tamen,
3235 1673 3335 1713 nec
3361 1674 3500 1728 pne-

1931 1749 2288 1805 dcstinatione
2318 1765 2434 1815 sua,
2473 1750 2721 1820 cuiquam
2763 1750 3029 1806 malorum
3069 1749 3369 1816 hominum,
3417 1749 3503 1804 vel

1931 1839 2265 1910 angelorum,
2299 1841 2679 1896 necessitatem
2721 1841 2973 1910 imposuit
3000 1840 3140 1895 male
3169 1839 3379 1913 agendi,
3411 1838 3502 1895 sed
3550 1909 3561 1920 _

247 1926 437 1983 “unus
464 1928 751 1998 aliquando
778 1928 1034 1999 Ροῐυθτίῖν
1067 1927 1244 1982 “unus
1271 1928 1441 1997 Ροδείῐ
1474 1926 1650 1981 salvus
1684 1941 1822 1980 9336-
1853 1910 1903 1971 Β
1933 1933 2308 1990 tantummodo
2335 1949 2433 2004 pro
2459 1933 2616 1989 malis
2645 1934 2812 2004 gestis
2839 1942 3067 1989 aeternas
3091 1910 3280 2003 poenas
3299 1931 3501 1988 luendi.

245 2017 410 2085 Quod
443 2021 645 2075 sentire
673 2029 726 2075 et
756 2021 934 2076 dicere
957 2021 1087 2091 quid
1107 2030 1188 2075 est
1207 2021 1372 2086 aliud,
1402 2035 1562 2089 quam
1586 2021 1639 2074 iu
1659 2019 1830 2074 Deum

245 2110 497 2181 graviter
536 2117 592 2166 et
631 2111 964 2166 liorribililer
1011 2110 1420 2181 blasphemare,
1476 2110 1520 2164 si
1565 2109 1670 2163 illis
1716 2107 1832 2176 ejus

244 2203 664 2273 praedestinatio
699 2205 838 2259 hanc
866 2204 1245 2259 necessitatem
1276 2201 1704 2256 irrevocabiliter
1734 2201 1835 2254 im-

136 2295 151 2310 ⁸
244 2297 458 2369 posuit,
484 2305 544 2351 ut
572 2297 792 2353 omnino
834 2298 978 2367 quod
1019 2296 1086 2351 ad
1135 2294 1360 2350 salutem
1408 2310 1558 2349 suam
1608 2292 1835 2362 proﬁce-

246 2398 340 2443 ret
379 2388 592 2459 operari
639 2403 743 2444 non
785 2387 1027 2458 possint?
1064 2387 1168 2442 Sed
1206 2386 1348 2442 absit
1381 2401 1411 2440 a
1443 2385 1597 2440 nobis
1624 2385 1726 2439 hoc
1749 2398 1835 2439 re-

250 2481 461 2551 cipere,
492 2495 560 2535 ne
593 2481 843 2536 meritum
883 2479 1244 2534 damnationis
1289 2477 1503 2532 illorum
1549 2476 1644 2531 Dei
1675 2475 1831 2546 culpa

250 2571 349 2637 sit,
398 2570 491 2640 qui
532 2584 626 2626 eos
671 2569 806 2624 tales
843 2583 962 2624 esse
993 2567 1295 2633 constituit,
1341 2582 1448 2622 non
1487 2566 1700 2621 illorum
1738 2566 1831 2636 qui

249 2663 403 2719 aliud
442 2676 562 2718 esse
610 2679 716 2718 non
766 2670 1073 2732 potuerunt.
1126 2659 1261 2715 Huic
1301 2660 1495 2725 errori,
1536 2658 1619 2714 vel
1653 2657 1832 2729 potius

249 2753 661 2809 immanissimas
697 2753 959 2824 impietati
997 2752 1200 2807 resistit
1235 2750 1518 2821 Scriptura
1555 2748 1741 2804 dicens
1767 2749 1832 2803 de

249 2846 349 2902 illo
375 2863 388 2900 :
419 2863 440 2897 ι
462 2843 674 2900 Nemini
699 2843 973 2899 mandavit
996 2843 1158 2913 impie
1183 2855 1360 2913 agere,
1388 2850 1442 2896 et
1466 2839 1666 2896 nemini
1689 2839 1834 2895 dedit

257 2955 278 2987 ι
316 2935 552 3006 spatium
609 2934 885 3005 peccandi.
915 2953 935 2986 ι
988 2933 1056 2988 Et
1111 2933 1225 3002 ipse
1265 2930 1431 3000 judex
1486 2931 1728 2985 vivorum
1779 2936 1834 2984 et

251 3036 594 3086 mortuorum
623 3027 854 3083 destruit
890 3025 1031 3081 istud
1057 3026 1303 3080 insanum
1346 3023 1706 3090 mendacium,
1736 3023 1831 3092 qui

254 3118 318 3178 s'e
348 3123 404 3177 in
435 3121 525 3177 illo
545 3120 632 3177 die
654 3120 839 3192 judicii
861 3119 934 3174 ita
964 3118 1068 3174 illis
1083 3118 1175 3188 qui
1207 3119 1273 3173 ad
1311 3117 1584 3173 sinistram
1615 3117 1833 3171 stabunt

255 3213 529 3269 dicturum
552 3226 672 3269 esse
696 3211 946 3284 praedixit
972 3229 984 3265 :
1017 3231 1034 3263 ‹
1060 3209 1329 3265 Discedite
1349 3224 1378 3262 a
1402 3223 1509 3274 me,
1533 3206 1829 3273 maledicti,

263 3325 283 3358 ι
318 3306 373 3361 ἱη
410 3306 584 3376 ignem
624 3312 906 3369 aeternum,
944 3305 1035 3374 qui
1065 3310 1286 3373 paratus
1311 3311 1392 3356 est
1413 3299 1625 3354 diabolo
1655 3307 1710 3354 et
1742 3314 1830 3353 an—
1859 3267 1904 3332 Ο

265 3417 284 3449 ‹
320 3397 450 3468 gelis
496 3395 634 3466 e'jus.
661 3415 699 3462 ι,
735 3396 805 3452 Ut
832 3411 932 3451 cur
955 3409 985 3448 a
1014 3409 1072 3450 se
1102 3393 1531 3464 inseparabiliter
1555 3391 1832 3448 discedere

153 3537 160 3544 ,
260 3488 375 3542 sint
405 3487 574 3558 digni,
597 3502 694 3541 cur
723 3485 1014 3552 maledicti,
1044 3500 1142 3540 cur
1175 3484 1387 3539 diabolo
1413 3493 1468 3538 et
1487 3483 1690 3554 angelis
1717 3480 1834 3551 ejus

262 3578 320 3632 in
348 3585 550 3631 mterna
583 3589 743 3645 poena
781 3575 994 3639 sociati,
1023 3575 1274 3630 videlicet
1299 3590 1403 3629 non
1432 3590 1498 3628 ex
1524 3573 1835 3644 praeiudicio

263 3665 757 3737 praedestinationis
798 3681 931 3730 suae,
970 3667 1066 3720 sed
1094 3680 1160 3719 ex
1197 3667 1390 3720 merito
1419 3665 1720 3734 iniquitatis
1741 3681 1837 3720 eo-

265 3771 409 3821 rum,
434 3757 614 3811 statim
637 3755 934 3812 clarissime
955 3754 1239 3827 subjungat
1264 3764 1318 3812 et
1343 3757 1591 3811 ostendat
1619 3757 1837 3812 dicens:

1929 2027 2083 2084 Unde
2130 2027 2410 2082 verissime
2465 2027 2532 2082 ad
2583 2042 2707 2082 eum
2762 2025 3043 2096 Scriptura
3097 2027 3268 2082 dicit:
3315 2044 3332 2077 ‹
3363 2025 3505 2080 Deus

1935 2136 1954 2170 ι
1991 2127 2209 2183 aeterne,
2261 2117 2354 2186 qui
2400 2103 2736 2172 occultorum
2788 2130 2846 2171 es
2896 2117 3164 2186 cognitor,
3217 2115 3310 2186 qui
3361 2115 3504 2170 nosti

1937 2231 1955 2264 ‹
1989 2214 2168 2266 omnia
2211 2221 2498 2281 antequam
2532 2210 2684 2266 fiant.
2715 2231 2734 2263 ι
2769 2211 2835 2266 Et
2864 2211 3059 2266 iterum
3089 2211 3156 2266 de
3184 2209 3316 2265 illo:
3353 2228 3372 2260 ‹
3400 2211 3506 2263 Do-

1937 2323 1957 2356 ‹
1992 2303 2139 2357 mino
2182 2303 2325 2356 enim
2370 2301 2480 2356 Deo
2518 2311 2806 2370 antequam
2845 2313 3159 2357 crearentur
3183 2303 3362 2357 omnia
3387 2299 3504 2355 fue—

1938 2413 1956 2446 ‹
1988 2401 2114 2448 runt
2143 2393 2353 2461 cognita
2380 2410 2392 2445 :
2420 2391 2670 2446 similiter
2702 2399 2899 2462 etpost
2929 2392 3232 2463 perfectum
3271 2391 3496 2462 respicit

1937 2506 1955 2539 ‹
1990 2486 2188 2541 omnia.
2222 2505 2239 2538 ι
2282 2485 2349 2539 Ει
2386 2484 2492 2539 alio
2540 2483 2697 2540 loco:
2732 2502 2751 2536 ι
2783 2485 2829 2538 A
2857 2485 3051 2540 saeculo
3096 2485 3264 2552 enim,
3303 2486 3498 2554 inquit,

1936 2597 1955 2631 ι
1989 2593 2158 2648 usque
2186 2577 2241 2630 in
2274 2575 2526 2631 saeculum
2557 2577 2794 2646 respicit,
2839 2584 2894 2632 et
2930 2577 3065 2632 nihil
3105 2585 3190 2633 est
3222 2592 3416 2631 novum
3445 2578 3500 2630 in

1938 2688 1957 2721 ι
1993 2677 2282 2739 conspectu
2333 2665 2467 2735 ejus.
2500 2685 2518 2718 ι
2562 2665 2700 2721 Sunt
2738 2666 2953 2736 quidem
3000 2667 3055 2721 in
3089 2666 3246 2721 malis
3270 2674 3326 2721 et
3353 2666 3504 2720 dam-

1931 2761 2124 2817 nandis
2173 2759 2338 2829 aliqui
2391 2758 2644 2828 reputati,
2691 2758 2784 2828 qui
2834 2757 2980 2812 aliud
3020 2772 3142 2814 esse
3173 2773 3279 2812 non
3313 2764 3507 2827 potue-

1933 2860 2078 2918 runt,
2111 2851 2252 2907 sicut
2276 2850 2349 2904 illi
2374 2849 2583 2920 parvuli
2625 2863 2815 2904 recens
2857 2848 2990 2912 nati,
3029 2848 3128 2903 sub
3154 2856 3307 2903 reatu
3334 2847 3502 2917 origi-

1933 2943 2070 2998 nalis
2093 2942 2302 3013 peccati
2333 2939 2590 3006 defuncti,
2615 2939 2812 3010 quibus
2838 2953 2936 3009 per
2958 2938 3286 3009 baptismum
3309 2936 3509 2992 Christi

1933 3049 2038 3088 non
2087 3033 2262 3103 potuit
2304 3029 2616 3094 subveniri;
2671 3029 2810 3084 sicut
2865 3029 3028 3084 etiam
3076 3027 3150 3083 illi
3199 3015 3509 3097 ignorantes

1931 3127 2124 3191 Deum,
2178 3125 2269 3195 qui
2314 3139 2421 3178 non
2468 3130 2757 3194 potuerunt
2785 3122 3040 3176 invocare
3083 3119 3138 3175 in
3183 3135 3342 3190 quem
3397 3135 3507 3174 non

1933 3217 2304 3282 crediderunt,
2337 3230 2440 3271 nec
2462 3215 2647 3270 audire
2677 3214 2794 3268 sine
2819 3213 3170 3284 praedicante,
3192 3226 3295 3266 nec
3319 3210 3512 3280 praedi-

1935 3315 2177 3364 catorem
2203 3307 2426 3371 habere,
2458 3305 2584 3376 quia
2615 3304 2818 3359 nullum
2841 3303 2906 3358 ad
2927 3319 2985 3360 se
3004 3302 3144 3358 mitti
3169 3309 3506 3358 meruerunt.

1935 3397 2040 3453 Sed
2057 3404 2112 3452 et
2132 3397 2186 3451 in
2209 3396 2295 3451 his
2313 3410 2420 3450 non
2437 3402 2520 3450 est
2541 3394 2798 3464 iniquitas
2818 3394 2958 3464 apud
2973 3393 3160 3459 Deum,
3175 3391 3301 3463 quia
3320 3400 3372 3447 et
3387 3391 3509 3446 illos

1934 3489 2100 3543 traxit
2147 3487 2216 3542 ad
2260 3494 2490 3542 mortem
2540 3485 2804 3554 originale
2849 3493 3155 3556 peccatum,
3197 3493 3251 3540 et
3291 3482 3424 3539 istos
3457 3491 3514 3538 et

1935 3577 2200 3649 originale
2219 3578 2427 3648 pariter
2455 3586 2510 3632 et
2531 3577 2761 3633 actuale.
2791 3575 2912 3646 lpso
2943 3585 3122 3631 tamen
3151 3574 3350 3646 ubique
3365 3574 3513 3644 justo

1932 3670 2134 3740 judice,
2168 3670 2260 3738 qui
2283 3670 2349 3723 de
2371 3676 2484 3722 tota
2510 3669 2731 3723 humani
2758 3666 2971 3739 generis
2995 3680 3193 3731 massa,
3224 3664 3294 3720 ob
3323 3664 3510 3733 prima:

1937 3758 2684 3832 praevaricationis‘meritnm
2711 3756 2855 3824 juste
2878 3758 3177 3820 damnatos,
3211 3754 3346 3809 alios
3383 3753 3515 3808 facit

270 3867 291 3900 ε
323 3847 461 3915 Quia
495 3847 716 3913 esurivi,
763 3856 820 3902 et
859 3863 967 3902 non
1015 3848 1241 3904 dedistis
1285 3848 1417 3903 mihi
1465 3848 1836 3904 manducare:

271 3955 292 3990 ς
329 3937 476 3994 sitivi
504 3946 560 3992 et
591 3953 699 3993 non
730 3938 950 3994 dedistis
980 3937 1113 3993 mihi
1144 3938 1348 4002 bibere,
1383 3959 1400 3990 ι
1445 3947 1548 3994 etc.
1592 3938 1695 3994 Ubi
1727 3938 1839 3994 evi-

266 4030 459 4086 denter
496 4029 797 4085 ostenditur
839 4029 982 4100 quod
1027 4045 1132 4085 non
1168 4037 1450 4100 propterea
1492 4030 1835 4097 damnantur,

265 4122 394 4193 quia
435 4136 601 4192 opera
642 4121 830 4178 salutis
871 4137 982 4178 suae
1022 4121 1201 4178 facere
1243 4137 1350 4177 non
1400 4129 1709 4192 potuerunt,
1742 4121 1838 4178 sed

265 4217 396 4288 quia
431 4215 613 4272 facere
654 4215 956 4271 Milleﬂml-
1006 4214 1160 4271 Unde
1211 4223 1267 4269 ει
1311 4213 1594 4269 Psalmis“!
1641 4213 1707 4269 de
1743 4228 1838 4270 θο-
1875 4270 1880 4276 .
1937 4222 2174 4294 positum
2195 4218 2419 4277 forsitan
2447 4233 2554 4274 non
2584 4217 2740 4272 facile
2768 4215 3081 4272 invenitur:
3106 4229 3297 4270 sensus
3328 4222 3512 4269 tamen

266 4309 390 4363 dem
428 4306 578 4377 justo
621 4315 677 4363 et
715 4315 918 4363 aeterno
953 4306 1133 4377 judice
1180 4305 1310 4361 dieit
1348 4319 1364 4359 ε
1415 4325 1434 4357 ι
1470 4304 1604 4372 QUia
1635 4313 1690 4358 ῑυ
1721 4305 1842 4361 Υθά⁶
1940 4314 2092 4370 verbi
2130 4312 2414 4370 manifeste
2445 4312 2497 4366 in
2523 4311 2767 4381 pluribus
2805 4309 2939 4364 locis
2977 4317 3238 4380 apparet;
3287 4308 3440 4371 sicut.
3460 4307 3514 4362 in

1938 3865 2069 3905 vasa
2121 3848 2509 3905 misericordia:
2548 3847 2783 3920 gratuita
2831 3845 3040 3917 gratia,
3092 3845 3227 3901 alios
3266 3843 3518 3914 permisit
3565 3889 3578 3897 ,

1937 3955 2060 3996 esse
2081 3954 2212 3994 vasa
2235 3939 2328 3994 ira:
2351 3938 2498 4009 justo
2520 3938 2746 4010 judicio.
2777 3938 2872 3992 Sin
2904 3945 3082 3991 autem
3104 3936 3208 3992 hoc
3228 3935 3509 4006 quaeritur,

1937 4036 2031 4093 ubi
2070 4036 2124 4091 in
2171 4035 2467 4104 Scripturis
2509 4032 2914 4104 praedestinatio
2955 4031 3011 4087 in
3063 4029 3260 4086 malam
3303 4037 3512 4100 partem

1940 4111 2174 4196 dicatur,
2223 4129 2398 4198 ipsum
2448 4127 2667 4196 quidem
2717 4125 2936 4196 proprie
2974 4124 3200 4179 verbum
3230 4120 3322 4177 tali
3353 4136 3514 4177 sensu

271 4419 290 4454 ‹
325 4403 424 4458 des
469 4401 757 4471 unicuique
799 4400 1093 4457 secundum
1139 4413 1300 4471 opera
1349 4413 1465 4454 sua.
1498 4416 1517 4449 ›
1569 4396 1687 4455 Non
1731 4398 1836 4465 ait,

267 4495 560 4552 secundum
598 4494 906 4567 praajudicia
944 4509 1072 4560 sua,
1115 4491 1255 4548 sicut
1297 4491 1400 4547 ista
1443 4491 1632 4546 insana
1664 4497 1718 4545 et
1745 4489 1836 4545 fu-

1941 4406 2131 4479 primis
2180 4406 2247 4461 de
2294 4402 2500 4476 angelis
2548 4401 2751 4473 refugis
2789 4401 2982 4458 beatus
3021 4399 3185 4456 Judas
3228 4399 3516 4470 Apostolus

1943 4497 2116 4553 dicit:
2148 4517 2166 4548 α
2193 4495 2424 4566 Angelos
2469 4508 2620 4557 vero,
2672 4493 2764 4562 qui
2812 4507 2920 4546 non
2969 4499 3321 4546 servaverunt
3355 4504 3512 4545 suum

266 4580 498 4642 ribunda
539 4586 783 4642 doctrina
822 4599 1068 4642 asserere
1115 4592 1374 4682 conatur:
1404 4580 1472 4637 ad
1510 4581 1646 4637 nihil
1693 4581 1838 4637 aliud
1862 4622 1916 4682 D
1950 4609 1966 4642 ι
2004 4590 2390 4662 principatum,
2424 4588 2518 4642 sed
2545 4586 2948 4655 dereliquerunt
2978 4601 3133 4641 suum
3162 4583 3515 4648 domicilium,

265 4679 374 4734 nisi
402 4679 472 4735 ad
507 4678 910 4735 subversionem
947 4674 1301 4732 audientium.
1333 4671 1470 4728 Cum
1498 4687 1530 4727 e
1563 4671 1838 4727 contrario

267 4769 404 4824 fides
443 4767 709 4824 catholica
747 4765 1056 4822 ﬁrmissime
1086 4770 1285 4828 teneat,
1317 4776 1418 4816 nec
1446 4759 1621 4830 ipsum
1648 4759 1838 4814 diabo-

266 4859 401 4928 lum,
439 4869 495 4916 et
523 4858 742 4930 angelos
780 4857 918 4928 ejus,
947 4855 1014 4911 ad
1039 4856 1143 4911 hoc
1172 4867 1408 4924 unquam
1430 4849 1840 4922 praedestinatos

266 4961 327 5007 ut
357 4952 492 5006 tales
517 4958 702 5006 essent
727 4966 741 5004 :
766 4948 862 5004 sed
890 4947 1015 5018 quia
1053 4944 1189 5000 tales
1222 4959 1320 5000 suo
1346 4942 1479 4997 vitio
1503 4954 1623 4996 esse
1655 4939 1839 4996 volue-

267 5051 417 5108 runt,
450 5042 654 5098 idcirco
695 5041 776 5096 eis
815 5038 1003 5094 aeterni
1045 5036 1185 5108 ignis
1225 5033 1485 5106 supplicia
1514 5039 1834 5102 praeparata.

266 5131 624 5204 Omnipotens
677 5130 824 5187 enim
871 5129 1014 5184 Deus
1052 5142 1160 5182 non
1211 5133 1296 5182 est
1337 5131 1527 5179 auctor
1576 5122 1840 5178 malorum

267 5227 607 5291 meritorum,
654 5238 758 5280 nec
789 5221 1052 5278 malorum
1091 5219 1392 5282 hominum,
1438 5230 1539 5272 nec
1575 5215 1840 5270 malorum

269 5313 625 5386 angelorum:
655 5313 752 5370 sed
778 5311 882 5384 ipsi
915 5311 1018 5368 sibi
1057 5317 1183 5367 sunt
1211 5316 1460 5364 auctores
1498 5305 1648 5371 mali,
1697 5303 1841 5374 quod

267 5407 490 5479 propria
537 5405 812 5463 voluntate
865 5412 1179 5477 gesserunt;
1235 5401 1379 5456 Deus
1434 5407 1613 5454 autem
1662 5397 1842 5468 justus

270 5501 415 5556 ultor
438 5509 495 5557 et
514 5498 679 5570 judex
702 5499 759 5555 in
784 5499 871 5555 his
903 5513 1023 5569 quae
1047 5495 1164 5567 ejus
1183 5494 1433 5565 aequitate
1458 5490 1671 5563 passuri
1692 5497 1839 5546 sunt.

270 5592 550 5649 Praescivit
588 5609 716 5664 ergo
747 5591 1076 5648 :eternaliter
1105 5589 1282 5643 futura
1314 5585 1454 5642 mala
1481 5586 1674 5641 merita
1700 5586 1842 5656 ipso-

273 5701 418 5753 rum,
461 5686 555 5742 sed
586 5685 921 5758 praescientia
955 5684 1072 5755 ejus
1099 5697 1206 5738 non
1230 5681 1310 5736 eis
1334 5677 1514 5735 intulit
1549 5677 1841 5732 necessita-

271 5788 406 5848 tem,
432 5787 492 5836 ut
514 5779 658 5836 aliud
685 5795 805 5837 esse
833 5795 938 5836 non
974 5786 1214 5851 possent,
1248 5776 1341 5832 sed
1364 5784 1571 5830 tantum
1596 5771 1843 5844 praevidit

273 5874 420 5952 quod
461 5873 608 5933 aliud
649 5888 770 5933 esse
805 5872 1028 5933 nollent.
1053 5868 1464 5929 Pmdestinavit
1489 5867 1692 5925 eisdem
1719 5881 1837 5924 ma-

1949 4699 1968 4733 ‹
2007 4678 2316 4736 carceribus
2345 4677 2592 4748 caliginis
2621 4676 2906 4730 damnatos
2933 4673 3153 4728 tradidit
3179 4673 3232 4727 in
3251 4670 3514 4742 judicium

1947 4790 1969 4825 ‹
2000 4770 2322 4828 cruciandos
2369 4767 2657 4824 reservari.
2683 4785 2702 4817 ι
2750 4766 2817 4820 Et
2845 4765 2911 4821 de
2932 4764 3270 4820 Antichristo
3311 4762 3517 4817 Paulus

1942 4861 2218 4934 apostolus
2243 4859 2414 4916 dicit:
2446 4877 2465 4911 ‹
2504 4857 2572 4913 Et
2612 4857 2883 4913 revelatus
2910 4855 3074 4912 fuerit
3097 4856 3274 4911 homo
3287 4855 3515 4925 peccati,

1949 4971 1968 5005 ι
1999 4951 2142 5006 ﬁlius
2171 4948 2507 5019 perditionis,
2555 4946 2647 5016 qui
2692 4947 3008 5002 adversatur
3042 4954 3097 5000 et
3134 4943 3407 5001 extollitur
3434 4959 3520 4997 su-

1950 5061 1969 5095 ‹
2003 5059 2100 5114 pra
2128 5057 2289 5097 omne
2331 5038 2475 5110 quod
2518 5037 2715 5094 dicitur
2757 5037 2920 5101 Deus,
2951 5044 3044 5090 aut
3070 5036 3213 5106 quod
3243 5033 3457 5090 colitur.
3489 5049 3509 5082 ›

1944 5135 2012 5190 Et
2031 5141 2153 5204 post
2179 5147 2350 5202 pauca
2385 5149 2398 5185 :
2439 5149 2456 5182 ε
2480 5129 2649 5197 Quem
2681 5128 2940 5184 Dominus
2985 5126 3277 5183 interficiet
3319 5124 3513 5196 spiritu

1949 5248 1967 5280 ι
1999 5229 2110 5283 oris
2145 5227 2251 5292 sui,
2289 5233 2343 5279 et
2382 5222 2622 5278 destruet
2667 5221 3025 5277 illustratione
3065 5219 3328 5275 adventus
3359 5215 3461 5270 sui.
3491 5231 3511 5265 ›

1942 5317 2020 5373 De
2047 5315 2184 5371 Juda
2228 5327 2442 5384 quoque
2482 5313 2760 5383 proditore
2788 5311 2902 5381 ipse
2931 5309 3208 5374 Dominus,
3249 5323 3368 5363 cum
3416 5319 3516 5372 pro

1943 5407 2197 5478 apostolis
2225 5413 2407 5461 oraret
2435 5422 2448 5458 :
2484 5423 2502 5455 ι
2537 5403 2605 5457 Et
2631 5417 2789 5457 nemo
2817 5417 2883 5456 ex
2911 5401 2992 5455 eis
3013 5400 3208 5470 periit,
3241 5395 3344 5450 nisi
3375 5394 3536 5472 filius.

1954 5517 1972 5550 ι
2007 5496 2365 5568 perditionis,
2421 5502 2483 5549 ut
2535 5492 2816 5563 Scriptura
2865 5492 3170 5562 impleatur.
3200 5508 3218 5539 ι
3279 5486 3355 5541 De
3409 5499 3518 5554 quo

1947 5591 2112 5647 etiam
2155 5589 2420 5660 apostoli,
2469 5596 2691 5643 orantes
2726 5602 2824 5658 pro
2874 5585 3137 5640 electione
3186 5580 3517 5636 successoris

1947 5680 2063 5751 ejus
2084 5679 2343 5743 Matthiaa,
2376 5678 2443 5732 ad
2465 5677 2752 5732 Dominum
2785 5677 2967 5730 dicunt
2993 5688 3006 5726 :
3045 5691 3063 5723 ι
3095 5671 3328 5727 Ostende
3356 5686 3517 5741 quem

1951 5793 1972 5826 r
2005 5788 2072 5829 ex
2099 5773 2184 5827 bis
2225 5769 2432 5826 duobus
2468 5769 2694 5838 elegeris
2732 5766 2978 5834 accipere
3019 5763 3193 5820 locum
3229 5759 3517 5819 ministerii

1951 5884 1970 5921 ι
2001 5863 2184 5938 hujus,
2233 5869 2290 5918 et
2326 5859 2709 5934 apostolatum,
2761 5856 2826 5913 de
2868 5871 2976 5929 quo
3009 5857 3394 5931 prmvaricatus
3434 5856 3521 5910 est
