  <div class='ocr_page' id='page_1' title='image "/cluster/home/n/w/nwhite01/storage/ocr_20150623/116/hvd.32044015466881/051.png"; bbox 0 0 4032 6498; ppageno 0'>
   <div class='ocr_carea' id='block_1_1' title="bbox 502 388 3774 459">
    <p class='ocr_par' dir='ltr' id='par_1_1' title="bbox 502 388 3774 459">
     <span class='ocr_line' id='line_1_1' title="bbox 502 388 3774 459; baseline -0.008 0"><span class='ocrx_word' id='word_1_1' title='bbox 502 404 563 459; x_wconf 78' lang='grc'><strong>91</strong></span> <span class='ocrx_word' id='word_1_2' title='bbox 1704 393 2056 451; x_wconf 76' lang='lat' dir='ltr'><strong>AMULOMS</strong></span> <span class='ocrx_word' id='word_1_3' title='bbox 2093 390 2306 447; x_wconf 76' lang='lat' dir='ltr'><strong>EPISG.</strong></span> <span class='ocrx_word' id='word_1_4' title='bbox 2345 389 2550 445; x_wconf 88' lang='lat' dir='ltr'><strong>LUGD.</strong></span> <span class='ocrx_word' id='word_1_5' title='bbox 3693 388 3774 444; x_wconf 69' lang='lat'><strong>92</strong></span> 
     </span>
    </p>
   </div>
   <div class='ocr_carea' id='block_1_2' title="bbox 505 496 3768 579">
    <p class='ocr_par' dir='ltr' id='par_1_2' title="bbox 505 496 3768 579">
     <span class='ocr_line' id='line_1_2' title="bbox 505 496 3768 579; baseline -0.002 -12"><span class='ocrx_word' id='word_1_6' title='bbox 505 536 523 567; x_wconf 75' lang='grc' dir='ltr'><strong>ι</strong></span> <span class='ocrx_word' id='word_1_7' title='bbox 559 514 746 579; x_wconf 74' lang='lat' dir='ltr'><strong>ludas,</strong></span> <span class='ocrx_word' id='word_1_8' title='bbox 773 520 835 568; x_wconf 87' lang='grc' dir='ltr'><strong>ιιι</strong></span> <span class='ocrx_word' id='word_1_9' title='bbox 855 511 1030 568; x_wconf 88' lang='lat' dir='ltr'><strong>abiret</strong></span> <span class='ocrx_word' id='word_1_10' title='bbox 1055 510 1108 567; x_wconf 91' lang='lat' dir='ltr'><strong>in</strong></span> <span class='ocrx_word' id='word_1_11' title='bbox 1128 509 1303 567; x_wconf 87' lang='lat' dir='ltr'><strong>locum</strong></span> <span class='ocrx_word' id='word_1_12' title='bbox 1330 525 1505 576; x_wconf 89' lang='lat' dir='ltr'><strong>suum,</strong></span> <span class='ocrx_word' id='word_1_13' title='bbox 1530 529 1548 561; x_wconf 73' lang='grc' dir='ltr'><strong>ι</strong></span> <span class='ocrx_word' id='word_1_14' title='bbox 1578 509 1707 563; x_wconf 86' lang='lat' dir='ltr'><strong>Tale</strong></span> <span class='ocrx_word' id='word_1_15' title='bbox 1728 518 1812 563; x_wconf 89' lang='lat' dir='ltr'><strong>est</strong></span> <span class='ocrx_word' id='word_1_16' title='bbox 1837 520 1888 563; x_wconf 89' lang='lat' dir='ltr'><strong>et</strong></span> <span class='ocrx_word' id='word_1_17' title='bbox 1913 506 2064 570; x_wconf 91' lang='lat' dir='ltr'><strong>illud,</strong></span> <span class='ocrx_word' id='word_1_18' title='bbox 2094 508 2145 567; x_wconf 80' lang='grc' dir='ltr'>Α</span> <span class='ocrx_word' id='word_1_19' title='bbox 2172 518 2288 557; x_wconf 91' lang='lat' dir='ltr'><strong>rum</strong></span> <span class='ocrx_word' id='word_1_20' title='bbox 2318 510 2589 572; x_wconf 87' lang='lat' dir='ltr'><strong>gestorum</strong></span> <span class='ocrx_word' id='word_1_21' title='bbox 2630 499 2771 556; x_wconf 91' lang='lat' dir='ltr'><strong>ultor</strong></span> <span class='ocrx_word' id='word_1_22' title='bbox 2799 507 2883 554; x_wconf 92' lang='lat' dir='ltr'><strong>est</strong></span> <span class='ocrx_word' id='word_1_23' title='bbox 2898 498 3093 570; x_wconf 89' lang='lat' dir='ltr'><strong>justus,</strong></span> <span class='ocrx_word' id='word_1_24' title='bbox 3137 506 3191 552; x_wconf 92' lang='lat' dir='ltr'><strong>et</strong></span> <span class='ocrx_word' id='word_1_25' title='bbox 3224 496 3269 553; x_wconf 90' lang='lat' dir='ltr'><strong>si</strong></span> <span class='ocrx_word' id='word_1_26' title='bbox 3314 498 3455 555; x_wconf 85' lang='lat' dir='ltr'><strong>mala</strong></span> <span class='ocrx_word' id='word_1_27' title='bbox 3494 513 3768 573; x_wconf 77' lang='lat' dir='ltr'><strong>gerentes</strong></span> 
     </span>
    </p>
   </div>
   <div class='ocr_carea' id='block_1_3' title="bbox 497 599 2067 676">
    <p class='ocr_par' dir='ltr' id='par_1_3' title="bbox 497 599 2067 676">
     <span class='ocr_line' id='line_1_3' title="bbox 497 599 2067 676; baseline -0.004 -16"><span class='ocrx_word' id='word_1_28' title='bbox 497 605 639 676; x_wconf 89' lang='lat' dir='ltr'><strong>quod</strong></span> <span class='ocrx_word' id='word_1_29' title='bbox 676 619 775 675; x_wconf 88' lang='lat' dir='ltr'><strong>per</strong></span> <span class='ocrx_word' id='word_1_30' title='bbox 818 600 1164 659; x_wconf 85' lang='lat' dir='ltr'><strong>Salomoncm</strong></span> <span class='ocrx_word' id='word_1_31' title='bbox 1213 601 1451 656; x_wconf 88' lang='lat' dir='ltr'><strong>dicitur:</strong></span> <span class='ocrx_word' id='word_1_32' title='bbox 1486 620 1503 650; x_wconf 77' lang='grc' dir='ltr'><strong>ι</strong></span> <span class='ocrx_word' id='word_1_33' title='bbox 1531 599 1791 656; x_wconf 91' lang='lat' dir='ltr'><strong>Universa</strong></span> <span class='ocrx_word' id='word_1_34' title='bbox 1846 606 2067 669; x_wconf 78' lang='lat' dir='ltr'><strong>propter</strong></span> 
     </span>
    </p>
   </div>
   <div class='ocr_carea' id='block_1_4' title="bbox 503 692 2064 767">
    <p class='ocr_par' dir='ltr' id='par_1_4' title="bbox 503 692 2064 767">
     <span class='ocr_line' id='line_1_4' title="bbox 503 692 2064 767; baseline -0.003 -19"><span class='ocrx_word' id='word_1_35' title='bbox 503 716 521 748; x_wconf 79' lang='grc' dir='ltr'><strong>ι</strong></span> <span class='ocrx_word' id='word_1_36' title='bbox 558 696 907 767; x_wconf 90' lang='lat' dir='ltr'><strong>semetipsum</strong></span> <span class='ocrx_word' id='word_1_37' title='bbox 936 702 1190 765; x_wconf 74' lang='lat' dir='ltr'><strong>operatus</strong></span> <span class='ocrx_word' id='word_1_38' title='bbox 1218 703 1300 749; x_wconf 90' lang='lat' dir='ltr'><strong>est</strong></span> <span class='ocrx_word' id='word_1_39' title='bbox 1327 693 1608 757; x_wconf 84' lang='lat' dir='ltr'><strong>Dominus,</strong></span> <span class='ocrx_word' id='word_1_40' title='bbox 1657 692 1878 761; x_wconf 88' lang='lat' dir='ltr'><strong>impium</strong></span> <span class='ocrx_word' id='word_1_41' title='bbox 1927 705 2064 759; x_wconf 87' lang='lat' dir='ltr'><strong>quo-</strong></span> 
     </span>
    </p>
   </div>
   <div class='ocr_carea' id='block_1_5' title="bbox 500 780 2063 858">
    <p class='ocr_par' dir='ltr' id='par_1_5' title="bbox 500 780 2063 858">
     <span class='ocr_line' id='line_1_5' title="bbox 500 780 2063 858; baseline -0.001 -20"><span class='ocrx_word' id='word_1_42' title='bbox 500 807 519 838; x_wconf 75' lang='grc' dir='ltr'><strong>ι</strong></span> <span class='ocrx_word' id='word_1_43' title='bbox 553 801 659 858; x_wconf 90' lang='lat' dir='ltr'><strong>que</strong></span> <span class='ocrx_word' id='word_1_44' title='bbox 704 786 770 842; x_wconf 92' lang='lat' dir='ltr'><strong>ad</strong></span> <span class='ocrx_word' id='word_1_45' title='bbox 813 786 953 841; x_wconf 91' lang='lat' dir='ltr'><strong>diem</strong></span> <span class='ocrx_word' id='word_1_46' title='bbox 990 784 1210 839; x_wconf 90' lang='lat' dir='ltr'><strong>malum.</strong></span> <span class='ocrx_word' id='word_1_47' title='bbox 1236 804 1254 836; x_wconf 71' lang='grc' dir='ltr'><strong>ι</strong></span> <span class='ocrx_word' id='word_1_48' title='bbox 1298 783 1366 839; x_wconf 90' lang='grc' dir='ltr'>Ει</span> <span class='ocrx_word' id='word_1_49' title='bbox 1391 784 1536 853; x_wconf 91' lang='lat' dir='ltr'><strong>quod</strong></span> <span class='ocrx_word' id='word_1_50' title='bbox 1566 783 1620 837; x_wconf 93' lang='lat' dir='ltr'><strong>in</strong></span> <span class='ocrx_word' id='word_1_51' title='bbox 1644 783 1782 838; x_wconf 90' lang='lat' dir='ltr'><strong>libro</strong></span> <span class='ocrx_word' id='word_1_52' title='bbox 1806 780 1907 838; x_wconf 86' lang='lat' dir='ltr'><strong>Job</strong></span> <span class='ocrx_word' id='word_1_53' title='bbox 1926 782 2063 837; x_wconf 91' lang='lat' dir='ltr'><strong>scri-</strong></span> 
     </span>
    </p>
   </div>
   <div class='ocr_carea' id='block_1_6' title="bbox 492 875 2063 952">
    <p class='ocr_par' dir='ltr' id='par_1_6' title="bbox 492 875 2063 952">
     <span class='ocr_line' id='line_1_6' title="bbox 492 875 2063 952; baseline -0.004 -17"><span class='ocrx_word' id='word_1_54' title='bbox 492 886 646 952; x_wconf 82' lang='lat' dir='ltr'><strong>ptum</strong></span> <span class='ocrx_word' id='word_1_55' title='bbox 668 886 790 935; x_wconf 88' lang='lat' dir='ltr'><strong>est:</strong></span> <span class='ocrx_word' id='word_1_56' title='bbox 825 896 843 929; x_wconf 75' lang='grc' dir='ltr'><strong>ι</strong></span> <span class='ocrx_word' id='word_1_57' title='bbox 876 875 1011 944; x_wconf 82' lang='lat' dir='ltr'><strong>Quia</strong></span> <span class='ocrx_word' id='word_1_58' title='bbox 1058 878 1113 931; x_wconf 91' lang='lat' dir='ltr'><strong>in</strong></span> <span class='ocrx_word' id='word_1_59' title='bbox 1153 875 1295 931; x_wconf 91' lang='lat' dir='ltr'><strong>diem</strong></span> <span class='ocrx_word' id='word_1_60' title='bbox 1337 875 1654 946; x_wconf 75' lang='lat' dir='ltr'><strong>perditionis</strong></span> <span class='ocrx_word' id='word_1_61' title='bbox 1682 882 1927 930; x_wconf 76' lang='lat' dir='ltr'><strong>servatur</strong></span> <span class='ocrx_word' id='word_1_62' title='bbox 1954 890 2063 929; x_wconf 87' lang='lat' dir='ltr'><strong>ma-</strong></span> 
     </span>
    </p>
   </div>
   <div class='ocr_carea' id='block_1_7' title="bbox 502 965 2065 1038">
    <p class='ocr_par' dir='ltr' id='par_1_7' title="bbox 502 965 2065 1038">
     <span class='ocr_line' id='line_1_7' title="bbox 502 965 2065 1038; baseline -0.002 -14"><span class='ocrx_word' id='word_1_63' title='bbox 502 992 519 1024; x_wconf 86' lang='grc'><strong>‹</strong></span> <span class='ocrx_word' id='word_1_64' title='bbox 554 972 656 1038; x_wconf 90' lang='lat' dir='ltr'><strong>lus,</strong></span> <span class='ocrx_word' id='word_1_65' title='bbox 686 981 738 1028; x_wconf 90' lang='lat' dir='ltr'><strong>et</strong></span> <span class='ocrx_word' id='word_1_66' title='bbox 767 972 833 1025; x_wconf 87' lang='lat' dir='ltr'><strong>ad</strong></span> <span class='ocrx_word' id='word_1_67' title='bbox 865 971 1004 1025; x_wconf 91' lang='lat' dir='ltr'><strong>diem</strong></span> <span class='ocrx_word' id='word_1_68' title='bbox 1050 968 1253 1031; x_wconf 56' lang='lat' dir='ltr'><strong>furoris,</strong></span> <span class='ocrx_word' id='word_1_69' title='bbox 1289 969 1522 1024; x_wconf 90' lang='lat' dir='ltr'><strong>ducitur.</strong></span> <span class='ocrx_word' id='word_1_70' title='bbox 1550 988 1570 1020; x_wconf 70' lang='grc' dir='ltr'><strong>ι</strong></span> <span class='ocrx_word' id='word_1_71' title='bbox 1621 968 1688 1022; x_wconf 85' lang='grc' dir='ltr'>Ει</span> <span class='ocrx_word' id='word_1_72' title='bbox 1715 967 1771 1022; x_wconf 93' lang='lat' dir='ltr'><strong>in</strong></span> <span class='ocrx_word' id='word_1_73' title='bbox 1792 967 1932 1023; x_wconf 90' lang='lat' dir='ltr'><strong>libro</strong></span> <span class='ocrx_word' id='word_1_74' title='bbox 1967 965 2065 1021; x_wconf 86' lang='lat' dir='ltr'><strong>Sa-</strong></span> 
     </span>
    </p>
   </div>
   <div class='ocr_carea' id='block_1_8' title="bbox 494 1059 2065 1136">
    <p class='ocr_par' dir='ltr' id='par_1_8' title="bbox 494 1059 2065 1136">
     <span class='ocr_line' id='line_1_8' title="bbox 494 1059 2065 1136; baseline -0.002 -18"><span class='ocrx_word' id='word_1_75' title='bbox 494 1064 711 1136; x_wconf 65' lang='lat' dir='ltr'><strong>pientiae</strong></span> <span class='ocrx_word' id='word_1_76' title='bbox 753 1063 818 1118; x_wconf 88' lang='lat' dir='ltr'><strong>de</strong></span> <span class='ocrx_word' id='word_1_77' title='bbox 858 1060 1166 1133; x_wconf 64' lang='lat' dir='ltr'><strong>Egyptiis:</strong></span> <span class='ocrx_word' id='word_1_78' title='bbox 1199 1080 1216 1112; x_wconf 84' lang='grc' dir='ltr'><strong>ι</strong></span> <span class='ocrx_word' id='word_1_79' title='bbox 1238 1060 1478 1115; x_wconf 80' lang='lat' dir='ltr'><strong>Ducebat</strong></span> <span class='ocrx_word' id='word_1_80' title='bbox 1506 1061 1648 1116; x_wconf 92' lang='lat' dir='ltr'><strong>enim</strong></span> <span class='ocrx_word' id='word_1_81' title='bbox 1679 1075 1772 1114; x_wconf 91' lang='lat' dir='ltr'><strong>eos</strong></span> <span class='ocrx_word' id='word_1_82' title='bbox 1810 1059 1879 1115; x_wconf 82' lang='lat' dir='ltr'><strong>ad</strong></span> <span class='ocrx_word' id='word_1_83' title='bbox 1922 1059 2065 1115; x_wconf 88' lang='lat' dir='ltr'><strong>hunc</strong></span> 
     </span>
    </p>
   </div>
   <div class='ocr_carea' id='block_1_9' title="bbox 499 1150 2064 1223">
    <p class='ocr_par' dir='ltr' id='par_1_9' title="bbox 499 1150 2064 1223">
     <span class='ocr_line' id='line_1_9' title="bbox 499 1150 2064 1223; baseline 0.003 -20"><span class='ocrx_word' id='word_1_84' title='bbox 499 1172 517 1203; x_wconf 75' lang='grc' dir='ltr'><strong>ι</strong></span> <span class='ocrx_word' id='word_1_85' title='bbox 552 1153 713 1208; x_wconf 83' lang='lat' dir='ltr'><strong>ﬁnem</strong></span> <span class='ocrx_word' id='word_1_86' title='bbox 756 1153 916 1223; x_wconf 88' lang='lat' dir='ltr'><strong>digna</strong></span> <span class='ocrx_word' id='word_1_87' title='bbox 961 1152 1279 1206; x_wconf 84' lang='lat' dir='ltr'><strong>necessitas.</strong></span> <span class='ocrx_word' id='word_1_88' title='bbox 1311 1172 1329 1204; x_wconf 74' lang='grc' dir='ltr'><strong>ι</strong></span> <span class='ocrx_word' id='word_1_89' title='bbox 1365 1152 1433 1205; x_wconf 85' lang='grc' dir='ltr'>Ει</span> <span class='ocrx_word' id='word_1_90' title='bbox 1473 1152 1613 1222; x_wconf 89' lang='lat' dir='ltr'><strong>apud</strong></span> <span class='ocrx_word' id='word_1_91' title='bbox 1659 1150 1947 1206; x_wconf 82' lang='lat' dir='ltr'><strong>Jeremiam</strong></span> <span class='ocrx_word' id='word_1_92' title='bbox 1997 1152 2064 1207; x_wconf 86' lang='lat' dir='ltr'><strong>de</strong></span> 
     </span>
    </p>
   </div>
   <div class='ocr_carea' id='block_1_10' title="bbox 491 1242 2064 1315">
    <p class='ocr_par' dir='ltr' id='par_1_10' title="bbox 491 1242 2064 1315">
     <span class='ocr_line' id='line_1_10' title="bbox 491 1242 2064 1315; baseline 0.002 -20"><span class='ocrx_word' id='word_1_93' title='bbox 491 1245 812 1315; x_wconf 88' lang='lat' dir='ltr'><strong>quibusdam</strong></span> <span class='ocrx_word' id='word_1_94' title='bbox 840 1261 854 1298; x_wconf 89' lang='lat'><strong>:</strong></span> <span class='ocrx_word' id='word_1_95' title='bbox 885 1263 902 1294; x_wconf 81' lang='grc' dir='ltr'><strong>ι</strong></span> <span class='ocrx_word' id='word_1_96' title='bbox 930 1242 1209 1314; x_wconf 85' lang='lat' dir='ltr'><strong>Congrega</strong></span> <span class='ocrx_word' id='word_1_97' title='bbox 1247 1258 1340 1299; x_wconf 90' lang='lat' dir='ltr'><strong>eos</strong></span> <span class='ocrx_word' id='word_1_98' title='bbox 1372 1243 1526 1313; x_wconf 88' lang='lat' dir='ltr'><strong>quasi</strong></span> <span class='ocrx_word' id='word_1_99' title='bbox 1566 1258 1781 1314; x_wconf 82' lang='lat' dir='ltr'><strong>gregem</strong></span> <span class='ocrx_word' id='word_1_100' title='bbox 1812 1243 1877 1296; x_wconf 89' lang='lat' dir='ltr'><strong>ad</strong></span> <span class='ocrx_word' id='word_1_101' title='bbox 1910 1243 2064 1298; x_wconf 84' lang='lat' dir='ltr'><strong>victi-</strong></span> 
     </span>
    </p>
   </div>
   <div class='ocr_carea' id='block_1_11' title="bbox 492 1335 2062 1403">
    <p class='ocr_par' dir='ltr' id='par_1_11' title="bbox 492 1335 2062 1403">
     <span class='ocr_line' id='line_1_11' title="bbox 492 1335 2062 1403; baseline 0.001 -14"><span class='ocrx_word' id='word_1_102' title='bbox 492 1354 654 1403; x_wconf 85' lang='lat' dir='ltr'><strong>mam,</strong></span> <span class='ocrx_word' id='word_1_103' title='bbox 697 1346 753 1393; x_wconf 88' lang='lat' dir='ltr'><strong>et</strong></span> <span class='ocrx_word' id='word_1_104' title='bbox 775 1336 1054 1392; x_wconf 87' lang='lat' dir='ltr'><strong>sanctiﬁca</strong></span> <span class='ocrx_word' id='word_1_105' title='bbox 1096 1351 1189 1393; x_wconf 92' lang='lat' dir='ltr'><strong>eos</strong></span> <span class='ocrx_word' id='word_1_106' title='bbox 1236 1336 1288 1392; x_wconf 90' lang='lat' dir='ltr'><strong>in</strong></span> <span class='ocrx_word' id='word_1_107' title='bbox 1327 1335 1470 1392; x_wconf 91' lang='lat' dir='ltr'><strong>diem</strong></span> <span class='ocrx_word' id='word_1_108' title='bbox 1513 1336 1820 1392; x_wconf 87' lang='lat' dir='ltr'><strong>occisionis.</strong></span> <span class='ocrx_word' id='word_1_109' title='bbox 1852 1358 1872 1390; x_wconf 72' lang='grc' dir='ltr'><strong>ι</strong></span> <span class='ocrx_word' id='word_1_110' title='bbox 1921 1336 2062 1391; x_wconf 90' lang='lat' dir='ltr'><strong>Tali-</strong></span> 
     </span>
    </p>
   </div>
   <div class='ocr_carea' id='block_1_12' title="bbox 489 1427 2059 1499">
    <p class='ocr_par' dir='ltr' id='par_1_12' title="bbox 489 1427 2059 1499">
     <span class='ocr_line' id='line_1_12' title="bbox 489 1427 2059 1499; baseline -0.001 -16"><span class='ocrx_word' id='word_1_111' title='bbox 489 1429 589 1483; x_wconf 86' lang='lat' dir='ltr'><strong>bus</strong></span> <span class='ocrx_word' id='word_1_112' title='bbox 643 1428 807 1483; x_wconf 87' lang='lat' dir='ltr'><strong>etiam</strong></span> <span class='ocrx_word' id='word_1_113' title='bbox 862 1427 1029 1485; x_wconf 85' lang='lat' dir='ltr'><strong>Amos</strong></span> <span class='ocrx_word' id='word_1_114' title='bbox 1083 1429 1350 1498; x_wconf 84' lang='lat' dir='ltr'><strong>propheta</strong></span> <span class='ocrx_word' id='word_1_115' title='bbox 1422 1428 1554 1483; x_wconf 88' lang='lat' dir='ltr'><strong>dicit</strong></span> <span class='ocrx_word' id='word_1_116' title='bbox 1605 1446 1618 1482; x_wconf 88' lang='lat'>:</span> <span class='ocrx_word' id='word_1_117' title='bbox 1686 1448 1704 1480; x_wconf 77' lang='grc' dir='ltr'><strong>ι</strong></span> <span class='ocrx_word' id='word_1_118' title='bbox 1740 1428 1842 1495; x_wconf 93' lang='lat' dir='ltr'><strong>Qui</strong></span> <span class='ocrx_word' id='word_1_119' title='bbox 1901 1443 2059 1499; x_wconf 79' lang='lat' dir='ltr'><strong>sepa-</strong></span> 
     </span>
    </p>
   </div>
   <div class='ocr_carea' id='block_1_13' title="bbox 495 1522 2060 1593">
    <p class='ocr_par' dir='ltr' id='par_1_13' title="bbox 495 1522 2060 1593">
     <span class='ocr_line' id='line_1_13' title="bbox 495 1522 2060 1593; baseline 0.004 -20"><span class='ocrx_word' id='word_1_120' title='bbox 495 1540 513 1573; x_wconf 80' lang='grc' dir='ltr'><strong>ι</strong></span> <span class='ocrx_word' id='word_1_121' title='bbox 556 1523 658 1577; x_wconf 90' lang='lat' dir='ltr'><strong>rati</strong></span> <span class='ocrx_word' id='word_1_122' title='bbox 714 1522 843 1580; x_wconf 86' lang='lat' dir='ltr'><strong>estis</strong></span> <span class='ocrx_word' id='word_1_123' title='bbox 902 1523 968 1578; x_wconf 88' lang='lat' dir='ltr'><strong>ad</strong></span> <span class='ocrx_word' id='word_1_124' title='bbox 1028 1522 1169 1577; x_wconf 90' lang='lat' dir='ltr'><strong>diem</strong></span> <span class='ocrx_word' id='word_1_125' title='bbox 1222 1522 1458 1586; x_wconf 88' lang='lat' dir='ltr'><strong>malum,</strong></span> <span class='ocrx_word' id='word_1_126' title='bbox 1509 1531 1566 1577; x_wconf 91' lang='lat' dir='ltr'><strong>et</strong></span> <span class='ocrx_word' id='word_1_127' title='bbox 1613 1524 2060 1593; x_wconf 81' lang='lat' dir='ltr'><strong>appropinquatis</strong></span> 
     </span>
    </p>
   </div>
   <div class='ocr_carea' id='block_1_14' title="bbox 495 1614 2063 1695">
    <p class='ocr_par' dir='ltr' id='par_1_14' title="bbox 495 1614 2063 1695">
     <span class='ocr_line' id='line_1_14' title="bbox 495 1614 2063 1695; baseline 0.003 -29"><span class='ocrx_word' id='word_1_128' title='bbox 495 1632 513 1666; x_wconf 74' lang='grc' dir='ltr'><strong>ι</strong></span> <span class='ocrx_word' id='word_1_129' title='bbox 556 1615 691 1671; x_wconf 92' lang='lat' dir='ltr'><strong>solio</strong></span> <span class='ocrx_word' id='word_1_130' title='bbox 724 1616 1043 1687; x_wconf 83' lang='lat' dir='ltr'><strong>iniquitatis.</strong></span> <span class='ocrx_word' id='word_1_131' title='bbox 1076 1636 1096 1667; x_wconf 83' lang='grc'><strong>›</strong></span> <span class='ocrx_word' id='word_1_132' title='bbox 1139 1615 1370 1695; x_wconf 19' lang='lat' dir='ltr'><strong>ltem&#39;de</strong></span> <span class='ocrx_word' id='word_1_133' title='bbox 1408 1614 1532 1669; x_wconf 91' lang='lat' dir='ltr'><strong>ﬁliis</strong></span> <span class='ocrx_word' id='word_1_134' title='bbox 1569 1615 1689 1671; x_wconf 84' lang='lat' dir='ltr'><strong>Heli</strong></span> <span class='ocrx_word' id='word_1_135' title='bbox 1724 1616 1970 1672; x_wconf 87' lang='lat' dir='ltr'><strong>scelestis</strong></span> <span class='ocrx_word' id='word_1_136' title='bbox 2007 1626 2063 1673; x_wconf 89' lang='lat' dir='ltr'><strong>et</strong></span> 
     </span>
    </p>
   </div>
   <div class='ocr_carea' id='block_1_15' title="bbox 489 1705 2061 1778">
    <p class='ocr_par' dir='ltr' id='par_1_15' title="bbox 489 1705 2061 1778">
     <span class='ocr_line' id='line_1_15' title="bbox 489 1705 2061 1778; baseline 0.003 -18"><span class='ocrx_word' id='word_1_137' title='bbox 489 1705 764 1778; x_wconf 82' lang='lat' dir='ltr'><strong>sacrilegis</strong></span> <span class='ocrx_word' id='word_1_138' title='bbox 788 1707 985 1763; x_wconf 90' lang='lat' dir='ltr'><strong>dicitur</strong></span> <span class='ocrx_word' id='word_1_139' title='bbox 1013 1727 1025 1762; x_wconf 95' lang='lat'><strong>:</strong></span> <span class='ocrx_word' id='word_1_140' title='bbox 1061 1726 1080 1758; x_wconf 80' lang='grc' dir='ltr'><strong>ι</strong></span> <span class='ocrx_word' id='word_1_141' title='bbox 1109 1706 1208 1774; x_wconf 86' lang='lat' dir='ltr'><strong>Qui</strong></span> <span class='ocrx_word' id='word_1_142' title='bbox 1232 1724 1339 1762; x_wconf 86' lang='lat' dir='ltr'><strong>non</strong></span> <span class='ocrx_word' id='word_1_143' title='bbox 1367 1708 1653 1763; x_wconf 89' lang='lat' dir='ltr'><strong>audierunt</strong></span> <span class='ocrx_word' id='word_1_144' title='bbox 1677 1724 1861 1765; x_wconf 89' lang='lat' dir='ltr'><strong>vocem</strong></span> <span class='ocrx_word' id='word_1_145' title='bbox 1888 1708 2061 1778; x_wconf 81' lang='lat' dir='ltr'><strong>patris</strong></span> 
     </span>
    </p>
   </div>
   <div class='ocr_carea' id='block_1_16' title="bbox 495 1798 2062 1869">
    <p class='ocr_par' dir='ltr' id='par_1_16' title="bbox 495 1798 2062 1869">
     <span class='ocr_line' id='line_1_16' title="bbox 495 1798 2062 1869; baseline 0.003 -20"><span class='ocrx_word' id='word_1_146' title='bbox 495 1814 513 1849; x_wconf 83' lang='grc' dir='ltr'><strong>ι</strong></span> <span class='ocrx_word' id='word_1_147' title='bbox 550 1800 653 1863; x_wconf 92' lang='lat' dir='ltr'><strong>sui,</strong></span> <span class='ocrx_word' id='word_1_148' title='bbox 676 1798 801 1869; x_wconf 87' lang='lat' dir='ltr'><strong>quia</strong></span> <span class='ocrx_word' id='word_1_149' title='bbox 829 1798 996 1853; x_wconf 90' lang='lat' dir='ltr'><strong>voluit</strong></span> <span class='ocrx_word' id='word_1_150' title='bbox 1016 1799 1275 1853; x_wconf 89' lang='lat' dir='ltr'><strong>Dominus</strong></span> <span class='ocrx_word' id='word_1_151' title='bbox 1295 1799 1546 1854; x_wconf 89' lang='lat' dir='ltr'><strong>occidere</strong></span> <span class='ocrx_word' id='word_1_152' title='bbox 1568 1814 1681 1854; x_wconf 92' lang='lat' dir='ltr'><strong>cos.</strong></span> <span class='ocrx_word' id='word_1_153' title='bbox 1696 1820 1712 1851; x_wconf 74' lang='grc' dir='ltr'><strong>ι</strong></span> <span class='ocrx_word' id='word_1_154' title='bbox 1732 1800 1797 1854; x_wconf 86' lang='lat' dir='ltr'><strong>Et</strong></span> <span class='ocrx_word' id='word_1_155' title='bbox 1819 1801 1884 1854; x_wconf 90' lang='lat' dir='ltr'><strong>ad</strong></span> <span class='ocrx_word' id='word_1_156' title='bbox 1902 1800 2062 1854; x_wconf 81' lang='lat' dir='ltr'><strong>Ama-</strong></span> 
     </span>
    </p>
   </div>
   <div class='ocr_carea' id='block_1_17' title="bbox 2172 587 3765 659">
    <p class='ocr_par' dir='ltr' id='par_1_17' title="bbox 2172 587 3765 659">
     <span class='ocr_line' id='line_1_17' title="bbox 2172 587 3765 659; baseline 0.002 -13"><span class='ocrx_word' id='word_1_157' title='bbox 2172 593 2239 647; x_wconf 91' lang='lat' dir='ltr'><strong>ad</strong></span> <span class='ocrx_word' id='word_1_158' title='bbox 2271 608 2395 648; x_wconf 90' lang='lat' dir='ltr'><strong>eum</strong></span> <span class='ocrx_word' id='word_1_159' title='bbox 2437 599 2841 655; x_wconf 87' lang='lat' dir='ltr'><strong>convertantur,</strong></span> <span class='ocrx_word' id='word_1_160' title='bbox 2889 587 3124 644; x_wconf 92' lang='lat' dir='ltr'><strong>indultor</strong></span> <span class='ocrx_word' id='word_1_161' title='bbox 3155 589 3293 659; x_wconf 91' lang='lat' dir='ltr'><strong>pius.</strong></span> <span class='ocrx_word' id='word_1_162' title='bbox 3347 588 3638 649; x_wconf 88' lang='lat' dir='ltr'><strong>Sciendum</strong></span> <span class='ocrx_word' id='word_1_163' title='bbox 3674 603 3765 649; x_wconf 81' lang='lat' dir='ltr'><strong>ta-</strong></span> 
     </span>
    </p>
   </div>
   <div class='ocr_carea' id='block_1_18' title="bbox 2170 681 3764 754">
    <p class='ocr_par' dir='ltr' id='par_1_18' title="bbox 2170 681 3764 754">
     <span class='ocr_line' id='line_1_18' title="bbox 2170 681 3764 754; baseline 0 -15"><span class='ocrx_word' id='word_1_164' title='bbox 2170 700 2293 739; x_wconf 90' lang='lat' dir='ltr'><strong>men</strong></span> <span class='ocrx_word' id='word_1_165' title='bbox 2329 684 2472 754; x_wconf 88' lang='lat' dir='ltr'><strong>quod</strong></span> <span class='ocrx_word' id='word_1_166' title='bbox 2508 681 2998 753; x_wconf 68' lang='lat' dir='ltr'><strong>praedestinationis</strong></span> <span class='ocrx_word' id='word_1_167' title='bbox 3029 682 3273 748; x_wconf 82' lang='lat' dir='ltr'><strong>verbum,</strong></span> <span class='ocrx_word' id='word_1_168' title='bbox 3314 681 3367 735; x_wconf 92' lang='lat' dir='ltr'><strong>in</strong></span> <span class='ocrx_word' id='word_1_169' title='bbox 3399 682 3597 737; x_wconf 85' lang='lat' dir='ltr'><strong>malam</strong></span> <span class='ocrx_word' id='word_1_170' title='bbox 3621 698 3764 752; x_wconf 82' lang='lat' dir='ltr'><strong>par-</strong></span> 
     </span>
    </p>
   </div>
   <div class='ocr_carea' id='block_1_19' title="bbox 2171 774 3760 845">
    <p class='ocr_par' dir='ltr' id='par_1_19' title="bbox 2171 774 3760 845">
     <span class='ocr_line' id='line_1_19' title="bbox 2171 774 3760 845; baseline 0 -12"><span class='ocrx_word' id='word_1_171' title='bbox 2171 786 2298 842; x_wconf 89' lang='lat' dir='ltr'><strong>tem,</strong></span> <span class='ocrx_word' id='word_1_172' title='bbox 2329 778 2467 832; x_wconf 88' lang='lat' dir='ltr'><strong>sicut</strong></span> <span class='ocrx_word' id='word_1_173' title='bbox 2493 776 2546 830; x_wconf 88' lang='lat' dir='ltr'><strong>in</strong></span> <span class='ocrx_word' id='word_1_174' title='bbox 2576 774 2871 845; x_wconf 85' lang='lat' dir='ltr'><strong>Scripturis</strong></span> <span class='ocrx_word' id='word_1_175' title='bbox 2900 774 3078 830; x_wconf 89' lang='lat' dir='ltr'><strong>minus</strong></span> <span class='ocrx_word' id='word_1_176' title='bbox 3102 784 3186 829; x_wconf 87' lang='lat' dir='ltr'><strong>est</strong></span> <span class='ocrx_word' id='word_1_177' title='bbox 3223 774 3498 844; x_wconf 86' lang='lat' dir='ltr'><strong>usitatum,</strong></span> <span class='ocrx_word' id='word_1_178' title='bbox 3528 775 3603 831; x_wconf 86' lang='lat' dir='ltr'><strong>ita</strong></span> <span class='ocrx_word' id='word_1_179' title='bbox 3633 786 3695 832; x_wconf 89' lang='lat' dir='ltr'><strong>et</strong></span> <span class='ocrx_word' id='word_1_180' title='bbox 3723 793 3760 833; x_wconf 71' lang='grc' dir='ltr'><strong>ει</strong></span> 
     </span>
    </p>
   </div>
   <div class='ocr_carea' id='block_1_20' title="bbox 2170 866 3759 938">
    <p class='ocr_par' dir='ltr' id='par_1_20' title="bbox 2170 866 3759 938">
     <span class='ocr_line' id='line_1_20' title="bbox 2170 866 3759 938; baseline -0.001 -14"><span class='ocrx_word' id='word_1_181' title='bbox 2170 867 2481 924; x_wconf 89' lang='lat' dir='ltr'><strong>doctoribus</strong></span> <span class='ocrx_word' id='word_1_182' title='bbox 2522 866 2699 922; x_wconf 90' lang='lat' dir='ltr'><strong>rarius</strong></span> <span class='ocrx_word' id='word_1_183' title='bbox 2729 874 2813 922; x_wconf 91' lang='lat' dir='ltr'><strong>est</strong></span> <span class='ocrx_word' id='word_1_184' title='bbox 2859 873 3199 937; x_wconf 88' lang='lat' dir='ltr'><strong>usurpatum,</strong></span> <span class='ocrx_word' id='word_1_185' title='bbox 3227 874 3283 920; x_wconf 85' lang='lat' dir='ltr'><strong>et</strong></span> <span class='ocrx_word' id='word_1_186' title='bbox 3312 866 3381 922; x_wconf 89' lang='lat' dir='ltr'><strong>ob</strong></span> <span class='ocrx_word' id='word_1_187' title='bbox 3413 866 3517 923; x_wconf 92' lang='lat' dir='ltr'><strong>hoc</strong></span> <span class='ocrx_word' id='word_1_188' title='bbox 3543 882 3759 938; x_wconf 85' lang='lat' dir='ltr'><strong>nequa-</strong></span> 
     </span>
    </p>
   </div>
   <div class='ocr_carea' id='block_1_21' title="bbox 2167 958 3217 1032">
    <p class='ocr_par' dir='ltr' id='par_1_21' title="bbox 2167 958 3217 1032">
     <span class='ocr_line' id='line_1_21' title="bbox 2167 958 3217 1032; baseline -0.003 -17"><span class='ocrx_word' id='word_1_189' title='bbox 2167 976 2328 1031; x_wconf 85' lang='lat' dir='ltr'><strong>quam</strong></span> <span class='ocrx_word' id='word_1_190' title='bbox 2351 975 2673 1032; x_wconf 81' lang='lat' dir='ltr'><strong>magnopere</strong></span> <span class='ocrx_word' id='word_1_191' title='bbox 2698 960 2763 1015; x_wconf 89' lang='lat' dir='ltr'><strong>de</strong></span> <span class='ocrx_word' id='word_1_192' title='bbox 2791 975 2855 1015; x_wconf 90' lang='lat' dir='ltr'><strong>eo</strong></span> <span class='ocrx_word' id='word_1_193' title='bbox 2882 958 3217 1014; x_wconf 90' lang='lat' dir='ltr'><strong>certandum.</strong></span> 
     </span>
    </p>
   </div>
   <div class='ocr_carea' id='block_1_22' title="bbox 2235 1050 3754 1120">
    <p class='ocr_par' dir='ltr' id='par_1_22' title="bbox 2235 1050 3754 1120">
     <span class='ocr_line' id='line_1_22' title="bbox 2235 1050 3754 1120; baseline 0.001 -15"><span class='ocrx_word' id='word_1_194' title='bbox 2235 1051 2432 1120; x_wconf 86' lang='lat' dir='ltr'><strong>Quinto</strong></span> <span class='ocrx_word' id='word_1_195' title='bbox 2457 1051 2577 1107; x_wconf 90' lang='lat' dir='ltr'><strong>loco</strong></span> <span class='ocrx_word' id='word_1_196' title='bbox 2611 1066 2715 1107; x_wconf 92' lang='lat' dir='ltr'><strong>non</strong></span> <span class='ocrx_word' id='word_1_197' title='bbox 2746 1050 2925 1104; x_wconf 90' lang='lat' dir='ltr'><strong>minus</strong></span> <span class='ocrx_word' id='word_1_198' title='bbox 2961 1050 3292 1104; x_wconf 88' lang='lat' dir='ltr'><strong>detestamur</strong></span> <span class='ocrx_word' id='word_1_199' title='bbox 3335 1059 3392 1106; x_wconf 91' lang='lat' dir='ltr'><strong>et</strong></span> <span class='ocrx_word' id='word_1_200' title='bbox 3430 1051 3754 1120; x_wconf 86' lang='lat' dir='ltr'><strong>horremus,</strong></span> 
     </span>
    </p>
   </div>
   <div class='ocr_carea' id='block_1_23' title="bbox 2164 1143 3755 1216">
    <p class='ocr_par' dir='ltr' id='par_1_23' title="bbox 2164 1143 3755 1216">
     <span class='ocr_line' id='line_1_23' title="bbox 2164 1143 3755 1216; baseline -0.002 -14"><span class='ocrx_word' id='word_1_201' title='bbox 2164 1147 2309 1216; x_wconf 87' lang='lat' dir='ltr'><strong>quod</strong></span> <span class='ocrx_word' id='word_1_202' title='bbox 2333 1148 2405 1201; x_wconf 91' lang='lat' dir='ltr'><strong>ita</strong></span> <span class='ocrx_word' id='word_1_203' title='bbox 2433 1145 2682 1201; x_wconf 84' lang='lat' dir='ltr'><strong>exarsisti</strong></span> <span class='ocrx_word' id='word_1_204' title='bbox 2719 1144 2980 1199; x_wconf 88' lang='lat' dir='ltr'><strong>adversus</strong></span> <span class='ocrx_word' id='word_1_205' title='bbox 3013 1159 3108 1200; x_wconf 92' lang='lat' dir='ltr'><strong>eos</strong></span> <span class='ocrx_word' id='word_1_206' title='bbox 3152 1143 3245 1213; x_wconf 89' lang='lat' dir='ltr'><strong>qui</strong></span> <span class='ocrx_word' id='word_1_207' title='bbox 3289 1153 3491 1198; x_wconf 71' lang='lat' dir='ltr'><strong>mterno</strong></span> <span class='ocrx_word' id='word_1_208' title='bbox 3521 1145 3755 1200; x_wconf 84' lang='lat' dir='ltr'><strong>interitu</strong></span> 
     </span>
    </p>
   </div>
   <div class='ocr_carea' id='block_1_24' title="bbox 2165 1235 3757 1309">
    <p class='ocr_par' dir='ltr' id='par_1_24' title="bbox 2165 1235 3757 1309">
     <span class='ocr_line' id='line_1_24' title="bbox 2165 1235 3757 1309; baseline -0.003 -13"><span class='ocrx_word' id='word_1_209' title='bbox 2165 1249 2290 1296; x_wconf 89' lang='lat' dir='ltr'><strong>sunt</strong></span> <span class='ocrx_word' id='word_1_210' title='bbox 2315 1239 2483 1309; x_wconf 82' lang='lat' dir='ltr'><strong>digni,</strong></span> <span class='ocrx_word' id='word_1_211' title='bbox 2527 1247 2586 1293; x_wconf 93' lang='lat' dir='ltr'><strong>ut</strong></span> <span class='ocrx_word' id='word_1_212' title='bbox 2625 1237 2825 1292; x_wconf 80' lang='lat' dir='ltr'><strong>dixeris</strong></span> <span class='ocrx_word' id='word_1_213' title='bbox 2849 1250 2941 1292; x_wconf 89' lang='lat' dir='ltr'><strong>eos</strong></span> <span class='ocrx_word' id='word_1_214' title='bbox 2987 1243 3096 1290; x_wconf 90' lang='lat' dir='ltr'><strong>tam</strong></span> <span class='ocrx_word' id='word_1_215' title='bbox 3136 1235 3561 1291; x_wconf 88' lang='lat' dir='ltr'><strong>irrevocabiliter</strong></span> <span class='ocrx_word' id='word_1_216' title='bbox 3589 1245 3647 1291; x_wconf 92' lang='lat' dir='ltr'><strong>et</strong></span> <span class='ocrx_word' id='word_1_217' title='bbox 3668 1236 3757 1291; x_wconf 80' lang='lat' dir='ltr'><strong>in-</strong></span> 
     </span>
    </p>
   </div>
   <div class='ocr_carea' id='block_1_25' title="bbox 2164 1328 3754 1400">
    <p class='ocr_par' dir='ltr' id='par_1_25' title="bbox 2164 1328 3754 1400">
     <span class='ocr_line' id='line_1_25' title="bbox 2164 1328 3754 1400; baseline -0.004 -10"><span class='ocrx_word' id='word_1_218' title='bbox 2164 1331 2616 1391; x_wconf 89' lang='lat' dir='ltr'><strong>commutabiliter</strong></span> <span class='ocrx_word' id='word_1_219' title='bbox 2650 1328 2939 1400; x_wconf 87' lang='lat' dir='ltr'><strong>perditioni</strong></span> <span class='ocrx_word' id='word_1_220' title='bbox 2980 1342 3099 1382; x_wconf 90' lang='lat' dir='ltr'><strong>esse</strong></span> <span class='ocrx_word' id='word_1_221' title='bbox 3126 1328 3555 1397; x_wconf 74' lang='lat' dir='ltr'><strong>prmdestinatos,</strong></span> <span class='ocrx_word' id='word_1_222' title='bbox 3607 1329 3754 1383; x_wconf 86' lang='lat' dir='ltr'><strong>sicut</strong></span> 
     </span>
    </p>
   </div>
   <div class='ocr_carea' id='block_1_26' title="bbox 2162 1419 3754 1495">
    <p class='ocr_par' dir='ltr' id='par_1_26' title="bbox 2162 1419 3754 1495">
     <span class='ocr_line' id='line_1_26' title="bbox 2162 1419 3754 1495; baseline -0.003 -17"><span class='ocrx_word' id='word_1_223' title='bbox 2162 1424 2306 1481; x_wconf 91' lang='lat' dir='ltr'><strong>Deus</strong></span> <span class='ocrx_word' id='word_1_224' title='bbox 2336 1425 2449 1495; x_wconf 87' lang='lat' dir='ltr'><strong>ipse</strong></span> <span class='ocrx_word' id='word_1_225' title='bbox 2490 1421 2944 1479; x_wconf 87' lang='lat' dir='ltr'><strong>incommutabilis</strong></span> <span class='ocrx_word' id='word_1_226' title='bbox 2993 1429 3048 1475; x_wconf 90' lang='lat' dir='ltr'><strong>et</strong></span> <span class='ocrx_word' id='word_1_227' title='bbox 3074 1419 3500 1475; x_wconf 84' lang='lat' dir='ltr'><strong>inconvertibilis</strong></span> <span class='ocrx_word' id='word_1_228' title='bbox 3527 1429 3645 1485; x_wconf 87' lang='lat' dir='ltr'><strong>est;</strong></span> <span class='ocrx_word' id='word_1_229' title='bbox 3692 1429 3754 1474; x_wconf 87' lang='lat' dir='ltr'><strong>et</strong></span> 
     </span>
    </p>
   </div>
   <div class='ocr_carea' id='block_1_27' title="bbox 2164 1511 3748 1586">
    <p class='ocr_par' dir='ltr' id='par_1_27' title="bbox 2164 1511 3748 1586">
     <span class='ocr_line' id='line_1_27' title="bbox 2164 1511 3748 1586; baseline -0.004 -14"><span class='ocrx_word' id='word_1_230' title='bbox 2164 1518 2465 1586; x_wconf 86' lang='lat' dir='ltr'><strong>episcopos,</strong></span> <span class='ocrx_word' id='word_1_231' title='bbox 2492 1515 2558 1569; x_wconf 91' lang='lat' dir='ltr'><strong>ad</strong></span> <span class='ocrx_word' id='word_1_232' title='bbox 2590 1530 2726 1585; x_wconf 89' lang='lat' dir='ltr'><strong>quos</strong></span> <span class='ocrx_word' id='word_1_233' title='bbox 2752 1513 2964 1577; x_wconf 88' lang='lat' dir='ltr'><strong>scribis,</strong></span> <span class='ocrx_word' id='word_1_234' title='bbox 2993 1512 3149 1582; x_wconf 88' lang='lat' dir='ltr'><strong>quasi</strong></span> <span class='ocrx_word' id='word_1_235' title='bbox 3178 1512 3606 1567; x_wconf 89' lang='lat' dir='ltr'><strong>misericorditer</strong></span> <span class='ocrx_word' id='word_1_236' title='bbox 3647 1511 3748 1566; x_wconf 88' lang='lat' dir='ltr'><strong>ad-</strong></span> 
     </span>
    </p>
   </div>
   <div class='ocr_carea' id='block_1_28' title="bbox 2163 1600 3751 1674">
    <p class='ocr_par' dir='ltr' id='par_1_28' title="bbox 2163 1600 3751 1674">
     <span class='ocr_line' id='line_1_28' title="bbox 2163 1600 3751 1674; baseline -0.004 -10"><span class='ocrx_word' id='word_1_237' title='bbox 2163 1609 2423 1671; x_wconf 89' lang='lat' dir='ltr'><strong>hortaris,</strong></span> <span class='ocrx_word' id='word_1_238' title='bbox 2476 1615 2535 1661; x_wconf 90' lang='lat' dir='ltr'><strong>ut</strong></span> <span class='ocrx_word' id='word_1_239' title='bbox 2588 1608 2692 1662; x_wconf 88' lang='lat' dir='ltr'><strong>hoc</strong></span> <span class='ocrx_word' id='word_1_240' title='bbox 2736 1604 3028 1674; x_wconf 62' lang='lat' dir='ltr'><strong>praxdiccnt</strong></span> <span class='ocrx_word' id='word_1_241' title='bbox 3073 1602 3300 1674; x_wconf 89' lang='lat' dir='ltr'><strong>populis,</strong></span> <span class='ocrx_word' id='word_1_242' title='bbox 3351 1611 3410 1656; x_wconf 88' lang='lat' dir='ltr'><strong>ut</strong></span> <span class='ocrx_word' id='word_1_243' title='bbox 3464 1602 3590 1668; x_wconf 86' lang='lat' dir='ltr'><strong>quia</strong></span> <span class='ocrx_word' id='word_1_244' title='bbox 3628 1600 3751 1671; x_wconf 87' lang='lat' dir='ltr'><strong>jam</strong></span> 
     </span>
    </p>
   </div>
   <div class='ocr_carea' id='block_1_29' title="bbox 2161 1693 3750 1772">
    <p class='ocr_par' dir='ltr' id='par_1_29' title="bbox 2161 1693 3750 1772">
     <span class='ocr_line' id='line_1_29' title="bbox 2161 1693 3750 1772; baseline -0.005 -16"><span class='ocrx_word' id='word_1_245' title='bbox 2161 1701 2481 1772; x_wconf 83' lang='lat' dir='ltr'><strong>praeﬁnitam</strong></span> <span class='ocrx_word' id='word_1_246' title='bbox 2509 1698 2909 1753; x_wconf 86' lang='lat' dir='ltr'><strong>damnationem</strong></span> <span class='ocrx_word' id='word_1_247' title='bbox 2953 1695 3183 1749; x_wconf 84' lang='lat' dir='ltr'><strong>evadere</strong></span> <span class='ocrx_word' id='word_1_248' title='bbox 3223 1709 3329 1749; x_wconf 90' lang='lat' dir='ltr'><strong>non</strong></span> <span class='ocrx_word' id='word_1_249' title='bbox 3355 1702 3603 1763; x_wconf 89' lang='lat' dir='ltr'><strong>possunt,</strong></span> <span class='ocrx_word' id='word_1_250' title='bbox 3640 1693 3750 1748; x_wconf 87' lang='lat' dir='ltr'><strong>sal-</strong></span> 
     </span>
    </p>
   </div>
   <div class='ocr_carea' id='block_1_30' title="bbox 2165 1772 3752 1862">
    <p class='ocr_par' dir='ltr' id='par_1_30' title="bbox 2165 1772 3752 1862">
     <span class='ocr_line' id='line_1_30' title="bbox 2165 1772 3752 1862; baseline -0.003 -15"><span class='ocrx_word' id='word_1_251' title='bbox 2165 1794 2260 1847; x_wconf 91' lang='lat' dir='ltr'><strong>tim</strong></span> <span class='ocrx_word' id='word_1_252' title='bbox 2292 1792 2680 1862; x_wconf 89' lang='lat' dir='ltr'><strong>aliquantulum</strong></span> <span class='ocrx_word' id='word_1_253' title='bbox 2708 1791 2817 1845; x_wconf 88' lang='lat' dir='ltr'><strong>Deo</strong></span> <span class='ocrx_word' id='word_1_254' title='bbox 2864 1772 3163 1859; x_wconf 69' lang='lat' dir='ltr'><strong>supplicent</strong></span> <span class='ocrx_word' id='word_1_255' title='bbox 3186 1796 3242 1841; x_wconf 89' lang='grc' dir='ltr'><strong>ει</strong></span> <span class='ocrx_word' id='word_1_256' title='bbox 3268 1786 3645 1851; x_wconf 82' lang='lat' dir='ltr'><strong>humilientur,</strong></span> <span class='ocrx_word' id='word_1_257' title='bbox 3688 1795 3752 1843; x_wconf 68' lang='lat' dir='ltr'><strong>ut</strong></span> 
     </span>
    </p>
   </div>
   <div class='ocr_carea' id='block_1_31' title="bbox 488 1867 3741 1960">
    <p class='ocr_par' dir='ltr' id='par_1_31' title="bbox 488 1867 3741 1960">
     <span class='ocr_line' id='line_1_31' title="bbox 488 1867 3741 1960; baseline -0.003 -17"><span class='ocrx_word' id='word_1_258' title='bbox 488 1890 620 1943; x_wconf 91' lang='lat' dir='ltr'><strong>siam</strong></span> <span class='ocrx_word' id='word_1_259' title='bbox 635 1867 1102 1958; x_wconf 59' lang='lat' dir='ltr'><strong>prievaricatorem</strong></span> <span class='ocrx_word' id='word_1_260' title='bbox 1120 1889 1411 1960; x_wconf 91' lang='lat' dir='ltr'><strong>etimpium</strong></span> <span class='ocrx_word' id='word_1_261' title='bbox 1428 1905 1605 1960; x_wconf 81' lang='lat' dir='ltr'><strong>regem</strong></span> <span class='ocrx_word' id='word_1_262' title='bbox 1622 1891 2063 1960; x_wconf 90' lang='lat' dir='ltr'><strong>prophetaloqui-</strong></span> <span class='ocrx_word' id='word_1_263' title='bbox 2088 1867 2137 1928; x_wconf 77' lang='grc' dir='ltr'><strong>Β</strong></span> <span class='ocrx_word' id='word_1_264' title='bbox 2163 1894 2422 1940; x_wconf 86' lang='lat' dir='ltr'><strong>statutum</strong></span> <span class='ocrx_word' id='word_1_265' title='bbox 2452 1885 2533 1940; x_wconf 90' lang='lat' dir='ltr'><strong>eis</strong></span> <span class='ocrx_word' id='word_1_266' title='bbox 2559 1884 2641 1938; x_wconf 91' lang='lat' dir='ltr'><strong>vel</strong></span> <span class='ocrx_word' id='word_1_267' title='bbox 2674 1881 3176 1960; x_wconf 84' lang='lat' dir='ltr'><strong>modicum_mitiget</strong></span> <span class='ocrx_word' id='word_1_268' title='bbox 3199 1888 3253 1933; x_wconf 90' lang='lat' dir='ltr'><strong>et</strong></span> <span class='ocrx_word' id='word_1_269' title='bbox 3296 1880 3492 1950; x_wconf 87' lang='lat' dir='ltr'><strong>leviget</strong></span> <span class='ocrx_word' id='word_1_270' title='bbox 3524 1894 3741 1948; x_wconf 73' lang='lat' dir='ltr'><strong>poenas.</strong></span> 
     </span>
    </p>
   </div>
   <div class='ocr_carea' id='block_1_32' title="bbox 491 1976 2062 2049">
    <p class='ocr_par' dir='ltr' id='par_1_32' title="bbox 491 1976 2062 2049">
     <span class='ocr_line' id='line_1_32' title="bbox 491 1976 2062 2049; baseline 0.001 -18"><span class='ocrx_word' id='word_1_271' title='bbox 491 1987 612 2031; x_wconf 86' lang='lat' dir='ltr'><strong>tur:</strong></span> <span class='ocrx_word' id='word_1_272' title='bbox 642 1997 660 2028; x_wconf 88' lang='grc'><em>‹</em></span> <span class='ocrx_word' id='word_1_273' title='bbox 691 1976 835 2044; x_wconf 90' lang='lat' dir='ltr'><strong>Scio,</strong></span> <span class='ocrx_word' id='word_1_274' title='bbox 870 1979 1062 2047; x_wconf 86' lang='lat' dir='ltr'><strong>inquit,</strong></span> <span class='ocrx_word' id='word_1_275' title='bbox 1110 1979 1254 2049; x_wconf 86' lang='lat' dir='ltr'><strong>quod</strong></span> <span class='ocrx_word' id='word_1_276' title='bbox 1289 1980 1610 2049; x_wconf 81' lang='lat' dir='ltr'><strong>cogitaverit</strong></span> <span class='ocrx_word' id='word_1_277' title='bbox 1642 1980 1781 2034; x_wconf 89' lang='lat' dir='ltr'><strong>Deus</strong></span> <span class='ocrx_word' id='word_1_278' title='bbox 1813 1981 2062 2034; x_wconf 86' lang='lat' dir='ltr'><strong>occidere</strong></span> 
     </span>
    </p>
   </div>
   <div class='ocr_carea' id='block_1_33' title="bbox 492 2069 2063 2142">
    <p class='ocr_par' dir='ltr' id='par_1_33' title="bbox 492 2069 2063 2142">
     <span class='ocr_line' id='line_1_33' title="bbox 492 2069 2063 2142; baseline 0.004 -23"><span class='ocrx_word' id='word_1_279' title='bbox 492 2088 509 2118; x_wconf 85' lang='grc'><strong>«</strong></span> <span class='ocrx_word' id='word_1_280' title='bbox 552 2077 621 2134; x_wconf 88' lang='grc' dir='ltr'>ιε,</span> <span class='ocrx_word' id='word_1_281' title='bbox 660 2069 785 2138; x_wconf 89' lang='lat' dir='ltr'><strong>quia</strong></span> <span class='ocrx_word' id='word_1_282' title='bbox 827 2069 999 2125; x_wconf 84' lang='lat' dir='ltr'><strong>fecisti</strong></span> <span class='ocrx_word' id='word_1_283' title='bbox 1032 2071 1134 2125; x_wconf 88' lang='lat' dir='ltr'><strong>hoc</strong></span> <span class='ocrx_word' id='word_1_284' title='bbox 1173 2072 1396 2133; x_wconf 88' lang='lat' dir='ltr'><strong>malum,</strong></span> <span class='ocrx_word' id='word_1_285' title='bbox 1423 2080 1476 2126; x_wconf 90' lang='lat' dir='ltr'><strong>et</strong></span> <span class='ocrx_word' id='word_1_286' title='bbox 1522 2072 1740 2141; x_wconf 88' lang='lat' dir='ltr'><strong>insuper</strong></span> <span class='ocrx_word' id='word_1_287' title='bbox 1775 2074 1915 2142; x_wconf 88' lang='lat' dir='ltr'><strong>quod</strong></span> <span class='ocrx_word' id='word_1_288' title='bbox 1956 2088 2063 2127; x_wconf 91' lang='lat' dir='ltr'><strong>non</strong></span> 
     </span>
    </p>
   </div>
   <div class='ocr_carea' id='block_1_34' title="bbox 492 2159 2063 2230">
    <p class='ocr_par' dir='ltr' id='par_1_34' title="bbox 492 2159 2063 2230">
     <span class='ocr_line' id='line_1_34' title="bbox 492 2159 2063 2230; baseline 0.006 -21"><span class='ocrx_word' id='word_1_289' title='bbox 492 2179 509 2209; x_wconf 78' lang='grc' dir='ltr'><strong>ι</strong></span> <span class='ocrx_word' id='word_1_290' title='bbox 547 2159 858 2230; x_wconf 86' lang='lat' dir='ltr'><strong>acquievisti</strong></span> <span class='ocrx_word' id='word_1_291' title='bbox 895 2162 1122 2217; x_wconf 90' lang='lat' dir='ltr'><strong>consilio</strong></span> <span class='ocrx_word' id='word_1_292' title='bbox 1162 2178 1300 2221; x_wconf 84' lang='lat' dir='ltr'><strong>meo.</strong></span> <span class='ocrx_word' id='word_1_293' title='bbox 1351 2183 1369 2215; x_wconf 87' lang='grc'><strong>›</strong></span> <span class='ocrx_word' id='word_1_294' title='bbox 1405 2162 1509 2217; x_wconf 90' lang='lat' dir='ltr'><strong>Sed</strong></span> <span class='ocrx_word' id='word_1_295' title='bbox 1545 2165 1659 2219; x_wconf 69' lang='lat' dir='ltr'><strong>haec</strong></span> <span class='ocrx_word' id='word_1_296' title='bbox 1678 2166 1857 2219; x_wconf 90' lang='lat' dir='ltr'><strong>omnia</strong></span> <span class='ocrx_word' id='word_1_297' title='bbox 1893 2165 1963 2219; x_wconf 89' lang='lat' dir='ltr'><strong>ita</strong></span> <span class='ocrx_word' id='word_1_298' title='bbox 1999 2166 2063 2219; x_wconf 86' lang='lat' dir='ltr'><strong>ii-</strong></span> 
     </span>
    </p>
   </div>
   <div class='ocr_carea' id='block_1_35' title="bbox 485 2248 2061 2322">
    <p class='ocr_par' dir='ltr' id='par_1_35' title="bbox 485 2248 2061 2322">
     <span class='ocr_line' id='line_1_35' title="bbox 485 2248 2061 2322; baseline 0.006 -20"><span class='ocrx_word' id='word_1_299' title='bbox 485 2248 676 2303; x_wconf 78' lang='lat' dir='ltr'><strong>deliter</strong></span> <span class='ocrx_word' id='word_1_300' title='bbox 720 2252 994 2319; x_wconf 88' lang='lat' dir='ltr'><strong>pensanda</strong></span> <span class='ocrx_word' id='word_1_301' title='bbox 1032 2261 1174 2317; x_wconf 91' lang='lat' dir='ltr'><strong>sunt,</strong></span> <span class='ocrx_word' id='word_1_302' title='bbox 1218 2260 1277 2306; x_wconf 86' lang='lat' dir='ltr'><strong>ut</strong></span> <span class='ocrx_word' id='word_1_303' title='bbox 1320 2254 1371 2308; x_wconf 90' lang='lat' dir='ltr'><strong>in</strong></span> <span class='ocrx_word' id='word_1_304' title='bbox 1425 2255 1503 2309; x_wconf 88' lang='lat' dir='ltr'><strong>eis</strong></span> <span class='ocrx_word' id='word_1_305' title='bbox 1542 2264 1597 2309; x_wconf 92' lang='lat' dir='ltr'><strong>et</strong></span> <span class='ocrx_word' id='word_1_306' title='bbox 1630 2255 1913 2322; x_wconf 88' lang='lat' dir='ltr'><strong>malorum,</strong></span> <span class='ocrx_word' id='word_1_307' title='bbox 1949 2258 2061 2311; x_wconf 87' lang='lat' dir='ltr'><strong>sive</strong></span> 
     </span>
    </p>
   </div>
   <div class='ocr_carea' id='block_1_36' title="bbox 486 2341 2062 2417">
    <p class='ocr_par' dir='ltr' id='par_1_36' title="bbox 486 2341 2062 2417">
     <span class='ocr_line' id='line_1_36' title="bbox 486 2341 2062 2417; baseline 0.007 -23"><span class='ocrx_word' id='word_1_308' title='bbox 486 2341 821 2411; x_wconf 81' lang='lat' dir='ltr'><strong>angelorum,</strong></span> <span class='ocrx_word' id='word_1_309' title='bbox 864 2345 976 2398; x_wconf 86' lang='lat' dir='ltr'><strong>sive</strong></span> <span class='ocrx_word' id='word_1_310' title='bbox 1008 2346 1305 2411; x_wconf 90' lang='lat' dir='ltr'><strong>hominum,</strong></span> <span class='ocrx_word' id='word_1_311' title='bbox 1338 2347 1618 2417; x_wconf 88' lang='lat' dir='ltr'><strong>iniquitas,</strong></span> <span class='ocrx_word' id='word_1_312' title='bbox 1650 2358 1704 2403; x_wconf 87' lang='lat' dir='ltr'><strong>et</strong></span> <span class='ocrx_word' id='word_1_313' title='bbox 1750 2351 1842 2404; x_wconf 85' lang='lat' dir='ltr'><strong>Dei</strong></span> <span class='ocrx_word' id='word_1_314' title='bbox 1886 2351 2062 2405; x_wconf 84' lang='lat' dir='ltr'><strong>vindi-</strong></span> 
     </span>
    </p>
   </div>
   <div class='ocr_carea' id='block_1_37' title="bbox 486 2432 2059 2508">
    <p class='ocr_par' dir='ltr' id='par_1_37' title="bbox 486 2432 2059 2508">
     <span class='ocr_line' id='line_1_37' title="bbox 486 2432 2059 2508; baseline 0.008 -25"><span class='ocrx_word' id='word_1_315' title='bbox 486 2432 660 2485; x_wconf 86' lang='lat' dir='ltr'><strong>cautis</strong></span> <span class='ocrx_word' id='word_1_316' title='bbox 688 2432 1177 2489; x_wconf 88' lang='lat' dir='ltr'><strong>incontaminabilis</strong></span> <span class='ocrx_word' id='word_1_317' title='bbox 1198 2436 1408 2506; x_wconf 89' lang='lat' dir='ltr'><strong>justitia</strong></span> <span class='ocrx_word' id='word_1_318' title='bbox 1438 2448 1813 2508; x_wconf 81' lang='lat' dir='ltr'><strong>cognoscatur.</strong></span> <span class='ocrx_word' id='word_1_319' title='bbox 1848 2440 2059 2495; x_wconf 84' lang='lat' dir='ltr'><strong>Praeer-</strong></span> 
     </span>
    </p>
   </div>
   <div class='ocr_carea' id='block_1_38' title="bbox 485 2518 2061 2600">
    <p class='ocr_par' dir='ltr' id='par_1_38' title="bbox 485 2518 2061 2600">
     <span class='ocr_line' id='line_1_38' title="bbox 485 2518 2061 2600; baseline 0.008 -27"><span class='ocrx_word' id='word_1_320' title='bbox 485 2518 685 2574; x_wconf 87' lang='lat' dir='ltr'><strong>dinavit</strong></span> <span class='ocrx_word' id='word_1_321' title='bbox 712 2528 871 2592; x_wconf 86' lang='lat' dir='ltr'><strong>atque</strong></span> <span class='ocrx_word' id='word_1_322' title='bbox 900 2523 1118 2578; x_wconf 87' lang='lat' dir='ltr'><strong>tradidit</strong></span> <span class='ocrx_word' id='word_1_323' title='bbox 1147 2526 1363 2597; x_wconf 83' lang='lat' dir='ltr'><strong>angelos</strong></span> <span class='ocrx_word' id='word_1_324' title='bbox 1404 2527 1667 2598; x_wconf 81' lang='lat' dir='ltr'><strong>malignos</strong></span> <span class='ocrx_word' id='word_1_325' title='bbox 1706 2530 1760 2583; x_wconf 91' lang='lat' dir='ltr'><strong>in</strong></span> <span class='ocrx_word' id='word_1_326' title='bbox 1795 2530 2061 2600; x_wconf 89' lang='lat' dir='ltr'><strong>judicium</strong></span> 
     </span>
    </p>
   </div>
   <div class='ocr_carea' id='block_1_39' title="bbox 485 2612 2062 2692">
    <p class='ocr_par' dir='ltr' id='par_1_39' title="bbox 485 2612 2062 2692">
     <span class='ocr_line' id='line_1_39' title="bbox 485 2612 2062 2692; baseline 0.009 -28"><span class='ocrx_word' id='word_1_327' title='bbox 485 2612 801 2669; x_wconf 64' lang='lat' dir='ltr'><strong>cruriandos</strong></span> <span class='ocrx_word' id='word_1_328' title='bbox 846 2616 1156 2679; x_wconf 87' lang='lat' dir='ltr'><strong>reservari;</strong></span> <span class='ocrx_word' id='word_1_329' title='bbox 1197 2617 1310 2681; x_wconf 89' lang='lat' dir='ltr'><strong>sed,</strong></span> <span class='ocrx_word' id='word_1_330' title='bbox 1340 2618 1592 2688; x_wconf 80' lang='lat' dir='ltr'><strong>exigente</strong></span> <span class='ocrx_word' id='word_1_331' title='bbox 1641 2634 1825 2673; x_wconf 85' lang='lat' dir='ltr'><strong>eorum</strong></span> <span class='ocrx_word' id='word_1_332' title='bbox 1874 2621 2062 2692; x_wconf 88' lang='lat' dir='ltr'><strong>impie-</strong></span> 
     </span>
    </p>
   </div>
   <div class='ocr_carea' id='block_1_40' title="bbox 488 2703 2060 2772">
    <p class='ocr_par' dir='ltr' id='par_1_40' title="bbox 488 2703 2060 2772">
     <span class='ocr_line' id='line_1_40' title="bbox 488 2703 2060 2772; baseline 0.008 -18"><span class='ocrx_word' id='word_1_333' title='bbox 488 2708 616 2767; x_wconf 87' lang='lat' dir='ltr'><strong>tate,</strong></span> <span class='ocrx_word' id='word_1_334' title='bbox 662 2703 787 2772; x_wconf 85' lang='lat' dir='ltr'><strong>quia</strong></span> <span class='ocrx_word' id='word_1_335' title='bbox 840 2718 947 2756; x_wconf 92' lang='lat' dir='ltr'><strong>non</strong></span> <span class='ocrx_word' id='word_1_336' title='bbox 997 2714 1348 2758; x_wconf 88' lang='lat' dir='ltr'><strong>servaverunt</strong></span> <span class='ocrx_word' id='word_1_337' title='bbox 1399 2707 1643 2762; x_wconf 90' lang='lat' dir='ltr'><strong>ordinem</strong></span> <span class='ocrx_word' id='word_1_338' title='bbox 1689 2718 1743 2764; x_wconf 90' lang='lat' dir='ltr'><strong>et</strong></span> <span class='ocrx_word' id='word_1_339' title='bbox 1798 2710 2060 2766; x_wconf 84' lang='lat' dir='ltr'><strong>honorem</strong></span> 
     </span>
    </p>
   </div>
   <div class='ocr_carea' id='block_1_41' title="bbox 485 2792 2056 2868">
    <p class='ocr_par' dir='ltr' id='par_1_41' title="bbox 485 2792 2056 2868">
     <span class='ocr_line' id='line_1_41' title="bbox 485 2792 2056 2868; baseline 0.006 -22"><span class='ocrx_word' id='word_1_340' title='bbox 485 2808 660 2859; x_wconf 92' lang='lat' dir='ltr'><strong>suum,</strong></span> <span class='ocrx_word' id='word_1_341' title='bbox 690 2808 851 2862; x_wconf 90' lang='lat' dir='ltr'><strong>quem</strong></span> <span class='ocrx_word' id='word_1_342' title='bbox 881 2792 983 2847; x_wconf 89' lang='lat' dir='ltr'><strong>sub</strong></span> <span class='ocrx_word' id='word_1_343' title='bbox 999 2792 1108 2848; x_wconf 92' lang='lat' dir='ltr'><strong>Deo</strong></span> <span class='ocrx_word' id='word_1_344' title='bbox 1134 2803 1334 2850; x_wconf 90' lang='lat' dir='ltr'><strong>etcum</strong></span> <span class='ocrx_word' id='word_1_345' title='bbox 1366 2793 1475 2851; x_wconf 92' lang='lat' dir='ltr'><strong>Deo</strong></span> <span class='ocrx_word' id='word_1_346' title='bbox 1508 2797 1709 2853; x_wconf 88' lang='lat' dir='ltr'><strong>habere</strong></span> <span class='ocrx_word' id='word_1_347' title='bbox 1744 2808 2056 2868; x_wconf 90' lang='lat' dir='ltr'><strong>potuerunt.</strong></span> 
     </span>
    </p>
   </div>
   <div class='ocr_carea' id='block_1_42' title="bbox 486 2882 2059 2965">
    <p class='ocr_par' dir='ltr' id='par_1_42' title="bbox 486 2882 2059 2965">
     <span class='ocr_line' id='line_1_42' title="bbox 486 2882 2059 2965; baseline 0.008 -27"><span class='ocrx_word' id='word_1_348' title='bbox 486 2884 553 2939; x_wconf 87' lang='lat' dir='ltr'><strong>Et</strong></span> <span class='ocrx_word' id='word_1_349' title='bbox 585 2882 750 2940; x_wconf 86' lang='lat' dir='ltr'><strong>Judas</strong></span> <span class='ocrx_word' id='word_1_350' title='bbox 786 2887 1147 2957; x_wconf 61' lang='lat' dir='ltr'><strong>praecognitus</strong></span> <span class='ocrx_word' id='word_1_351' title='bbox 1185 2896 1240 2943; x_wconf 93' lang='lat' dir='ltr'><strong>et</strong></span> <span class='ocrx_word' id='word_1_352' title='bbox 1277 2890 1566 2959; x_wconf 59' lang='lat' dir='ltr'><strong>praedictus</strong></span> <span class='ocrx_word' id='word_1_353' title='bbox 1602 2901 1686 2946; x_wconf 90' lang='lat' dir='ltr'><strong>est</strong></span> <span class='ocrx_word' id='word_1_354' title='bbox 1722 2892 1864 2949; x_wconf 85' lang='lat' dir='ltr'><strong>ﬁlius</strong></span> <span class='ocrx_word' id='word_1_355' title='bbox 1885 2896 2059 2965; x_wconf 88' lang='lat' dir='ltr'><strong>perdi—</strong></span> 
     </span>
    </p>
   </div>
   <div class='ocr_carea' id='block_1_43' title="bbox 487 2977 2058 3051">
    <p class='ocr_par' dir='ltr' id='par_1_43' title="bbox 487 2977 2058 3051">
     <span class='ocr_line' id='line_1_43' title="bbox 487 2977 2058 3051; baseline 0.008 -20"><span class='ocrx_word' id='word_1_356' title='bbox 487 2977 665 3043; x_wconf 82' lang='lat' dir='ltr'><strong>tionis,</strong></span> <span class='ocrx_word' id='word_1_357' title='bbox 696 2978 789 3032; x_wconf 90' lang='lat' dir='ltr'><strong>sed</strong></span> <span class='ocrx_word' id='word_1_358' title='bbox 812 2978 1009 3034; x_wconf 88' lang='lat' dir='ltr'><strong>merito</strong></span> <span class='ocrx_word' id='word_1_359' title='bbox 1050 2979 1227 3050; x_wconf 69' lang='lat' dir='ltr'><strong>impia:</strong></span> <span class='ocrx_word' id='word_1_360' title='bbox 1276 2982 1597 3051; x_wconf 86' lang='lat' dir='ltr'><strong>proditionis</strong></span> <span class='ocrx_word' id='word_1_361' title='bbox 1626 2986 1756 3040; x_wconf 87' lang='lat' dir='ltr'><strong>abiit</strong></span> <span class='ocrx_word' id='word_1_362' title='bbox 1786 2987 1841 3040; x_wconf 90' lang='lat' dir='ltr'><strong>in</strong></span> <span class='ocrx_word' id='word_1_363' title='bbox 1880 2987 2058 3042; x_wconf 90' lang='lat' dir='ltr'><strong>locum</strong></span> 
     </span>
    </p>
   </div>
   <div class='ocr_carea' id='block_1_44' title="bbox 484 3069 2059 3149">
    <p class='ocr_par' dir='ltr' id='par_1_44' title="bbox 484 3069 2059 3149">
     <span class='ocr_line' id='line_1_44' title="bbox 484 3069 2059 3149; baseline 0.007 -25"><span class='ocrx_word' id='word_1_364' title='bbox 484 3086 662 3135; x_wconf 91' lang='lat' dir='ltr'><strong>suum,</strong></span> <span class='ocrx_word' id='word_1_365' title='bbox 688 3069 740 3125; x_wconf 92' lang='lat' dir='ltr'><strong>id</strong></span> <span class='ocrx_word' id='word_1_366' title='bbox 776 3079 881 3136; x_wconf 88' lang='lat' dir='ltr'><strong>est,</strong></span> <span class='ocrx_word' id='word_1_367' title='bbox 925 3070 1028 3126; x_wconf 88' lang='lat' dir='ltr'><strong>sibi</strong></span> <span class='ocrx_word' id='word_1_368' title='bbox 1057 3072 1111 3125; x_wconf 89' lang='lat' dir='ltr'><strong>in</strong></span> <span class='ocrx_word' id='word_1_369' title='bbox 1154 3073 1330 3142; x_wconf 72' lang='lat' dir='ltr'><strong>ptrnis</strong></span> <span class='ocrx_word' id='word_1_370' title='bbox 1356 3074 1686 3131; x_wconf 88' lang='lat' dir='ltr'><strong>destinatum</strong></span> <span class='ocrx_word' id='word_1_371' title='bbox 1719 3089 1773 3132; x_wconf 88' lang='lat' dir='ltr'><strong>et</strong></span> <span class='ocrx_word' id='word_1_372' title='bbox 1796 3095 2059 3149; x_wconf 67' lang='lat' dir='ltr'><strong>praepara-</strong></span> 
     </span>
    </p>
   </div>
   <div class='ocr_carea' id='block_1_45' title="bbox 485 3156 2055 3233">
    <p class='ocr_par' dir='ltr' id='par_1_45' title="bbox 485 3156 2055 3233">
     <span class='ocr_line' id='line_1_45' title="bbox 485 3156 2055 3233; baseline 0.008 -20"><span class='ocrx_word' id='word_1_373' title='bbox 485 3168 635 3225; x_wconf 90' lang='lat' dir='ltr'><strong>tum;</strong></span> <span class='ocrx_word' id='word_1_374' title='bbox 672 3161 765 3215; x_wconf 87' lang='lat' dir='ltr'><strong>sed</strong></span> <span class='ocrx_word' id='word_1_375' title='bbox 809 3161 935 3231; x_wconf 84' lang='lat' dir='ltr'><strong>quia</strong></span> <span class='ocrx_word' id='word_1_376' title='bbox 966 3164 1346 3233; x_wconf 63' lang='lat' dir='ltr'><strong>praevaricatus</strong></span> <span class='ocrx_word' id='word_1_377' title='bbox 1382 3174 1466 3220; x_wconf 89' lang='lat' dir='ltr'><strong>est</strong></span> <span class='ocrx_word' id='word_1_378' title='bbox 1506 3167 1572 3220; x_wconf 86' lang='lat' dir='ltr'><strong>de</strong></span> <span class='ocrx_word' id='word_1_379' title='bbox 1600 3156 1719 3223; x_wconf 85' lang='lat' dir='ltr'><strong>loco</strong></span> <span class='ocrx_word' id='word_1_380' title='bbox 1764 3170 2055 3226; x_wconf 87' lang='lat' dir='ltr'><strong>ministerii</strong></span> 
     </span>
    </p>
   </div>
   <div class='ocr_carea' id='block_1_46' title="bbox 480 3250 2054 3331">
    <p class='ocr_par' dir='ltr' id='par_1_46' title="bbox 480 3250 2054 3331">
     <span class='ocr_line' id='line_1_46' title="bbox 480 3250 2054 3331; baseline 0.01 -27"><span class='ocrx_word' id='word_1_381' title='bbox 480 3258 536 3304; x_wconf 90' lang='lat' dir='ltr'><strong>et</strong></span> <span class='ocrx_word' id='word_1_382' title='bbox 568 3250 916 3320; x_wconf 85' lang='lat' dir='ltr'><strong>apostolatus.</strong></span> <span class='ocrx_word' id='word_1_383' title='bbox 962 3252 1040 3309; x_wconf 92' lang='lat' dir='ltr'><strong>Ita</strong></span> <span class='ocrx_word' id='word_1_384' title='bbox 1077 3271 1184 3309; x_wconf 91' lang='lat' dir='ltr'><strong>non</strong></span> <span class='ocrx_word' id='word_1_385' title='bbox 1230 3264 1314 3311; x_wconf 91' lang='lat' dir='ltr'><strong>est</strong></span> <span class='ocrx_word' id='word_1_386' title='bbox 1352 3258 1550 3312; x_wconf 89' lang='lat' dir='ltr'><strong>mirum</strong></span> <span class='ocrx_word' id='word_1_387' title='bbox 1580 3259 1627 3314; x_wconf 93' lang='lat' dir='ltr'><strong>si</strong></span> <span class='ocrx_word' id='word_1_388' title='bbox 1663 3260 2054 3331; x_wconf 87' lang='lat' dir='ltr'><strong>Antichristus,</strong></span> 
     </span>
    </p>
   </div>
   <div class='ocr_carea' id='block_1_47' title="bbox 481 3341 2059 3423">
    <p class='ocr_par' dir='ltr' id='par_1_47' title="bbox 481 3341 2059 3423">
     <span class='ocr_line' id='line_1_47' title="bbox 481 3341 2059 3423; baseline 0.01 -27"><span class='ocrx_word' id='word_1_389' title='bbox 481 3341 607 3413; x_wconf 88' lang='lat' dir='ltr'><strong>quia</strong></span> <span class='ocrx_word' id='word_1_390' title='bbox 635 3345 917 3414; x_wconf 62' lang='lat' dir='ltr'><strong>praescitus</strong></span> <span class='ocrx_word' id='word_1_391' title='bbox 938 3354 1023 3401; x_wconf 89' lang='lat' dir='ltr'><strong>est</strong></span> <span class='ocrx_word' id='word_1_392' title='bbox 1062 3347 1223 3402; x_wconf 88' lang='lat' dir='ltr'><strong>homo</strong></span> <span class='ocrx_word' id='word_1_393' title='bbox 1242 3351 1474 3419; x_wconf 88' lang='lat' dir='ltr'><strong>peccati,</strong></span> <span class='ocrx_word' id='word_1_394' title='bbox 1505 3353 1864 3423; x_wconf 66' lang='lat' dir='ltr'><strong>praecognitus</strong></span> <span class='ocrx_word' id='word_1_395' title='bbox 1892 3356 2059 3411; x_wconf 86' lang='lat' dir='ltr'><strong>etiam</strong></span> 
     </span>
    </p>
   </div>
   <div class='ocr_carea' id='block_1_48' title="bbox 479 3438 2059 3519">
    <p class='ocr_par' dir='ltr' id='par_1_48' title="bbox 479 3438 2059 3519">
     <span class='ocr_line' id='line_1_48' title="bbox 479 3438 2059 3519; baseline 0.009 -28"><span class='ocrx_word' id='word_1_396' title='bbox 479 3446 534 3491; x_wconf 89' lang='lat' dir='ltr'><strong>et</strong></span> <span class='ocrx_word' id='word_1_397' title='bbox 564 3438 850 3507; x_wconf 68' lang='lat' dir='ltr'><strong>praadictus</strong></span> <span class='ocrx_word' id='word_1_398' title='bbox 886 3447 969 3495; x_wconf 91' lang='lat' dir='ltr'><strong>est</strong></span> <span class='ocrx_word' id='word_1_399' title='bbox 1014 3439 1157 3495; x_wconf 90' lang='lat' dir='ltr'><strong>ﬁlius</strong></span> <span class='ocrx_word' id='word_1_400' title='bbox 1198 3442 1542 3513; x_wconf 88' lang='lat' dir='ltr'><strong>perditionis.</strong></span> <span class='ocrx_word' id='word_1_401' title='bbox 1574 3444 1643 3499; x_wconf 88' lang='lat' dir='ltr'><strong>Et</strong></span> <span class='ocrx_word' id='word_1_402' title='bbox 1693 3446 1867 3503; x_wconf 90' lang='lat' dir='ltr'><strong>malus</strong></span> <span class='ocrx_word' id='word_1_403' title='bbox 1897 3458 2059 3519; x_wconf 90' lang='lat' dir='ltr'><strong>atque</strong></span> 
     </span>
    </p>
   </div>
   <div class='ocr_carea' id='block_1_49' title="bbox 480 3529 2058 3602">
    <p class='ocr_par' dir='ltr' id='par_1_49' title="bbox 480 3529 2058 3602">
     <span class='ocr_line' id='line_1_49' title="bbox 480 3529 2058 3602; baseline 0.008 -17"><span class='ocrx_word' id='word_1_404' title='bbox 480 3529 677 3600; x_wconf 72' lang='lat' dir='ltr'><strong>inpius</strong></span> <span class='ocrx_word' id='word_1_405' title='bbox 701 3541 1036 3602; x_wconf 65' lang='lat' dir='ltr'><strong>praeparatus</strong></span> <span class='ocrx_word' id='word_1_406' title='bbox 1058 3533 1127 3588; x_wconf 89' lang='lat' dir='ltr'><strong>ad</strong></span> <span class='ocrx_word' id='word_1_407' title='bbox 1150 3534 1291 3590; x_wconf 89' lang='lat' dir='ltr'><strong>diem</strong></span> <span class='ocrx_word' id='word_1_408' title='bbox 1316 3535 1541 3602; x_wconf 87' lang='lat' dir='ltr'><strong>malum,</strong></span> <span class='ocrx_word' id='word_1_409' title='bbox 1564 3548 1812 3594; x_wconf 89' lang='lat' dir='ltr'><strong>servatur</strong></span> <span class='ocrx_word' id='word_1_410' title='bbox 1835 3540 1888 3594; x_wconf 91' lang='lat' dir='ltr'><strong>in</strong></span> <span class='ocrx_word' id='word_1_411' title='bbox 1915 3541 2058 3597; x_wconf 89' lang='lat' dir='ltr'><strong>diem</strong></span> 
     </span>
    </p>
   </div>
   <div class='ocr_carea' id='block_1_50' title="bbox 479 3621 2058 3700">
    <p class='ocr_par' dir='ltr' id='par_1_50' title="bbox 479 3621 2058 3700">
     <span class='ocr_line' id='line_1_50' title="bbox 479 3621 2058 3700; baseline 0.008 -26"><span class='ocrx_word' id='word_1_412' title='bbox 479 3621 796 3693; x_wconf 85' lang='lat' dir='ltr'><strong>perditionis</strong></span> <span class='ocrx_word' id='word_1_413' title='bbox 835 3631 890 3679; x_wconf 90' lang='lat' dir='ltr'><strong>et</strong></span> <span class='ocrx_word' id='word_1_414' title='bbox 926 3622 1165 3689; x_wconf 81' lang='lat' dir='ltr'><strong>furoris;</strong></span> <span class='ocrx_word' id='word_1_415' title='bbox 1202 3627 1296 3680; x_wconf 90' lang='lat' dir='ltr'><strong>sed</strong></span> <span class='ocrx_word' id='word_1_416' title='bbox 1327 3626 1453 3697; x_wconf 92' lang='lat' dir='ltr'><strong>quia</strong></span> <span class='ocrx_word' id='word_1_417' title='bbox 1494 3626 1608 3696; x_wconf 88' lang='lat' dir='ltr'><strong>ipse</strong></span> <span class='ocrx_word' id='word_1_418' title='bbox 1636 3643 1731 3683; x_wconf 90' lang='lat' dir='ltr'><strong>sua</strong></span> <span class='ocrx_word' id='word_1_419' title='bbox 1772 3640 1963 3700; x_wconf 89' lang='lat' dir='ltr'><strong>sponte</strong></span> <span class='ocrx_word' id='word_1_420' title='bbox 2003 3641 2058 3687; x_wconf 91' lang='lat' dir='ltr'><strong>et</strong></span> 
     </span>
    </p>
   </div>
   <div class='ocr_carea' id='block_1_51' title="bbox 478 3710 2056 3792">
    <p class='ocr_par' dir='ltr' id='par_1_51' title="bbox 478 3710 2056 3792">
     <span class='ocr_line' id='line_1_51' title="bbox 478 3710 2056 3792; baseline 0.01 -28"><span class='ocrx_word' id='word_1_421' title='bbox 478 3710 654 3768; x_wconf 90' lang='lat' dir='ltr'><strong>malus</strong></span> <span class='ocrx_word' id='word_1_422' title='bbox 673 3721 728 3768; x_wconf 92' lang='lat' dir='ltr'><strong>et</strong></span> <span class='ocrx_word' id='word_1_423' title='bbox 768 3713 966 3786; x_wconf 89' lang='lat' dir='ltr'><strong>impius</strong></span> <span class='ocrx_word' id='word_1_424' title='bbox 1007 3715 1247 3771; x_wconf 80' lang='lat' dir='ltr'><strong>exsistet.</strong></span> <span class='ocrx_word' id='word_1_425' title='bbox 1291 3716 1531 3772; x_wconf 90' lang='lat' dir='ltr'><strong>Ducebat</strong></span> <span class='ocrx_word' id='word_1_426' title='bbox 1565 3727 1620 3773; x_wconf 90' lang='lat' dir='ltr'><strong>et</strong></span> <span class='ocrx_word' id='word_1_427' title='bbox 1647 3718 1931 3792; x_wconf 64' lang='lat' dir='ltr'><strong>Egyptios</strong></span> <span class='ocrx_word' id='word_1_428' title='bbox 1971 3724 2056 3779; x_wconf 82' lang='lat' dir='ltr'><strong>di-</strong></span> 
     </span>
    </p>
   </div>
   <div class='ocr_carea' id='block_1_52' title="bbox 477 3801 2054 3885">
    <p class='ocr_par' dir='ltr' id='par_1_52' title="bbox 477 3801 2054 3885">
     <span class='ocr_line' id='line_1_52' title="bbox 477 3801 2054 3885; baseline 0.01 -31"><span class='ocrx_word' id='word_1_429' title='bbox 477 3802 586 3857; x_wconf 89' lang='lat' dir='ltr'><strong>vini</strong></span> <span class='ocrx_word' id='word_1_430' title='bbox 608 3801 797 3872; x_wconf 88' lang='lat' dir='ltr'><strong>judicii</strong></span> <span class='ocrx_word' id='word_1_431' title='bbox 833 3806 1131 3862; x_wconf 84' lang='lat' dir='ltr'><strong>necessitas</strong></span> <span class='ocrx_word' id='word_1_432' title='bbox 1156 3806 1223 3861; x_wconf 92' lang='lat' dir='ltr'><strong>ad</strong></span> <span class='ocrx_word' id='word_1_433' title='bbox 1262 3807 1487 3863; x_wconf 78' lang='lat' dir='ltr'><strong>exitium</strong></span> <span class='ocrx_word' id='word_1_434' title='bbox 1519 3818 1573 3865; x_wconf 92' lang='lat' dir='ltr'><strong>et</strong></span> <span class='ocrx_word' id='word_1_435' title='bbox 1605 3810 1886 3869; x_wconf 88' lang='lat' dir='ltr'><strong>interitum</strong></span> <span class='ocrx_word' id='word_1_436' title='bbox 1916 3831 2054 3885; x_wconf 62' lang='lat' dir='ltr'><strong>prm-</strong></span> 
     </span>
    </p>
   </div>
   <div class='ocr_carea' id='block_1_53' title="bbox 475 3898 2058 3975">
    <p class='ocr_par' dir='ltr' id='par_1_53' title="bbox 475 3898 2058 3975">
     <span class='ocr_line' id='line_1_53' title="bbox 475 3898 2058 3975; baseline 0.008 -26"><span class='ocrx_word' id='word_1_437' title='bbox 475 3904 761 3975; x_wconf 84' lang='lat' dir='ltr'><strong>paratum;</strong></span> <span class='ocrx_word' id='word_1_438' title='bbox 790 3899 885 3954; x_wconf 86' lang='lat' dir='ltr'><strong>sed</strong></span> <span class='ocrx_word' id='word_1_439' title='bbox 906 3898 1091 3968; x_wconf 85' lang='lat' dir='ltr'><strong>digna,</strong></span> <span class='ocrx_word' id='word_1_440' title='bbox 1122 3900 1248 3968; x_wconf 90' lang='lat' dir='ltr'><strong>quia</strong></span> <span class='ocrx_word' id='word_1_441' title='bbox 1266 3916 1365 3971; x_wconf 92' lang='lat' dir='ltr'><strong>pro</strong></span> <span class='ocrx_word' id='word_1_442' title='bbox 1393 3901 1764 3972; x_wconf 90' lang='lat' dir='ltr'><strong>impietatibus</strong></span> <span class='ocrx_word' id='word_1_443' title='bbox 1789 3915 1845 3960; x_wconf 89' lang='lat' dir='ltr'><strong>et</strong></span> <span class='ocrx_word' id='word_1_444' title='bbox 1866 3918 2058 3962; x_wconf 88' lang='lat' dir='ltr'><strong>contu-</strong></span> 
     </span>
    </p>
   </div>
   <div class='ocr_carea' id='block_1_54' title="bbox 477 3985 2057 4067">
    <p class='ocr_par' dir='ltr' id='par_1_54' title="bbox 477 3985 2057 4067">
     <span class='ocr_line' id='line_1_54' title="bbox 477 3985 2057 4067; baseline 0.007 -25"><span class='ocrx_word' id='word_1_445' title='bbox 477 3988 651 4043; x_wconf 88' lang='lat' dir='ltr'><strong>macia</strong></span> <span class='ocrx_word' id='word_1_446' title='bbox 709 4003 897 4043; x_wconf 88' lang='lat' dir='ltr'><strong>eorum</strong></span> <span class='ocrx_word' id='word_1_447' title='bbox 922 3985 1089 4060; x_wconf 84' lang='lat' dir='ltr'><strong>ju&#39;sta.</strong></span> <span class='ocrx_word' id='word_1_448' title='bbox 1142 3988 1234 4045; x_wconf 90' lang='lat' dir='ltr'><strong>Sic</strong></span> <span class='ocrx_word' id='word_1_449' title='bbox 1280 4001 1335 4046; x_wconf 92' lang='lat' dir='ltr'><strong>et</strong></span> <span class='ocrx_word' id='word_1_450' title='bbox 1394 3991 1491 4059; x_wconf 89' lang='lat' dir='ltr'><strong>illi,</strong></span> <span class='ocrx_word' id='word_1_451' title='bbox 1536 3994 1627 4062; x_wconf 88' lang='lat' dir='ltr'><strong>qui</strong></span> <span class='ocrx_word' id='word_1_452' title='bbox 1675 3994 1818 4050; x_wconf 89' lang='lat' dir='ltr'><strong>velut</strong></span> <span class='ocrx_word' id='word_1_453' title='bbox 1860 4011 2057 4067; x_wconf 89' lang='lat' dir='ltr'><strong>pecora</strong></span> 
     </span>
    </p>
   </div>
   <div class='ocr_carea' id='block_1_55' title="bbox 476 4078 2058 4158">
    <p class='ocr_par' dir='ltr' id='par_1_55' title="bbox 476 4078 2058 4158">
     <span class='ocr_line' id='line_1_55' title="bbox 476 4078 2058 4158; baseline 0.007 -25"><span class='ocrx_word' id='word_1_454' title='bbox 476 4086 694 4133; x_wconf 67' lang='lat' dir='ltr'><strong>aeternae</strong></span> <span class='ocrx_word' id='word_1_455' title='bbox 721 4079 881 4133; x_wconf 90' lang='lat' dir='ltr'><strong>morti</strong></span> <span class='ocrx_word' id='word_1_456' title='bbox 904 4078 1083 4137; x_wconf 86' lang='lat' dir='ltr'><strong>devoti</strong></span> <span class='ocrx_word' id='word_1_457' title='bbox 1121 4096 1241 4136; x_wconf 91' lang='lat' dir='ltr'><strong>esse</strong></span> <span class='ocrx_word' id='word_1_458' title='bbox 1271 4082 1577 4150; x_wconf 88' lang='lat' dir='ltr'><strong>voluerunt,</strong></span> <span class='ocrx_word' id='word_1_459' title='bbox 1612 4085 1874 4155; x_wconf 90' lang='lat' dir='ltr'><strong>siquidem</strong></span> <span class='ocrx_word' id='word_1_460' title='bbox 1906 4088 2058 4158; x_wconf 88' lang='lat' dir='ltr'><strong>impii</strong></span> 
     </span>
    </p>
   </div>
   <div class='ocr_carea' id='block_1_56' title="bbox 477 4170 2058 4251">
    <p class='ocr_par' dir='ltr' id='par_1_56' title="bbox 477 4170 2058 4251">
     <span class='ocr_line' id='line_1_56' title="bbox 477 4170 2058 4251; baseline 0.008 -27"><span class='ocrx_word' id='word_1_461' title='bbox 477 4170 727 4227; x_wconf 86' lang='lat' dir='ltr'><strong>manibus</strong></span> <span class='ocrx_word' id='word_1_462' title='bbox 749 4178 804 4228; x_wconf 89' lang='lat' dir='ltr'><strong>et</strong></span> <span class='ocrx_word' id='word_1_463' title='bbox 826 4174 1008 4228; x_wconf 88' lang='lat' dir='ltr'><strong>verbis</strong></span> <span class='ocrx_word' id='word_1_464' title='bbox 1053 4175 1424 4230; x_wconf 90' lang='lat' dir='ltr'><strong>accersierunt</strong></span> <span class='ocrx_word' id='word_1_465' title='bbox 1460 4176 1627 4242; x_wconf 86' lang='lat' dir='ltr'><strong>illam,</strong></span> <span class='ocrx_word' id='word_1_466' title='bbox 1663 4193 2058 4251; x_wconf 79' lang='lat' dir='ltr'><strong>congregantur</strong></span> 
     </span>
    </p>
   </div>
   <div class='ocr_carea' id='block_1_57' title="bbox 477 4262 2057 4339">
    <p class='ocr_par' dir='ltr' id='par_1_57' title="bbox 477 4262 2057 4339">
     <span class='ocr_line' id='line_1_57' title="bbox 477 4262 2057 4339; baseline 0.008 -24"><span class='ocrx_word' id='word_1_467' title='bbox 477 4262 632 4331; x_wconf 92' lang='lat' dir='ltr'><strong>quasi</strong></span> <span class='ocrx_word' id='word_1_468' title='bbox 678 4277 809 4332; x_wconf 81' lang='lat' dir='ltr'><strong>grex</strong></span> <span class='ocrx_word' id='word_1_469' title='bbox 854 4264 1197 4335; x_wconf 91' lang='lat' dir='ltr'><strong>perditionis,</strong></span> <span class='ocrx_word' id='word_1_470' title='bbox 1243 4275 1298 4321; x_wconf 89' lang='lat' dir='ltr'><strong>et</strong></span> <span class='ocrx_word' id='word_1_471' title='bbox 1351 4268 1784 4336; x_wconf 88' lang='lat' dir='ltr'><strong>sanctiﬁcantur,</strong></span> <span class='ocrx_word' id='word_1_472' title='bbox 1838 4271 1893 4326; x_wconf 89' lang='lat' dir='ltr'><strong>id</strong></span> <span class='ocrx_word' id='word_1_473' title='bbox 1948 4282 2057 4339; x_wconf 89' lang='lat' dir='ltr'><strong>est,</strong></span> 
     </span>
    </p>
   </div>
   <div class='ocr_carea' id='block_1_58' title="bbox 477 4353 2055 4426">
    <p class='ocr_par' dir='ltr' id='par_1_58' title="bbox 477 4353 2055 4426">
     <span class='ocr_line' id='line_1_58' title="bbox 477 4353 2055 4426; baseline 0.006 -19"><span class='ocrx_word' id='word_1_474' title='bbox 477 4353 870 4424; x_wconf 90' lang='lat' dir='ltr'><strong>quodammodo</strong></span> <span class='ocrx_word' id='word_1_475' title='bbox 891 4363 1215 4424; x_wconf 87' lang='lat' dir='ltr'><strong>separantur</strong></span> <span class='ocrx_word' id='word_1_476' title='bbox 1237 4356 1304 4411; x_wconf 89' lang='lat' dir='ltr'><strong>ad</strong></span> <span class='ocrx_word' id='word_1_477' title='bbox 1329 4357 1468 4413; x_wconf 90' lang='lat' dir='ltr'><strong>diem</strong></span> <span class='ocrx_word' id='word_1_478' title='bbox 1499 4358 1721 4426; x_wconf 87' lang='lat' dir='ltr'><strong>malum,</strong></span> <span class='ocrx_word' id='word_1_479' title='bbox 1749 4370 1803 4415; x_wconf 92' lang='lat' dir='ltr'><strong>et</strong></span> <span class='ocrx_word' id='word_1_480' title='bbox 1824 4362 1891 4417; x_wconf 91' lang='lat' dir='ltr'><strong>ad</strong></span> <span class='ocrx_word' id='word_1_481' title='bbox 1913 4362 2055 4418; x_wconf 90' lang='lat' dir='ltr'><strong>diem</strong></span> 
     </span>
    </p>
   </div>
   <div class='ocr_carea' id='block_1_59' title="bbox 476 4442 2055 4520">
    <p class='ocr_par' dir='ltr' id='par_1_59' title="bbox 476 4442 2055 4520">
     <span class='ocr_line' id='line_1_59' title="bbox 476 4442 2055 4520; baseline 0.005 -21"><span class='ocrx_word' id='word_1_482' title='bbox 476 4443 783 4500; x_wconf 90' lang='lat' dir='ltr'><strong>occisionis.</strong></span> <span class='ocrx_word' id='word_1_483' title='bbox 825 4442 932 4500; x_wconf 89' lang='lat' dir='ltr'><strong>Sed</strong></span> <span class='ocrx_word' id='word_1_484' title='bbox 966 4454 1020 4500; x_wconf 89' lang='lat' dir='ltr'><strong>et</strong></span> <span class='ocrx_word' id='word_1_485' title='bbox 1051 4445 1201 4516; x_wconf 87' lang='lat' dir='ltr'><strong>impii</strong></span> <span class='ocrx_word' id='word_1_486' title='bbox 1233 4445 1330 4501; x_wconf 88' lang='lat' dir='ltr'><strong>ﬁlii</strong></span> <span class='ocrx_word' id='word_1_487' title='bbox 1371 4446 1507 4513; x_wconf 87' lang='lat' dir='ltr'><strong>Heli,</strong></span> <span class='ocrx_word' id='word_1_488' title='bbox 1538 4456 1592 4502; x_wconf 91' lang='lat' dir='ltr'><strong>et</strong></span> <span class='ocrx_word' id='word_1_489' title='bbox 1621 4449 1819 4520; x_wconf 91' lang='lat' dir='ltr'><strong>impius</strong></span> <span class='ocrx_word' id='word_1_490' title='bbox 1844 4467 1938 4506; x_wconf 85' lang='lat' dir='ltr'><strong>rex</strong></span> <span class='ocrx_word' id='word_1_491' title='bbox 1966 4451 2055 4507; x_wconf 89' lang='lat' dir='ltr'><strong>ille</strong></span> 
     </span>
    </p>
   </div>
   <div class='ocr_carea' id='block_1_60' title="bbox 2162 1972 3753 2043">
    <p class='ocr_par' dir='ltr' id='par_1_60' title="bbox 2162 1972 3753 2043">
     <span class='ocr_line' id='line_1_60' title="bbox 2162 1972 3753 2043; baseline -0.004 -11"><span class='ocrx_word' id='word_1_492' title='bbox 2162 1976 2416 2040; x_wconf 88' lang='lat' dir='ltr'><strong>Obsecro,</strong></span> <span class='ocrx_word' id='word_1_493' title='bbox 2450 1977 2537 2031; x_wconf 87' lang='lat' dir='ltr'><strong>ubi</strong></span> <span class='ocrx_word' id='word_1_494' title='bbox 2568 1976 2682 2030; x_wconf 72' lang='lat' dir='ltr'><strong>hzec</strong></span> <span class='ocrx_word' id='word_1_495' title='bbox 2708 1984 2945 2043; x_wconf 65' lang='lat' dir='ltr'><strong>‘unquam</strong></span> <span class='ocrx_word' id='word_1_496' title='bbox 2988 1974 3042 2027; x_wconf 90' lang='lat' dir='ltr'><strong>in</strong></span> <span class='ocrx_word' id='word_1_497' title='bbox 3085 1972 3380 2041; x_wconf 88' lang='lat' dir='ltr'><strong>Scripturis</strong></span> <span class='ocrx_word' id='word_1_498' title='bbox 3413 1972 3591 2027; x_wconf 86' lang='lat' dir='ltr'><strong>sacris</strong></span> <span class='ocrx_word' id='word_1_499' title='bbox 3616 1972 3753 2043; x_wconf 84' lang='lat' dir='ltr'><strong>legi-</strong></span> 
     </span>
    </p>
   </div>
   <div class='ocr_carea' id='block_1_61' title="bbox 2162 2066 3753 2125">
    <p class='ocr_par' dir='ltr' id='par_1_61' title="bbox 2162 2066 3753 2125">
     <span class='ocr_line' id='line_1_61' title="bbox 2162 2066 3753 2125; baseline -0.001 0"><span class='ocrx_word' id='word_1_500' title='bbox 2162 2070 2271 2125; x_wconf 89' lang='lat' dir='ltr'><strong>sti?</strong></span> <span class='ocrx_word' id='word_1_501' title='bbox 2301 2070 2390 2123; x_wconf 91' lang='lat' dir='ltr'><strong>ubi</strong></span> <span class='ocrx_word' id='word_1_502' title='bbox 2416 2068 2467 2122; x_wconf 90' lang='lat' dir='ltr'><strong>in</strong></span> <span class='ocrx_word' id='word_1_503' title='bbox 2498 2069 2703 2123; x_wconf 85' lang='lat' dir='ltr'><strong>sanctis</strong></span> <span class='ocrx_word' id='word_1_504' title='bbox 2729 2078 2782 2122; x_wconf 90' lang='lat' dir='ltr'><strong>ct</strong></span> <span class='ocrx_word' id='word_1_505' title='bbox 2819 2066 3100 2122; x_wconf 84' lang='lat' dir='ltr'><strong>catholicis</strong></span> <span class='ocrx_word' id='word_1_506' title='bbox 3146 2066 3401 2121; x_wconf 61' lang='lat' dir='ltr'><strong>Ecclesiae</strong></span> <span class='ocrx_word' id='word_1_507' title='bbox 3431 2066 3753 2124; x_wconf 85' lang='lat' dir='ltr'><strong>doctoribus</strong></span> 
     </span>
    </p>
   </div>
   <div class='ocr_carea' id='block_1_62' title="bbox 2162 2156 3761 2229">
    <p class='ocr_par' dir='ltr' id='par_1_62' title="bbox 2162 2156 3761 2229">
     <span class='ocr_line' id='line_1_62' title="bbox 2162 2156 3761 2229; baseline 0.001 -16"><span class='ocrx_word' id='word_1_508' title='bbox 2162 2158 2450 2214; x_wconf 86' lang='lat' dir='ltr'><strong>invenisti?</strong></span> <span class='ocrx_word' id='word_1_509' title='bbox 2492 2158 2599 2212; x_wconf 91' lang='lat' dir='ltr'><strong>Cur</strong></span> <span class='ocrx_word' id='word_1_510' title='bbox 2648 2173 2753 2213; x_wconf 91' lang='lat' dir='ltr'><strong>non</strong></span> <span class='ocrx_word' id='word_1_511' title='bbox 2802 2158 3052 2213; x_wconf 90' lang='lat' dir='ltr'><strong>similiter</strong></span> <span class='ocrx_word' id='word_1_512' title='bbox 3100 2156 3369 2211; x_wconf 83' lang='lat' dir='ltr'><strong>diabolum</strong></span> <span class='ocrx_word' id='word_1_513' title='bbox 3412 2166 3469 2212; x_wconf 90' lang='lat' dir='ltr'><strong>et</strong></span> <span class='ocrx_word' id='word_1_514' title='bbox 3521 2158 3761 2229; x_wconf 79' lang='lat' dir='ltr'><strong>angelos</strong></span> 
     </span>
    </p>
   </div>
   <div class='ocr_carea' id='block_1_63' title="bbox 2159 2247 3752 2320">
    <p class='ocr_par' dir='ltr' id='par_1_63' title="bbox 2159 2247 3752 2320">
     <span class='ocr_line' id='line_1_63' title="bbox 2159 2247 3752 2320; baseline 0.002 -19"><span class='ocrx_word' id='word_1_515' title='bbox 2159 2248 2275 2317; x_wconf 84' lang='lat' dir='ltr'><strong>ejus</strong></span> <span class='ocrx_word' id='word_1_516' title='bbox 2298 2249 2620 2312; x_wconf 81' lang='lat' dir='ltr'><strong>exhortaris,</strong></span> <span class='ocrx_word' id='word_1_517' title='bbox 2652 2258 2711 2303; x_wconf 91' lang='lat' dir='ltr'><strong>ut</strong></span> <span class='ocrx_word' id='word_1_518' title='bbox 2750 2249 2878 2320; x_wconf 88' lang='lat' dir='ltr'><strong>quia</strong></span> <span class='ocrx_word' id='word_1_519' title='bbox 2906 2255 3163 2302; x_wconf 86' lang='lat' dir='ltr'><strong>statutam</strong></span> <span class='ocrx_word' id='word_1_520' title='bbox 3188 2247 3593 2304; x_wconf 85' lang='lat' dir='ltr'><strong>damnationem</strong></span> <span class='ocrx_word' id='word_1_521' title='bbox 3618 2264 3752 2304; x_wconf 83' lang='lat' dir='ltr'><strong>eva-</strong></span> 
     </span>
    </p>
   </div>
   <div class='ocr_carea' id='block_1_64' title="bbox 2160 2338 3750 2409">
    <p class='ocr_par' dir='ltr' id='par_1_64' title="bbox 2160 2338 3750 2409">
     <span class='ocr_line' id='line_1_64' title="bbox 2160 2338 3750 2409; baseline 0.002 -16"><span class='ocrx_word' id='word_1_522' title='bbox 2160 2340 2286 2399; x_wconf 87' lang='lat' dir='ltr'><strong>dere</strong></span> <span class='ocrx_word' id='word_1_523' title='bbox 2323 2355 2427 2394; x_wconf 92' lang='lat' dir='ltr'><strong>non</strong></span> <span class='ocrx_word' id='word_1_524' title='bbox 2472 2348 2781 2409; x_wconf 84' lang='lat' dir='ltr'><strong>potuerunt,</strong></span> <span class='ocrx_word' id='word_1_525' title='bbox 2803 2338 2915 2407; x_wconf 86' lang='lat' dir='ltr'><strong>jam</strong></span> <span class='ocrx_word' id='word_1_526' title='bbox 2943 2355 3086 2394; x_wconf 89' lang='lat' dir='ltr'><strong>nunc</strong></span> <span class='ocrx_word' id='word_1_527' title='bbox 3126 2339 3341 2395; x_wconf 88' lang='lat' dir='ltr'><strong>interim</strong></span> <span class='ocrx_word' id='word_1_528' title='bbox 3378 2348 3538 2395; x_wconf 90' lang='lat' dir='ltr'><strong>orent</strong></span> <span class='ocrx_word' id='word_1_529' title='bbox 3565 2350 3623 2395; x_wconf 84' lang='lat' dir='ltr'><strong>et</strong></span> <span class='ocrx_word' id='word_1_530' title='bbox 3649 2342 3750 2396; x_wconf 86' lang='lat' dir='ltr'><strong>de-</strong></span> 
     </span>
    </p>
   </div>
   <div class='ocr_carea' id='block_1_65' title="bbox 2159 2434 3753 2507">
    <p class='ocr_par' dir='ltr' id='par_1_65' title="bbox 2159 2434 3753 2507">
     <span class='ocr_line' id='line_1_65' title="bbox 2159 2434 3753 2507; baseline 0.001 -16"><span class='ocrx_word' id='word_1_531' title='bbox 2159 2444 2449 2507; x_wconf 86' lang='lat' dir='ltr'><strong>precentur</strong></span> <span class='ocrx_word' id='word_1_532' title='bbox 2474 2436 2778 2501; x_wconf 91' lang='lat' dir='ltr'><strong>Dominum,</strong></span> <span class='ocrx_word' id='word_1_533' title='bbox 2806 2443 2865 2489; x_wconf 90' lang='lat' dir='ltr'><strong>ut</strong></span> <span class='ocrx_word' id='word_1_534' title='bbox 2887 2436 2967 2491; x_wconf 90' lang='lat' dir='ltr'><strong>eis</strong></span> <span class='ocrx_word' id='word_1_535' title='bbox 2993 2435 3238 2491; x_wconf 87' lang='lat' dir='ltr'><strong>mitiores</strong></span> <span class='ocrx_word' id='word_1_536' title='bbox 3267 2443 3321 2489; x_wconf 89' lang='lat' dir='ltr'><strong>et</strong></span> <span class='ocrx_word' id='word_1_537' title='bbox 3348 2434 3753 2492; x_wconf 79' lang='lat' dir='ltr'><strong>tolerabiliores</strong></span> 
     </span>
    </p>
   </div>
   <div class='ocr_carea' id='block_1_66' title="bbox 2160 2526 3747 2596">
    <p class='ocr_par' dir='ltr' id='par_1_66' title="bbox 2160 2526 3747 2596">
     <span class='ocr_line' id='line_1_66' title="bbox 2160 2526 3747 2596; baseline 0 -16"><span class='ocrx_word' id='word_1_538' title='bbox 2160 2526 2294 2581; x_wconf 88' lang='lat' dir='ltr'><strong>ﬁant</strong></span> <span class='ocrx_word' id='word_1_539' title='bbox 2322 2535 2536 2580; x_wconf 62' lang='lat' dir='ltr'><strong>aeterna:</strong></span> <span class='ocrx_word' id='word_1_540' title='bbox 2562 2527 2768 2595; x_wconf 70' lang='lat' dir='ltr'><strong>pmnae?</strong></span> <span class='ocrx_word' id='word_1_541' title='bbox 2793 2536 2885 2580; x_wconf 90' lang='lat' dir='ltr'><strong>aut</strong></span> <span class='ocrx_word' id='word_1_542' title='bbox 2909 2526 3036 2596; x_wconf 90' lang='lat' dir='ltr'><strong>quid</strong></span> <span class='ocrx_word' id='word_1_543' title='bbox 3068 2526 3297 2595; x_wconf 91' lang='lat' dir='ltr'><strong>amplius</strong></span> <span class='ocrx_word' id='word_1_544' title='bbox 3319 2526 3438 2581; x_wconf 85' lang='lat' dir='ltr'><strong>istis</strong></span> <span class='ocrx_word' id='word_1_545' title='bbox 3457 2526 3747 2596; x_wconf 85' lang='lat' dir='ltr'><strong>relinquis,</strong></span> 
     </span>
    </p>
   </div>
   <div class='ocr_carea' id='block_1_67' title="bbox 2160 2615 3753 2685">
    <p class='ocr_par' dir='ltr' id='par_1_67' title="bbox 2160 2615 3753 2685">
     <span class='ocr_line' id='line_1_67' title="bbox 2160 2615 3753 2685; baseline 0.002 -16"><span class='ocrx_word' id='word_1_546' title='bbox 2160 2631 2299 2685; x_wconf 89' lang='lat' dir='ltr'><strong>quos</strong></span> <span class='ocrx_word' id='word_1_547' title='bbox 2324 2615 2573 2670; x_wconf 84' lang='lat' dir='ltr'><strong>similiter</strong></span> <span class='ocrx_word' id='word_1_548' title='bbox 2610 2616 2946 2671; x_wconf 87' lang='lat' dir='ltr'><strong>irrevocabili</strong></span> <span class='ocrx_word' id='word_1_549' title='bbox 2982 2617 3248 2671; x_wconf 87' lang='lat' dir='ltr'><strong>sententia</strong></span> <span class='ocrx_word' id='word_1_550' title='bbox 3288 2616 3570 2672; x_wconf 87' lang='lat' dir='ltr'><strong>damnatos</strong></span> <span class='ocrx_word' id='word_1_551' title='bbox 3597 2632 3753 2672; x_wconf 82' lang='lat' dir='ltr'><strong>asse-</strong></span> 
     </span>
    </p>
   </div>
   <div class='ocr_carea' id='block_1_68' title="bbox 2161 2705 3749 2776">
    <p class='ocr_par' dir='ltr' id='par_1_68' title="bbox 2161 2705 3749 2776">
     <span class='ocr_line' id='line_1_68' title="bbox 2161 2705 3749 2776; baseline 0.004 -17"><span class='ocrx_word' id='word_1_552' title='bbox 2161 2706 2269 2761; x_wconf 87' lang='lat' dir='ltr'><strong>ris?</strong></span> <span class='ocrx_word' id='word_1_553' title='bbox 2310 2705 2445 2761; x_wconf 88' lang='lat' dir='ltr'><strong>lluic</strong></span> <span class='ocrx_word' id='word_1_554' title='bbox 2482 2715 2589 2760; x_wconf 88' lang='lat' dir='ltr'><strong>tam</strong></span> <span class='ocrx_word' id='word_1_555' title='bbox 2633 2708 2803 2761; x_wconf 84' lang='lat' dir='ltr'><strong>atroci</strong></span> <span class='ocrx_word' id='word_1_556' title='bbox 2850 2707 3110 2776; x_wconf 82' lang='lat' dir='ltr'><strong>irnpietati</strong></span> <span class='ocrx_word' id='word_1_557' title='bbox 3137 2708 3461 2763; x_wconf 87' lang='lat' dir='ltr'><strong>contradicit</strong></span> <span class='ocrx_word' id='word_1_558' title='bbox 3487 2707 3749 2765; x_wconf 65' lang='lat' dir='ltr'><strong>Ecclesia:</strong></span> 
     </span>
    </p>
   </div>
   <div class='ocr_carea' id='block_1_69' title="bbox 2160 2788 3747 2872">
    <p class='ocr_par' dir='ltr' id='par_1_69' title="bbox 2160 2788 3747 2872">
     <span class='ocr_line' id='line_1_69' title="bbox 2160 2788 3747 2872; baseline 0.003 -18"><span class='ocrx_word' id='word_1_559' title='bbox 2160 2800 2311 2863; x_wconf 90' lang='lat' dir='ltr'><strong>ﬁdes,</strong></span> <span class='ocrx_word' id='word_1_560' title='bbox 2346 2816 2466 2869; x_wconf 66' lang='lat' dir='ltr'><strong>qua:</strong></span> <span class='ocrx_word' id='word_1_561' title='bbox 2507 2788 2949 2856; x_wconf 30' lang='lat' dir='ltr'><strong>diabolum‘cum</strong></span> <span class='ocrx_word' id='word_1_562' title='bbox 2989 2798 3194 2871; x_wconf 75' lang='lat' dir='ltr'><strong>angelis</strong></span> <span class='ocrx_word' id='word_1_563' title='bbox 3231 2802 3344 2856; x_wconf 90' lang='lat' dir='ltr'><strong>suis</strong></span> <span class='ocrx_word' id='word_1_564' title='bbox 3387 2803 3561 2858; x_wconf 82' lang='lat' dir='ltr'><strong>credit</strong></span> <span class='ocrx_word' id='word_1_565' title='bbox 3608 2804 3747 2872; x_wconf 58' lang='lat' dir='ltr'><strong>iure.</strong></span> 
     </span>
    </p>
   </div>
   <div class='ocr_carea' id='block_1_70' title="bbox 2159 2890 3748 2957">
    <p class='ocr_par' dir='ltr' id='par_1_70' title="bbox 2159 2890 3748 2957">
     <span class='ocr_line' id='line_1_70' title="bbox 2159 2890 3748 2957; baseline 0.002 -13"><span class='ocrx_word' id='word_1_566' title='bbox 2159 2890 2525 2946; x_wconf 90' lang='lat' dir='ltr'><strong>mediabiliter</strong></span> <span class='ocrx_word' id='word_1_567' title='bbox 2571 2891 2877 2945; x_wconf 87' lang='lat' dir='ltr'><strong>corruisse:</strong></span> <span class='ocrx_word' id='word_1_568' title='bbox 2907 2891 3213 2946; x_wconf 86' lang='lat' dir='ltr'><strong>hominibus</strong></span> <span class='ocrx_word' id='word_1_569' title='bbox 3245 2906 3398 2957; x_wconf 89' lang='lat' dir='ltr'><strong>vero,</strong></span> <span class='ocrx_word' id='word_1_570' title='bbox 3429 2892 3593 2947; x_wconf 89' lang='lat' dir='ltr'><strong>etiam</strong></span> <span class='ocrx_word' id='word_1_571' title='bbox 3643 2893 3748 2947; x_wconf 85' lang='lat' dir='ltr'><strong>im-</strong></span> 
     </span>
    </p>
   </div>
   <div class='ocr_carea' id='block_1_71' title="bbox 2160 2980 3750 3054">
    <p class='ocr_par' dir='ltr' id='par_1_71' title="bbox 2160 2980 3750 3054">
     <span class='ocr_line' id='line_1_71' title="bbox 2160 2980 3750 3054; baseline 0.004 -21"><span class='ocrx_word' id='word_1_572' title='bbox 2160 2980 2285 3049; x_wconf 89' lang='lat' dir='ltr'><strong>piis,</strong></span> <span class='ocrx_word' id='word_1_573' title='bbox 2316 2981 2361 3034; x_wconf 88' lang='lat' dir='ltr'><strong>si</strong></span> <span class='ocrx_word' id='word_1_574' title='bbox 2390 2989 2781 3051; x_wconf 83' lang='lat' dir='ltr'><strong>recognoscant</strong></span> <span class='ocrx_word' id='word_1_575' title='bbox 2804 2989 3021 3054; x_wconf 72' lang='lat' dir='ltr'><strong>peccata</strong></span> <span class='ocrx_word' id='word_1_576' title='bbox 3044 2996 3162 3044; x_wconf 90' lang='lat' dir='ltr'><strong>sua,</strong></span> <span class='ocrx_word' id='word_1_577' title='bbox 3191 2982 3237 3035; x_wconf 90' lang='lat' dir='ltr'><strong>si</strong></span> <span class='ocrx_word' id='word_1_578' title='bbox 3264 2980 3516 3048; x_wconf 80' lang='lat' dir='ltr'><strong>deﬂeant,</strong></span> <span class='ocrx_word' id='word_1_579' title='bbox 3543 2983 3589 3038; x_wconf 90' lang='lat' dir='ltr'><strong>si</strong></span> <span class='ocrx_word' id='word_1_580' title='bbox 3613 2999 3750 3039; x_wconf 85' lang='lat' dir='ltr'><strong>con-</strong></span> 
     </span>
    </p>
   </div>
   <div class='ocr_carea' id='block_1_72' title="bbox 2160 3069 3747 3145">
    <p class='ocr_par' dir='ltr' id='par_1_72' title="bbox 2160 3069 3747 3145">
     <span class='ocr_line' id='line_1_72' title="bbox 2160 3069 3747 3145; baseline 0.003 -21"><span class='ocrx_word' id='word_1_581' title='bbox 2160 3069 2437 3136; x_wconf 86' lang='lat' dir='ltr'><strong>ﬁteantur,</strong></span> <span class='ocrx_word' id='word_1_582' title='bbox 2470 3073 2513 3126; x_wconf 91' lang='lat' dir='ltr'><strong>si</strong></span> <span class='ocrx_word' id='word_1_583' title='bbox 2561 3071 2796 3127; x_wconf 90' lang='lat' dir='ltr'><strong>divinam</strong></span> <span class='ocrx_word' id='word_1_584' title='bbox 2835 3072 3260 3127; x_wconf 88' lang='lat' dir='ltr'><strong>misericordiam</strong></span> <span class='ocrx_word' id='word_1_585' title='bbox 3308 3072 3619 3145; x_wconf 89' lang='lat' dir='ltr'><strong>implorent,</strong></span> <span class='ocrx_word' id='word_1_586' title='bbox 3662 3074 3747 3129; x_wconf 87' lang='lat' dir='ltr'><strong>in-</strong></span> 
     </span>
    </p>
   </div>
   <div class='ocr_carea' id='block_1_73' title="bbox 2160 3162 3744 3234">
    <p class='ocr_par' dir='ltr' id='par_1_73' title="bbox 2160 3162 3744 3234">
     <span class='ocr_line' id='line_1_73' title="bbox 2160 3162 3744 3234; baseline 0.004 -19"><span class='ocrx_word' id='word_1_587' title='bbox 2160 3162 2470 3217; x_wconf 87' lang='lat' dir='ltr'><strong>dubitanter</strong></span> <span class='ocrx_word' id='word_1_588' title='bbox 2508 3163 2731 3234; x_wconf 87' lang='lat' dir='ltr'><strong>januam</strong></span> <span class='ocrx_word' id='word_1_589' title='bbox 2795 3164 3139 3234; x_wconf 69' lang='lat' dir='ltr'><strong>indulgentia:</strong></span> <span class='ocrx_word' id='word_1_590' title='bbox 3183 3165 3401 3233; x_wconf 86' lang='lat' dir='ltr'><strong>aperiri.</strong></span> <span class='ocrx_word' id='word_1_591' title='bbox 3454 3165 3546 3221; x_wconf 91' lang='lat' dir='ltr'><strong>Sic</strong></span> <span class='ocrx_word' id='word_1_592' title='bbox 3596 3166 3744 3221; x_wconf 91' lang='lat' dir='ltr'><strong>enim</strong></span> 
     </span>
    </p>
   </div>
   <div class='ocr_carea' id='block_1_74' title="bbox 2160 3252 3747 3323">
    <p class='ocr_par' dir='ltr' id='par_1_74' title="bbox 2160 3252 3747 3323">
     <span class='ocr_line' id='line_1_74' title="bbox 2160 3252 3747 3323; baseline 0.004 -18"><span class='ocrx_word' id='word_1_593' title='bbox 2160 3253 2419 3323; x_wconf 86' lang='lat' dir='ltr'><strong>propheta</strong></span> <span class='ocrx_word' id='word_1_594' title='bbox 2456 3252 2611 3307; x_wconf 88' lang='lat' dir='ltr'><strong>docet</strong></span> <span class='ocrx_word' id='word_1_595' title='bbox 2640 3262 2694 3308; x_wconf 88' lang='lat' dir='ltr'><strong>et</strong></span> <span class='ocrx_word' id='word_1_596' title='bbox 2721 3254 3043 3307; x_wconf 83' lang='lat' dir='ltr'><strong>exhortatur</strong></span> <span class='ocrx_word' id='word_1_597' title='bbox 3076 3254 3299 3309; x_wconf 88' lang='lat' dir='ltr'><strong>dicens:</strong></span> <span class='ocrx_word' id='word_1_598' title='bbox 3328 3274 3345 3307; x_wconf 75' lang='grc' dir='ltr'><strong>ι</strong></span> <span class='ocrx_word' id='word_1_599' title='bbox 3376 3254 3611 3322; x_wconf 67' lang='lat' dir='ltr'><strong>Quaerite</strong></span> <span class='ocrx_word' id='word_1_600' title='bbox 3637 3256 3747 3311; x_wconf 82' lang='lat' dir='ltr'><strong>Do-</strong></span> 
     </span>
    </p>
   </div>
   <div class='ocr_carea' id='block_1_75' title="bbox 2168 3345 3745 3417">
    <p class='ocr_par' dir='ltr' id='par_1_75' title="bbox 2168 3345 3745 3417">
     <span class='ocr_line' id='line_1_75' title="bbox 2168 3345 3745 3417; baseline 0.004 -19"><span class='ocrx_word' id='word_1_601' title='bbox 2168 3361 2187 3417; x_wconf 69' lang='grc' dir='ltr'><strong>ι</strong></span> <span class='ocrx_word' id='word_1_602' title='bbox 2219 3345 2443 3408; x_wconf 90' lang='lat' dir='ltr'><strong>minum,</strong></span> <span class='ocrx_word' id='word_1_603' title='bbox 2471 3345 2598 3399; x_wconf 91' lang='lat' dir='ltr'><strong>dum</strong></span> <span class='ocrx_word' id='word_1_604' title='bbox 2625 3346 2855 3399; x_wconf 90' lang='lat' dir='ltr'><strong>inveniri</strong></span> <span class='ocrx_word' id='word_1_605' title='bbox 2903 3354 3108 3417; x_wconf 89' lang='lat' dir='ltr'><strong>potest;</strong></span> <span class='ocrx_word' id='word_1_606' title='bbox 3140 3346 3382 3402; x_wconf 86' lang='lat' dir='ltr'><strong>invocate</strong></span> <span class='ocrx_word' id='word_1_607' title='bbox 3420 3364 3562 3415; x_wconf 90' lang='lat' dir='ltr'><strong>eum,</strong></span> <span class='ocrx_word' id='word_1_608' title='bbox 3611 3349 3745 3404; x_wconf 89' lang='lat' dir='ltr'><strong>dum</strong></span> 
     </span>
    </p>
   </div>
   <div class='ocr_carea' id='block_1_76' title="bbox 2164 3416 3746 3506">
    <p class='ocr_par' dir='ltr' id='par_1_76' title="bbox 2164 3416 3746 3506">
     <span class='ocr_line' id='line_1_76' title="bbox 2164 3416 3746 3506; baseline 0.006 -21"><span class='ocrx_word' id='word_1_609' title='bbox 2164 3416 2186 3485; x_wconf 59' lang='grc' dir='ltr'><strong>ι</strong></span> <span class='ocrx_word' id='word_1_610' title='bbox 2221 3450 2388 3505; x_wconf 91' lang='lat' dir='ltr'><strong>prope</strong></span> <span class='ocrx_word' id='word_1_611' title='bbox 2436 3444 2539 3489; x_wconf 92' lang='lat' dir='ltr'><strong>est.</strong></span> <span class='ocrx_word' id='word_1_612' title='bbox 2573 3434 2920 3504; x_wconf 90' lang='lat' dir='ltr'><strong>Dcrelinqnat</strong></span> <span class='ocrx_word' id='word_1_613' title='bbox 2947 3436 3143 3506; x_wconf 89' lang='lat' dir='ltr'><strong>impius</strong></span> <span class='ocrx_word' id='word_1_614' title='bbox 3186 3438 3327 3491; x_wconf 92' lang='lat' dir='ltr'><strong>viam</strong></span> <span class='ocrx_word' id='word_1_615' title='bbox 3355 3453 3526 3505; x_wconf 88' lang='lat' dir='ltr'><strong>suam,</strong></span> <span class='ocrx_word' id='word_1_616' title='bbox 3564 3449 3621 3494; x_wconf 91' lang='lat' dir='ltr'><strong>et</strong></span> <span class='ocrx_word' id='word_1_617' title='bbox 3656 3440 3746 3495; x_wconf 88' lang='lat' dir='ltr'><strong>vir</strong></span> 
     </span>
    </p>
   </div>
   <div class='ocr_carea' id='block_1_77' title="bbox 2165 3526 3742 3597">
    <p class='ocr_par' dir='ltr' id='par_1_77' title="bbox 2165 3526 3742 3597">
     <span class='ocr_line' id='line_1_77' title="bbox 2165 3526 3742 3597; baseline 0.006 -22"><span class='ocrx_word' id='word_1_618' title='bbox 2165 3544 2182 3575; x_wconf 74' lang='grc' dir='ltr'><strong>ι</strong></span> <span class='ocrx_word' id='word_1_619' title='bbox 2222 3526 2440 3596; x_wconf 83' lang='lat' dir='ltr'><strong>iniquus</strong></span> <span class='ocrx_word' id='word_1_620' title='bbox 2464 3526 2821 3597; x_wconf 83' lang='lat' dir='ltr'><strong>cegitationes</strong></span> <span class='ocrx_word' id='word_1_621' title='bbox 2849 3542 2996 3594; x_wconf 91' lang='lat' dir='ltr'><strong>suas,</strong></span> <span class='ocrx_word' id='word_1_622' title='bbox 3026 3535 3083 3582; x_wconf 87' lang='lat' dir='ltr'><strong>et</strong></span> <span class='ocrx_word' id='word_1_623' title='bbox 3125 3537 3424 3583; x_wconf 86' lang='lat' dir='ltr'><strong>revertatur</strong></span> <span class='ocrx_word' id='word_1_624' title='bbox 3451 3528 3519 3582; x_wconf 88' lang='lat' dir='ltr'><strong>ad</strong></span> <span class='ocrx_word' id='word_1_625' title='bbox 3544 3528 3742 3585; x_wconf 83' lang='lat' dir='ltr'><strong>Domi-</strong></span> 
     </span>
    </p>
   </div>
   <div class='ocr_carea' id='block_1_78' title="bbox 2165 3617 3739 3689">
    <p class='ocr_par' dir='ltr' id='par_1_78' title="bbox 2165 3617 3739 3689">
     <span class='ocr_line' id='line_1_78' title="bbox 2165 3617 3739 3689; baseline 0.008 -24"><span class='ocrx_word' id='word_1_626' title='bbox 2165 3632 2184 3665; x_wconf 84' lang='grc'><em>‹</em></span> <span class='ocrx_word' id='word_1_627' title='bbox 2219 3631 2370 3682; x_wconf 91' lang='lat' dir='ltr'><strong>num,</strong></span> <span class='ocrx_word' id='word_1_628' title='bbox 2402 3625 2457 3672; x_wconf 90' lang='lat' dir='ltr'><strong>et</strong></span> <span class='ocrx_word' id='word_1_629' title='bbox 2497 3618 2840 3673; x_wconf 85' lang='lat' dir='ltr'><strong>miserebitur</strong></span> <span class='ocrx_word' id='word_1_630' title='bbox 2867 3617 3004 3688; x_wconf 82' lang='lat' dir='ltr'><strong>eius,</strong></span> <span class='ocrx_word' id='word_1_631' title='bbox 3053 3628 3107 3674; x_wconf 91' lang='lat' dir='ltr'><strong>et</strong></span> <span class='ocrx_word' id='word_1_632' title='bbox 3135 3621 3204 3675; x_wconf 89' lang='lat' dir='ltr'><strong>ad</strong></span> <span class='ocrx_word' id='word_1_633' title='bbox 3252 3621 3421 3676; x_wconf 85' lang='lat' dir='ltr'><strong>Deum</strong></span> <span class='ocrx_word' id='word_1_634' title='bbox 3468 3630 3739 3689; x_wconf 90' lang='lat' dir='ltr'><strong>nostrum,</strong></span> 
     </span>
    </p>
   </div>
   <div class='ocr_carea' id='block_1_79' title="bbox 2165 3711 3731 3783">
    <p class='ocr_par' dir='ltr' id='par_1_79' title="bbox 2165 3711 3731 3783">
     <span class='ocr_line' id='line_1_79' title="bbox 2165 3711 3731 3783; baseline 0.004 -22"><span class='ocrx_word' id='word_1_635' title='bbox 2165 3728 2184 3761; x_wconf 74' lang='grc' dir='ltr'><strong>ι</strong></span> <span class='ocrx_word' id='word_1_636' title='bbox 2221 3711 2473 3781; x_wconf 90' lang='lat' dir='ltr'><strong>quoniam</strong></span> <span class='ocrx_word' id='word_1_637' title='bbox 2500 3711 2699 3766; x_wconf 88' lang='lat' dir='ltr'><strong>multus</strong></span> <span class='ocrx_word' id='word_1_638' title='bbox 2720 3720 2803 3766; x_wconf 89' lang='lat' dir='ltr'><strong>est</strong></span> <span class='ocrx_word' id='word_1_639' title='bbox 2829 3712 2895 3766; x_wconf 86' lang='lat' dir='ltr'><strong>ad</strong></span> <span class='ocrx_word' id='word_1_640' title='bbox 2920 3712 3326 3783; x_wconf 82' lang='lat' dir='ltr'><strong>ignoscendum.</strong></span> <span class='ocrx_word' id='word_1_641' title='bbox 3358 3734 3376 3766; x_wconf 77' lang='grc' dir='ltr'><strong>ι</strong></span> <span class='ocrx_word' id='word_1_642' title='bbox 3413 3714 3481 3769; x_wconf 86' lang='grc' dir='ltr'>Ει</span> <span class='ocrx_word' id='word_1_643' title='bbox 3509 3715 3731 3769; x_wconf 86' lang='lat' dir='ltr'><strong>iterum:</strong></span> 
     </span>
    </p>
   </div>
   <div class='ocr_carea' id='block_1_80' title="bbox 2164 3786 3734 3870">
    <p class='ocr_par' dir='ltr' id='par_1_80' title="bbox 2164 3786 3734 3870">
     <span class='ocr_line' id='line_1_80' title="bbox 2164 3786 3734 3870; baseline 0.006 -18"><span class='ocrx_word' id='word_1_644' title='bbox 2164 3786 2343 3868; x_wconf 70' lang='lat' dir='ltr'><strong>«Quis</strong></span> <span class='ocrx_word' id='word_1_645' title='bbox 2383 3801 2677 3856; x_wconf 77' lang='lat' dir='ltr'><strong>ambulabit</strong></span> <span class='ocrx_word' id='word_1_646' title='bbox 2708 3804 2761 3856; x_wconf 91' lang='lat' dir='ltr'><strong>in</strong></span> <span class='ocrx_word' id='word_1_647' title='bbox 2806 3804 3060 3870; x_wconf 86' lang='lat' dir='ltr'><strong>tenebris,</strong></span> <span class='ocrx_word' id='word_1_648' title='bbox 3091 3813 3146 3861; x_wconf 88' lang='lat' dir='ltr'><strong>et</strong></span> <span class='ocrx_word' id='word_1_649' title='bbox 3187 3820 3293 3860; x_wconf 90' lang='lat' dir='ltr'><strong>non</strong></span> <span class='ocrx_word' id='word_1_650' title='bbox 3321 3813 3406 3861; x_wconf 86' lang='lat' dir='ltr'><strong>est</strong></span> <span class='ocrx_word' id='word_1_651' title='bbox 3434 3804 3616 3861; x_wconf 87' lang='lat' dir='ltr'><strong>lumen</strong></span> <span class='ocrx_word' id='word_1_652' title='bbox 3655 3806 3734 3861; x_wconf 76' lang='lat' dir='ltr'><strong>ei?</strong></span> 
     </span>
    </p>
   </div>
   <div class='ocr_carea' id='block_1_81' title="bbox 2164 3892 3739 3968">
    <p class='ocr_par' dir='ltr' id='par_1_81' title="bbox 2164 3892 3739 3968">
     <span class='ocr_line' id='line_1_81' title="bbox 2164 3892 3739 3968; baseline 0.007 -26"><span class='ocrx_word' id='word_1_653' title='bbox 2164 3909 2183 3941; x_wconf 86' lang='grc'><em>‹</em></span> <span class='ocrx_word' id='word_1_654' title='bbox 2215 3899 2396 3960; x_wconf 89' lang='lat' dir='ltr'><strong>speret</strong></span> <span class='ocrx_word' id='word_1_655' title='bbox 2417 3892 2471 3945; x_wconf 92' lang='lat' dir='ltr'><strong>in</strong></span> <span class='ocrx_word' id='word_1_656' title='bbox 2500 3892 2715 3948; x_wconf 90' lang='lat' dir='ltr'><strong>nomine</strong></span> <span class='ocrx_word' id='word_1_657' title='bbox 2744 3892 2978 3960; x_wconf 90' lang='lat' dir='ltr'><strong>Domini,</strong></span> <span class='ocrx_word' id='word_1_658' title='bbox 3001 3902 3055 3951; x_wconf 89' lang='lat' dir='ltr'><strong>et</strong></span> <span class='ocrx_word' id='word_1_659' title='bbox 3082 3896 3344 3951; x_wconf 83' lang='lat' dir='ltr'><strong>innitatur</strong></span> <span class='ocrx_word' id='word_1_660' title='bbox 3374 3913 3538 3968; x_wconf 88' lang='lat' dir='ltr'><strong>super</strong></span> <span class='ocrx_word' id='word_1_661' title='bbox 3568 3897 3739 3953; x_wconf 85' lang='lat' dir='ltr'><strong>Deum</strong></span> 
     </span>
    </p>
   </div>
   <div class='ocr_carea' id='block_1_82' title="bbox 2163 3983 3741 4059">
    <p class='ocr_par' dir='ltr' id='par_1_82' title="bbox 2163 3983 3741 4059">
     <span class='ocr_line' id='line_1_82' title="bbox 2163 3983 3741 4059; baseline 0.01 -26"><span class='ocrx_word' id='word_1_662' title='bbox 2163 3999 2183 4033; x_wconf 75' lang='grc' dir='ltr'><strong>ι</strong></span> <span class='ocrx_word' id='word_1_663' title='bbox 2213 3997 2390 4037; x_wconf 89' lang='lat' dir='ltr'><strong>suum.</strong></span> <span class='ocrx_word' id='word_1_664' title='bbox 2427 4003 2446 4035; x_wconf 74' lang='grc' dir='ltr'><strong>ι</strong></span> <span class='ocrx_word' id='word_1_665' title='bbox 2472 3983 2534 4040; x_wconf 88' lang='lat' dir='ltr'><strong>Et</strong></span> <span class='ocrx_word' id='word_1_666' title='bbox 2578 3985 2691 4055; x_wconf 89' lang='lat' dir='ltr'><strong>ipse</strong></span> <span class='ocrx_word' id='word_1_667' title='bbox 2729 3986 2989 4042; x_wconf 87' lang='lat' dir='ltr'><strong>Dominus</strong></span> <span class='ocrx_word' id='word_1_668' title='bbox 3028 4004 3125 4059; x_wconf 89' lang='lat' dir='ltr'><strong>per</strong></span> <span class='ocrx_word' id='word_1_669' title='bbox 3172 4004 3267 4044; x_wconf 88' lang='lat' dir='ltr'><strong>se:</strong></span> <span class='ocrx_word' id='word_1_670' title='bbox 3298 4008 3317 4040; x_wconf 69' lang='grc' dir='ltr'><strong>ι</strong></span> <span class='ocrx_word' id='word_1_671' title='bbox 3350 3989 3741 4048; x_wconf 86' lang='lat' dir='ltr'><strong>Convertimini</strong></span> 
     </span>
    </p>
   </div>
   <div class='ocr_carea' id='block_1_83' title="bbox 2164 4060 3742 4146">
    <p class='ocr_par' dir='ltr' id='par_1_83' title="bbox 2164 4060 3742 4146">
     <span class='ocr_line' id='line_1_83' title="bbox 2164 4060 3742 4146; baseline 0.01 -21"><span class='ocrx_word' id='word_1_672' title='bbox 2164 4060 2195 4125; x_wconf 72' lang='grc' dir='ltr'>ι’</span> <span class='ocrx_word' id='word_1_673' title='bbox 2219 4074 2287 4129; x_wconf 90' lang='lat' dir='ltr'><strong>ad</strong></span> <span class='ocrx_word' id='word_1_674' title='bbox 2314 4089 2421 4139; x_wconf 91' lang='lat' dir='ltr'><strong>me,</strong></span> <span class='ocrx_word' id='word_1_675' title='bbox 2445 4083 2499 4130; x_wconf 91' lang='lat' dir='ltr'><strong>et</strong></span> <span class='ocrx_word' id='word_1_676' title='bbox 2530 4085 2817 4132; x_wconf 89' lang='lat' dir='ltr'><strong>convertar</strong></span> <span class='ocrx_word' id='word_1_677' title='bbox 2839 4079 2905 4133; x_wconf 90' lang='lat' dir='ltr'><strong>ad</strong></span> <span class='ocrx_word' id='word_1_678' title='bbox 2928 4094 3046 4146; x_wconf 89' lang='lat' dir='ltr'><strong>vos,</strong></span> <span class='ocrx_word' id='word_1_679' title='bbox 3087 4079 3221 4135; x_wconf 91' lang='lat' dir='ltr'><strong>dicit</strong></span> <span class='ocrx_word' id='word_1_680' title='bbox 3247 4080 3509 4137; x_wconf 86' lang='lat' dir='ltr'><strong>Dominus</strong></span> <span class='ocrx_word' id='word_1_681' title='bbox 3530 4085 3742 4139; x_wconf 79' lang='lat' dir='ltr'><strong>exerci-</strong></span> 
     </span>
    </p>
   </div>
   <div class='ocr_carea' id='block_1_84' title="bbox 2164 4166 3742 4239">
    <p class='ocr_par' dir='ltr' id='par_1_84' title="bbox 2164 4166 3742 4239">
     <span class='ocr_line' id='line_1_84' title="bbox 2164 4166 3742 4239; baseline 0.01 -24"><span class='ocrx_word' id='word_1_682' title='bbox 2164 4181 2183 4215; x_wconf 76' lang='grc'><strong>(</strong></span> <span class='ocrx_word' id='word_1_683' title='bbox 2218 4172 2387 4220; x_wconf 90' lang='lat' dir='ltr'><strong>tuum.</strong></span> <span class='ocrx_word' id='word_1_684' title='bbox 2418 4187 2435 4218; x_wconf 71' lang='grc' dir='ltr'><strong>ι</strong></span> <span class='ocrx_word' id='word_1_685' title='bbox 2465 4166 2532 4221; x_wconf 91' lang='grc' dir='ltr'>Ει</span> <span class='ocrx_word' id='word_1_686' title='bbox 2552 4167 2657 4223; x_wconf 89' lang='lat' dir='ltr'><strong>alio</strong></span> <span class='ocrx_word' id='word_1_687' title='bbox 2687 4168 2845 4225; x_wconf 91' lang='lat' dir='ltr'><strong>loco:</strong></span> <span class='ocrx_word' id='word_1_688' title='bbox 2877 4190 2895 4221; x_wconf 77' lang='grc' dir='ltr'>ί</span> <span class='ocrx_word' id='word_1_689' title='bbox 2924 4169 3297 4239; x_wconf 83' lang='lat' dir='ltr'><strong>Revertimini,</strong></span> <span class='ocrx_word' id='word_1_690' title='bbox 3331 4172 3424 4227; x_wconf 90' lang='lat' dir='ltr'><strong>ﬁlii</strong></span> <span class='ocrx_word' id='word_1_691' title='bbox 3462 4185 3742 4231; x_wconf 63' lang='lat' dir='ltr'><strong>reverteno</strong></span> 
     </span>
    </p>
   </div>
   <div class='ocr_carea' id='block_1_85' title="bbox 2165 4261 3736 4322">
    <p class='ocr_par' dir='ltr' id='par_1_85' title="bbox 2165 4261 3736 4322">
     <span class='ocr_line' id='line_1_85' title="bbox 2165 4261 3736 4322; baseline 0.008 -13"><span class='ocrx_word' id='word_1_692' title='bbox 2165 4273 2183 4306; x_wconf 75' lang='grc' dir='ltr'><strong>ι</strong></span> <span class='ocrx_word' id='word_1_693' title='bbox 2220 4264 2323 4322; x_wconf 89' lang='lat' dir='ltr'><strong>tes,</strong></span> <span class='ocrx_word' id='word_1_694' title='bbox 2375 4266 2429 4312; x_wconf 89' lang='lat' dir='ltr'><strong>et</strong></span> <span class='ocrx_word' id='word_1_695' title='bbox 2477 4261 2681 4315; x_wconf 89' lang='lat' dir='ltr'><strong>sanabo</strong></span> <span class='ocrx_word' id='word_1_696' title='bbox 2724 4261 3038 4317; x_wconf 89' lang='lat' dir='ltr'><strong>aversiones</strong></span> <span class='ocrx_word' id='word_1_697' title='bbox 3080 4273 3311 4317; x_wconf 87' lang='lat' dir='ltr'><strong>vestras.</strong></span> <span class='ocrx_word' id='word_1_698' title='bbox 3343 4284 3361 4315; x_wconf 77' lang='grc' dir='ltr'><strong>ι</strong></span> <span class='ocrx_word' id='word_1_699' title='bbox 3402 4263 3471 4320; x_wconf 84' lang='grc' dir='ltr'>Ει</span> <span class='ocrx_word' id='word_1_700' title='bbox 3496 4265 3736 4322; x_wconf 88' lang='lat' dir='ltr'><strong>iterum:</strong></span> 
     </span>
    </p>
   </div>
   <div class='ocr_carea' id='block_1_86' title="bbox 2163 4348 3741 4435">
    <p class='ocr_par' dir='ltr' id='par_1_86' title="bbox 2163 4348 3741 4435">
     <span class='ocr_line' id='line_1_86' title="bbox 2163 4348 3741 4435; baseline 0.008 -35"><span class='ocrx_word' id='word_1_701' title='bbox 2163 4366 2197 4435; x_wconf 37' lang='lat'><strong>1&#39;</strong></span> <span class='ocrx_word' id='word_1_702' title='bbox 2218 4348 2473 4420; x_wconf 86' lang='lat' dir='ltr'><strong>Impietas</strong></span> <span class='ocrx_word' id='word_1_703' title='bbox 2498 4351 2651 4422; x_wconf 88' lang='lat' dir='ltr'><strong>impii</strong></span> <span class='ocrx_word' id='word_1_704' title='bbox 2679 4366 2784 4407; x_wconf 90' lang='lat' dir='ltr'><strong>non</strong></span> <span class='ocrx_word' id='word_1_705' title='bbox 2828 4353 3043 4408; x_wconf 91' lang='lat' dir='ltr'><strong>nocebit</strong></span> <span class='ocrx_word' id='word_1_706' title='bbox 3084 4353 3165 4420; x_wconf 92' lang='lat' dir='ltr'><strong>ei,</strong></span> <span class='ocrx_word' id='word_1_707' title='bbox 3205 4355 3257 4408; x_wconf 91' lang='lat' dir='ltr'><strong>in</strong></span> <span class='ocrx_word' id='word_1_708' title='bbox 3299 4370 3623 4427; x_wconf 88' lang='lat' dir='ltr'><strong>quacunque</strong></span> <span class='ocrx_word' id='word_1_709' title='bbox 3649 4358 3741 4413; x_wconf 85' lang='lat' dir='ltr'><strong>die</strong></span> 
     </span>
    </p>
   </div>
   <div class='ocr_carea' id='block_1_87' title="bbox 2164 4444 3739 4518">
    <p class='ocr_par' dir='ltr' id='par_1_87' title="bbox 2164 4444 3739 4518">
     <span class='ocr_line' id='line_1_87' title="bbox 2164 4444 3739 4518; baseline 0.01 -23"><span class='ocrx_word' id='word_1_710' title='bbox 2164 4462 2182 4495; x_wconf 85' lang='grc'><strong>‹</strong></span> <span class='ocrx_word' id='word_1_711' title='bbox 2219 4458 2511 4501; x_wconf 89' lang='lat' dir='ltr'><strong>conversus</strong></span> <span class='ocrx_word' id='word_1_712' title='bbox 2541 4444 2705 4501; x_wconf 83' lang='lat' dir='ltr'><strong>fuerit</strong></span> <span class='ocrx_word' id='word_1_713' title='bbox 2733 4447 2800 4503; x_wconf 90' lang='lat' dir='ltr'><strong>ab</strong></span> <span class='ocrx_word' id='word_1_714' title='bbox 2830 4447 3108 4518; x_wconf 89' lang='lat' dir='ltr'><strong>impietate</strong></span> <span class='ocrx_word' id='word_1_715' title='bbox 3148 4466 3266 4505; x_wconf 89' lang='lat' dir='ltr'><strong>sua.</strong></span> <span class='ocrx_word' id='word_1_716' title='bbox 3301 4471 3320 4505; x_wconf 71' lang='grc' dir='ltr'><strong>ι</strong></span> <span class='ocrx_word' id='word_1_717' title='bbox 3350 4451 3456 4507; x_wconf 87' lang='lat' dir='ltr'><strong>Ista</strong></span> <span class='ocrx_word' id='word_1_718' title='bbox 3486 4461 3574 4509; x_wconf 87' lang='lat' dir='ltr'><strong>est</strong></span> <span class='ocrx_word' id='word_1_719' title='bbox 3600 4453 3739 4510; x_wconf 83' lang='lat' dir='ltr'><strong>ﬁdes</strong></span> 
     </span>
    </p>
   </div>
   <div class='ocr_carea' id='block_1_88' title="bbox 472 4535 3741 4643">
    <p class='ocr_par' dir='ltr' id='par_1_88' title="bbox 472 4535 3741 4643">
     <span class='ocr_line' id='line_1_88' title="bbox 472 4535 3741 4643; baseline 0.004 -54"><span class='ocrx_word' id='word_1_720' title='bbox 472 4535 980 4607; x_wconf 37' lang='lat' dir='ltr'><strong>,Amasias,‘indigni</strong></span> <span class='ocrx_word' id='word_1_721' title='bbox 1008 4536 1176 4592; x_wconf 88' lang='lat' dir='ltr'><strong>habiti</strong></span> <span class='ocrx_word' id='word_1_722' title='bbox 1212 4539 1567 4609; x_wconf 86' lang='lat' dir='ltr'><strong>suntjudicio</strong></span> <span class='ocrx_word' id='word_1_723' title='bbox 1596 4540 1712 4607; x_wconf 88' lang='lat' dir='ltr'><strong>Dei,</strong></span> <span class='ocrx_word' id='word_1_724' title='bbox 1743 4542 1832 4611; x_wconf 90' lang='lat' dir='ltr'><strong>qui</strong></span> <span class='ocrx_word' id='word_1_725' title='bbox 1869 4543 2051 4599; x_wconf 86' lang='lat' dir='ltr'><strong>consi-</strong></span> <span class='ocrx_word' id='word_1_726' title='bbox 2078 4583 2132 4643; x_wconf 69' lang='grc' dir='ltr'><strong>Β</strong></span> <span class='ocrx_word' id='word_1_727' title='bbox 2157 4544 2212 4590; x_wconf 72' lang='lat' dir='ltr'><strong>et</strong></span> <span class='ocrx_word' id='word_1_728' title='bbox 2256 4537 2430 4607; x_wconf 71' lang='lat' dir='ltr'><strong>pietas</strong></span> <span class='ocrx_word' id='word_1_729' title='bbox 2474 4537 2767 4596; x_wconf 71' lang='lat' dir='ltr'><strong>Ecclesiae:</strong></span> <span class='ocrx_word' id='word_1_730' title='bbox 2794 4541 2920 4611; x_wconf 82' lang='lat' dir='ltr'><strong>quia</strong></span> <span class='ocrx_word' id='word_1_731' title='bbox 2964 4542 3234 4597; x_wconf 86' lang='lat' dir='ltr'><strong>diabolum</strong></span> <span class='ocrx_word' id='word_1_732' title='bbox 3287 4544 3436 4599; x_wconf 86' lang='lat' dir='ltr'><strong>novit</strong></span> <span class='ocrx_word' id='word_1_733' title='bbox 3480 4544 3539 4599; x_wconf 91' lang='lat' dir='ltr'><strong>in</strong></span> <span class='ocrx_word' id='word_1_734' title='bbox 3581 4546 3741 4602; x_wconf 87' lang='lat' dir='ltr'><strong>malis</strong></span> 
     </span>
    </p>
   </div>
   <div class='ocr_carea' id='block_1_89' title="bbox 478 4628 2049 4701">
    <p class='ocr_par' dir='ltr' id='par_1_89' title="bbox 478 4628 2049 4701">
     <span class='ocr_line' id='line_1_89' title="bbox 478 4628 2049 4701; baseline 0.004 -18"><span class='ocrx_word' id='word_1_735' title='bbox 478 4628 611 4685; x_wconf 85' lang='lat' dir='ltr'><strong>lium</strong></span> <span class='ocrx_word' id='word_1_736' title='bbox 632 4629 821 4685; x_wconf 88' lang='lat' dir='ltr'><strong>salutis</strong></span> <span class='ocrx_word' id='word_1_737' title='bbox 855 4645 966 4685; x_wconf 77' lang='lat' dir='ltr'><strong>sua:</strong></span> <span class='ocrx_word' id='word_1_738' title='bbox 995 4630 1352 4701; x_wconf 87' lang='lat' dir='ltr'><strong>susciperent,</strong></span> <span class='ocrx_word' id='word_1_739' title='bbox 1400 4639 1455 4684; x_wconf 93' lang='lat' dir='ltr'><strong>et</strong></span> <span class='ocrx_word' id='word_1_740' title='bbox 1485 4632 1625 4687; x_wconf 89' lang='lat' dir='ltr'><strong>Deus</strong></span> <span class='ocrx_word' id='word_1_741' title='bbox 1652 4632 1770 4688; x_wconf 89' lang='lat' dir='ltr'><strong>illos</strong></span> <span class='ocrx_word' id='word_1_742' title='bbox 1793 4635 2049 4690; x_wconf 90' lang='lat' dir='ltr'><strong>occisioni</strong></span> 
     </span>
    </p>
   </div>
   <div class='ocr_carea' id='block_1_90' title="bbox 478 4719 2051 4794">
    <p class='ocr_par' dir='ltr' id='par_1_90' title="bbox 478 4719 2051 4794">
     <span class='ocr_line' id='line_1_90' title="bbox 478 4719 2051 4794; baseline 0.002 -16"><span class='ocrx_word' id='word_1_743' title='bbox 478 4729 535 4778; x_wconf 80' lang='lat' dir='ltr'><strong>et</strong></span> <span class='ocrx_word' id='word_1_744' title='bbox 557 4721 845 4791; x_wconf 84' lang='lat' dir='ltr'><strong>perditioni</strong></span> <span class='ocrx_word' id='word_1_745' title='bbox 870 4720 1211 4793; x_wconf 80' lang='lat' dir='ltr'><strong>praeparavit.</strong></span> <span class='ocrx_word' id='word_1_746' title='bbox 1240 4719 1346 4776; x_wconf 87' lang='lat' dir='ltr'><strong>Sed</strong></span> <span class='ocrx_word' id='word_1_747' title='bbox 1368 4721 1515 4792; x_wconf 90' lang='lat' dir='ltr'><strong>juste</strong></span> <span class='ocrx_word' id='word_1_748' title='bbox 1547 4723 1732 4794; x_wconf 89' lang='lat' dir='ltr'><strong>utique</strong></span> <span class='ocrx_word' id='word_1_749' title='bbox 1754 4725 1822 4780; x_wconf 92' lang='lat' dir='ltr'><strong>ob</strong></span> <span class='ocrx_word' id='word_1_750' title='bbox 1857 4725 2051 4781; x_wconf 89' lang='lat' dir='ltr'><strong>merita</strong></span> 
     </span>
    </p>
   </div>
   <div class='ocr_carea' id='block_1_91' title="bbox 477 4812 2053 4884">
    <p class='ocr_par' dir='ltr' id='par_1_91' title="bbox 477 4812 2053 4884">
     <span class='ocr_line' id='line_1_91' title="bbox 477 4812 2053 4884; baseline 0.002 -14"><span class='ocrx_word' id='word_1_751' title='bbox 477 4812 838 4883; x_wconf 90' lang='lat' dir='ltr'><strong>impietatum,</strong></span> <span class='ocrx_word' id='word_1_752' title='bbox 870 4828 990 4884; x_wconf 61' lang='lat' dir='ltr'><strong>qua)</strong></span> <span class='ocrx_word' id='word_1_753' title='bbox 1018 4814 1084 4868; x_wconf 89' lang='lat' dir='ltr'><strong>de</strong></span> <span class='ocrx_word' id='word_1_754' title='bbox 1113 4812 1218 4869; x_wconf 90' lang='lat' dir='ltr'><strong>illis</strong></span> <span class='ocrx_word' id='word_1_755' title='bbox 1242 4813 1394 4883; x_wconf 88' lang='lat' dir='ltr'><strong>prius</strong></span> <span class='ocrx_word' id='word_1_756' title='bbox 1418 4813 1695 4884; x_wconf 89' lang='lat' dir='ltr'><strong>Scriptura</strong></span> <span class='ocrx_word' id='word_1_757' title='bbox 1726 4831 2053 4873; x_wconf 88' lang='lat' dir='ltr'><strong>commemo-</strong></span> 
     </span>
    </p>
   </div>
   <div class='ocr_carea' id='block_1_92' title="bbox 476 4905 2049 4971">
    <p class='ocr_par' dir='ltr' id='par_1_92' title="bbox 476 4905 2049 4971">
     <span class='ocr_line' id='line_1_92' title="bbox 476 4905 2049 4971; baseline 0.001 -9"><span class='ocrx_word' id='word_1_758' title='bbox 476 4914 586 4971; x_wconf 73' lang='lat' dir='ltr'><strong>rat,</strong></span> <span class='ocrx_word' id='word_1_759' title='bbox 626 4913 682 4959; x_wconf 88' lang='lat' dir='ltr'><strong>et</strong></span> <span class='ocrx_word' id='word_1_760' title='bbox 725 4905 986 4961; x_wconf 67' lang='lat' dir='ltr'><strong>excaecari</strong></span> <span class='ocrx_word' id='word_1_761' title='bbox 1028 4915 1081 4960; x_wconf 91' lang='lat' dir='ltr'><strong>et</strong></span> <span class='ocrx_word' id='word_1_762' title='bbox 1131 4905 1355 4961; x_wconf 90' lang='lat' dir='ltr'><strong>interire</strong></span> <span class='ocrx_word' id='word_1_763' title='bbox 1389 4915 1723 4962; x_wconf 89' lang='lat' dir='ltr'><strong>meruerunt.</strong></span> <span class='ocrx_word' id='word_1_764' title='bbox 1767 4907 1858 4962; x_wconf 83' lang='lat' dir='ltr'><strong>Ait</strong></span> <span class='ocrx_word' id='word_1_765' title='bbox 1888 4908 2049 4963; x_wconf 86' lang='lat' dir='ltr'><strong>etiam</strong></span> 
     </span>
    </p>
   </div>
   <div class='ocr_carea' id='block_1_93' title="bbox 478 4996 2053 5070">
    <p class='ocr_par' dir='ltr' id='par_1_93' title="bbox 478 4996 2053 5070">
     <span class='ocr_line' id='line_1_93' title="bbox 478 4996 2053 5070; baseline 0 -15"><span class='ocrx_word' id='word_1_766' title='bbox 478 4997 759 5067; x_wconf 72' lang='lat' dir='ltr'><strong>Scriptura</strong></span> <span class='ocrx_word' id='word_1_767' title='bbox 786 5016 800 5050; x_wconf 91' lang='lat'><strong>:</strong></span> <span class='ocrx_word' id='word_1_768' title='bbox 832 5015 851 5047; x_wconf 76' lang='grc' dir='ltr'><strong>ι</strong></span> <span class='ocrx_word' id='word_1_769' title='bbox 880 4996 947 5051; x_wconf 86' lang='grc' dir='ltr'>Ει</span> <span class='ocrx_word' id='word_1_770' title='bbox 968 4997 1058 5067; x_wconf 90' lang='lat' dir='ltr'><strong>qui</strong></span> <span class='ocrx_word' id='word_1_771' title='bbox 1103 4998 1497 5069; x_wconf 86' lang='lat' dir='ltr'><strong>transgreditur</strong></span> <span class='ocrx_word' id='word_1_772' title='bbox 1536 4997 1794 5067; x_wconf 89' lang='lat' dir='ltr'><strong>ajustitia</strong></span> <span class='ocrx_word' id='word_1_773' title='bbox 1835 4999 1901 5053; x_wconf 89' lang='lat' dir='ltr'><strong>ad</strong></span> <span class='ocrx_word' id='word_1_774' title='bbox 1926 5013 2053 5070; x_wconf 89' lang='lat' dir='ltr'><strong>pec-</strong></span> 
     </span>
    </p>
   </div>
   <div class='ocr_carea' id='block_1_94' title="bbox 483 5087 2047 5160">
    <p class='ocr_par' dir='ltr' id='par_1_94' title="bbox 483 5087 2047 5160">
     <span class='ocr_line' id='line_1_94' title="bbox 483 5087 2047 5160; baseline 0.003 -21"><span class='ocrx_word' id='word_1_775' title='bbox 483 5105 503 5139; x_wconf 82' lang='grc' dir='ltr'><strong>ι</strong></span> <span class='ocrx_word' id='word_1_776' title='bbox 540 5096 740 5152; x_wconf 87' lang='lat' dir='ltr'><strong>catum,</strong></span> <span class='ocrx_word' id='word_1_777' title='bbox 779 5087 921 5143; x_wconf 90' lang='lat' dir='ltr'><strong>Deus</strong></span> <span class='ocrx_word' id='word_1_778' title='bbox 958 5088 1281 5159; x_wconf 66' lang='lat' dir='ltr'><strong>praeparavit</strong></span> <span class='ocrx_word' id='word_1_779' title='bbox 1323 5089 1473 5144; x_wconf 88' lang='lat' dir='ltr'><strong>illum</strong></span> <span class='ocrx_word' id='word_1_780' title='bbox 1515 5090 1583 5144; x_wconf 89' lang='lat' dir='ltr'><strong>ad</strong></span> <span class='ocrx_word' id='word_1_781' title='bbox 1624 5090 1971 5160; x_wconf 77' lang='lat' dir='ltr'><strong>romphzeam.</strong></span> <span class='ocrx_word' id='word_1_782' title='bbox 2026 5108 2047 5143; x_wconf 73' lang='grc' dir='ltr'><strong>ι</strong></span> 
     </span>
    </p>
   </div>
   <div class='ocr_carea' id='block_1_95' title="bbox 477 5176 2055 5253">
    <p class='ocr_par' dir='ltr' id='par_1_95' title="bbox 477 5176 2055 5253">
     <span class='ocr_line' id='line_1_95' title="bbox 477 5176 2055 5253; baseline 0.003 -18"><span class='ocrx_word' id='word_1_783' title='bbox 477 5176 697 5235; x_wconf 82' lang='lat' dir='ltr'><strong>Paravit</strong></span> <span class='ocrx_word' id='word_1_784' title='bbox 742 5194 871 5252; x_wconf 89' lang='lat' dir='ltr'><strong>ergo</strong></span> <span class='ocrx_word' id='word_1_785' title='bbox 915 5188 971 5236; x_wconf 90' lang='lat' dir='ltr'><strong>et</strong></span> <span class='ocrx_word' id='word_1_786' title='bbox 999 5182 1383 5253; x_wconf 84' lang='lat' dir='ltr'><strong>praeordinavit</strong></span> <span class='ocrx_word' id='word_1_787' title='bbox 1422 5182 1726 5237; x_wconf 88' lang='lat' dir='ltr'><strong>istiusmodi</strong></span> <span class='ocrx_word' id='word_1_788' title='bbox 1756 5193 2055 5253; x_wconf 86' lang='lat' dir='ltr'><strong>transgres-</strong></span> 
     </span>
    </p>
   </div>
   <div class='ocr_carea' id='block_1_96' title="bbox 479 5271 2055 5343">
    <p class='ocr_par' dir='ltr' id='par_1_96' title="bbox 479 5271 2055 5343">
     <span class='ocr_line' id='line_1_96' title="bbox 479 5271 2055 5343; baseline 0.003 -17"><span class='ocrx_word' id='word_1_789' title='bbox 479 5286 657 5326; x_wconf 90' lang='lat' dir='ltr'><strong>sorem</strong></span> <span class='ocrx_word' id='word_1_790' title='bbox 705 5271 773 5327; x_wconf 89' lang='lat' dir='ltr'><strong>ad</strong></span> <span class='ocrx_word' id='word_1_791' title='bbox 804 5272 1153 5343; x_wconf 73' lang='lat' dir='ltr'><strong>mmphteam,</strong></span> <span class='ocrx_word' id='word_1_792' title='bbox 1203 5274 1255 5329; x_wconf 93' lang='lat' dir='ltr'><strong>id</strong></span> <span class='ocrx_word' id='word_1_793' title='bbox 1301 5283 1403 5340; x_wconf 89' lang='lat' dir='ltr'><strong>est,</strong></span> <span class='ocrx_word' id='word_1_794' title='bbox 1437 5274 1503 5329; x_wconf 91' lang='lat' dir='ltr'><strong>ad</strong></span> <span class='ocrx_word' id='word_1_795' title='bbox 1544 5282 1771 5330; x_wconf 88' lang='lat' dir='ltr'><strong>mortem</strong></span> <span class='ocrx_word' id='word_1_796' title='bbox 1802 5283 1857 5329; x_wconf 89' lang='lat' dir='ltr'><strong>et</strong></span> <span class='ocrx_word' id='word_1_797' title='bbox 1885 5276 2055 5330; x_wconf 90' lang='lat' dir='ltr'><strong>inter-</strong></span> 
     </span>
    </p>
   </div>
   <div class='ocr_carea' id='block_1_97' title="bbox 478 5363 2050 5438">
    <p class='ocr_par' dir='ltr' id='par_1_97' title="bbox 478 5363 2050 5438">
     <span class='ocr_line' id='line_1_97' title="bbox 478 5363 2050 5438; baseline 0.003 -19"><span class='ocrx_word' id='word_1_798' title='bbox 478 5363 652 5429; x_wconf 86' lang='lat' dir='ltr'><strong>itum;</strong></span> <span class='ocrx_word' id='word_1_799' title='bbox 680 5364 775 5419; x_wconf 87' lang='lat' dir='ltr'><strong>sed</strong></span> <span class='ocrx_word' id='word_1_800' title='bbox 811 5364 977 5436; x_wconf 88' lang='lat' dir='ltr'><strong>juste,</strong></span> <span class='ocrx_word' id='word_1_801' title='bbox 1018 5367 1144 5436; x_wconf 93' lang='lat' dir='ltr'><strong>quia</strong></span> <span class='ocrx_word' id='word_1_802' title='bbox 1173 5367 1286 5437; x_wconf 87' lang='lat' dir='ltr'><strong>ipse</strong></span> <span class='ocrx_word' id='word_1_803' title='bbox 1319 5367 1460 5421; x_wconf 92' lang='lat' dir='ltr'><strong>ultro</strong></span> <span class='ocrx_word' id='word_1_804' title='bbox 1502 5376 1870 5438; x_wconf 86' lang='lat' dir='ltr'><strong>transgressus</strong></span> <span class='ocrx_word' id='word_1_805' title='bbox 1899 5378 1984 5424; x_wconf 92' lang='lat' dir='ltr'><strong>est</strong></span> <span class='ocrx_word' id='word_1_806' title='bbox 2020 5385 2050 5425; x_wconf 91' lang='lat' dir='ltr'><strong>a</strong></span> 
     </span>
    </p>
   </div>
   <div class='ocr_carea' id='block_1_98' title="bbox 478 5451 2053 5530">
    <p class='ocr_par' dir='ltr' id='par_1_98' title="bbox 478 5451 2053 5530">
     <span class='ocr_line' id='line_1_98' title="bbox 478 5451 2053 5530; baseline 0.003 -18"><span class='ocrx_word' id='word_1_807' title='bbox 478 5451 682 5527; x_wconf 60' lang='lat' dir='ltr'><strong>institia</strong></span> <span class='ocrx_word' id='word_1_808' title='bbox 717 5456 784 5511; x_wconf 90' lang='lat' dir='ltr'><strong>ad</strong></span> <span class='ocrx_word' id='word_1_809' title='bbox 814 5466 1117 5528; x_wconf 87' lang='lat' dir='ltr'><strong>peccatum.</strong></span> <span class='ocrx_word' id='word_1_810' title='bbox 1155 5458 1317 5514; x_wconf 79' lang='lat' dir='ltr'><strong>Juxta</strong></span> <span class='ocrx_word' id='word_1_811' title='bbox 1358 5460 1502 5513; x_wconf 88' lang='lat' dir='ltr'><strong>hunc</strong></span> <span class='ocrx_word' id='word_1_812' title='bbox 1533 5460 1696 5530; x_wconf 88' lang='lat' dir='ltr'><strong>igitur</strong></span> <span class='ocrx_word' id='word_1_813' title='bbox 1722 5461 1915 5517; x_wconf 73' lang='lat' dir='ltr'><strong>divina:</strong></span> <span class='ocrx_word' id='word_1_814' title='bbox 1957 5478 2053 5517; x_wconf 89' lang='lat' dir='ltr'><strong>au-</strong></span> 
     </span>
    </p>
   </div>
   <div class='ocr_carea' id='block_1_99' title="bbox 484 5547 2057 5623">
    <p class='ocr_par' dir='ltr' id='par_1_99' title="bbox 484 5547 2057 5623">
     <span class='ocr_line' id='line_1_99' title="bbox 484 5547 2057 5623; baseline 0.005 -20"><span class='ocrx_word' id='word_1_815' title='bbox 484 5547 746 5603; x_wconf 55' lang='lat' dir='ltr'><strong>ctoritatis</strong></span> <span class='ocrx_word' id='word_1_816' title='bbox 775 5562 1016 5616; x_wconf 89' lang='lat' dir='ltr'><strong>sensum,</strong></span> <span class='ocrx_word' id='word_1_817' title='bbox 1038 5551 1378 5620; x_wconf 91' lang='lat' dir='ltr'><strong>omnipotens</strong></span> <span class='ocrx_word' id='word_1_818' title='bbox 1405 5552 1547 5606; x_wconf 90' lang='lat' dir='ltr'><strong>Deus</strong></span> <span class='ocrx_word' id='word_1_819' title='bbox 1560 5551 1707 5621; x_wconf 87' lang='lat' dir='ltr'><strong>justo</strong></span> <span class='ocrx_word' id='word_1_820' title='bbox 1727 5553 1931 5623; x_wconf 90' lang='lat' dir='ltr'><strong>judicio</strong></span> <span class='ocrx_word' id='word_1_821' title='bbox 1958 5570 2057 5611; x_wconf 92' lang='lat' dir='ltr'><strong>suo</strong></span> 
     </span>
    </p>
   </div>
   <div class='ocr_carea' id='block_1_100' title="bbox 478 5640 2054 5721">
    <p class='ocr_par' dir='ltr' id='par_1_100' title="bbox 478 5640 2054 5721">
     <span class='ocr_line' id='line_1_100' title="bbox 478 5640 2054 5721; baseline 0.006 -28"><span class='ocrx_word' id='word_1_822' title='bbox 478 5656 493 5710; x_wconf 81' lang='grc' dir='ltr'><strong>ι</strong></span> <span class='ocrx_word' id='word_1_823' title='bbox 518 5640 823 5697; x_wconf 77' lang='lat' dir='ltr'><strong>raedestinat</strong></span> <span class='ocrx_word' id='word_1_824' title='bbox 852 5658 1042 5713; x_wconf 67' lang='lat' dir='ltr'><strong>pmnas</strong></span> <span class='ocrx_word' id='word_1_825' title='bbox 1069 5642 1240 5709; x_wconf 90' lang='lat' dir='ltr'><strong>malis,</strong></span> <span class='ocrx_word' id='word_1_826' title='bbox 1280 5643 1628 5713; x_wconf 84' lang='lat' dir='ltr'><strong>praedestinat</strong></span> <span class='ocrx_word' id='word_1_827' title='bbox 1658 5647 1829 5703; x_wconf 90' lang='lat' dir='ltr'><strong>malos</strong></span> <span class='ocrx_word' id='word_1_828' title='bbox 1857 5649 2054 5721; x_wconf 78' lang='lat' dir='ltr'><strong>ptenis,</strong></span> 
     </span>
    </p>
   </div>
   <div class='ocr_carea' id='block_1_101' title="bbox 481 5732 2054 5811">
    <p class='ocr_par' dir='ltr' id='par_1_101' title="bbox 481 5732 2054 5811">
     <span class='ocr_line' id='line_1_101' title="bbox 481 5732 2054 5811; baseline 0.008 -27"><span class='ocrx_word' id='word_1_829' title='bbox 481 5732 681 5787; x_wconf 90' lang='lat' dir='ltr'><strong>nullum</strong></span> <span class='ocrx_word' id='word_1_830' title='bbox 736 5743 915 5791; x_wconf 88' lang='lat' dir='ltr'><strong>tamen</strong></span> <span class='ocrx_word' id='word_1_831' title='bbox 953 5736 1301 5806; x_wconf 84' lang='lat' dir='ltr'><strong>praedestinat</strong></span> <span class='ocrx_word' id='word_1_832' title='bbox 1334 5745 1393 5791; x_wconf 93' lang='lat' dir='ltr'><strong>ut</strong></span> <span class='ocrx_word' id='word_1_833' title='bbox 1430 5736 1501 5792; x_wconf 90' lang='lat' dir='ltr'><strong>sit</strong></span> <span class='ocrx_word' id='word_1_834' title='bbox 1546 5738 1738 5806; x_wconf 86' lang='lat' dir='ltr'><strong>malus,</strong></span> <span class='ocrx_word' id='word_1_835' title='bbox 1781 5743 1906 5811; x_wconf 88' lang='lat' dir='ltr'><strong>quia</strong></span> <span class='ocrx_word' id='word_1_836' title='bbox 1949 5758 2054 5797; x_wconf 90' lang='lat' dir='ltr'><strong>non</strong></span> 
     </span>
    </p>
   </div>
   <div class='ocr_carea' id='block_1_102' title="bbox 482 5827 2059 5909">
    <p class='ocr_par' dir='ltr' id='par_1_102' title="bbox 482 5827 2059 5909">
     <span class='ocr_line' id='line_1_102' title="bbox 482 5827 2059 5909; baseline 0.006 -22"><span class='ocrx_word' id='word_1_837' title='bbox 482 5827 766 5900; x_wconf 58' lang='lat' dir='ltr'><strong>ludorum,</strong></span> <span class='ocrx_word' id='word_1_838' title='bbox 791 5829 889 5887; x_wconf 85' lang='lat' dir='ltr'><strong>sed</strong></span> <span class='ocrx_word' id='word_1_839' title='bbox 930 5828 1198 5909; x_wconf 81' lang='lat' dir='ltr'><strong>bonorum</strong></span> <span class='ocrx_word' id='word_1_840' title='bbox 1240 5837 1431 5889; x_wconf 83' lang='lat' dir='ltr'><strong>auctor</strong></span> <span class='ocrx_word' id='word_1_841' title='bbox 1455 5839 1540 5890; x_wconf 79' lang='lat' dir='ltr'><strong>est</strong></span> <span class='ocrx_word' id='word_1_842' title='bbox 1562 5832 1758 5905; x_wconf 84' lang='lat' dir='ltr'><strong>bonus,</strong></span> <span class='ocrx_word' id='word_1_843' title='bbox 1803 5842 1859 5893; x_wconf 86' lang='lat' dir='ltr'><strong>et</strong></span> <span class='ocrx_word' id='word_1_844' title='bbox 1886 5836 2059 5896; x_wconf 80' lang='lat' dir='ltr'><strong>malo-</strong></span> 
     </span>
    </p>
   </div>
   <div class='ocr_carea' id='block_1_103' title="bbox 2157 4629 3738 4704">
    <p class='ocr_par' dir='ltr' id='par_1_103' title="bbox 2157 4629 3738 4704">
     <span class='ocr_line' id='line_1_103' title="bbox 2157 4629 3738 4704; baseline 0.007 -20"><span class='ocrx_word' id='word_1_845' title='bbox 2157 4629 2269 4684; x_wconf 89' lang='lat' dir='ltr'><strong>suis</strong></span> <span class='ocrx_word' id='word_1_846' title='bbox 2291 4630 2406 4685; x_wconf 89' lang='lat' dir='ltr'><strong>sine</strong></span> <span class='ocrx_word' id='word_1_847' title='bbox 2428 4633 2744 4701; x_wconf 70' lang='lat' dir='ltr'><strong>pmnitentia</strong></span> <span class='ocrx_word' id='word_1_848' title='bbox 2768 4647 3204 4704; x_wconf 89' lang='lat' dir='ltr'><strong>permansurum,</strong></span> <span class='ocrx_word' id='word_1_849' title='bbox 3232 4650 3334 4692; x_wconf 89' lang='lat' dir='ltr'><strong>nec</strong></span> <span class='ocrx_word' id='word_1_850' title='bbox 3367 4636 3530 4693; x_wconf 86' lang='lat' dir='ltr'><strong>ullam</strong></span> <span class='ocrx_word' id='word_1_851' title='bbox 3558 4638 3738 4695; x_wconf 75' lang='lat' dir='ltr'><strong>indui-</strong></span> 
     </span>
    </p>
   </div>
   <div class='ocr_carea' id='block_1_104' title="bbox 2156 4722 3738 4794">
    <p class='ocr_par' dir='ltr' id='par_1_104' title="bbox 2156 4722 3738 4794">
     <span class='ocr_line' id='line_1_104' title="bbox 2156 4722 3738 4794; baseline 0.007 -20"><span class='ocrx_word' id='word_1_852' title='bbox 2156 4722 2393 4790; x_wconf 86' lang='lat' dir='ltr'><strong>gentiam</strong></span> <span class='ocrx_word' id='word_1_853' title='bbox 2429 4734 2778 4794; x_wconf 88' lang='lat' dir='ltr'><strong>accepturum</strong></span> <span class='ocrx_word' id='word_1_854' title='bbox 2802 4744 2814 4778; x_wconf 88' lang='lat'><strong>:</strong></span> <span class='ocrx_word' id='word_1_855' title='bbox 2840 4734 2895 4781; x_wconf 91' lang='lat' dir='ltr'><strong>et</strong></span> <span class='ocrx_word' id='word_1_856' title='bbox 2930 4725 3240 4782; x_wconf 90' lang='lat' dir='ltr'><strong>hominibus</strong></span> <span class='ocrx_word' id='word_1_857' title='bbox 3267 4727 3336 4782; x_wconf 91' lang='lat' dir='ltr'><strong>ad</strong></span> <span class='ocrx_word' id='word_1_858' title='bbox 3382 4728 3551 4784; x_wconf 89' lang='lat' dir='ltr'><strong>Deum</strong></span> <span class='ocrx_word' id='word_1_859' title='bbox 3603 4743 3738 4784; x_wconf 63' lang='lat' dir='ltr'><strong>cono</strong></span> 
     </span>
    </p>
   </div>
   <div class='ocr_carea' id='block_1_105' title="bbox 2155 4812 3733 4891">
    <p class='ocr_par' dir='ltr' id='par_1_105' title="bbox 2155 4812 3733 4891">
     <span class='ocr_line' id='line_1_105' title="bbox 2155 4812 3733 4891; baseline 0.009 -27"><span class='ocrx_word' id='word_1_860' title='bbox 2155 4812 2327 4866; x_wconf 88' lang='lat' dir='ltr'><strong>versis</strong></span> <span class='ocrx_word' id='word_1_861' title='bbox 2349 4828 2445 4882; x_wconf 87' lang='lat' dir='ltr'><strong>per</strong></span> <span class='ocrx_word' id='word_1_862' title='bbox 2466 4813 2792 4870; x_wconf 68' lang='lat' dir='ltr'><strong>ineﬁ‘abilem</strong></span> <span class='ocrx_word' id='word_1_863' title='bbox 2816 4816 2933 4886; x_wconf 90' lang='lat' dir='ltr'><strong>ejus</strong></span> <span class='ocrx_word' id='word_1_864' title='bbox 2954 4818 3274 4883; x_wconf 86' lang='lat' dir='ltr'><strong>bonitatem,</strong></span> <span class='ocrx_word' id='word_1_865' title='bbox 3322 4826 3377 4875; x_wconf 89' lang='lat' dir='ltr'><strong>et</strong></span> <span class='ocrx_word' id='word_1_866' title='bbox 3404 4820 3733 4891; x_wconf 68' lang='lat' dir='ltr'><strong>paenitentia</strong></span> 
     </span>
    </p>
   </div>
   <div class='ocr_carea' id='block_1_106' title="bbox 2157 4902 3715 4980">
    <p class='ocr_par' dir='ltr' id='par_1_106' title="bbox 2157 4902 3715 4980">
     <span class='ocr_line' id='line_1_106' title="bbox 2157 4902 3715 4980; baseline 0.008 -26"><span class='ocrx_word' id='word_1_867' title='bbox 2157 4902 2457 4959; x_wconf 84' lang='lat' dir='ltr'><strong>remedium</strong></span> <span class='ocrx_word' id='word_1_868' title='bbox 2498 4904 2739 4970; x_wconf 88' lang='lat' dir='ltr'><strong>concedi,</strong></span> <span class='ocrx_word' id='word_1_869' title='bbox 2784 4913 2839 4960; x_wconf 91' lang='lat' dir='ltr'><strong>et</strong></span> <span class='ocrx_word' id='word_1_870' title='bbox 2880 4906 3071 4962; x_wconf 90' lang='lat' dir='ltr'><strong>salutis</strong></span> <span class='ocrx_word' id='word_1_871' title='bbox 3115 4907 3320 4962; x_wconf 87' lang='lat' dir='ltr'><strong>aditum</strong></span> <span class='ocrx_word' id='word_1_872' title='bbox 3370 4923 3477 4963; x_wconf 90' lang='lat' dir='ltr'><strong>non</strong></span> <span class='ocrx_word' id='word_1_873' title='bbox 3527 4908 3715 4980; x_wconf 66' lang='lat' dir='ltr'><strong>negati</strong></span> 
     </span>
    </p>
   </div>
   <div class='ocr_carea' id='block_1_107' title="bbox 2157 4990 3722 5069">
    <p class='ocr_par' dir='ltr' id='par_1_107' title="bbox 2157 4990 3722 5069">
     <span class='ocr_line' id='line_1_107' title="bbox 2157 4990 3722 5069; baseline 0.003 -20"><span class='ocrx_word' id='word_1_874' title='bbox 2157 4990 2290 5059; x_wconf 84' lang='lat' dir='ltr'><strong>Oro,</strong></span> <span class='ocrx_word' id='word_1_875' title='bbox 2331 4993 2460 5061; x_wconf 90' lang='lat' dir='ltr'><strong>quid</strong></span> <span class='ocrx_word' id='word_1_876' title='bbox 2505 4992 2601 5047; x_wconf 89' lang='lat' dir='ltr'><strong>tibi</strong></span> <span class='ocrx_word' id='word_1_877' title='bbox 2628 4995 2872 5063; x_wconf 89' lang='lat' dir='ltr'><strong>peccavit</strong></span> <span class='ocrx_word' id='word_1_878' title='bbox 2919 4996 3213 5052; x_wconf 90' lang='lat' dir='ltr'><strong>humanum</strong></span> <span class='ocrx_word' id='word_1_879' title='bbox 3236 5013 3434 5069; x_wconf 88' lang='lat' dir='ltr'><strong>genus;</strong></span> <span class='ocrx_word' id='word_1_880' title='bbox 3465 4997 3593 5068; x_wconf 91' lang='lat' dir='ltr'><strong>quid</strong></span> <span class='ocrx_word' id='word_1_881' title='bbox 3639 4999 3722 5061; x_wconf 68' lang='lat' dir='ltr'><strong>tib</strong></span> 
     </span>
    </p>
   </div>
   <div class='ocr_carea' id='block_1_108' title="bbox 2157 5084 3728 5162">
    <p class='ocr_par' dir='ltr' id='par_1_108' title="bbox 2157 5084 3728 5162">
     <span class='ocr_line' id='line_1_108' title="bbox 2157 5084 3728 5162; baseline 0.006 -23"><span class='ocrx_word' id='word_1_882' title='bbox 2157 5086 2404 5154; x_wconf 89' lang='lat' dir='ltr'><strong>peccavit</strong></span> <span class='ocrx_word' id='word_1_883' title='bbox 2426 5084 2708 5140; x_wconf 86' lang='lat' dir='ltr'><strong>Ecclesia?</strong></span> <span class='ocrx_word' id='word_1_884' title='bbox 2734 5087 2860 5156; x_wconf 91' lang='lat' dir='ltr'><strong>quid</strong></span> <span class='ocrx_word' id='word_1_885' title='bbox 2894 5088 2946 5141; x_wconf 92' lang='lat' dir='ltr'><strong>in</strong></span> <span class='ocrx_word' id='word_1_886' title='bbox 2986 5089 3101 5159; x_wconf 89' lang='lat' dir='ltr'><strong>ipsa</strong></span> <span class='ocrx_word' id='word_1_887' title='bbox 3138 5089 3377 5145; x_wconf 86' lang='lat' dir='ltr'><strong>Ecclesia</strong></span> <span class='ocrx_word' id='word_1_888' title='bbox 3402 5098 3484 5146; x_wconf 90' lang='lat' dir='ltr'><strong>tot</strong></span> <span class='ocrx_word' id='word_1_889' title='bbox 3502 5091 3728 5162; x_wconf 72' lang='lat' dir='ltr'><strong>proxim</strong></span> 
     </span>
    </p>
   </div>
   <div class='ocr_carea' id='block_1_109' title="bbox 2159 5177 3725 5254">
    <p class='ocr_par' dir='ltr' id='par_1_109' title="bbox 2159 5177 3725 5254">
     <span class='ocr_line' id='line_1_109' title="bbox 2159 5177 3725 5254; baseline 0.005 -22"><span class='ocrx_word' id='word_1_890' title='bbox 2159 5189 2216 5232; x_wconf 87' lang='lat' dir='ltr'><strong>et</strong></span> <span class='ocrx_word' id='word_1_891' title='bbox 2241 5177 2440 5234; x_wconf 79' lang='lat' dir='ltr'><strong>fratres</strong></span> <span class='ocrx_word' id='word_1_892' title='bbox 2466 5180 2563 5244; x_wconf 91' lang='lat' dir='ltr'><strong>tui,</strong></span> <span class='ocrx_word' id='word_1_893' title='bbox 2590 5189 2649 5233; x_wconf 93' lang='lat' dir='ltr'><strong>ut</strong></span> <span class='ocrx_word' id='word_1_894' title='bbox 2672 5179 2751 5235; x_wconf 89' lang='lat' dir='ltr'><strong>eis</strong></span> <span class='ocrx_word' id='word_1_895' title='bbox 2773 5189 2885 5235; x_wconf 90' lang='lat' dir='ltr'><strong>tam</strong></span> <span class='ocrx_word' id='word_1_896' title='bbox 2912 5196 3180 5252; x_wconf 86' lang='lat' dir='ltr'><strong>magnam,</strong></span> <span class='ocrx_word' id='word_1_897' title='bbox 3220 5193 3329 5243; x_wconf 85' lang='lat' dir='ltr'><strong>tam</strong></span> <span class='ocrx_word' id='word_1_898' title='bbox 3353 5192 3627 5254; x_wconf 84' lang='lat' dir='ltr'><strong>patentem</strong></span> <span class='ocrx_word' id='word_1_899' title='bbox 3646 5183 3725 5254; x_wconf 60' lang='lat' dir='ltr'><strong>ja.</strong></span> 
     </span>
    </p>
   </div>
   <div class='ocr_carea' id='block_1_110' title="bbox 2160 5271 3731 5341">
    <p class='ocr_par' dir='ltr' id='par_1_110' title="bbox 2160 5271 3731 5341">
     <span class='ocr_line' id='line_1_110' title="bbox 2160 5271 3731 5341; baseline 0.003 -16"><span class='ocrx_word' id='word_1_900' title='bbox 2160 5286 2324 5325; x_wconf 87' lang='lat' dir='ltr'><strong>nuam</strong></span> <span class='ocrx_word' id='word_1_901' title='bbox 2371 5271 2590 5341; x_wconf 85' lang='lat' dir='ltr'><strong>pietatis</strong></span> <span class='ocrx_word' id='word_1_902' title='bbox 2635 5271 2728 5326; x_wconf 91' lang='lat' dir='ltr'><strong>Dei</strong></span> <span class='ocrx_word' id='word_1_903' title='bbox 2779 5273 3062 5328; x_wconf 88' lang='lat' dir='ltr'><strong>obstruere</strong></span> <span class='ocrx_word' id='word_1_904' title='bbox 3101 5284 3159 5329; x_wconf 88' lang='lat' dir='ltr'><strong>et</strong></span> <span class='ocrx_word' id='word_1_905' title='bbox 3191 5274 3446 5331; x_wconf 85' lang='lat' dir='ltr'><strong>obserare</strong></span> <span class='ocrx_word' id='word_1_906' title='bbox 3486 5273 3731 5331; x_wconf 88' lang='lat' dir='ltr'><strong>coneris‘.</strong></span> 
     </span>
    </p>
   </div>
   <div class='ocr_carea' id='block_1_111' title="bbox 2159 5364 3737 5437">
    <p class='ocr_par' dir='ltr' id='par_1_111' title="bbox 2159 5364 3737 5437">
     <span class='ocr_line' id='line_1_111' title="bbox 2159 5364 3737 5437; baseline 0.003 -19"><span class='ocrx_word' id='word_1_907' title='bbox 2159 5364 2292 5433; x_wconf 83' lang='lat' dir='ltr'><strong>Quis</strong></span> <span class='ocrx_word' id='word_1_908' title='bbox 2315 5381 2552 5435; x_wconf 86' lang='lat' dir='ltr'><strong>unquam</strong></span> <span class='ocrx_word' id='word_1_909' title='bbox 2574 5364 2747 5420; x_wconf 90' lang='lat' dir='ltr'><strong>ﬁdelis</strong></span> <span class='ocrx_word' id='word_1_910' title='bbox 2770 5366 3167 5423; x_wconf 86' lang='lat' dir='ltr'><strong>ecclesiasticus</strong></span> <span class='ocrx_word' id='word_1_911' title='bbox 3196 5366 3279 5421; x_wconf 88' lang='lat' dir='ltr'><strong>vir</strong></span> <span class='ocrx_word' id='word_1_912' title='bbox 3300 5367 3374 5422; x_wconf 86' lang='lat' dir='ltr'><strong>ita</strong></span> <span class='ocrx_word' id='word_1_913' title='bbox 3394 5366 3737 5437; x_wconf 60' lang='lat' dir='ltr'><strong>pradicavit,</strong></span> 
     </span>
    </p>
   </div>
   <div class='ocr_carea' id='block_1_112' title="bbox 2159 5457 3736 5525">
    <p class='ocr_par' dir='ltr' id='par_1_112' title="bbox 2159 5457 3736 5525">
     <span class='ocr_line' id='line_1_112' title="bbox 2159 5457 3736 5525; baseline -0.002 -10"><span class='ocrx_word' id='word_1_914' title='bbox 2159 5468 2220 5525; x_wconf 90' lang='lat' dir='ltr'><strong>ut</strong></span> <span class='ocrx_word' id='word_1_915' title='bbox 2252 5462 2366 5515; x_wconf 65' lang='lat' dir='ltr'><strong>haec</strong></span> <span class='ocrx_word' id='word_1_916' title='bbox 2390 5468 2500 5514; x_wconf 89' lang='lat' dir='ltr'><strong>tam</strong></span> <span class='ocrx_word' id='word_1_917' title='bbox 2530 5467 2738 5514; x_wconf 88' lang='lat' dir='ltr'><strong>attente</strong></span> <span class='ocrx_word' id='word_1_918' title='bbox 2768 5467 2825 5513; x_wconf 89' lang='lat' dir='ltr'><strong>et</strong></span> <span class='ocrx_word' id='word_1_919' title='bbox 2852 5459 3121 5515; x_wconf 87' lang='lat' dir='ltr'><strong>obstinate</strong></span> <span class='ocrx_word' id='word_1_920' title='bbox 3150 5458 3424 5514; x_wconf 85' lang='lat' dir='ltr'><strong>inculcare</strong></span> <span class='ocrx_word' id='word_1_921' title='bbox 3453 5466 3507 5513; x_wconf 90' lang='lat' dir='ltr'><strong>et</strong></span> <span class='ocrx_word' id='word_1_922' title='bbox 3538 5457 3736 5514; x_wconf 85' lang='lat' dir='ltr'><strong>conﬁr-</strong></span> 
     </span>
    </p>
   </div>
   <div class='ocr_carea' id='block_1_113' title="bbox 2160 5547 3736 5615">
    <p class='ocr_par' dir='ltr' id='par_1_113' title="bbox 2160 5547 3736 5615">
     <span class='ocr_line' id='line_1_113' title="bbox 2160 5547 3736 5615; baseline -0.004 -7"><span class='ocrx_word' id='word_1_923' title='bbox 2160 5569 2309 5608; x_wconf 90' lang='lat' dir='ltr'><strong>mare</strong></span> <span class='ocrx_word' id='word_1_924' title='bbox 2346 5568 2454 5607; x_wconf 89' lang='lat' dir='ltr'><strong>non</strong></span> <span class='ocrx_word' id='word_1_925' title='bbox 2494 5551 2825 5606; x_wconf 86' lang='lat' dir='ltr'><strong>erubescas?</strong></span> <span class='ocrx_word' id='word_1_926' title='bbox 2850 5548 2987 5605; x_wconf 83' lang='lat' dir='ltr'><strong>Vere</strong></span> <span class='ocrx_word' id='word_1_927' title='bbox 3014 5565 3121 5605; x_wconf 89' lang='lat' dir='ltr'><strong>non</strong></span> <span class='ocrx_word' id='word_1_928' title='bbox 3171 5556 3254 5604; x_wconf 89' lang='lat' dir='ltr'><strong>est</strong></span> <span class='ocrx_word' id='word_1_929' title='bbox 3278 5547 3611 5615; x_wconf 87' lang='lat' dir='ltr'><strong>Christiana,</strong></span> <span class='ocrx_word' id='word_1_930' title='bbox 3637 5547 3736 5604; x_wconf 90' lang='lat' dir='ltr'><strong>sed</strong></span> 
     </span>
    </p>
   </div>
   <div class='ocr_carea' id='block_1_114' title="bbox 2157 5641 3736 5719">
    <p class='ocr_par' dir='ltr' id='par_1_114' title="bbox 2157 5641 3736 5719">
     <span class='ocr_line' id='line_1_114' title="bbox 2157 5641 3736 5719; baseline -0.003 -17"><span class='ocrx_word' id='word_1_931' title='bbox 2157 5662 2367 5719; x_wconf 86' lang='lat' dir='ltr'><strong>pagana</strong></span> <span class='ocrx_word' id='word_1_932' title='bbox 2389 5687 2403 5712; x_wconf 92' lang='lat'><strong>,</strong></span> <span class='ocrx_word' id='word_1_933' title='bbox 2458 5646 2565 5701; x_wconf 92' lang='lat' dir='ltr'><strong>imo</strong></span> <span class='ocrx_word' id='word_1_934' title='bbox 2596 5643 2859 5700; x_wconf 88' lang='lat' dir='ltr'><strong>diabolica</strong></span> <span class='ocrx_word' id='word_1_935' title='bbox 2896 5644 3000 5698; x_wconf 85' lang='lat' dir='ltr'><strong>ista</strong></span> <span class='ocrx_word' id='word_1_936' title='bbox 3035 5642 3233 5698; x_wconf 91' lang='lat' dir='ltr'><strong>duritia</strong></span> <span class='ocrx_word' id='word_1_937' title='bbox 3265 5660 3278 5695; x_wconf 90' lang='lat'><strong>:</strong></span> <span class='ocrx_word' id='word_1_938' title='bbox 3311 5658 3472 5712; x_wconf 89' lang='lat' dir='ltr'><strong>quam</strong></span> <span class='ocrx_word' id='word_1_939' title='bbox 3513 5641 3563 5697; x_wconf 91' lang='lat' dir='ltr'><strong>si</strong></span> <span class='ocrx_word' id='word_1_940' title='bbox 3593 5641 3736 5697; x_wconf 87' lang='lat' dir='ltr'><strong>bene</strong></span> 
     </span>
    </p>
   </div>
   <div class='ocr_carea' id='block_1_115' title="bbox 2159 5733 3735 5811">
    <p class='ocr_par' dir='ltr' id='par_1_115' title="bbox 2159 5733 3735 5811">
     <span class='ocr_line' id='line_1_115' title="bbox 2159 5733 3735 5811; baseline -0.006 -15"><span class='ocrx_word' id='word_1_941' title='bbox 2159 5742 2399 5811; x_wconf 85' lang='lat' dir='ltr'><strong>cogitare</strong></span> <span class='ocrx_word' id='word_1_942' title='bbox 2426 5749 2481 5793; x_wconf 92' lang='lat' dir='ltr'><strong>et</strong></span> <span class='ocrx_word' id='word_1_943' title='bbox 2504 5751 2831 5809; x_wconf 87' lang='lat' dir='ltr'><strong>cognoscere</strong></span> <span class='ocrx_word' id='word_1_944' title='bbox 2854 5749 3064 5806; x_wconf 87' lang='lat' dir='ltr'><strong>posses,</strong></span> <span class='ocrx_word' id='word_1_945' title='bbox 3094 5733 3336 5804; x_wconf 79' lang='lat' dir='ltr'><strong>profecto</strong></span> <span class='ocrx_word' id='word_1_946' title='bbox 3371 5735 3617 5805; x_wconf 83' lang='lat' dir='ltr'><strong>signares</strong></span> <span class='ocrx_word' id='word_1_947' title='bbox 3639 5746 3735 5787; x_wconf 88' lang='lat' dir='ltr'><strong>cor</strong></span> 
     </span>
    </p>
   </div>
   <div class='ocr_carea' id='block_1_116' title="bbox 2159 5821 3735 5901">
    <p class='ocr_par' dir='ltr' id='par_1_116' title="bbox 2159 5821 3735 5901">
     <span class='ocr_line' id='line_1_116' title="bbox 2159 5821 3735 5901; baseline -0.01 -10"><span class='ocrx_word' id='word_1_948' title='bbox 2159 5844 2335 5901; x_wconf 88' lang='lat' dir='ltr'><strong>tuum,</strong></span> <span class='ocrx_word' id='word_1_949' title='bbox 2362 5838 2417 5887; x_wconf 87' lang='lat' dir='ltr'><strong>et</strong></span> <span class='ocrx_word' id='word_1_950' title='bbox 2437 5845 2655 5885; x_wconf 83' lang='lat' dir='ltr'><strong>manum</strong></span> <span class='ocrx_word' id='word_1_951' title='bbox 2680 5836 2828 5885; x_wconf 82' lang='lat' dir='ltr'><strong>tuam</strong></span> <span class='ocrx_word' id='word_1_952' title='bbox 2849 5840 3075 5898; x_wconf 82' lang='lat' dir='ltr'><strong>poneres</strong></span> <span class='ocrx_word' id='word_1_953' title='bbox 3098 5840 3260 5898; x_wconf 85' lang='lat' dir='ltr'><strong>super</strong></span> <span class='ocrx_word' id='word_1_954' title='bbox 3288 5841 3351 5883; x_wconf 89' lang='lat' dir='ltr'><strong>os</strong></span> <span class='ocrx_word' id='word_1_955' title='bbox 3377 5836 3546 5882; x_wconf 88' lang='lat' dir='ltr'><strong>tuum.</strong></span> <span class='ocrx_word' id='word_1_956' title='bbox 3578 5821 3735 5894; x_wconf 79' lang='lat' dir='ltr'><strong>Legi-</strong></span> 
     </span>
    </p>
   </div>
  </div>
