4032 6460
186 326 255 384 as
1616 323 1994 381 EPISTOLE.
3359 336 3428 395 94

186 463 308 507 mus
330 445 549 517 quidem
562 442 620 500 in
640 441 930 515 Evangelia
948 441 1164 499 beatum
1186 442 1450 501 Joannem
1475 445 1758 518 Evangeli-
1784 452 1835 510 Α
1859 445 1969 501 listi
2015 447 2252 531 quidem,
2302 438 2451 506 velut
2481 453 2549 507 ad
2600 452 2948 509 muniendum
2997 468 3213 511 sensum
3257 465 3433 525 tuum,

185 549 324 598 stam
353 538 421 593 de
461 535 664 593 ludatis
699 535 939 591 dixisse:
969 535 1310 606 (Propterea
1363 553 1469 593 non
1515 546 1764 609 poterant

189 648 211 682 ο
238 628 485 695 credere,
531 627 659 698 quia
700 626 839 681 dixit
872 625 1039 681 Isaias
1064 644 1077 679 :
1107 626 1412 683 Excaecavit
1448 627 1631 683 oculos
1672 641 1766 681 e04

192 738 215 779 ι
241 736 364 778 rum
412 727 469 776 et
516 719 792 775 induravit
833 733 929 774 cor
953 733 1161 775 eorum.
1192 737 1212 772 ι
1248 718 1354 776 Sed
1398 721 1537 777 sicut
1574 719 1765 774 beatus

187 814 523 887 Augustinus
573 813 627 867 in
668 813 1114 885 quinquagesimo
1150 810 1390 882 ejusdem
1421 812 1765 882 evangelista!
1805 856 1810 862 .

193 917 427 967 tractatu
450 907 680 964 ﬁdeliter
697 916 753 963 et
775 907 1040 963 catholice
1064 908 1285 978 exponit
1304 919 1333 948 ι
1357 925 1370 960 :
1402 924 1421 956 ι
1451 904 1541 961 Sic
1562 906 1763 961 dictum

188 1010 289 1067 est,
311 1020 330 1053 ι
354 1016 461 1057 non
478 1007 747 1069 poterant,
770 1018 788 1050 ι
815 998 907 1054 ubi
925 998 1325 1070 intelligendum
1346 1006 1429 1053 est
1450 996 1591 1067 quod
1610 996 1763 1051 nole-

190 1091 337 1153 bant,
367 1087 822 1160 quemadmodum
848 1086 1053 1142 dictum
1081 1094 1164 1141 est
1192 1086 1257 1141 de
1289 1085 1515 1141 Domino
1536 1084 1648 1139 Deo
1670 1098 1765 1139 no-

190 1191 323 1246 stro,
361 1199 380 1232 ‹
400 1178 459 1235 Si
476 1194 581 1234 non
595 1178 869 1233 credimus
883 1219 898 1244 ,
929 1177 1019 1232 ille
1038 1175 1214 1232 ﬁdelis
1232 1183 1533 1246 permanet,
1564 1188 1765 1245 negare

196 1291 214 1324 ι
249 1271 492 1340 seipsum
517 1269 843 1339 nonipotest.
876 1289 894 1320 ι
927 1268 1004 1323 De
1029 1268 1399 1336 omnipotente
1434 1267 1633 1321 dictum
1654 1273 1756 1329 est,

197 1379 215 1413 ι
247 1377 355 1415 non
381 1369 580 1430 potest.
617 1380 635 1412 ι
664 1358 816 1414 Sicut
836 1373 966 1429 ergo
998 1358 1139 1429 quod
1158 1359 1418 1413 Dominus
1441 1371 1638 1428 negare
1674 1371 1762 1411 se-

192 1453 372 1521 ipsunt
395 1467 498 1505 non
519 1458 715 1521 potest,
741 1449 858 1504 laus
877 1449 1265 1505 estvoluntatis
1283 1450 1507 1505 divinae:
1526 1450 1599 1503 ita
1619 1447 1769 1518 quod

191 1542 263 1596 illi
283 1558 392 1597 non
412 1550 665 1612 poterant
686 1541 930 1607 credere,
952 1541 1109 1611 culpa
1136 1550 1219 1597 est
1247 1541 1537 1597 voluntatis
1570 1540 1763 1594 huma-

189 1648 290 1688 nae.
314 1652 337 1686 ι
358 1632 612 1702 Nonquia
634 1632 832 1687 mutari
845 1631 1090 1687 homines
1108 1632 1164 1686 in
1185 1631 1377 1687 melius
1390 1648 1494 1686 non
1511 1638 1759 1701 possunt,

185 1726 282 1780 sed
304 1725 544 1795 quandiu
585 1726 814 1794 superba
851 1724 1088 1795 sapiunt,
1131 1740 1236 1779 non
1266 1733 1487 1795 possunt
1513 1723 1755 1779 credere.

1870 538 2179 595 testimonia
2229 541 2295 596 de
2348 541 2670 612 Scripturis,
2723 545 2817 599 sed
2873 545 3321 617 incongruenter,
3377 555 3437 606 et

1869 644 1976 685 non
2022 646 2089 686 eo
2131 646 2293 688 sensu
2322 648 2431 704 quo
2460 635 2532 690 ibi
2581 638 2751 707 posita
2782 649 2925 693 sunt.
2959 636 3117 695 Velut
3143 650 3225 697 est
3262 640 3433 699 illud:

1875 743 1891 773 ι
1920 724 2032 796 Ego
2062 740 2297 808 quoque.
2321 726 2374 781 in
2422 728 2639 784 interitu
2682 741 2864 786 vestro
2890 731 3076 787 ridebo
3118 741 3173 789 et
3201 734 3432 790 subsan—

1874 834 1893 867 ι
1928 818 2090 873 nabo.
2123 839 2142 871 ι
2172 819 2241 874 Ει
2270 820 2421 887 illud,
2452 823 2597 892 quod
2624 838 2728 878 non
2760 827 2827 900 de
2866 824 3103 897 generali
3134 826 3437 898 perditione

1869 906 2179 978 impiorum,
2203 920 2263 966 ut
2303 918 2358 965 tu
2386 914 2633 981 posuisti,
2664 916 2758 970 sed
2789 918 3006 988 proprie
3034 917 3100 974 de
3128 918 3346 973 miseria
3382 924 3438 973 et

1869 999 2178 1056 calamitate
2228 1002 2522 1057 inﬁdelium
2567 1003 2873 1061 Iudaeorum
2917 1007 2969 1062 in
3021 1007 3438 1063 Deuteronomio

1871 1093 2103 1148 dicitur:
2136 1112 2155 1145 ι
2185 1093 2253 1149 Et
2291 1094 2433 1151 sicut
2468 1095 2679 1151 laetatus
2723 1107 2804 1152 est
2832 1098 3091 1154 Dominus
3131 1113 3293 1170 super
3318 1112 3436 1163 vos,

1874 1203 1894 1236 ι
1929 1184 2271 1241 benefaciens
2295 1187 2469 1253 vobis,
2491 1202 2695 1258 vosque
2717 1187 3107 1258 multiplicans;
3132 1190 3210 1245 sic
3231 1188 3438 1244 laetabi-

1875 1295 1895 1328 ι
1930 1284 2019 1331 tur
2048 1278 2360 1348 disperdens
2382 1295 2480 1335 vos
2506 1288 2668 1349 atque
2692 1280 3028 1335 subvertens.
3059 1300 3078 1332 ι
3117 1278 3221 1335 Sed
3248 1279 3441 1352 grandi

1871 1377 1925 1425 et
1952 1371 2036 1440 pia
2068 1372 2497 1427 consideratione
2540 1373 2759 1444 indiget,
2792 1381 2849 1427 ut
2875 1373 3316 1444 qualitercunque
3347 1388 3440 1427 co-

1872 1462 2072 1532 gitetur
2098 1464 2240 1519 risus
2270 1472 2322 1519 et
2353 1465 2706 1520 subsannatio
2745 1465 2838 1521 Dei
2868 1467 2923 1520 in
2960 1466 3179 1521 interitu
3206 1467 3444 1537 perdito-

1872 1567 2012 1619 rum,
2043 1560 2098 1608 et
2116 1553 2301 1609 laetitia
2331 1555 2443 1610 sive
2484 1555 2794 1621 exsultatio,
2841 1571 2948 1610 non
2978 1556 3151 1611 solum
3190 1557 3245 1611 in
3273 1555 3444 1625 profeo

1871 1654 1958 1700 ctu
1990 1656 2282 1715 rectorum,
2306 1649 2399 1704 sed
2445 1649 2610 1704 etiam
2653 1650 2707 1703 in
2737 1650 3086 1705 subversione
3125 1664 3443 1721 pravorum,

1872 1740 1983 1809 qui,
2016 1747 2073 1792 ut
2093 1755 2252 1809 supra
2281 1751 2555 1796 ostensum
2579 1749 2679 1808 est,
2710 1742 2763 1796 in
2796 1739 2990 1797 nullius
3014 1749 3206 1806 morte,
3240 1741 3292 1795 in
3323 1740 3443 1795 nul-

185 1814 303 1871 lloc
337 1816 403 1871 de
422 1813 644 1879 Iudaeis,
676 1816 766 1885 qui
804 1815 1059 1871 excaecati
1098 1823 1154 1870 et
1180 1816 1419 1871 indurati
1450 1823 1596 1879 sunt,
1625 1813 1768 1867 Deus

1875 1830 1979 1885 lius
2006 1832 2305 1902 perditione
2332 1834 2568 1900 laetatur,
2621 1848 2719 1889 nec
2760 1834 2993 1904 aliquem
3020 1836 3198 1906 perire
3223 1834 3359 1889 velle
3387 1849 3448 1890 se

184 1906 480 1976 praescivit,
509 1915 675 1976 atque
710 1906 765 1961 in
790 1905 908 1977 ejus
941 1906 1131 1977 spiritu
1169 1907 1428 1977 propheta
1456 1906 1613 1961 dixit.
1646 1902 1763 1959 Non

182 2013 320 2067 ergo
346 2007 598 2069 poterant
639 1999 881 2063 credere,
910 1997 1064 2067 juxta
1090 2012 1307 2054 sensum
1348 1996 1647 2052 ﬁdelissimi
1674 1996 1771 2051 do-

182 2090 386 2154 cteris,
428 2090 558 2159 quia
586 2091 727 2146 hanc
750 2075 938 2145 eorum
978 2086 1216 2145 futuram
1257 2090 1765 2159 impossibilitatem,

180 2178 238 2234 id
271 2186 383 2245 est,
405 2180 695 2249 superbam
738 2180 1093 2249 impietatem,
1123 2195 1221 2250 per
1243 2194 1404 2249 quam
1429 2178 1640 2232 Domini
1664 2178 1770 2231 bu-

185 2268 476 2324 militatem
505 2278 965 2340 contempserunt,
998 2279 1053 2326 et
1078 2271 1221 2325 Deus
1258 2283 1388 2325 vere
1425 2268 1692 2339 praevidit,
1718 2276 1775 2322 et

182 2376 281 2431 per
319 2361 417 2416 Dei
459 2360 719 2430 Spiritum
766 2363 1029 2432 propheta
1067 2375 1195 2417 vere
1232 2361 1503 2431 praedixit.
1544 2358 1773 2414 Clauda-

185 2466 307 2506 mus
335 2451 517 2521 itaque
539 2467 700 2507 aures
720 2453 978 2507 adversus
999 2453 1141 2507 banc
1169 2453 1465 2507 inauditam
1489 2451 1765 2515 duritiam,

185 2549 240 2595 et
298 2542 469 2596 verba
517 2542 991 2613 praecipitationis,
1045 2551 1101 2597 et
1156 2542 1439 2598 audiamus
1484 2541 1767 2611 praefatum

184 2631 465 2688 doctorem
489 2632 721 2688 dulciter
757 2641 1029 2698 orantem,
1059 2642 1115 2689 et
1137 2632 1365 2688 dulciter
1403 2632 1768 2702 disputantem

183 2721 448 2779 adversus
487 2720 728 2791 profanae
760 2722 1091 2793 inauiloquia
1114 2722 1392 2777 vanitatis.
1424 2742 1442 2773 ι
1471 2722 1762 2789 Quosdam,

185 2808 384 2880 inquit,
414 2810 583 2864 nimia
609 2825 719 2867 sum
742 2810 1031 2866 voluntatis
1058 2810 1251 2867 ﬁducia
1276 2811 1470 2866 extulit
1500 2811 1554 2865 in
1583 2824 1772 2880 super-

184 2903 354 2966 biam,
381 2910 437 2960 et
468 2903 729 2974 quosdam
778 2905 960 2960 nimiae
999 2921 1110 2961 suae
1136 2904 1432 2961 voluntatis
1476 2903 1769 2960 diﬁidentia

183 2993 386 3064 deiecit
410 2994 463 3051 in
488 2995 885 3067 negligentiam.
915 2995 995 3050 llli
1020 2997 1205 3070 dicunt
1230 3014 1242 3050 :
1271 2994 1342 3051 Ut
1361 2995 1491 3064 quid
1516 3010 1770 3064 rogamus

184 3087 356 3143 Deum
395 3101 465 3142 ne
500 3087 780 3145 vincamur
814 3088 1128 3154 tentatione,
1170 3089 1314 3158 quod
1359 3088 1414 3143 in
1448 3097 1633 3143 nostra
1684 3095 1769 3144 est

184 3179 497 3248 potestate?
525 3179 628 3247 lsti
667 3180 893 3235 dicunt:
926 3178 995 3235 Ut
1021 3178 1149 3249 quid
1193 3194 1457 3235 conamur
1505 3180 1643 3235 bene
1685 3179 1766 3234 vi-

182 3285 339 3337 vere,
367 3271 512 3342 quod
532 3271 586 3326 in
619 3271 713 3327 Dei
739 3279 825 3327 est
862 3272 1167 3342 potestate?
1194 3271 1239 3327 0
1267 3271 1522 3327 Domine!
1552 3288 1586 3327 ο
1608 3271 1768 3329 Pater

181 3365 279 3434 qui
318 3380 380 3421 es
409 3366 465 3421 in
495 3366 677 3422 costis!
701 3380 772 3421 ne
814 3382 914 3422 nos
954 3365 1159 3423 inferas
1202 3368 1256 3422 in
1289 3368 1589 3436 quamlibet
1633 3370 1766 3424 ista-

182 3472 312 3512 rum
341 3458 723 3524 tentationum,
752 3459 847 3515 sed
876 3458 1048 3513 libera
1073 3474 1172 3514 nos
1198 3476 1228 3513 a
1277 3461 1439 3515 malo.
1470 3461 1769 3518 Audiamus

181 3549 479 3604 Dominum
509 3550 777 3604 dicentem
808 3567 821 3603 :
855 3568 873 3600 ι
902 3549 1104 3617 Rogavi
1129 3565 1229 3619 pro
1258 3560 1332 3615 te,
1362 3552 1540 3615 Petre,
1572 3563 1634 3606 ut
1661 3568 1769 3608 non

187 3662 208 3694 ι
250 3642 476 3698 deﬁciat
501 3642 635 3697 ﬁdes
667 3649 759 3697 tua
784 3659 800 3695 :
833 3660 852 3692 ι
879 3656 950 3696 ne
973 3642 1055 3696 sic
1072 3643 1447 3697 existimemus
1486 3644 1644 3699 ﬁdem
1674 3659 1773 3699 no-

181 3741 363 3789 stram
399 3747 521 3788 esse
554 3732 611 3788 in
660 3732 832 3788 libero
866 3728 1114 3799 arbitrio,
1157 3740 1217 3791 ut
1251 3733 1432 3788 divino
1474 3748 1581 3789 non
1619 3741 1777 3805 egeat

183 3822 482 3892 adjutorio.
536 3822 837 3879 Audiamus
898 3831 957 3877 et
1007 3823 1393 3894 evangelistam
1444 3825 1713 3881 dicentem
1752 3842 1769 3881 :

188 3933 211 3968 ιη
243 3914 407 3970 Dedit
434 3915 517 3974 eis
558 3922 879 3984 potestatem
925 3913 1066 3975 ﬁlios
1087 3914 1185 3970 Dei
1215 3913 1332 3970 ﬁeri
1357 3932 1373 3970 :
1398 3934 1418 3967 ι
1451 3929 1520 3969 ne
1550 3916 1772 3971 omnino

184 4004 566 4061 existimemus
589 4004 646 4061 in
671 4013 858 4061 nostra
897 4012 1167 4075 potestate
1202 4020 1310 4060 non
1339 4020 1459 4062 esse
1483 4007 1629 4076 quod
1653 4021 1773 4063 cre-

188 4098 392 4152 dimus.
428 4097 812 4155 Verumtamen
851 4074 911 4151 in
934 4105 1163 4167 utroque
1202 4096 1346 4152 illius
1387 4074 1650 4153 beneﬁcia
1677 4114 1771 4154 co-

191 4200 537 4258 gnoscamus.
568 4185 703 4241 Nam
742 4193 798 4241 et
826 4187 1047 4258 agenda
1081 4197 1210 4242 sunt
1239 4189 1446 4258 gratias,
1483 4190 1609 4260 quia
1646 4190 1770 4245 data

191 4288 272 4334 est
307 4287 574 4350 potestas,
599 4289 655 4335 et
678 4281 941 4336 orandum
972 4296 1041 4337 ne
1068 4282 1384 4337 succumbat
1404 4280 1711 4336 inﬁrmitas.
1744 4301 1764 4334 ι

260 4375 437 4432 Sexto
475 4376 594 4431 loco
627 4375 879 4433 similiter
906 4375 1155 4433 detestati
1180 4390 1365 4431 sumus
1392 4376 1536 4445 quod
1576 4375 1770 4441 Deum,

192 4475 243 4519 et
278 4475 502 4523 sanctos
530 4465 668 4535 ejus,
707 4466 762 4522 iu
795 4467 1095 4537 perditione
1121 4481 1334 4533 eorum,
1376 4481 1513 4536 quos
1553 4473 1770 4522 mterna:

194 4560 525 4619 damnationi
553 4560 961 4630 praedestinatos
988 4559 1204 4616 assidue
1237 4560 1459 4631 repetis,
1506 4560 1642 4617 dicis
1667 4576 1768 4617 ex-

195 4656 490 4710 sultaturos
510 4663 563 4708 et
593 4652 895 4724 gavisuros,
922 4667 1045 4708 cum
1073 4667 1109 4708 e
1129 4653 1403 4708 contrario
1431 4654 1770 4723 apertissime

196 4747 478 4817 Scriptura
523 4747 705 4801 dicat:
731 4765 750 4799 ι
785 4747 925 4803 Deus
952 4756 1182 4803 mortem
1212 4764 1318 4803 non
1362 4748 1510 4814 fecit,
1539 4765 1657 4812 nec.
1678 4750 1771 4805 lte-

201 4857 217 4889 ι
255 4847 405 4893 tatur
427 4838 479 4891 in
503 4838 803 4909 perditione
825 4839 1090 4894 vivorum.
1124 4858 1143 4891 ι
1174 4840 1240 4893 Ει
1267 4840 1373 4895 alio
1394 4840 1515 4896 loco
1541 4859 1554 4894 τ
1587 4860 1605 4893 ι
1630 4840 1766 4896 Vivo

202 4952 216 4981 ι
251 4947 380 5011 ego,
410 4930 541 4986 dicit
562 4930 823 4987 Dominus
846 4932 1005 4989 Deus.
1038 4933 1163 5002 quia
1192 4933 1315 4988 nolo
1340 4942 1566 4989 mortem
1590 4936 1761 5005 impii,

203 5044 219 5074 ι
249 5024 347 5079 sed
395 5030 456 5079 ut
480 5033 829 5079 convertatur
862 5033 917 5080 et
948 5024 1113 5079 vivat.
1144 5046 1163 5077 ι
1205 5026 1272 5079 Et
1310 5026 1502 5081 iterum
1529 5046 1541 5081 :
1572 5044 1592 5077 ι
1624 5026 1771 5082 Nun-

203 5134 220 5165 ι
255 5114 388 5185 quid
433 5114 724 5171 voluntatis
749 5131 883 5171 mea!
930 5125 1014 5172 est
1044 5132 1191 5172 mors
1218 5118 1386 5188 impii,
1422 5119 1552 5174 dicit
1584 5120 1770 5174 Domi-

203 5223 221 5256 ι
253 5223 355 5261 nus
381 5208 542 5273 Deus,
584 5216 639 5264 et
674 5225 782 5264 non
818 5210 987 5280 magis
1031 5218 1090 5264 ut
1117 5221 1463 5266 convertatur
1500 5227 1530 5266 a
1560 5212 1643 5267 via
1675 5228 1769 5268 sua

205 5314 222 5345 ι
256 5297 422 5365 mala,
453 5307 507 5353 et
526 5298 704 5354 vivat?
730 5318 748 5351 ι
778 5298 1057 5366 Quomodo
1099 5314 1233 5373 ergo
1263 5302 1477 5357 lzetatur
1503 5304 1557 5357 in
1598 5313 1772 5360 morte

201 5396 254 5442 et
279 5389 336 5445 in
370 5391 713 5447 damnatione
742 5392 912 5461 impii,
942 5408 1064 5447 cum
1092 5394 1209 5464 ipse
1225 5392 1373 5460 jurat
1402 5410 1507 5449 non
1535 5411 1655 5451 esse
1678 5412 1769 5452 vo-

202 5480 421 5538 luntatis
455 5484 602 5539 suae?
626 5494 718 5538 aut
765 5487 1035 5554 quomodo
1080 5488 1276 5557 gaudet
1324 5488 1390 5541 ad
1436 5490 1643 5543 ruinam
1674 5506 1770 5546 cu-

198 5570 470 5643 jusquam,
496 5574 588 5643 qui
616 5583 671 5628 ut
703 5574 900 5631 nullius
934 5577 1094 5641 bono,
1124 5578 1198 5631 ita
1225 5579 1391 5633 etiam
1412 5580 1608 5636 nullius
1630 5583 1769 5637 malo

205 5662 426 5736 indiget,
462 5674 522 5720 ut
556 5667 729 5735 quasi
749 5668 1019 5738 potentior
1046 5670 1127 5723 vel
1164 5669 1373 5727 beatior
1409 5674 1545 5729 ﬁat?
1582 5675 1766 5732 Protu-

271 5786 299 5818 ι
323 5775 503 5833 Tract.
540 5776 609 5833 55
642 5778 695 5832 in
729 5775 865 5835 Joan

1862 1924 2029 1993 jurat,
2071 1927 2195 1994 quia
2241 1926 2437 2003 nullius
2467 1927 2746 1982 interitum
2773 1928 2919 1981 velut
2949 1927 3201 1982 inimicus
3230 1938 3444 1982 creatu-

1872 2029 1943 2068 rae
1978 2028 2089 2070 sua:
2128 2016 2417 2082 desiderat,
2445 2016 2541 2071 sed
2572 2017 2625 2070 in
2669 2016 2749 2071 eis
2790 2018 2879 2087 qui
2908 2026 3157 2086 pereunt,
3202 2026 3444 2072 tantum-

1870 2108 2028 2161 modo
2050 2108 2208 2162 linem
2244 2108 2461 2163 malitiae
2484 2116 2536 2163 et
2561 2108 2806 2164 ordinem
2834 2124 2897 2163 ac
2927 2109 3336 2165 retributionem
3358 2109 3448 2179 ju-

1872 2200 2030 2253 stitia‘.
2058 2200 2249 2269 diligit.
2283 2198 2374 2253 Sic
2404 2200 2586 2270 itaque
2611 2200 2665 2254 in
2702 2200 2923 2254 interitu
2953 2200 3236 2271 impiorum
3268 2210 3323 2255 et
3346 2200 3450 2255 ini-

1873 2306 2102 2361 quorum
2137 2291 2332 2345 ridebit
2359 2300 2413 2345 et
2458 2290 2829 2357 subsannabit,
2872 2308 2994 2346 cum
3039 2307 3225 2347 eorum
3256 2306 3445 2362 super-

1872 2384 2014 2438 biam
2072 2392 2126 2437 et
2184 2391 2549 2453 contemptum
2600 2383 2759 2454 digna
2814 2384 3094 2454 punitione
3159 2383 3450 2438 humilians

1871 2485 2030 2549 atque
2074 2475 2463 2539 condemnans,
2512 2490 2728 2530 omnem
2770 2485 3033 2531 creaturae
3057 2476 3351 2531 vanitatem
3396 2481 3452 2529 et

1869 2567 2159 2623 elationem
2192 2568 2453 2622 adversus
2488 2566 2802 2623 Creatorem
2844 2568 3094 2623 irrisione
3136 2575 3189 2623 et
3219 2567 3450 2622 subsan-

1870 2661 2089 2715 natione
2118 2661 2334 2731 dignam
2362 2672 2483 2714 esse
2507 2659 2847 2714 monstrabit.
2882 2657 3035 2713 Unde
3060 2667 3113 2714 et
3140 2658 3319 2713 divina
3355 2673 3448 2712 ea-

1870 2755 1991 2809 dem
2031 2753 2193 2808 verba
2224 2752 2398 2823 posita
2430 2760 2579 2816 sunt,
2611 2762 2670 2805 ut
2716 2766 2820 2804 non
2862 2750 3087 2816 diceret,
3120 2749 3187 2804 de
3228 2750 3450 2804 interitu

1870 2852 2055 2898 vestro
2083 2862 2095 2897 :
2123 2842 2328 2897 scilicet
2352 2857 2457 2896 non
2484 2856 2584 2911 pro
2619 2840 2730 2907 illo,
2764 2842 2857 2897 sed
2892 2841 2946 2895 in
2974 2841 3093 2907 illo;
3123 2841 3175 2897 id
3209 2850 3313 2907 est,
3340 2856 3448 2896 non

1868 2950 1968 3007 pro
1997 2934 2103 2989 illis
2129 2935 2218 3003 qui
2247 2949 2341 2989 sua
2380 2933 2534 3003 culpa
2570 2932 2868 3003 perierunt,
2897 2933 2991 2988 sed
3015 2933 3141 3003 quia
3168 2932 3223 2987 in
3262 2948 3448 2987 eorum

1864 3026 2012 3096 justa
2059 3025 2396 3096 perditione,
2462 3025 2517 3078 in
2565 3023 3019 3095 contemplatione
3066 3023 3344 3078 rationalis
3396 3031 3451 3077 et

1793 3151 1839 3219 Ο
1870 3118 2042 3173 beatae
2070 3127 2353 3183 creaturae,
2405 3116 2520 3173 laus
2554 3126 2833 3173 accrescet
2874 3125 2930 3172 et
2950 3117 3119 3188 gloria
3153 3116 3447 3185 Creatoris,

1868 3212 2173 3268 exsultante
2203 3211 2353 3267 omni
2403 3210 2574 3266 electa
2604 3219 2874 3275 creatura,
2926 3225 3034 3264 non
3078 3210 3132 3264 in
3166 3210 3449 3265 tormentis

1868 3304 2215 3368 miserorum,
2261 3303 2354 3357 sed
2386 3303 2441 3357 in
2483 3303 2739 3371 aequitate
2786 3309 2842 3356 et
2867 3302 3095 3356 veritate
3123 3301 3451 3373 judiciornm

1867 3394 2193 3451 divinorum.
2223 3391 2375 3461 Quod
2404 3393 2566 3447 etiam
2599 3391 2655 3446 in
2698 3391 2950 3462 praesenti
2998 3392 3195 3447 saeculo
3235 3392 3446 3446 anima-

1864 3486 1968 3542 bus
1998 3494 2305 3540 sanctorum
2327 3485 2661 3551 conceditur,
2695 3484 2911 3539 dicente
2932 3484 3218 3540 Psalmista
3247 3499 3262 3539 :
3293 3504 3312 3536 ι
3340 3483 3450 3540 Ex-

1876 3597 1894 3629 ι
1926 3579 2264 3633 sultaverunt
2314 3579 2437 3634 ﬁlize
2480 3578 2630 3634 Iudae
2679 3588 2899 3649 propter
2931 3578 3136 3648 judicia
3182 3589 3293 3646 tua,
3340 3581 3447 3637 Do-

1878 3687 1898 3718 ‹
1932 3670 2100 3724 mine.
2137 3689 2155 3719 ι
2188 3668 2300 3722 Non
2324 3685 2453 3736 ergo
2478 3680 2697 3739 propter
2727 3672 3081 3740 perditionem
3111 3672 3448 3742 cujusquam,

1872 3760 1966 3815 sed
2006 3768 2227 3830 propter
2268 3760 2460 3815 divinae
2498 3761 2767 3830 aequitatis
2793 3761 3080 3830 justitiam.
3131 3761 3243 3816 Hoc
3289 3778 3452 3817 sensu

1870 3854 2044 3922 accipi
2074 3860 2252 3924 potest
2278 3861 2333 3909 et
2372 3853 2499 3908 illud
2530 3868 2545 3907 :
2575 3873 2594 3905 ι
2626 3853 2922 3909 Laetabitur
2940 3854 3120 3925 justus
3149 3870 3272 3910 cum
3304 3854 3453 3911 vide-

1875 3963 1899 3996 «η
1929 3945 2001 3999 rit
2028 3944 2336 3999 vindictam.
2371 3963 2390 3996 ι
2426 3944 2495 3998 Ει
2517 3943 2647 3999 illud
2671 3945 2725 3999 in
2749 3944 3037 4000 Salomone
3063 3963 3075 3999 :
3109 3945 3226 4000 ι-Ει
3254 3945 3307 4000 in
3331 3961 3453 4016 per-

1874 4058 1895 4093 ι
1927 4041 2134 4097 ditione
2164 4040 2453 4111 impiorum
2494 4039 2602 4094 erit
2650 4038 2908 4094 laudatio.
2944 4058 2962 4092 ι
2995 4038 3238 4095 Lzetatur
3267 4049 3449 4096 autem

1875 4133 2218 4202 omnipotens
2251 4132 2413 4196 Deus,
2459 4130 2545 4186 vel
2591 4129 2940 4211 benefaciens
2971 4129 3152 4200 justis,
3184 4131 3264 4186 vel
3310 4131 3451 4187 mala

1870 4225 2176 4280 retribuens
2200 4224 2401 4294 pravis.
2427 4222 2542 4278 Non
2567 4224 2707 4293 quod
2733 4224 2845 4294 ipse
2871 4223 3082 4280 diversa
3110 4222 3452 4280 aﬁ'ectatione

1870 4322 2109 4369 mutetur
2130 4322 2293 4384 atque
2314 4314 2576 4379 varietur,
2608 4312 2760 4381 cujus
2785 4314 3042 4385 gaudere,
3070 4313 3209 4368 sicut
3235 4321 3450 4380 etesse,

1871 4417 2133 4462 aeternum
2170 4415 2335 4476 atque
2375 4405 2810 4461 incommutabile
2834 4411 2941 4471 est,
2968 4405 3114 4482 apud
3153 4421 3311 4475 quem
3343 4420 3450 4459 non

1797 4505 1958 4567 Dest
2024 4498 2437 4564 transmutatio,
2495 4512 2597 4552 nec
2646 4497 3036 4552 vicissitudinis
3084 4497 3449 4552 obumbratio.

1876 4588 1981 4643 Sed
2012 4590 2153 4644 sicut
2194 4587 2426 4658 Spiritus
2455 4588 2632 4644 Patris
2678 4587 2876 4643 dicitur
2920 4589 3066 4659 loqui
3110 4590 3163 4644 in
3208 4590 3288 4644 eis
3315 4603 3452 4658 quos

1874 4679 2155 4749 loquentes
2176 4679 2327 4743 facit,
2353 4694 2489 4749 quos
2531 4679 2598 4733 ad
2636 4677 3071 4735 testiﬁcationem
3097 4680 3345 4736 veritatis
3370 4679 3451 4734 in-

1874 4772 2036 4825 struit
2065 4779 2119 4825 et
2150 4770 2403 4825 informat
2433 4771 2557 4840 :qui
2597 4771 2761 4825 etiam
2793 4772 3068 4840 postulare
3094 4787 3194 4843 pro
3220 4773 3448 4840 sanctis,

1873 4866 1927 4912 et
1962 4852 2174 4929 gemere
2204 4875 2269 4914 ac
2312 4858 2624 4913 desiderare
2662 4859 2878 4926 dicitur,
2910 4861 3032 4930 quia
3068 4862 3147 4916 eis
3183 4878 3317 4932 quos
3365 4878 3452 4919 re-

1871 4949 2097 5019 pleverit
2146 4948 2393 5003 allectum
2448 4950 2755 5019 postulandi
2795 4962 2847 5005 ct
2875 4954 3121 5023 gemendi
3153 4963 3208 5009 et
3240 4954 3452 5009 deside-

1871 5041 2026 5094 randi
2053 5040 2298 5109 inspirat.
2325 5041 2404 5095 Ita
2439 5049 2494 5096 et
2524 5042 2635 5111 ipse
2682 5042 2893 5097 laetatur
2934 5045 2987 5097 in
3018 5046 3221 5100 sanctis
3252 5045 3306 5099 in
3333 5044 3452 5115 qui-

1870 5131 1973 5187 bus
2013 5133 2257 5187 habitare
2286 5117 2559 5202 dignatur,
2592 5135 2717 5203 quia
2748 5150 2842 5190 eos
2867 5137 3221 5205 proculdubio
3263 5138 3450 5193 laetam

1874 5234 1954 5280 tes
1979 5224 2127 5289 facit,
2160 5224 2271 5279 sive
2300 5226 2352 5279 in
2385 5226 2541 5281 donis
2566 5228 2755 5298 gratiae
2784 5245 2905 5297 qua:
2923 5228 3150 5300 largitur
3178 5230 3302 5301 piis,
3335 5229 3449 5283 sive

1874 5317 1926 5373 in
1948 5318 2164 5387 judiciis
2195 5327 2249 5374 et
2277 5319 2641 5389 mquitatihus,
2676 5321 2872 5391 quibus
2907 5322 3102 5391 impios
3135 5322 3307 5392 punit.
3344 5320 3451 5375 Pro

1875 5412 2072 5481 quibus
2099 5413 2197 5466 etsi
2229 5413 2463 5469 humano
2490 5413 2705 5481 aﬁ'ectu,
2752 5415 2892 5468 sicut
2918 5416 3202 5486 Apostolus
3230 5413 3359 5467 dicit
3383 5413 3449 5467 de

1877 5520 1956 5569 se,
1995 5513 2249 5573 tanquam
2305 5505 2549 5560 homines
2590 5506 3001 5574 contristantur,
3042 5516 3218 5560 tamen
3266 5504 3449 5561 divino

1878 5592 2078 5662 Spiritu
2119 5602 2338 5663 regente
2384 5607 2546 5664 atque
2599 5595 2920 5660 illustrante,
2945 5595 3087 5665 justa
3131 5593 3449 5661 Deijudicia

1877 5683 2094 5739 laudare
2124 5693 2177 5738 ct
2210 5686 2516 5754 gloriﬁcare
2562 5703 2667 5744 non
2707 5696 2940 5743 cessant.
2980 5686 3114 5741 Cum
3142 5685 3309 5757 igitur
3342 5699 3451 5748 tam
