4032 6462
583 311 652 368 95
1788 305 2143 364 AMULONIS
2183 303 2397 362 EPISC.
2436 305 2643 362 LUGD.
3771 308 3844 363 96

581 435 775 490 magna
799 428 854 475 et
881 417 1224 475 ineffabiliter
1252 415 1439 486 majori
1465 416 1696 484 cautela,
1730 426 1791 472 ut
1813 418 2152 488 aliquatenus
2177 425 2231 487 Α
2255 417 2532 482 Ecclesiae,
2559 418 2814 474 restituas
2833 427 2886 474 te
2909 418 3230 476 obedientiae
3254 419 3464 475 Domini
3486 423 3845 479 sacerdotum

580 509 804 582 intelligi
837 510 1067 580 possint,
1095 510 1276 566 divina
1315 508 1476 563 verba
1517 508 1815 578 indigeant,
1847 524 1954 564 non
1994 508 2155 564 facile

578 615 610 654 a
640 617 912 672 quoquam
940 599 1261 673 proferenda
1283 608 1407 656 sunt
1435 600 1584 656 velut
1601 616 1702 673 pro
1723 616 1800 668 se,
1833 617 1901 657 ne
1925 601 2153 657 forsitan

577 687 716 747 bene
737 701 965 748 tractata
989 693 1328 748 inveniantur
1355 702 1543 748 contra
1565 708 1650 748 se.

651 781 892 854 Septimo
923 785 1060 848 loco,
1107 784 1212 838 duo
1250 799 1473 855 prorsus
1519 785 1702 856 gravia
1749 783 1888 839 mala
1941 784 1996 838 in
2046 781 2152 838 tuis

576 874 734 929 nobis
759 877 997 930 moribus
1030 873 1322 944 plurimum
1355 875 1759 945 displicuerunt.
1806 874 1982 930 Unum
2006 873 2151 942 quod

576 965 882 1020 sacerdotes
906 965 1019 1030 Dei,
1049 973 1106 1019 et
1129 973 1370 1020 rectores
1400 964 1786 1030 Ecclesiarum,
1818 965 1983 1019 tantis
2005 962 2149 1032 inju-

573 1054 671 1110 riis
711 1065 766 1111 et
806 1057 1066 1111 conviciis
1100 1067 1157 1112 et
1197 1057 1498 1113 maledictis
1524 1058 1751 1123 laceras,
1787 1069 1935 1113 tanto
1960 1060 2150 1128 despe-

572 1154 661 1200 ctu
692 1155 745 1200 et
771 1149 1110 1203 contumacia
1146 1150 1451 1216 conculcas,
1495 1152 1678 1222 utique
1719 1152 1912 1222 spiritu
1947 1152 2150 1208 erroris

555 1227 622 1290 'et
643 1238 910 1306 superbiae
935 1239 1317 1296 miserabiliter
1339 1240 1618 1312 deceptus,
1656 1251 1717 1296 nt
1760 1244 1980 1298 omnino
2015 1242 2148 1297 nihil

566 1325 888 1383 Christiana:
927 1330 1221 1399 patientiae,
1269 1331 1405 1385 nihil
1459 1330 1780 1386 Christiane:
1829 1333 2146 1387 reverentia:

567 1418 771 1475 habere
798 1421 1051 1477 videaris.
1089 1422 1224 1477 Nam
1256 1423 1399 1478 inter
1427 1433 1643 1492 caetera,
1671 1441 1861 1481 omnes
1881 1427 1972 1495 qui
2002 1426 2148 1480 insa-

567 1513 669 1568 nia:
709 1529 961 1570 sensuum
1003 1527 1215 1570 tuorum
1239 1516 1357 1572 zelo
1388 1517 1512 1572 ﬁdei
1555 1519 1829 1582 resistunt,
1861 1519 2146 1574 litereticos

566 1604 837 1674 appellare
869 1622 976 1661 non
1015 1607 1233 1673 metuis,
1262 1622 1464 1678 eosque
1488 1623 1518 1662 a
1544 1608 1686 1663 bono
1706 1618 1760 1664 ct
1791 1593 2000 1664 erudito
2027 1610 2143 1665 viro

564 1704 726 1766 atque
785 1699 1055 1754 catholico
1117 1700 1370 1770 episcopo
1433 1700 1778 1757 Rhabauicos
1832 1716 2142 1773 nuncupare

2256 515 2312 562 et
2364 515 2578 578 patrum
2615 515 2849 576 tuorum,
2892 509 3146 567 restituas
3189 518 3240 566 te
3278 510 3531 568 fraternae
3586 513 3844 570 omnium

2255 598 2529 653 charitati.
2586 597 2656 654 Ut
2715 600 2807 671 qui
2853 600 3013 656 modo
3052 601 3200 670 jaces
3264 611 3517 674 tanquam
3565 618 3662 659 vas
3709 620 3844 675 per-

2255 689 2444 756 ditum,
2499 700 2828 761 cooperante
2870 692 2966 747 Dei
3015 695 3212 764 gratia,
3265 692 3518 749 eﬂiciaris
3570 695 3627 750 in
3669 695 3842 753 domo

2253 779 2370 850 ejus
2417 797 2512 837 vas
2568 783 2720 849 utile,
2775 784 2844 839 ad
2888 799 3049 840 omne
3104 801 3238 856 opus
3286 785 3489 841 bonum
3553 796 3837 857 paratum.

2253 869 2363 926 Nec
2389 875 2646 929 terrearis
2687 875 3144 942 consideratione,
3182 876 3266 931 vel
3305 877 3504 932 erroris
3543 893 3712 948 quem
3749 879 3840 933 in-

2251 965 2494 1031 curristi,
2522 966 2607 1020 vel
2637 964 2956 1034 injuriarum
2985 982 3122 1036 quas
3172 967 3227 1021 in
3266 967 3361 1022 Dei
3404 967 3721 1023 sacerdotes
3749 969 3837 1023 in.

2254 1056 2463 1123 tulisti,
2527 1075 2594 1113 ne
2654 1074 2720 1113 ex
2782 1060 2885 1115 hoc
2940 1061 3085 1115 velut
3144 1059 3511 1131 implacabiles
3575 1061 3834 1130 patiaris.

2251 1145 2450 1202 Omnes
2480 1148 2890 1218 deprecabimur
2933 1167 3031 1222 pro
3078 1160 3146 1216 te,
3191 1162 3245 1208 et
3275 1153 3375 1222 ipsi
3422 1154 3568 1207 ultro
3606 1163 3839 1224 propter

2251 1253 2492 1294 amorem
2547 1240 2746 1296 Christi
2786 1243 3173 1299 obliviscentur
3219 1257 3311 1309 se,
3367 1252 3638 1314 eruntque
3688 1242 3838 1315 apud

2249 1347 2436 1388 omnes
2467 1343 2520 1390 et
2551 1337 2820 1406 praeterita
2841 1345 3020 1391 errata
3048 1336 3103 1390 in
3129 1335 3472 1399 oblivionem,
3503 1343 3558 1390 et
3588 1349 3837 1406 prazscns

2249 1428 2616 1484 conversionis
2659 1441 2765 1484 tuae
2807 1431 3006 1485 bonum
3043 1430 3098 1483 in
3139 1427 3390 1500 gaudium
3421 1437 3477 1482 et
3503 1427 3834 1482 exsultatio-

2248 1533 2392 1574 nem.
2440 1519 2769 1577 Tantum‘ne
2798 1522 3034 1588 dubites,
3076 1536 3177 1576 nec
3223 1519 3536 1586 remoreris,
3571 1519 3671 1573 sed
3699 1530 3834 1576 erue

2247 1617 2298 1662 te
2323 1611 2473 1680 quasi
2520 1613 2731 1667 damula
2771 1615 2836 1668 de
2871 1629 3062 1678 manu,
3089 1622 3142 1667 et
3168 1612 3322 1681 quasi
3352 1611 3467 1666 avis
3511 1611 3577 1665 de
3617 1609 3831 1666 insidiis

2247 1704 2506 1773 aucupis,
2567 1721 2634 1760 ne
2675 1706 2728 1760 in
2782 1705 2874 1760 tali
2937 1706 3278 1760 damnatione
3325 1704 3603 1774 repentina
3652 1711 3831 1758 morte

560 1794 865 1862 prmsumis.
899 1794 1010 1850 Nec
1043 1795 1201 1850 times
1235 1797 1427 1860 Deum,
1457 1798 1600 1866 quod
1625 1797 1678 1850 in
1713 1795 1848 1851 tales
1873 1805 1928 1851 et
1966 1806 2140 1852 tantos
2168 1786 2214 1845 Β
2242 1802 2565 1860 praeventus,
2595 1794 2849 1850 Ecclesiae
2875 1797 3061 1861 matri,
3107 1797 3194 1851 cui
3235 1811 3377 1850 nunc
3419 1808 3710 1848 mterorem
3751 1792 3828 1847 fa-

563 1884 760 1940 diaboli
785 1885 1027 1956 laqueos,
1061 1902 1158 1958 per
1188 1903 1380 1942 vanam
1413 1887 1822 1942 instabilitatem
1862 1889 2061 1942 mentis
2085 1897 2140 1944 et

564 1980 829 2049 corporis,
861 1989 916 2035 et
953 1981 1229 2036 vaniorem
1279 1981 1649 2054 curiositatem
1693 1990 1855 2050 atque
1883 1996 2141 2052 arrogan-

561 2069 689 2122 tiam
718 2070 973 2126 incidisti.
1007 2069 1119 2126 Nec
1143 2070 1443 2137 erubescis,
1475 2071 1616 2141 quod
1664 2072 1717 2126 in
1749 2080 1827 2126 tot
1864 2073 2139 2128 erroribus

559 2168 614 2215 et
651 2162 949 2217 mendaciis
991 2163 1058 2218 ab
1097 2164 1348 2218 omnibus
1392 2163 1590 2233 ubique
1635 2163 2055 2234 deprehenderis
2083 2173 2138 2219 et

558 2250 874 2308 confutaris.
901 2253 1012 2309 Nec
1035 2254 1204 2320 doles,
1231 2256 1372 2324 quod
1407 2269 1533 2310 ecce
1571 2262 1646 2310 tot
1667 2256 1824 2312 annis
1854 2271 1884 2309 a
1911 2271 2136 2326 corpore

555 2339 808 2398 Ecclesiae
831 2343 991 2413 justte
1021 2346 1324 2400 severitatis
1365 2347 1712 2402 damnatione
1741 2348 2022 2418 praecisus,
2059 2357 2138 2402 at-

555 2451 661 2506 que
705 2439 854 2492 omni
881 2439 1144 2494 bonorum
1182 2440 1539 2496 contubernio
1581 2457 1646 2496 ac
1692 2441 1885 2498 solatio
1921 2442 2137 2498 defrau-

555 2528 732 2596 datus,
779 2531 1089 2586 remansisti
1140 2533 1291 2588 velut
1345 2533 1510 2602 stirps
1551 2534 1790 2601 inutilis,
1833 2544 1886 2589 et
1929 2536 2136 2605 palmes

553 2620 739 2675 aridus
768 2620 879 2691 igni
907 2623 1235 2679 destinatus.
1275 2624 1383 2679 Sed
1422 2625 1598 2679 adhuc
1633 2626 1852 2697 insuper
1891 2643 1952 2682 os
1982 2637 2134 2682 tuum

552 2710 930 2767 maledictione
958 2720 1014 2766 et
1043 2714 1414 2778 amaritudine
1437 2715 1652 2786 plenum
1686 2725 1770 2772 est
1794 2736 1806 2771 :
1829 2727 1885 2772 et
1914 2734 2138 2773 conver-

551 2815 644 2856 sus
672 2801 727 2856 in
773 2819 959 2859 arcum
989 2821 1237 2875 pravum,
1283 2823 1390 2862 non
1427 2823 1525 2878 pro
1565 2809 1813 2876 Domino,
1863 2819 1922 2865 ut
1955 2820 2132 2881 putas,

551 2895 644 2948 sed
676 2894 979 2952 Ecclesiam
1028 2908 1255 2956 matrem
1287 2910 1454 2968 tuam,
1485 2900 1705 2971 ejusque
1749 2902 2006 2972 praesules
2040 2919 2136 2973 pa-

550 2995 658 3040 tres
701 2995 842 3054 tuos,
895 2989 1155 3060 sacrilega
1207 2993 1430 3047 audacia
1464 3001 1838 3058 contemnens,
1873 2995 2134 3049 adversus

549 3076 834 3134 Dominum
857 3079 1138 3150 jacnlaris.
1164 3083 1406 3138 Alterum
1441 3100 1568 3140 vero
1600 3085 1800 3140 malum
1827 3087 1987 3141 estin
2017 3101 2131 3141 mo-

551 3169 699 3225 ribus
741 3172 866 3238 tuis,
913 3175 1056 3243 quod
1105 3175 1159 3229 in
1205 3175 1456 3232 omnibus
1491 3193 1611 3248 quae
1661 3178 1796 3232 dicis
1845 3187 1898 3233 et
1937 3179 2128 3245 sentis,

547 3261 687 3315 sicut
719 3261 998 3334 Scriptura
1033 3274 1122 3320 tua
1152 3267 1408 3334 declarat,
1441 3270 1645 3324 nullum
1673 3271 1916 3335 omnino,
1948 3271 2128 3326 homi-

548 3367 674 3406 num
721 3369 872 3409 morc
922 3356 1206 3425 bonorum,
1253 3359 1341 3429 pie
1374 3367 1429 3414 et
1468 3359 1745 3415 humiliter
1792 3359 2127 3431 deprecaris,

547 3443 746 3500 nullius
784 3454 836 3501 te
872 3449 1052 3504 sensui
1096 3459 1152 3505 et
1177 3452 1487 3507 auctoritati
1529 3453 1821 3520 submittis,
1848 3469 1950 3508 nec
1990 3455 2126 3510 dicis

546 3539 688 3608 quod
732 3555 874 3610 smpe
919 3542 1056 3597 solet
1095 3553 1150 3598 ct
1195 3544 1358 3600 debet
1405 3545 1580 3616 pietas
1623 3542 2122 3614 dice're:0bsecro,

545 3630 687 3685 bene
718 3631 801 3684 vir
827 3643 922 3686 aut
943 3634 1084 3689 bone
1114 3634 1302 3700 frater,
1338 3635 1384 3689 si
1413 3635 1468 3689 in
1506 3637 1592 3691 his
1625 3651 1746 3706 quae
1770 3638 1892 3694 dico
1920 3639 2128 3709 aliqua-

545 3729 704 3778 tenus
734 3738 878 3790 erro,
904 3723 1044 3780 ferto
1072 3725 1443 3782 infirmitatem
1471 3741 1669 3795 meam,
1699 3729 1953 3786 instruito
1979 3731 2130 3802 igno-

546 3818 779 3873 rantiam
797 3832 991 3887 meam,
1021 3829 1076 3875 et
1096 3821 1354 3892 probabis
1382 3821 1746 3876 obedientiam
1775 3839 1972 3888 meam,
1998 3825 2127 3893 quia

543 3920 767 3982 paratus
805 3928 899 3968 ero
940 3913 1174 3970 libenter
1213 3914 1491 3985 suscipere
1517 3917 1780 3987 quidquid
1811 3919 2023 3974 Veritas
2053 3921 2129 3974 di-

547 4004 802 4070 gnabitur
836 4003 1132 4060 declarare.
1169 4005 1276 4060 Sed
1315 4005 1389 4061 ita
1425 4016 1477 4062 te
1515 4009 1697 4063 sensui
1727 4019 1817 4064 tuo
1841 4011 2042 4076 credis,
2073 4019 2130 4066 et

546 4094 600 4148 in
645 4094 760 4164 ipsa
789 4097 1018 4153 veritate
1047 4097 1312 4167 speculari
1353 4107 1410 4153 et
1449 4099 1804 4170 contemplari
1853 4102 2124 4173 gloriaris,

541 4198 601 4242 ut
624 4188 676 4242 in
703 4190 915 4260 scriptis
940 4191 1046 4246 tuis
1071 4205 1172 4246 nec
1198 4191 1310 4246 Deo
1338 4191 1439 4262 ipsi
1468 4193 1754 4263 supplices,
1776 4203 1834 4249 ut
1861 4194 1955 4249 tibi
1979 4197 2124 4266 quod

542 4279 736 4336 melius
783 4291 868 4337 est
896 4283 1122 4338 revelet.
1166 4283 1506 4356 Quapropter
1553 4286 1778 4342 multum
1822 4287 2130 4346 fraternita-

542 4383 650 4427 tem
683 4384 830 4429 tuam
861 4377 1122 4432 exhortor
1142 4385 1197 4432 et
1225 4392 1438 4443 moneo,
1487 4387 1539 4432 et
1573 4389 1794 4449 paterna
1819 4382 2021 4451 pietate
2061 4397 2126 4438 ac

2242 1885 2322 1940 cis
2350 1887 2647 1954 assiduum,
2677 1887 2903 1954 luctum,
2934 1889 3076 1960 quod
3115 1889 3277 1953 absit,
3319 1887 3666 1957 derelinquas
3696 1901 3826 1955 per-

2240 1988 2479 2049 petuum.
2531 1981 2701 2037 Crede
2748 1982 3112 2037 indubitanter
3153 1981 3278 2050 quia
3326 1982 3441 2036 haec
3478 1995 3545 2034 ex
3590 1994 3719 2032 vera
3771 1985 3826 2032 et

2240 2071 2450 2128 sincera
2485 2089 2611 2145 erga
2644 2083 2694 2128 te
2723 2074 2989 2129 charitate
3029 2081 3083 2128 et
3124 2073 3238 2128 solo
3273 2087 3456 2127 amore
3493 2069 3685 2126 salutis
3723 2079 3827 2126 tua:

2240 2160 2449 2232 loquor.
2503 2163 2614 2219 Nec
2655 2166 2874 2220 omnino
2915 2164 3172 2228 mstimes,
3197 2163 3340 2232 quod
3383 2162 3628 2232 quaedam
3665 2173 3825 2229 supe-

2240 2254 2376 2320 rius,
2408 2255 2554 2311 velut
2594 2258 2778 2312 durius
2819 2265 2875 2311 et
2907 2255 3176 2312 austerius
3221 2263 3537 2325 prosecutus
3579 2269 3721 2318 sum,
3755 2250 3824 2306 ad

2239 2346 2606 2402 confusionem
2675 2349 2759 2402 vel
2823 2348 3323 2402 condemnationem
3385 2355 3529 2400 tuam
3591 2344 3817 2415 prolata.

2241 2438 2345 2506 Sed
2377 2440 2510 2494 scito
2531 2441 2834 2496 certissime
2856 2441 2982 2511 quia
3008 2442 3076 2496 ad
3102 2441 3205 2496 hoc
3253 2449 3458 2494 tantum
3489 2439 3632 2494 dicta
3673 2447 3820 2503 sunt,

2238 2539 2298 2584 ut
2335 2546 2398 2584 ea
2424 2545 2605 2585 coram
2633 2531 2802 2586 oculis
2827 2547 3082 2602 ponerem
3115 2541 3368 2602 tanquam
3400 2531 3454 2585 in
3485 2529 3706 2600 speculo
3727 2544 3821 2583 ve-

2239 2621 2439 2675 raciter
2464 2621 2822 2690 diiudicanda,
2849 2633 2903 2678 et
2946 2625 3230 2695 adiuvante
3275 2625 3369 2679 Dei
3409 2623 3607 2694 gratia,
3644 2639 3819 2693 quan-

2239 2712 2411 2767 tocius
2445 2721 2498 2768 et
2531 2713 2824 2770 studiosius
2851 2714 3204 2770 emendanda.
3249 2714 3547 2784 Siquidem,
3580 2721 3641 2768 ut
3684 2715 3817 2768 bene

2238 2803 2353 2872 ipse
2381 2805 2545 2872 nosti,
2573 2806 2793 2862 meliora
2817 2817 2942 2862 sunt
2962 2809 3187 2863 vulnera
3215 2807 3375 2863 amici
3403 2822 3566 2877 quam
3603 2805 3818 2861 fraudu-

2237 2896 2384 2953 lenta
2430 2899 2612 2954 oscula
2663 2901 2888 2956 inimici.
2933 2902 3015 2956 Ad
3059 2910 3381 2965 extremum,
3438 2903 3680 2957 breviter
3713 2912 3817 2956 tum

2238 2989 2432 3045 intimo
2460 2992 2735 3060 charitati,
2765 3002 2972 3065 gestum
2999 3009 3120 3049 esse
3146 2995 3286 3048 intra
3307 2993 3531 3059 Gallias,
3561 2994 3818 3064 tempori-

2237 3079 2339 3136 bus
2360 3096 2497 3151 pene
2518 3083 2660 3138 beati
2694 3099 2844 3154 papae
2871 3084 3087 3150 Leonis,
3117 3085 3230 3140 sive
3257 3083 3493 3156 Agapiti,
3525 3086 3813 3143 concilium

2157 3147 2204 3212 ο
2235 3147 2542 3229 venerabile
2584 3183 2638 3230 et
2675 3147 2930 3232 Ecclesia:
2976 3147 3083 3232 Dei
3114 3177 3270 3233 valde
3308 3147 3532 3243 utileaa
3572 3177 3816 3248 pluribus

2232 3265 2517 3337 episcopis,
2550 3267 2744 3337 quibus
2788 3268 3002 3338 praefuit
3035 3269 3362 3326 admirandae
3406 3270 3734 3336 sanctitatis,
3761 3278 3819 3327 et

2230 3358 2496 3413 virtutum
2519 3375 2582 3414 ac
2603 3361 3007 3427 miraculorum,
3029 3361 3214 3418 beatus
3243 3361 3507 3418 Caesarius
3530 3361 3818 3419 Arelaten-

2231 3452 2308 3508 sis
2331 3453 2653 3524 episcopusf:
2683 3455 2774 3510 ubi
2804 3454 3088 3524 diligenter
3112 3455 3177 3510 de
3211 3456 3382 3524 gratia
3417 3455 3506 3509 Dei
3540 3465 3598 3510 et
3641 3455 3819 3512 libero

2232 3545 2467 3600 hominis
2499 3545 2746 3612 arbitrio,
2781 3546 2848 3602 de
2880 3547 3219 3616 praescientia
3257 3555 3313 3603 et
3337 3545 3815 3618 praedestinatione

2230 3637 2412 3693 divina
2461 3647 2672 3694 constat
2713 3653 2834 3694 esse
2875 3638 3174 3705 definitum,
3223 3637 3456 3708 qualiter
3486 3636 3808 3693 moderatis-

2229 3727 2366 3784 sima
2411 3729 2620 3784 ratione
2661 3729 3021 3795 sentiendum,
3070 3728 3362 3784 tenendum
3403 3737 3458 3783 et
3507 3729 3799 3784 docendum
3873 3757 3880 3762 ι

2229 3821 2322 3876 sit.
2369 3819 2522 3876 Unde
2568 3822 2682 3876 haec
2735 3823 2804 3878 ad
2842 3821 3315 3878 commonitionem
3358 3819 3659 3892 prudentia:
3700 3829 3802 3875 tua

2229 3913 2554 3982 paucissima
2593 3915 2758 3970 verba
2807 3915 3084 3983 subnecte,
3130 3916 3326 3985 quibus
3371 3915 3526 3969 aiunt
3568 3931 3582 3968 :
3635 3932 3653 3965 ‹
3694 3912 3808 3968 Hoc

2227 4007 2390 4063 etiam
2429 4009 2721 4063 secundum
2773 4008 2933 4064 ﬁdem
2975 4009 3295 4064 catholicam
3335 4009 3628 4076 credimus,
3667 4007 3808 4080 quod

2227 4108 2348 4170 post
2389 4112 2666 4172 acceptam
2707 4103 2961 4173 baptismi
3007 4104 3255 4175 gratiam,
3295 4118 3484 4160 omnes
3523 4103 3809 4174 baptizati,

2228 4194 2445 4251 Christo
2489 4197 2782 4251 auxiliante
2827 4206 2883 4253 et
2930 4206 3269 4269 cooperante,
3313 4213 3432 4268 qua:
3471 4199 3537 4253 ad
3577 4197 3809 4254 salutem

2228 4289 2420 4343 animae
2450 4289 2740 4360 pertinent,
2788 4291 2997 4360 possint
3027 4299 3082 4346 et
3115 4290 3364 4356 debeant,
3400 4290 3444 4345 si
3477 4289 3709 4345 ﬁdeliter
3736 4290 3813 4344 la-

2226 4381 2422 4434 borare
2462 4380 2753 4448 voluerint,
2802 4381 3114 4453 adimplere.
3159 4382 3386 4452 Aliquos
3423 4397 3554 4437 vero
3581 4382 3650 4436 ad
3688 4395 3812 4438 ma-

539 4463 784 4521 fraterna
814 4467 1082 4522 charitate
1102 4468 1422 4537 persuadeo,
1451 4478 1510 4523 ut
1536 4471 1822 4526 revertaris
1846 4473 1898 4526 in
1934 4481 2126 4528 temet—
2149 4504 2204 4565 Β
2229 4473 2340 4528 lum
2367 4473 2546 4529 divina
2577 4483 2842 4545 potestate
2879 4476 3290 4546 praedestinatos
3330 4491 3439 4532 non
3484 4475 3658 4532 solum
3700 4489 3811 4532 non

539 4554 740 4625 ipsum,
775 4558 1113 4613 convertaris
1150 4558 1218 4613 ad
1254 4573 1348 4613 cor
1376 4567 1550 4625 tuum,
1585 4571 1637 4616 et
1663 4563 1904 4618 excutias
1937 4564 2124 4634 procul

541 4653 653 4700 ate
698 4647 861 4702 istum
912 4662 1152 4703 errorem
1191 4663 1413 4715 vanum,
1455 4660 1509 4705 et
1549 4651 1787 4708 laborem
1828 4655 2126 4711 infructuo-

541 4754 663 4796 sum
691 4755 760 4799 ac
801 4743 1188 4816 perniciosum,
1235 4745 1595 4816 restituasque
1625 4755 1678 4804 te
1707 4757 1909 4806 sancta:
1954 4753 2120 4808 matri

2231 4563 2518 4630 credimus,
2551 4565 2644 4620 sed
2668 4565 2852 4630 etiam,
2879 4566 2924 4620 si
2949 4566 3057 4620 sint
3083 4567 3171 4636 qui
3195 4575 3402 4622 tantum
3426 4565 3555 4621 mali
3583 4567 3812 4622 credere

2231 4655 2415 4723 velint,
2465 4671 2590 4712 cum
2635 4657 2781 4713 omni
2835 4657 3191 4715 detestatione
3239 4657 3348 4713 illis
3396 4657 3687 4712 anathema
3733 4655 3816 4711 di-

2229 4751 2421 4806 cimus.
2461 4770 2481 4804 ι
