4032 6470
257 452 331 510 97
1081 456 1171 514 DE
1210 455 1694 516 PRESCIENTIA
1730 458 1843 516 DEI
1880 457 1970 514 ET
2002 458 2694 522 PRIEDESTINATIONE.
3447 464 3518 526 98

255 575 3489 609 ww

1424 716 2362 832 AMULONIS

1019 934 2180 1100 OPUSCULA
2311 940 2753 1098 D-UO

1492 1201 1808 1263 EJUSDEM
1844 1203 2254 1262 ARGUMENTI
2271 1245 2288 1272 ,

671 1341 1012 1428 Amulonis
1055 1342 1136 1407 ad
1169 1339 1661 1406 Gothescalcum
1697 1336 1982 1418 epistolae
2018 1337 2313 1417 adjuncta
2339 1338 2408 1400 in
2437 1337 2656 1404 codice
2685 1339 3076 1407 Trevirensi.

1285 1571 1920 1659 OPUSCULUM
1997 1572 2443 1653 PRIMUM.

318 1739 606 1813 Responsio
637 1738 708 1795 ad
733 1735 1197 1810 interrogationem
1221 1731 1500 1804 cujusdam
1526 1729 1594 1784 de
1622 1725 1967 1783 Prwscientia
2001 1723 2080 1780 vel
2107 1721 2580 1782 Prwdestinatione
2606 1725 2804 1795 divina,
2831 1735 2881 1784 et
2909 1728 2976 1785 de
3007 1729 3172 1789 libero
3188 1732 3440 1792 Arbitrio.

1703 1845 2035 1864 ,ιι-ι*

314 1920 670 1992 Omnipotens
707 1919 873 1983 Deus,
913 1915 1041 1987 quia
1078 1911 1362 1970 verissime
1386 1927 1548 1968 verus
1586 1918 1642 1966 et
1678 1910 1814 1966 solus

1933 1927 1952 1958 ι
1988 1907 2151 1962 homo
2181 1902 2290 1959 ille.
2322 1922 2342 1957 ι
2377 1903 2470 1960 Sic
2513 1913 2570 1960 et
2611 1905 2679 1960 de
2718 1906 2899 1977 impiis
2945 1906 3167 1977 Judaeis,
3193 1914 3518 1983 praesciebat

240 2017 385 2072 Deus
429 2023 532 2081 est,
573 2012 793 2068 omnino
821 2011 877 2067 in
914 2024 1013 2066 sua
1053 2018 1255 2064 aeterna
1299 2015 1355 2062 et
1400 2003 1828 2062 incommutabili

237 2105 472 2162 scientia
516 2103 790 2176 praescivit
835 2100 1018 2157 omnia
1075 2108 1364 2169 antequam
1411 2097 1640 2161 ﬁerent,
1688 2097 1831 2152 sicut

238 2199 527 2269 Scriptura
551 2204 802 2262 testatur,
830 2194 1018 2250 dicens
1057 2210 1070 2246 :
1117 2210 1137 2244 t
1172 2191 1315 2245 Deus
1339 2197 1558 2270 aeterne,
1583 2188 1676 2258 qui
1701 2188 1829 2243 abs—

244 2310 264 2345 t
301 2290 644 2347 conditorum
663 2303 723 2342 es
751 2286 1014 2358 cognitor,
1044 2281 1135 2353 qui
1162 2282 1304 2337 nosti
1329 2281 1513 2336 omnia
1539 2287 1830 2350 antequam

245 2400 262 2434 t
297 2381 448 2435 ﬁant.
481 2398 499 2431 ι
539 2377 821 2433 Ρηεοίγίι
860 2390 991 2447 ergo
1039 2375 1155 2429 sine
1197 2373 1393 2438 dubio,
1437 2380 1492 2427 et
1526 2372 1669 2427 bona
1709 2386 1830 2442 quae

237 2471 366 2526 boni
395 2476 552 2525 erant
579 2466 797 2533 facturi,
825 2474 880 2520 et
911 2464 1051 2519 mala
1073 2478 1194 2534 quae
1230 2461 1358 2517 mali
1397 2469 1556 2516 erant
1597 2459 1826 2538 gesturi.

240 2561 347 2618 Sed
379 2562 432 2616 in
461 2561 619 2616 bonis
649 2559 762 2629 ipse
787 2557 917 2613 fecit
942 2571 1037 2611 sua
1068 2554 1241 2626 gratia
1265 2560 1326 2608 ut
1357 2552 1484 2607 boni
1514 2559 1733 2608 essent:
1769 2552 1826 2608 in

235 2653 394 2710 malis
432 2668 583 2718 vero,
637 2667 745 2706 non
783 2650 898 2720 ipse
934 2647 1062 2703 fecit
1089 2654 1148 2701 ut
1169 2653 1352 2702 essent
1374 2644 1525 2711 mali,
1555 2643 1697 2714 quod
1725 2643 1829 2699 ab-

236 2744 327 2808 sit,
380 2743 474 2800 sed
500 2751 707 2798 tantum
735 2739 1004 2812 praescivit
1033 2753 1126 2794 eos
1155 2737 1376 2808 proprio
1398 2736 1528 2791 vitio
1561 2735 1696 2792 tales
1735 2734 1824 2790 fu-

237 2848 410 2897 turos.
439 2838 626 2910 Neque
647 2838 794 2893 enim
831 2833 1170 2907 praescientia
1200 2832 1294 2887 Dei
1320 2831 1577 2903 imposuit
1611 2831 1692 2885 eis
1730 2845 1823 2886 ne-

1931 1998 2048 2054 sine
2084 1997 2247 2053 dubio
2272 2012 2458 2053 eorum
2488 1997 2822 2069 impietatem
2852 1999 3112 2070 futuram,
3145 2004 3211 2060 de
3235 2021 3342 2077 qua
3369 2023 3513 2078 pra:-

1931 2089 2068 2144 dixit
2096 2089 2150 2144 in
2180 2087 2434 2145 Psalmo:
2472 2109 2492 2142 (
2518 2089 2792 2146 Dedemnt
2828 2091 2883 2146 in
2918 2108 3098 2149 escam
3129 2110 3306 2153 meam
3333 2097 3422 2167 fel,
3455 2109 3513 2158 et

1937 2198 1958 2232 ι
1993 2181 2048 2234 ἱη
2070 2180 2160 2235 siti
2190 2196 2309 2236 mea
2339 2189 2665 2252 potaverunt
2700 2198 2788 2240 me
2817 2191 2990 2240 aceto.
3033 2205 3054 2240 ι
3088 2186 3418 2246 Praesciebat
3459 2199 3516 2248 et

1932 2273 2351 2342 subsequentem
2383 2274 2621 2344 ipsorum
2647 2274 3073 2347 damnationem,
3109 2281 3176 2337 de
3207 2297 3314 2352 qua
3343 2283 3398 2338 in
3429 2299 3518 2340 eo-

1930 2365 2054 2420 dem
2084 2364 2300 2420 Psalmo
2330 2365 2608 2434 subjunxit
2632 2386 2646 2422 :
2689 2387 2709 2421 ι
2739 2369 3032 2427 Deleantur
3059 2373 3126 2430 de
3164 2373 3304 2432 libro
3330 2377 3515 2432 viven-

1935 2473 1957 2508 t
1993 2456 2144 2522 tium,
2171 2464 2228 2511 et
2263 2471 2385 2511 cum
2408 2456 2574 2526 justis
2617 2473 2724 2514 non
2765 2461 3090 2519 scribantur.
3123 2483 3142 2516 ›
3179 2464 3286 2522 Sed
3314 2469 3371 2522 in
3407 2468 3512 2537 his,

1926 2551 1982 2600 et
2014 2544 2069 2599 in
2105 2545 2356 2601 omnibus
2401 2545 2622 2616 iniquis,
2672 2547 2804 2604 illud
2847 2551 3002 2620 prius
3049 2567 3117 2608 ex
3165 2558 3384 2626 propria
3432 2567 3515 2615 est

1926 2637 2230 2708 pravitate,
2274 2637 2416 2693 istud
2465 2654 2695 2708 sequens
2739 2655 2806 2696 ex
2857 2643 3036 2700 divina
3080 2649 3352 2718 aequitate.
3402 2650 3516 2708 Hoc

1926 2733 2088 2789 modo
2121 2741 2176 2788 et
2203 2733 2270 2790 de
2289 2735 2760 2806 praedestinatione
2789 2736 2887 2792 Dei
2924 2738 3147 2794 omnino
3171 2743 3514 2800 sentiendum

1927 2826 2163 2894 estquia
2212 2826 2267 2880 in
2322 2827 2481 2882 bonis
2532 2829 2967 2898 pmdestinavit,
3009 2839 3063 2888 et
3103 2833 3277 2904 ipsam
3323 2852 3513 2894 eorum

235 2933 569 2996 cessitatem,
602 2938 663 2986 ut
705 2928 850 2983 aliud
883 2941 1002 2983 esse
1040 2941 1150 2981 non
1193 2932 1433 2996 possent,
1478 2925 1571 2980 sed
1610 2931 1822 2979 tantum
1923 2914 2222 2972 bonitatem
2257 2915 2494 2972 futuram
2519 2933 2587 2973 ex
2617 2919 2759 2977 dono
2803 2921 2992 2992 gratiae
3024 2937 3154 2990 suae,
3198 2933 3252 2980 et
3289 2942 3388 2998 pro
3419 2943 3511 2984 ea~

235 3023 381 3093 quod
426 3021 503 3077 illi
548 3019 717 3075 futuri
755 3027 913 3075 erant
955 3033 1022 3072 ex
1066 3017 1284 3088 propria
1313 3015 1610 3081 voluntate,
1643 3014 1731 3070 ille
1761 3023 1821 3070 ut
1922 3009 2045 3063 dem
2074 3008 2315 3064 bonitate
2349 3017 2607 3066 aeternam
2644 3012 2884 3083 ipsorum
2915 3017 3428 3086 remunerationem,
3453 3028 3514 3076 ut

235 3114 378 3168 Deus
401 3111 648 3185 praevidit
693 3127 759 3168 ex
811 3125 907 3166 sua
946 3109 1303 3180 omnipotenti
1332 3105 1635 3176 majestate.
1665 3106 1820 3163 Unde
1922 3098 2092 3170 ipsius
2118 3100 2259 3156 dono
2286 3101 2479 3157 tierent
2502 3104 2651 3170 boni,
2685 3104 2856 3175 ipsius
2884 3105 3030 3162 dono
3052 3118 3234 3164 essent
3264 3126 3514 3169 remune-

235 3203 513 3276 Scriptura
546 3201 1076 3259 incontaminabilem
1110 3199 1376 3271 justitiam
1398 3198 1515 3268 ejus
1542 3199 1699 3255 nobis
1736 3198 1814 3252 in-

1922 3193 2047 3248 rati.
2083 3193 2236 3250 Unde
2261 3195 2338 3250 ait
2358 3194 2691 3266 Apostolus:
2723 3215 2741 3249 t
2775 3197 2878 3266 Qui
2903 3201 3308 3270 praedestinavit
3334 3219 3433 3260 nos
3457 3205 3512 3260 in

232 3297 486 3364 sinuans,
545 3298 620 3353 ait
671 3298 740 3352 de
792 3296 885 3352 illo
928 3314 942 3350 :

236 3408 256 3441 ι
294 3404 471 3460 agere,
501 3397 556 3444 et
596 3389 800 3445 nemini
836 3389 983 3444 dedit
1032 3387 1266 3458 spatium
1292 3386 1572 3458 peccandi.
1606 3405 1625 3440 ι
1660 3385 1816 3454 Quod

230 3499 362 3553 ergo
390 3483 552 3552 impie
578 3491 741 3554 agunt
769 3483 916 3552 impii
953 3490 1010 3535 et
1035 3480 1229 3550 iniqui,
1260 3488 1314 3534 et
1345 3481 1578 3550 spatium
1610 3487 1817 3549 tempo-

231 3574 312 3627 ris
338 3574 463 3625 vitae
501 3572 680 3641 hujus,
713 3573 856 3640 quod
908 3571 987 3625 eis
1021 3571 1170 3624 dedit
1203 3570 1347 3624 Deus
1389 3571 1456 3624 ad
1487 3571 1628 3624 bene
1653 3587 1819 3638 agen-

235 3664 386 3729 dum,
427 3663 528 3733 ipsi
576 3678 606 3718 e
644 3661 928 3740 contrario
953 3669 1274 3717 convertunt
1320 3663 1388 3717 ad
1427 3662 1626 3716 malum
1663 3677 1820 3716 exer-

231 3755 490 3817 cendum,
534 3769 642 3809 non
684 3753 803 3818 Dei,
850 3755 944 3810 sed
984 3754 1224 3824 ipsorum
1264 3761 1348 3808 est
1387 3753 1575 3823 culpa,
1607 3760 1662 3807 et.
1697 3753 1818 3809 ideo

229 3853 382 3901 recte
435 3844 763 3900 damnantur
815 3845 984 3915 ipsius
1029 3844 1258 3915 justitia.
1313 3843 1592 3899 Praescivit
1636 3853 1816 3900 autem

229 3939 372 3994 idem
398 3938 736 4009 omnipotens
766 3939 908 3994 Deus
937 3939 1102 3993 etiam
1129 3945 1388 3992 aeternam
1416 3937 1628 3991 illorum
1664 3937 1816 3992 dam-

229 4029 526 4094 nationem,
555 4029 651 4086 sed
680 4044 746 4084 ex
788 4029 984 4085 merito
1024 4030 1287 4099 ipsorum,
1326 4044 1462 4099 quos
1504 4029 1560 4084 in
1594 4029 1811 4100 propria

228 4121 436 4176 malitia
477 4131 921 4192 perseveraturos
967 4121 1237 4191 praevidit,
1267 4136 1375 4177 non
1415 4135 1482 4176 ex
1520 4137 1634 4186 sua,
1667 4122 1812 4192 quod

229 4212 392 4275 absit,
423 4212 726 4282 iniquitate,
759 4214 850 4283 qui
896 4213 1028 4268 nihil
1059 4211 1257 4282 injuste
1301 4213 1598 4279 constituit,
1627 4221 1682 4267 et
1718 4211 1811 4282 qui

228 4305 406 4360 reddit
457 4305 750 4376 unicuique
797 4306 1091 4361 secundum
1133 4320 1296 4376 Opera
1347 4319 1463 4369 sua,
1514 4305 1565 4358 id
1610 4313 1715 4369 est,
1758 4313 1813 4360 et

229 4399 367 4454 bene
397 4399 678 4470 agentibus
703 4399 844 4454 bona
867 4407 1086 4466 aeterna,
1119 4407 1175 4454 et
1206 4397 1346 4452 male
1367 4396 1648 4469 agentibus
1670 4395 1811 4450 mala

227 4499 509 4562 perpetua.
540 4490 683 4562 Ergo
719 4492 889 4547 bonos
915 4490 1188 4562 praescivit
1212 4490 1454 4555 omnino,
1478 4498 1534 4546 et
1561 4505 1659 4561 per
1687 4504 1812 4560 gra-

993 3313 1013 3347 ι
1059 3293 1272 3349 Nemini
1323 3293 1601 3348 mandavit
1655 3291 1819 3362 impie
1846 3281 1894 3341 B
1929 3305 1948 3338 ‹
1988 3286 2334 3357 adoptionem
2380 3287 2613 3345 filiorum
2650 3305 2748 3361 per
2797 3288 2981 3346 Jesum
3021 3291 3295 3349 Christum
3334 3295 3388 3350 in
3432 3295 3513 3367 ip-

1923 3393 1944 3430 t
1981 3393 2121 3432 sum.
2155 3398 2173 3430 ι
2205 3379 2276 3434 Ει
2313 3379 2419 3436 alio
2454 3379 2613 3436 loco:
2647 3401 2664 3434 ι
2701 3381 2849 3450 Quos
2894 3378 3167 3452 praescivit
3210 3392 3266 3440 et
3300 3387 3512 3457 praede-

1925 3486 1944 3520 ‹
1990 3469 2211 3525 stinavit
2242 3471 2549 3528 conformes
2587 3471 2705 3527 ﬁeri
2729 3473 2982 3545 imaginis
3005 3473 3128 3530 Filii
3171 3476 3275 3531 sui.
3307 3496 3326 3530 ι
3361 3476 3511 3533 Prae-

1918 3561 2211 3617 destinavit
2240 3565 2426 3634 utique
2471 3565 2675 3621 electos
2712 3581 2858 3633 suos,
2893 3574 2953 3622 ut
2993 3575 3048 3622 et
3089 3584 3234 3624 nunc
3263 3585 3509 3626 assume-

1917 3662 2107 3706 rentur
2137 3654 2192 3708 in
2241 3656 2582 3726 adOptionem
2614 3657 2846 3712 ﬁliorum
2884 3659 2979 3713 Dei
3009 3674 3108 3728 per
3155 3662 3384 3731 gratiam
3414 3663 3512 3719 ba-

1918 3743 2123 3813 ptismi,
2154 3751 2210 3798 et
2256 3744 2310 3798 in
2352 3745 2533 3801 futuro
2571 3746 2875 3801 etliciantur
2897 3748 3209 3806 conformes
3256 3751 3510 3824 imaginis

1919 3835 2043 3890 Filii
2074 3837 2189 3903 Dei,
2218 3852 2316 3908 per
2349 3839 2594 3894 eamdem
2625 3839 2718 3893 Dei
2746 3839 2972 3909 gratiam
3000 3842 3293 3896 secundum
3323 3843 3511 3915 imagi-

1916 3945 2041 3983 nem
2071 3929 2187 4000 ejus
2227 3932 2468 3985 renovati
2513 3939 2567 3987 et
2608 3931 2916 4003 glorificati.
2945 3933 3354 3990 Praedestinavit
3392 3951 3509 3992 om-

1914 4022 2066 4087 nino,
2098 4031 2158 4077 ut
2179 4031 2234 4078 et
2263 4023 2319 4078 lii
2359 4032 2544 4078 essent
2572 4023 2720 4091 boni,
2754 4041 2861 4080 non
2889 4041 2956 4080 ex
2993 4041 3072 4092 se,
3100 4026 3192 4081 sed
3222 4041 3289 4082 ex
3316 4027 3426 4094 illo,
3453 4035 3508 4085 et

1913 4114 1991 4169 illi
2018 4115 2184 4181 beati,
2211 4130 2319 4171 non
2357 4131 2455 4185 per
2481 4132 2558 4182 se,
2587 4116 2682 4172 sed
2709 4133 2803 4188 per
2827 4117 3000 4173 illum.
3027 4118 3085 4173 ln
3116 4129 3347 4192 utroque
3375 4138 3505 4194 ergo

1911 4209 2052 4265 bona
2082 4226 2178 4265 sua
2212 4210 2266 4264 in
2295 4213 2374 4266 eis
2421 4220 2475 4267 et
2521 4211 2588 4267 de
2636 4213 2715 4268 eis
2745 4213 2927 4269 futura
2962 4215 3234 4286 prtescivit
3271 4225 3327 4271 et
3363 4232 3502 4287 pre-

1913 4301 2221 4356 destinavit.
2248 4301 2303 4356 in
2333 4303 2488 4358 malis
2507 4319 2636 4359 vero
2657 4313 2712 4360 et
2737 4305 2937 4376 impiis,
2964 4322 3071 4362 non
3097 4309 3504 4378 praedestinavit

1911 4397 2252 4467 omnipotens
2282 4397 2427 4454 Deus
2452 4398 2715 4453 malitiam
2741 4407 2798 4455 et
2825 4400 3180 4471 impietatem,
3213 4402 3268 4458 id
3306 4411 3410 4469 est,
3441 4412 3502 4458 ut

1913 4487 2042 4542 mali
2072 4499 2126 4543 et
2149 4489 2298 4560 impii
2329 4499 2533 4555 essent,
2563 4499 2620 4546 et
2646 4490 2791 4546 aliud
2819 4505 2942 4547 esse
2971 4509 3076 4548 non
3103 4502 3325 4563 possent
3350 4509 3365 4548 :
3406 4495 3500 4550 scd

226 4585 360 4638 tiam
410 4599 561 4639 suam
605 4585 776 4640 bonos
810 4583 1042 4650 futuros,
1081 4590 1138 4640 et
1178 4597 1279 4655 per
1303 4583 1552 4638 eamdem
1581 4581 1807 4654 gratiam
1845 4647 1881 4658 __
1914 4594 2051 4649 quos
2077 4581 2348 4650 praescivit
2376 4590 2434 4637 et
2462 4582 2711 4652 praevidit
2734 4583 2903 4640 malos
2939 4593 3102 4654 atque
3130 4584 3324 4658 impios
3352 4584 3499 4640 futu-

224 4683 431 4730 aeterna
471 4675 691 4745 praemia
727 4647 1066 4746 accepturos,
1113 4647 1313 4739 id-est,
1363 4681 1420 4729 et
1461 4673 1516 4727 in
1555 4647 1809 4742 praesenti
1837 4647 1882 4711 C
1915 4647 2004 4728 ros
2036 4647 2254 4744 proprio
2280 4675 2431 4741 vitio,
2462 4647 2577 4745 ipse
2597 4691 2692 4731 eos
2711 4647 3115 4746 praedestinavit
3135 4647 3499 4735 ad-a2ternam

222 4764 425 4820 saeculo
451 4764 591 4820 bene
629 4763 885 4832 victuros,
918 4772 972 4820 et
997 4764 1052 4819 in
1089 4761 1271 4818 futuro
1309 4761 1538 4818 feliciter
1566 4777 1812 4818 remune-
1913 4764 2312 4819 damnationem
2347 4763 2491 4834 justo
2511 4763 2739 4834 judicio.
2772 4765 2888 4821 Non
2911 4767 3038 4838 quia
3067 4766 3210 4822 aliud
3239 4783 3360 4824 esse
3390 4785 3498 4824 non

224 4855 449 4912 randos.
484 4853 789 4926 Utrumque
817 4865 998 4911 tamen
1020 4870 1089 4910 ex
1110 4855 1251 4910 dono
1277 4855 1662 4911 misericordia:
1691 4854 1805 4909 Dei.

227 4947 381 5004 Unde
413 4946 704 5018 Apostolus
752 4963 878 5003 vasa
911 4947 1294 5003 misericordiae
1329 4963 1422 5004 eos
1463 4947 1696 5019 appellat
1732 4947 1810 5003 di-

221 5055 356 5100 cens
393 5057 405 5092 :
445 5058 465 5091 ι
505 5039 574 5096 Ut
612 5040 921 5096 ostenderet
959 5039 1174 5095 divitias
1209 5041 1394 5110 gratiae
1431 5055 1541 5094 suae
1580 5040 1634 5094 in
1675 5055 1804 5096 vasa

229 5153 254 5188 ‹
288 5130 712 5197 misericordiae,
757 5146 877 5201 quae
929 5130 1254 5202 praeparavit
1311 5131 1364 5184 in
1417 5131 1661 5202 gloriam.
1701 5150 1718 5181 ›
1762 5131 1806 5186 Ε

222 5222 501 5280 contrario
543 5232 723 5278 autem
768 5221 957 5286 malos,
1001 5229 1056 5276 et
1091 5221 1363 5292 praescivit
1401 5236 1497 5290 per
1530 5220 1806 5291 propriam

222 5318 486 5374 malitiam
534 5316 706 5371 malos
735 5314 968 5380 futuros,
1014 5321 1069 5368 et
1109 5313 1380 5384 praescivit
1412 5327 1509 5383 per
1543 5327 1693 5368 suam
1719 5311 1808 5381 ju-

225 5409 428 5468 stitiam
461 5417 664 5462 aeterna
689 5406 895 5460 ultione
920 5406 1272 5461 damnandos.
1307 5403 1460 5460 Sicut
1488 5404 1807 5475 praesciebat

223 5503 293 5558 de
313 5501 449 5557 Juda
485 5502 758 5572 proditore
803 5499 944 5570 quod
971 5514 1094 5553 eum
1138 5507 1282 5554 esset
1316 5499 1633 5565 traditurus,
1664 5500 1804 5554 sicut

223 5594 574 5666 Evangeiium
597 5593 728 5648 dicit
754 5611 766 5646 :
800 5611 818 5644 ‹
851 5591 986 5647 Cum
1008 5599 1151 5647 esset
1181 5608 1319 5648 unus
1347 5592 1414 5646 de
1448 5593 1751 5660 duodecim,
1776 5612 1795 5646 ι

221 5686 543 5755 praesciebat
578 5685 741 5740 ctiam
771 5693 1030 5739 aeternam
1059 5684 1177 5754 ejus
1211 5684 1638 5751 damnationem,
1679 5700 1800 5740 cum

223 5779 468 5832 diceret:
504 5796 521 5826 t
556 5777 648 5832 Vae
677 5775 880 5832 homini
923 5774 998 5830 illi
1038 5790 1136 5845 per
1171 5791 1332 5845 quem
1360 5775 1530 5834 Filius
1569 5777 1803 5833 hominis

231 5891 248 5922 t
289 5873 545 5928 tradetur.
594 5870 802 5927 Bonum
853 5877 974 5926 erat
1017 5869 1106 5939 ei,
1158 5869 1204 5925 si
1249 5881 1406 5928 natus
1448 5889 1556 5929 non
1613 5870 1802 5929 fuisset

1909 4865 2223 4925 potuerunt,
2254 4855 2349 4911 sed
2371 4858 2496 4927 quia
2524 4858 2668 4914 aliud
2701 4874 2821 4915 esse
2857 4860 3165 4916 noluerunt.
3196 4860 3302 4933 Ipsi
3331 4863 3498 4934 igitur

1911 4946 2259 5018 sibimetipsis
2293 4949 2615 5005 exstiterunt
2657 4966 2820 5006 causa
2848 4952 3204 5023 perditionis:
3229 4955 3370 5009 Deus
3401 4971 3498 5009 au—

1912 5049 2019 5096 tem
2045 5040 2422 5113 justusjudex’
2449 5053 2502 5100 et
2539 5045 2820 5101 ordinator
2856 5044 3036 5116 justus
3083 5049 3249 5120 ipsius
3273 5050 3500 5105 damna-

1911 5134 2095 5189 tionis.
2138 5133 2255 5190 Non
2295 5135 2437 5190 enim
2480 5137 2884 5208 praedestinavit
2926 5139 3142 5210 injusta,
3193 5142 3287 5197 sed
3323 5142 3491 5213 justa.

1907 5224 2267 5281 Prmdestinat
2291 5236 2468 5282 tamen
2495 5237 2550 5284 et
2571 5244 2815 5301 _coronas
2835 5229 3018 5300 justis,
3045 5240 3101 5286 et
3132 5249 3320 5304 poenas
3351 5231 3492 5300 inju-

1908 5317 2030 5383 stis,
2059 5319 2184 5388 quia
2222 5328 2512 5390 utrumque
2537 5320 2865 5390 estiustum.
2895 5322 3068 5390 Quam
3089 5322 3353 5392 justitiam
3375 5321 3491 5391 ejus

1909 5415 2292 5471 commendans
2335 5417 2489 5471 nobis
2528 5415 2837 5486 Apostolus,
2882 5419 2959 5472 ait
2994 5435 3008 5473 :
3041 5436 3059 5469 ς
3091 5417 3340 5488 Nunquid
3388 5419 3489 5476 ini-

1915 5522 1933 5554 ‹
1971 5520 2109 5574 quus
2137 5505 2296 5570 Deus,
2327 5506 2418 5574 qui
2451 5505 2615 5562 infert
2635 5494 2805 5562 iram?
2832 5507 3005 5564 Absit.
3036 5527 3054 5559 ι
3081 5507 3146 5563 Et
3165 5507 3291 5577 quia
3329 5509 3488 5567 modo

1909 5596 2160 5650 omnibus
2211 5607 2476 5667 praerogat
2521 5598 2857 5668 patientiam,
2897 5607 2957 5653 ut
3000 5605 3381 5654 convertantur
3417 5603 3486 5659 ad

1907 5687 2303 5758 paenitentiam,
2341 5697 2396 5743 et
2425 5689 2517 5759 qui
2551 5698 2798 5759 pereunt,
2831 5704 2928 5744 suo
2955 5695 3265 5760 contemptu
3305 5701 3360 5749 et
3388 5695 3486 5750 du-

1908 5782 2030 5837 ritia
2056 5793 2303 5853 pereunt,
2346 5785 2469 5854 quia
2521 5791 2724 5838 tantam
2766 5782 2862 5837 Dei
2893 5781 3206 5853 patientiam
3242 5796 3485 5844 contem-

1907 5882 2147 5946 pserunt,
2175 5875 2370 5932 iterum
2394 5875 2500 5934 alio
2523 5875 2642 5932 loco
2669 5873 2796 5931 dicit
2829 5891 2842 5928 :
2878 5874 3006 5950 tAn
3032 5874 3248 5936 divitias
3273 5878 3486 5940 bonita-
