4032 6454
535 469 605 527 99
1527 490 1531 499 .
1741 446 2093 508 AMULONIS
2130 442 2343 499 EPISC.
2386 441 2595 500 LUGD.

3691 445 3806 503 100

540 602 562 636 ι
591 581 661 637 tis
690 587 743 636 et
778 548 1053 649 patientiae
1095 581 1149 628 et
1178 546 1601 642 longanimitatis
1641 568 1757 639 ejus
1785 564 2106 630 contemnis,
2135 567 2189 628 Α
2211 558 2465 649 nationis.
2495 556 2613 613 Non
2650 555 3167 649 enimpraadestinat
3195 557 3356 624 Deus,
3382 557 3488 614 nisi
3524 574 3647 631 quae
3679 559 3808 631 ipse

543 690 563 724 ι
596 672 848 743 ignorans
882 666 1136 737 quoniam
1169 662 1466 731 benignitas
1496 660 1590 715 Dei
1635 660 1703 714 ad
1735 658 2108 730 pusuitentiam

545 779 563 812 ι
597 770 650 814 te
677 756 912 814 adducit.
951 774 971 807 ι
1001 751 1305 807 Secundum
1345 750 1597 804 duritiam
1642 757 1820 803 autem
1860 761 2013 803 suam
2054 755 2111 803 et

539 866 634 906 cor
662 848 1022 918 imptenitens,
1052 842 1382 898 thesaurizat
1420 842 1522 897 sibi
1564 840 1701 896 iram
1743 841 1796 895 in
1824 840 1908 896 die
1940 840 2033 895 irae
2057 846 2113 895 et

440 964 451 965 ί
539 937 879 993 revelationis
918 932 1045 1002 justi
1083 931 1273 1001 judicii
1310 932 1424 993 Dei,
1458 931 1550 1000 qui
1594 931 1781 987 reddet
1823 930 2112 1001 unicuique

538 1027 829 1083 secundum
848 1039 1010 1094 opera
1032 1039 1147 1078 sua.
1168 1022 1303 1078 Hinc
1322 1022 1483 1077 etiam
1506 1022 1610 1076 alia
1635 1023 1917 1093 Scriptura
1940 1031 2109 1077 testa-

544 1128 648 1183 tur,
669 1118 884 1172 dicens:
921 1136 939 1167 ί
971 1116 1113 1171 Deus
1141 1124 1371 1169 mortem
1400 1130 1509 1168 non
1530 1114 1675 1179 fecit,
1706 1128 1805 1170 nec
1828 1113 2039 1169 laetatur
2058 1113 2114 1167 in

543 1228 560 1258 α
596 1207 896 1280 perditione
912 1206 1157 1261 vivorum
1182 1223 1197 1259 :
1222 1205 1372 1275 impii
1396 1213 1574 1260 autem
1595 1205 1843 1260 manibus
1862 1213 1913 1261 et
1936 1205 2115 1260 verbis

543 1317 561 1350 ε
595 1298 959 1353 accersierunt
979 1296 1147 1361 illam,
1168 1305 1224 1350 et
1248 1296 1578 1351 aestimantes
1614 1296 1842 1350 amicam
1882 1294 2115 1352 deﬂexe-

543 1407 563 1440 ς
591 1396 783 1443 runtet
796 1389 1106 1457 sponsiones
1118 1396 1411 1458 posuerunt
1424 1387 1489 1441 ad
1506 1387 1673 1453 illam,
1690 1388 1945 1457 quoniam
1968 1388 2115 1460 digni

546 1497 565 1528 ι
601 1487 726 1531 sunt
751 1479 840 1547 qui
868 1478 974 1533 sint
1006 1493 1070 1532 ex
1103 1487 1253 1549 parte
1277 1478 1437 1532 illius.
1480 1497 1497 1529 ι
1533 1477 1650 1533 Νοιι
1694 1494 1821 1550 ergo
1872 1481 2117 1550 omnipo-

542 1577 660 1623 tens
692 1570 832 1623 Deus
867 1569 958 1622 ulli
999 1571 1277 1624 hominum
1307 1586 1468 1625 causa
1516 1572 1707 1627 mortis
1734 1573 1815 1626 vel
1853 1575 2115 1643 perditio-

540 1658 626 1714 nis
648 1661 858 1726 existit;
894 1661 987 1716 sed
1017 1661 1190 1731 ipsam
1230 1671 1461 1725 mortem
1488 1671 1543 1719 ct
1564 1663 1920 1734 perditionem
1945 1670 2118 1723 mani-

539 1752 641 1807 bus
663 1761 716 1806 et
742 1752 921 1807 verbis
948 1752 1047 1822 ipsi
1085 1753 1233 1825 impii
1260 1755 1361 1810 sibi
1408 1766 1744 1823 acccersunt,
1777 1758 1905 1812 dum
1933 1760 2118 1829 nequi-

541 1850 623 1898 ter
642 1848 934 1915 operando,
956 1856 1012 1900 et
1032 1847 1262 1917 nequius
1286 1848 1407 1904 aliis
1430 1850 1721 1915 suadendo,
1758 1858 1811 1905 et
1846 1852 1949 1906 sibi
1976 1862 2029 1907 et
2052 1852 2115 1907 il-

2210 648 2453 706 facturus
2472 658 2557 706 est
2582 668 2595 704 :
2625 648 2841 720 prtescit
2886 663 3013 704 vero
3042 649 3211 704 multa
3248 664 3367 719 quae
3408 650 3522 721 ipse
3550 652 3808 710 facturus

2210 754 2319 794 non
2347 748 2452 806 est,
2482 739 2623 795 sicut
2646 739 2826 795 omnia
2860 739 3016 804 mala,
3054 755 3173 810 qua:
3207 743 3390 810 utique
3417 741 3542 796 mali
3565 741 3808 811 faciunt,

2212 847 2322 886 non
2354 831 2643 901 illeslpsos
2673 845 2888 901 quoque
2928 829 3097 886 malos
3134 845 3241 886 non
3286 831 3405 887 ideo
3439 833 3639 904 perire,
3666 836 3807 906 quia

2210 922 2339 979 boni
2366 937 2484 985 esse
2514 937 2619 978 non
2645 925 2937 991 potuerunt
2972 936 2986 974 :
3037 920 3130 975 sed
3155 921 3279 990 quia
3307 920 3432 975 boni
3460 938 3581 977 esse
3610 924 3809 981 nolue-

2212 1019 2361 1077 runt,
2392 1023 2448 1066 et
2473 1026 2571 1067 suo
2608 1011 2739 1066 vitio
2766 1025 2895 1066 vasa
2922 1011 3016 1065 iraa
3055 1019 3179 1082 apta
3217 1011 3272 1066 in
3310 1011 3587 1068 interitum
3616 1029 3810 1084 perse-

2212 1116 2561 1174 veraverunt,
2590 1115 2646 1163 et
2688 1107 2743 1161 in
2777 1121 2955 1162 massa
2991 1107 3371 1172 damnationis,
3405 1108 3488 1163 vel
3524 1110 3814 1181 originali-

2216 1201 2301 1255 vel
2346 1199 2541 1255 actuali
2581 1200 2774 1255 merito
2815 1207 3246 1269 permanserunt.
3285 1198 3345 1253 ln
3390 1199 3547 1255 bonis
3593 1209 3807 1267 autem,

2214 1296 2555 1365 omnipotens
2603 1295 2761 1357 Deus,
2809 1293 2953 1351 sicut
2999 1293 3341 1365 supra'satis
3375 1301 3661 1350 ostensum
3692 1303 3811 1362 est,

2217 1396 2505 1458 utrumque
2548 1386 2816 1457 prmscivit
2855 1393 2911 1441 et
2946 1385 3367 1456 praedestinavit,
3397 1394 3456 1439 ut
3483 1397 3541 1440 et
3576 1386 3633 1440 in
3662 1402 3811 1457 prae-

2218 1482 2359 1539 senti
2398 1482 2504 1535 vita
2533 1497 2630 1550 per
2670 1495 2821 1534 suam
2850 1478 3078 1550 gratiam
3105 1477 3402 1533 existerent
3450 1477 3595 1539 boni,
3645 1486 3701 1532 et
3750 1477 3809 1531 in

2178 1636 2179 1639 η
2218 1572 2394 1627 fnwra
2432 1572 2593 1626 etiam
2629 1571 2790 1625 beati.
2819 1570 3109 1639 Utriusque
3149 1568 3294 1623 enim
3334 1567 3463 1622 boni
3506 1583 3721 1631 eorum,
3753 1568 3809 1621 id

2216 1674 2323 1733 est,
2352 1664 2634 1737 praesentis
2676 1671 2730 1718 et
2771 1660 2958 1728 futuri,
2992 1662 3108 1732 ipse
3152 1670 3237 1717 est
3274 1656 3487 1726 auctor,
3515 1668 3571 1714 et
3599 1659 3810 1715 idcirco

2219 1759 2335 1815 sine
2371 1757 2530 1811 dubio
2559 1753 2841 1824 utriusque
2885 1753 3244 1824 praecognitor
3279 1759 3333 1807 et
3366 1750 3806 1821 praedestinator.

2219 1847 2401 1916 Quare
2429 1854 2484 1901 et
2508 1845 2608 1917 ipsi
2634 1860 2699 1899 ex
2732 1843 2924 1915 seipsis
2962 1859 3067 1899 non
3101 1842 3271 1899 solum
3299 1841 3444 1897 aliud
3474 1854 3593 1897 esse
3622 1850 3813 1914 potue-

538 1937 606 1993 lis
638 1940 1034 1996 damnationem
1071 1941 1376 2007 adducunt;
1402 1940 1529 1995 dum
1556 1942 1701 1996 viam
1740 1943 2041 2011 iniquitatis
2064 1953 2120 1999 et
2147 1931 2195 1991 B
2221 1947 2370 2003 runt,
2401 1938 2495 1992 sed
2519 1936 2680 1992 etiam
2707 1934 2851 1990 aliud
2877 1934 3093 1989 fuerunt
3118 1943 3407 2005 antequam
3436 1948 3533 2004 per
3559 1948 3686 1987 eum
3717 1932 3809 2005 qui

538 2031 856 2102 perditionis
891 2042 1150 2097 amantes,
1202 2049 1233 2087 a
1278 2042 1426 2089 recto
1467 2033 1663 2088 itinere
1689 2032 2017 2106 deﬂectunt,
2066 2042 2122 2091 et

540 2122 609 2176 ad
634 2132 949 2192 perpetuam
972 2123 1387 2188 damnationem,
1421 2132 1679 2193 tanquam
1718 2125 1857 2180 datis
1891 2126 2030 2180 inter
2064 2142 2120 2183 se

541 2212 769 2280 dextris,
814 2214 928 2284 pari
974 2228 1237 2270 consensu
1274 2215 1558 2285 nequitiae,
1603 2216 1759 2285 quasi
1791 2231 1858 2271 ex
1903 2226 2028 2272 voto
2067 2225 2121 2273 et

540 2304 830 2375 sponsione
862 2306 1139 2372 festinant,
1166 2305 1413 2361 foederati
1456 2309 1649 2363 mortis
1676 2318 1730 2363 et
1755 2311 1879 2364 vitae
1906 2320 2121 2366 aeternae

540 2392 745 2448 inimici
770 2412 783 2446 :
815 2394 917 2465 ipsi
947 2394 1239 2449 secundum
1276 2395 1530 2449 duritiam
1554 2411 1709 2450 suam
1734 2406 1789 2451 et
1813 2412 1906 2452 cor
1930 2399 2119 2470 impae-

538 2484 732 2549 nitens,
766 2485 1132 2540 thesaurizant
1160 2486 1262 2541 sibi
1297 2486 1435 2541 iram
1469 2487 1522 2539 in
1549 2486 1635 2542 dic
1664 2488 1774 2542 ine.
1807 2487 1865 2544 In
1905 2507 2010 2561 qua
2036 2491 2121 2547 die

536 2576 662 2648 justi
688 2575 876 2646 judicii
912 2576 1031 2645 Dei,
1060 2577 1183 2647 quia
1215 2577 1583 2647 unusquisque
1625 2581 1918 2636 secundum
1957 2597 2120 2652 opera

539 2685 638 2727 sua
662 2669 870 2741 recipit,
899 2685 1058 2724 nemo
1096 2685 1163 2725 ex
1200 2669 1294 2724 Dei
1336 2669 1666 2740 praejudicio,
1696 2673 1790 2727 sed
1821 2689 1889 2728 ex
1928 2676 2123 2731 merito

539 2760 760 2832 proprio
790 2758 1109 2831 iniquitatis,
1138 2759 1549 2815 condemnatur.
1588 2760 1702 2816 Non
1731 2748 1875 2818 enim
1910 2764 1997 2820 ille
2026 2766 2123 2821 ali-

541 2866 699 2922 quem
734 2850 1137 2919 praedestinavit
1165 2858 1223 2905 ut
1248 2850 1420 2906 malus
1446 2860 1610 2917 esset,
1633 2853 1725 2909 sed
1755 2870 1881 2910 verc
1907 2872 2121 2912 omnem

540 2940 740 3007 malum
778 2941 1180 3013 praedestinavit
1222 2949 1282 2996 ut
1323 2942 1620 3012 impunitus
1646 2960 1753 2999 non
1781 2954 1945 3002 esset.
1986 2946 2119 3014 Quia

540 3046 595 3094 et
615 3052 946 3108 unaquaeque
967 3037 1049 3093 lex
1076 3037 1220 3109 justa
1246 3038 1453 3094 crimen
1484 3054 1588 3093 non
1613 3036 1786 3106 jubet,
1829 3052 1897 3092 ne
1936 3038 2007 3094 sit
2040 3038 2122 3093 in-

540 3127 703 3197 iusta,
731 3142 788 3186 et
817 3138 994 3184 tamen
1023 3128 1372 3185 criminosum
1395 3130 1570 3199 punit,
1598 3137 1656 3183 ut
1688 3143 1811 3185 vere
1851 3130 1922 3185 sit
1949 3129 2116 3199 jnsta.

540 3218 641 3286 Qui
683 3234 813 3291 ergo
848 3219 998 3285 dicit,
1042 3220 1185 3290 quod
1234 3220 1289 3274 bi
1334 3221 1424 3290 qui
1475 3229 1703 3291 pereunt
1755 3221 2118 3290 prmdestinati

2216 2026 2481 2098 justiﬁcat
2513 2025 2755 2097 impium,
2791 2039 2858 2080 ex
2895 2023 3075 2095 impiis
3109 2021 3241 2093 justi
3284 2022 3647 2079 eﬂicerentur.
3684 2020 3809 2078 Sive

2221 2130 2402 2174 autem
2451 2118 2505 2173 in
2552 2117 2655 2174 illis
2696 2116 2787 2188 qui
2832 2115 3139 2183 salvantur,
3179 2116 3291 2171 sive
3336 2116 3388 2170 in
3437 2113 3542 2170 illis
3584 2114 3677 2184 qui
3717 2130 3810 2185 pe-

2223 2220 2404 2275 reunt,
2434 2209 2685 2263 voluntas
2712 2208 2928 2278 propria
2967 2214 3363 2271 remuneratur,
3401 2204 3649 2260 voluntas
3681 2220 3809 2275 pro—

2219 2306 2337 2378 pria
2374 2305 2678 2360 damnatur.
2722 2300 2829 2357 Sed
2878 2303 2930 2358 in
2977 2299 3100 2367 illis,
3141 2300 3267 2371 quia
3303 2316 3398 2373 per
3432 2300 3665 2372 gratiam
3708 2297 3813 2352 Do-

2212 2397 2353 2473 ‘mini
2387 2395 2683 2452 Salvatoris
2708 2402 2793 2449 est
2820 2406 3027 2457 sanata,
3072 2402 3131 2447 ut
3176 2408 3240 2448 ex
3278 2391 3417 2447 mala
3444 2399 3499 2446 et
3522 2407 3690 2462 prava
3722 2390 3811 2447 ﬁe-

2220 2497 2306 2545 ret
2336 2488 2479 2543 bona
2508 2495 2563 2543 et
2589 2494 2759 2551 recta,
2790 2493 2873 2541 est
2900 2483 3086 2555 procul
3114 2483 3276 2540 dubio
3311 2482 3625 2554 dignissime
3653 2498 3813 2539 coro-

2221 2589 2385 2635 nata:
2414 2579 2469 2634 in
2499 2579 2616 2635 istis
2641 2585 2846 2644 autem,
2872 2576 2999 2648 quia
3034 2591 3141 2630 non
3173 2573 3469 2644 acquiescit
3500 2589 3598 2644 per
3629 2571 3814 2628 Salva-

2223 2677 2397 2725 torem
2444 2669 2687 2740 recipere
2738 2667 3044 2734 sanitatem,
3083 2665 3380 2739 justissime
3425 2680 3524 2737 per
3554 2666 3806 2721 eumdem

2214 2764 2456 2835 judicem
2482 2764 2679 2818 sentiet
2697 2770 3012 2833 perpetuam
3044 2758 3469 2814 damnationem.
3501 2758 3569 2813 Et
3594 2758 3697 2813 hoc
3729 2768 3811 2813 εει

2218 2856 2462 2913 breviter
2508 2864 2699 2921 totum,
2730 2852 2874 2925 quod
2904 2853 2969 2908 de
3007 2851 3176 2908 libero
3203 2850 3429 2908 arbitrio
3463 2848 3620 2919 juxta
3660 2852 3809 2906 veri-

2222 2956 2392 3004 tatem
2433 2944 2711 3003 catholicae
2757 2945 2881 3000 ﬁdei
2926 2953 3011 3000 est
3054 2942 3360 2999 tenendum.
3408 2942 3561 3011 Quod
3603 2943 3811 3000 scilicet

2220 3055 2436 3097 omnem
2481 3040 2754 3095 hominem
2816 3037 2968 3093 liberi
3014 3035 3224 3091 arbitrii
3280 3035 3582 3092 condiderit
3646 3037 3808 3095 Deus.

2225 3131 2334 3188 Sed
2375 3133 2501 3202 quia
2537 3147 2634 3202 per
2674 3145 2839 3185 unum
2876 3129 3147 3184 hominem
3179 3137 3459 3200 peccatum
3496 3131 3719 3185 intravit
3757 3130 3811 3185 in

2219 3225 2496 3289 mundum,
2524 3233 2578 3280 et
2619 3239 2713 3295 per
2748 3231 3025 3299 peccaturo
3079 3239 3247 3290 mors,
3304 3234 3359 3279 et
3396 3225 3469 3279 ita
3522 3225 3575 3279 in
3621 3241 3814 3281 omnes

546 3318 671 3364 sunt
698 3311 765 3365 ad
797 3310 1175 3381 perditionem,
1212 3318 1267 3365 et
1293 3310 1412 3366 ideo
1450 3312 1607 3366 aliter
1641 3311 1995 3387 evenircnon
2023 3328 2114 3382 po—
2146 3299 2191 3363 C
2222 3318 2467 3374 homines
2492 3315 2826 3387 pertransiit,
2857 3315 2910 3369 in
2939 3328 3047 3386 quo
3076 3330 3264 3370 omnes
3288 3325 3652 3386 peccaverunt
3681 3335 3695 3373 :
3732 3317 3806 3370 ita

539 3398 675 3469 test';
705 3404 955 3459 similiter
983 3419 1197 3475 quoque
1223 3413 1283 3477 et
1307 3406 1372 3460 de
1407 3403 1591 3474 justis,
1633 3414 1888 3474 tanquam
1928 3414 1984 3460 et
2022 3406 2123 3475 ipsi

543 3498 667 3554 ideo
712 3498 1008 3565 salventnr,
1041 3498 1166 3569 quia
1204 3499 1571 3568 prmdestinati
1611 3500 1679 3554 ad
1717 3500 1943 3555 salutem
1981 3501 2126 3557 aliud

543 3606 663 3647 esse
686 3606 793 3645 non
816 3597 1128 3660 potuerunt.
1166 3588 1267 3657 Qui
1293 3606 1423 3661 ergo
1445 3592 1559 3646 haec
1592 3599 1698 3645 tam
1728 3590 1947 3647 confuse
1969 3601 2023 3647 et
2050 3593 2127 3647 in-

542 3684 706 3749 sulse,
733 3691 787 3743 et
810 3683 916 3739 illis
947 3682 1085 3751 tollit
1106 3684 1358 3743 meritum
1386 3684 1767 3751 damnationis,
1792 3694 1845 3740 et
1873 3685 1989 3741 istis
2017 3702 2129 3742 rne-

543 3777 707 3832 ritum
743 3776 972 3833 salutis:
1002 3791 1065 3832 ac
1097 3791 1193 3846 per
1227 3776 1331 3832 hoc
1363 3778 1490 3848 quid
1526 3779 1671 3834 aliud
1701 3781 1831 3850 agit,
1860 3781 1964 3835 nisi
1995 3789 2053 3835 ut
2074 3790 2130 3838 et

544 3866 896 3939 pereuntibus
919 3867 1216 3921 secundum
1257 3867 1407 3921 illum
1450 3870 1520 3923 sit
1557 3869 1809 3939 imposita
1835 3873 2128 3927 necessitas

548 3955 885 4027 perditionis,
910 3964 962 4010 et
992 3956 1075 4010 bis
1106 3957 1196 4026 qui
1228 3957 1505 4012 salvantur
1526 3958 1595 4012 sit
1619 3960 1865 4028 imposita
1894 3961 2129 4016 necessi-

551 4058 635 4103 tas
658 4047 883 4103 salutis?
906 4055 1068 4117 atque
1106 4048 1225 4103 ideo
1268 4064 1367 4103 nec
1401 4048 1473 4102 illi
1498 4047 1644 4118 qute
1672 4051 2006 4114 damnentur,
2036 4051 2128 4120 qui

541 4135 677 4208 justi
699 4151 818 4192 esse.
857 4152 961 4192 non
987 4148 1295 4206 pctuerunt,
1332 4154 1431 4193 nec
1474 4139 1560 4193 isti
1596 4137 1741 4207 juste
1783 4157 2129 4197 remuneren-

549 4236 655 4293 tur,
693 4228 785 4298 qui
831 4229 973 4284 aliud
1019 4245 1178 4300 quam
1217 4230 1348 4299 justi
1396 4246 1515 4287 esse
1560 4232 1933 4301 nequiverunt,
1976 4243 2032 4288 ut
2074 4235 2126 4288 in

549 4326 777 4390 utraque
804 4327 958 4389 parte
993 4330 1046 4376 et
1083 4322 1317 4392 perditio
1357 4331 1411 4377 et
1447 4322 1592 4377 salus
1618 4339 1725 4378 non
1748 4324 1817 4378 sit
1839 4340 1905 4379 ex
1923 4325 2130 4396 judicio

549 4412 781 4482 propriae
820 4413 1069 4479 actionis,
1098 4415 1188 4469 sed
1211 4432 1275 4470 cx
1304 4416 1610 4486 prtejndicio
1644 4416 1835 4472 divinae
1874 4420 2130 4488 praeordi-

548 4502 818 4558 nationis?
849 4504 915 4558 Et
945 4503 1031 4559 ubi
1068 4506 1171 4560 erit
1198 4506 1322 4561 illud
1350 4526 1361 4561 :
1418 4527 1434 4558 ι
1466 4506 1566 4574 Qui
1622 4509 1805 4564 reddet
1843 4511 2130 4580 unicuique

554 4614 573 4645 ε
611 4596 905 4651 secundum
957 4613 1117 4667 opera
1173 4600 1302 4652 sua?
1344 4620 1362 4651 ι
1427 4601 1491 4653 Et
1533 4600 1771 4655 iterum:
1816 4622 1832 4653 ι
1876 4603 2129 4673 Nunquid

554 4706 571 4738 ι
613 4689 828 4759 iniquus
872 4688 1012 4744 Deus
1058 4689 1148 4758 qui
1201 4688 1362 4744 infert
1418 4690 1593 4743 iram?
1645 4689 1816 4747 Absit.
1872 4713 1890 4744 ι
1931 4692 2129 4763 Aperte

550 4795 782 4859 namque
828 4796 991 4834 causa
1042 4782 1358 4850 perditionis
1398 4782 1609 4836 illorum
1655 4784 1745 4851 qui
1799 4796 2027 4854 pereunt
2076 4788 2128 4842 in

548 4868 718 4924 Deum
756 4868 1009 4937 refertur,
1040 4872 1083 4927 si
1120 4873 1231 4942 ipse
1274 4888 1366 4927 eos
1394 4873 1469 4927 ita
1513 4874 1578 4928 ad
1608 4874 1887 4929 interitum
1926 4879 2131 4948 praede-

549 4962 791 5029 stinavit,
819 4971 877 5017 ut
903 4962 1045 5018 aliud
1080 4979 1198 5019 esse
1226 4981 1331 5018 non
1362 4976 1599 5036 possent.
1640 4967 1792 5035 Quod
1820 4969 2021 5025 sentire
2045 4970 2131 5027 vel

550 5053 730 5107 dicere
752 5053 1024 5109 horribilis
1046 5053 1376 5123 blasphemia
1411 5066 1512 5111 est.
1532 5056 1638 5112 Sed
1666 5058 1919 5115 Ecclesiae
1942 5062 2130 5116 catho-

549 5144 666 5202 lica
698 5145 851 5211 ﬁdes,
886 5144 1038 5217 cujus
1079 5146 1169 5201 ﬁlii
1197 5157 1249 5201 et
1279 5158 1571 5205 sectatores
1599 5166 1718 5206 esse
1742 5153 2019 5220 debemus,
2054 5144 2129 5210 ita

550 5238 710 5293 nobis
760 5237 1071 5295 ﬁrmissime
1123 5241 1413 5312 tenendum
1456 5242 1726 5311 insinuat,
1776 5254 1833 5299 ut
1885 5248 2133 5317 superius

545 5329 699 5400 juxta
741 5326 1031 5400 Scripturae
1065 5340 1266 5387 sanctae
1306 5335 1680 5389 auctoritatem
1724 5337 1964 5392 breviter
1994 5339 2133 5394 desi-

553 5421 852 5490 gnavimus.
882 5420 1142 5477 Videlicet
1179 5424 1600 5495 omnipotentem
1649 5426 1836 5495 Deum,
1884 5430 1935 5483 in
1976 5429 2133 5484 malis

554 5510 790 5580 ipsorum
821 5504 1079 5569 malitiam
1106 5518 1404 5585 praescisse,
1442 5520 1568 5590 quia
1604 5535 1671 5575 ex
1720 5521 1850 5590 ipsis
1879 5530 1991 5587 est;
2026 5538 2130 5576 non

554 5602 987 5673 praedestinasse,
1008 5607 1130 5679 quia
1159 5624 1224 5663 ex
1261 5609 1351 5665 illo
1378 5626 1482 5682 non
1508 5620 1593 5666 est
1620 5630 1635 5667 :
1668 5628 1883 5682 ptenam
1913 5629 2041 5668 vero
2073 5613 2135 5667 il-

552 5690 728 5747 lorum
755 5702 809 5749 et
826 5697 1122 5766 praescisse,
1150 5699 1274 5771 quia
1309 5677 1452 5757 Deus
1479 5709 1597 5767 est,
1629 5710 1681 5757 et
1701 5702 2131 5771 praedestinasse,

557 5783 682 5852 quia
705 5783 883 5856 justus
909 5798 1028 5845 est:
1059 5799 1118 5845 ut
1147 5786 1281 5846 etin
1313 5791 1419 5845 illis
1457 5792 1525 5847 sit
1557 5792 1806 5846 meritum
1839 5807 1948 5847 suce
1988 5794 2133 5849 dam-

556 5880 807 5947 nationis,
838 5894 892 5939 et
922 5885 973 5939 in
1011 5885 1099 5940 illo
1146 5894 1385 5955 potestas
1425 5895 1474 5940 ct
1506 5885 1766 5955 judicium
1800 5884 1958 5954 justa:
1991 5887 2135 5942 dam-

2225 3408 2367 3465 istud
2413 3407 2640 3462 liberum
2690 3405 2999 3471 arbitrium,
3051 3407 3104 3460 in
3161 3406 3413 3463 universo
3458 3423 3659 3476 genere
3711 3408 3816 3463 hu-

2226 3513 2406 3566 mano,
2436 3498 2580 3553 illius
2601 3495 3068 3569 praevaricationis
3095 3497 3311 3565 merito,
3336 3497 3576 3552 vitiatum
3604 3506 3663 3553 et
3692 3514 3816 3555 cor-

2226 3597 2461 3659 ruptum,
2505 3588 2580 3642 ita
2605 3588 2934 3642 obcaecatum
2974 3597 3056 3642 est
3098 3595 3152 3642 et
3197 3585 3545 3653 inﬁrmatum,
3579 3596 3644 3641 ut
3669 3586 3813 3643 suﬁi—

2227 3689 2336 3745 ciat
2364 3688 2566 3744 homini
2593 3688 2659 3743 ad
2686 3687 2827 3744 male
2853 3680 3139 3760 agendum,
3165 3686 3218 3742 id
3246 3695 3351 3753 est,
3374 3687 3441 3745 ad
3473 3687 3683 3743 ruinam
3708 3690 3808 3744 ini-

2227 3778 2468 3849 quitatis,
2501 3785 2556 3833 et
2591 3777 2658 3831 ad
2702 3778 2805 3833 hoc
2850 3776 3019 3832 solum
3061 3778 3233 3848 possit
3276 3793 3399 3832 esse
3443 3777 3705 3833 liberum:
3735 3778 3807 3834 ad

2226 3868 2363 3924 bene
2395 3870 2681 3940 agendum,
2715 3860 2898 3936 idest,
2929 3870 2996 3923 ad
3025 3870 3343 3925 exercitium
3374 3870 3592 3926 virtutis
3616 3878 3669 3926 et
3698 3869 3811 3925 fru-

2228 3971 2375 4015 ctum
2414 3961 2538 4016 boni
2580 3960 2784 4030 operis,
2814 3960 2959 4016 nullo
3004 3960 3165 4017 modo
3200 3972 3451 4036 assurgat
3483 3972 3540 4018 et
3566 3963 3816 4021 convale-

2231 4062 2366 4117 scat,
2398 4052 2502 4107 nisi
2540 4069 2637 4125 per
2685 4052 2842 4107 ﬁdem
2882 4052 3041 4109 unius
3084 4054 3394 4111 mediatoris
3424 4055 3519 4110 Dei
3550 4064 3607 4109 et
3637 4054 3813 4110 homi-

2229 4167 2359 4206 num
2391 4149 2625 4204 hominis
2661 4148 2863 4205 Christi
2890 4147 3038 4213 Jesu,
3072 4157 3126 4205 et
3153 4151 3351 4205 donum
3380 4148 3615 4220 Spiritus
3642 4150 3816 4205 sancti

2230 4242 2598 4307 instauretur,
2646 4240 2981 4295 illuminetur
3023 4249 3185 4313 atque
3230 4253 3488 4296 sanetur:
3523 4241 3668 4300 sicut
3702 4241 3817 4310 ipse

2232 4332 2480 4390 Salvator
2527 4333 2582 4387 in
2632 4331 2923 4404 Evangelio
2970 4334 3261 4409 promittit,
3308 4332 3536 4388 dicens:
3570 4351 3590 4383 ι
3625 4331 3683 4387 Si
3724 4348 3818 4387 vos

2212 4446 2256 4491 ν(
2294 4426 2463 4485 Filius
2489 4425 2818 4491 liberaverit,
2844 4434 2969 4481 tunc
2998 4441 3124 4482 vere
3148 4426 3301 4482 liberi
3326 4427 3496 4495 eritis.
3534 4446 3554 4480 ι
3582 4425 3651 4481 Et
3672 4425 3818 4496 Apo-

2233 4516 2403 4574 stolus
2433 4517 2509 4573 ait
2538 4534 2550 4571 :
2586 4536 2603 4569 r
2648 4517 2749 4575 Ubi
2778 4518 3001 4589 spiritus
3034 4518 3267 4584 Domini,
3309 4519 3380 4573 ibi
3406 4518 3651 4574 libertas.
3690 4538 3711 4569 ι
3750 4516 3821 4574 Ut

2159 4649 2211 4710 Ι)
2233 4628 2331 4684 per
2357 4612 2499 4666 hanc
2526 4609 2756 4681 gratiam
2786 4607 2987 4663 Christi
3021 4617 3074 4665 et
3104 4609 3324 4680 spiritus
3365 4608 3588 4675 Christi,
3621 4609 3816 4663 huma-

2198 4703 2207 4751 ὲ
2233 4722 2362 4762 num
2391 4706 2620 4763 liberum
2651 4703 2935 4760 arbitrium
2963 4703 3318 4758 illuminatum
3348 4710 3510 4773 atque
3545 4709 3815 4766 sanatum,

2233 4798 2378 4854 dicat
2406 4796 2682 4869 gratulans
2723 4795 2852 4851 illud
2892 4794 3191 4850 Psalmistte
3222 4813 3235 4849 :
3271 4814 3290 4845 (
3328 4794 3583 4851 Dominus
3622 4793 3821 4849 illumi-

2238 4908 2258 4941 ι
2304 4889 2450 4943 natio
2481 4902 2600 4943 mea
2628 4894 2681 4945 et
2703 4886 2849 4941 salus
2880 4899 3198 4955 mea,quem
3221 4884 3452 4940 timebo?
3473 4904 3492 4936 ι
3522 4883 3625 4952 Qui
3654 4885 3822 4955 igitur

2232 4980 2373 5036 banc
2420 4979 2649 5050 gratiam
2704 4977 2967 5033 libertatis
3009 4977 3258 5048 accipere
3305 4978 3595 5044 desiderat,
3653 4986 3713 5031 ut
3750 4977 3819 5031 ad

2231 5073 2369 5128 bene
2392 5080 2446 5127 et
2470 5070 2557 5142 pie
2575 5070 2862 5126 vivendum
2888 5070 3151 5126 veraciter
3170 5068 3307 5125 liber
3337 5069 3452 5137 ﬁat,
3482 5085 3587 5125 non
3613 5069 3681 5125 de
3703 5069 3818 5124 suis

2232 5162 2438 5217 viribus
2462 5168 2774 5233 praesumat,
2802 5161 2894 5217 sed
2922 5160 2996 5216 illi
3020 5174 3077 5216 se
3108 5160 3340 5218 ﬁdeliter
3366 5162 3666 5217 sanandum
3695 5177 3818 5216 cor-

2233 5250 2700 5321 roborandumque
2737 5251 3059 5318 committat,
3092 5250 3158 5307 de
3197 5265 3306 5323 quo
3352 5251 3493 5306 idem
3526 5251 3816 5307 Psalmista

2235 5341 2365 5396 dicit
2391 5359 2402 5394 :
2433 5361 2451 5393 ι
2488 5341 2641 5412 Apud
2672 5342 2958 5399 Dominum
2985 5356 3204 5414 gressus
3235 5341 3474 5399 hominis
3502 5343 3815 5416 dirigentur

2241 5450 2259 5480 ι
2291 5439 2345 5485 et
2372 5431 2515 5484 viam
2549 5429 2664 5499 ejus
2689 5430 2832 5486 volet
2861 5449 2873 5485 :
2913 5451 2932 5484 ι
2969 5430 3222 5504 illumque
3262 5441 3380 5488 oret
3416 5442 3578 5505 atque
3613 5433 3818 5504 suppli-

2237 5529 2325 5574 cet
2363 5519 2584 5574 dicens:
2625 5537 2643 5570 ‹
2685 5519 2914 5575 Gressus
2963 5536 3112 5577 meos
3150 5521 3323 5594 dirige
3366 5523 3664 5579 secundum
3703 5522 3815 5579 elo-

2242 5632 2258 5665 ι
2292 5616 2479 5684 quium
2511 5622 2686 5681 tuum,
2725 5623 2779 5669 et
2805 5630 2911 5670 non
2957 5615 3263 5671 dominetur
3304 5616 3407 5672 mei
3452 5617 3630 5674 omnis
3676 5615 3813 5687 inju~

2242 5723 2260 5754 ι
2298 5705 2467 5759 stitia.
2508 5725 2525 5756 ι
2560 5703 2627 5760 Ει
2661 5706 2894 5760 iterum:
2942 5726 2961 5758 ί
2988 5705 3167 5762 Deduc
3196 5722 3311 5773 me,
3343 5707 3591 5771 Domine,
3616 5706 3680 5769 Vin
3725 5707 3813 5761 via

2242 5816 2260 5848 ‹
2295 5807 2414 5865 tua,
2448 5807 2502 5852 et
2531 5798 2801 5869 ingrediar
2830 5799 2881 5852 in
2912 5798 3138 5853 veritate
3183 5811 3295 5865 tua,
3357 5820 3376 5853 ι
3421 5811 3475 5855 et
3506 5812 3700 5855 caetera
3735 5799 3814 5856 si-

2237 5889 2402 5943 milia.
