4032 6472
207 438 298 500 101

1007 430 1102 516 DE
1138 422 1622 486 PRESCIENTIA
1659 420 1769 477 DEI
1810 418 1897 477 ET
1938 418 2634 481 l’R/EDESTINATIONE.

3339 414 3497 489 tos'

206 559 3428 596 Mm

1416 690 2044 772 OPUSCULUM
2109 688 2219 766 ΙΙ.

249 859 318 914 De
354 856 526 928 gratia
551 865 600 909 et
629 854 957 926 prtescientia
991 853 1111 917 Dei,
1139 850 1302 922 deque
1328 846 1808 975 prwﬁ'sttzzgziogn
1813 851 1881 968 :11;
1905 841 2340 983 Ιὲιζῗὲεῶςιιξὶιτίο,
2369 841 2434 897 de
2461 858 2549 913 spe
2576 844 2697 899 item
2724 862 2787 901 ac
2814 846 3009 915 ﬁducia
3038 847 3247 917 salutis,
3269 858 3318 905 et
3347 850 3410 905 de

313 1063 634 1127 (opusculum
660 1064 751 1112 hoc
776 1064 824 1112 in
851 1064 1006 1112 veteri
1032 1060 1204 1112 codice
1225 1056 1486 1110 Ammonis
1508 1052 1773 1118 Epistolam
1807 1047 2145 1115 subsequitur,
2166 1046 2275 1099 sine
2297 1050 2460 1114 titulo,
2485 1056 2555 1115 et,
2579 1060 2635 1101 ut
2657 1062 2879 1119 apparet,
2903 1055 3006 1106 sine
3026 1057 3305 1121 principio.)

1445 1196 2177 1222 Μ

256 1297 499 1353 Gratiam
524 1297 707 1365 itaque
732 1294 828 1349 Dei
851 1293 1073 1348 credere
1101 1292 1382 1357 debemus,
1413 1307 1518 1361 qua
1567 1292 1763 1346 huma-
1791 1290 1845 1351 Α
1869 1287 2077 1336 cerium
2108 1291 2392 1333 “umemm
2421 1283 2730 1330 sancwmm
2768 1289 3008 1332 δυοπυη·
3036 1280 3189 1337 Unde
3221 1287 3448 1356 mystice

194 1404 311 1445 num
343 1401 533 1457 genus,
562 1385 720 1440 nullis
750 1383 861 1439 suis
887 1385 1041 1438 bonis
1064 1384 1275 1439 meritis
1310 1381 1757 1453 praecedentibus,

195 1480 298 1536 sola
347 1479 440 1534 Dei
486 1478 716 1549 gratuita
756 1476 996 1530 bonitate
1024 1484 1077 1530 et
1109 1476 1477 1531 misericordia
1523 1475 1764 1529 salvatur

192 1584 285 1642 per
306 1584 473 1624 unum
498 1568 848 1623 mediatorem
879 1567 973 1621 Dei
992 1574 1043 1621 et
1070 1568 1348 1621 hominum
1370 1564 1554 1621 Jesum
1603 1564 1762 1621 Chri-

194 1673 346 1721 stum.
398 1662 568 1729 Quam
594 1663 821 1734 gratiam
872 1663 1215 1717 commendat
1264 1662 1378 1732 ipse
1425 1662 1684 1716 Dominus
1710 1661 1763 1715 in

191 1755 476 1826 Evangelio
501 1755 716 1809 dicens:
746 1770 766 1804 ‹
796 1751 957 1807 Venit
979 1753 1125 1807 enim
1157 1753 1323 1807 Filius
1356 1753 1589 1807 hominis
1614 1768 1764 1822 qua:-

196 1863 214 1897 ι
258 1860 379 1900 rere
404 1855 461 1901 et
506 1844 711 1900 salvum
758 1844 939 1898 facere
976 1844 1122 1913 quod
1166 1845 1418 1913 perierat.
1466 1864 1483 1894 ι
1534 1843 1684 1898 Hanc
1712 1851 1767 1898 et

186 1936 473 2008 Apostoius
492 1937 747 2007 praedicat
767 1933 983 1990 dicens:
1012 1953 1032 1986 ι
1070 1935 1140 1991 Ut
1162 1935 1452 2007 gratia’Dei
1473 1949 1571 2004 pro
1592 1935 1766 1989 omni-

191 2046 209 2078 ι
251 2029 354 2082 lius
383 2035 625 2097 gustaret
653 2033 903 2079 mortem.
954 2044 976 2077 δ
1017 2026 1083 2079 Et
1128 2025 1283 2078 alibi:
1334 2044 1352 2074 ι
1388 2025 1528 2079 Deus
1562 2033 1760 2089 autem,

188 2135 207 2169 σ
249 2118 341 2186 qui
365 2117 517 2170 dives
536 2124 619 2170 est
644 2116 699 2169 in
726 2115 1129 2179 misericordia,
1156 2124 1379 2185 propter
1402 2117 1622 2169 nimiam
1643 2117 1769 2171 cha-

191 2224 209 2256 ι
260 2206 479 2259 ritatem
530 2220 704 2270 suam,
754 2219 859 2273 qua
890 2204 1077 2258 dilexit
1123 2219 1240 2268 nos,
1270 2212 1478 2258 etcum
1528 2219 1769 2260 essemus

191 2317 209 2349 ε
252 2297 451 2351 mortui
475 2298 732 2366 peccatis,
756 2296 1156 2351 conviviticavit
1181 2280 1276 2351 nos
1304 2295 1541 2353 Christo.
1572 2316 1590 2348 ι
1619 2297 1769 2352 Hanc

187 2388 449 2459 signiﬁcat
478 2388 728 2457 gratiam,
755 2386 847 2440 ubi
882 2387 1015 2442 dicit
1044 2386 1325 2442 ﬁdelibus:
1364 2407 1383 2438 σ
1426 2387 1612 2443 Gratia
1637 2386 1767 2442 salvi

192 2501 211 2534 ¢
256 2482 384 2536 facti
432 2481 565 2537 estis
606 2496 704 2550 per
740 2479 922 2547 ﬁdem,
955 2481 1143 2535 ethoc
1196 2496 1302 2536 non
1350 2497 1417 2537 ex
1454 2482 1627 2537 vobis.
1674 2482 1769 2536 Dei

193 2593 211 2626 ι
252 2576 399 2629 enim
425 2575 621 2629 donum
652 2582 752 2629 est.
794 2594 810 2625 ι
839 2573 896 2628 1d
926 2582 1032 2639 est,
1060 2581 1370 2643 utrumque,
1394 2576 1611 2644 etquod
1631 2574 1765 2629 salvi

1865 1372 1919 1426 in
1975 1370 2190 1425 Psalmo
2240 1369 2492 1423 canitur:
2530 1388 2549 1418 ι
2593 1367 2695 1435 Qui
2744 1378 2994 1425 numerat
3046 1372 3449 1434 multitudinem

1869 1488 1889 1520 ι
1932 1467 2233 1532 stellarum,
2284 1473 2339 1520 et
2388 1464 2639 1519 omnibus
2699 1463 2779 1518 eis
2828 1466 3044 1520 nomina
3097 1476 3271 1523 vocat.
3326 1490 3344 1523 ι
3380 1471 3448 1527 Et

1863 1558 2183 1629 Apostolus:
2221 1575 2241 1607 ι
2289 1555 2726 1611 NovitDominus
2752 1556 2841 1624 qui
2869 1564 2994 1611 sunt
3021 1556 3155 1625 ejus.
3190 1579 3209 1612 ›

1933 1649 2202 1704 Debemus
2241 1648 2405 1703 etiam
2454 1647 2675 1703 credere
2701 1647 3231 1718 praedestinationem
3262 1658 3317 1706 et
3340 1650 3450 1707 ele-

1864 1743 2097 1799 ctionem
2138 1750 2446 1797 sanctorum
2489 1740 2659 1811 :quia
2712 1755 2826 1806 eos,
2876 1755 3011 1809 quos
3035 1743 3304 1810 prmscivit
3350 1759 3449 1799 sua

1865 1836 2037 1906 gratia
2060 1834 2346 1889 salvandos
2374 1841 2429 1887 et
2451 1832 2784 1897 liberandos,
2804 1831 3228 1903 praedestinavit,
3258 1834 3313 1888 id
3342 1842 3447 1900 est,

1864 1925 2267 1997 pramrdinavit,
2296 1932 2351 1978 et
2377 1924 2555 1995 elegit,
2584 1923 2638 1978 id
2667 1932 2767 1987 est,
2803 1939 2833 1977 a
2855 1940 3029 1979 massa
3058 1926 3372 1994 perditionis
3396 1937 3450 1983 et

1866 2017 2124 2072 societate
2154 2017 2505 2086 reproborum
2528 2014 2804 2078 discrevit,
2837 2024 2897 2069 ut
2923 2015 3038 2086 ejus
3063 2018 3235 2087 gratia
3261 2017 3450 2074 ﬁerent

1865 2125 1993 2163 vasa
2026 2108 2428 2173 misericordiae,
2461 2123 2578 2177 quae
2609 2107 2935 2178 praeparavit
2974 2106 3027 2162 in
3056 2107 3302 2179 gloriam.
3332 2109 3449 2166 Non

1869 2201 2051 2270 itaque
2099 2201 2296 2254 idcirco
2325 2214 2419 2253 eos
2449 2198 2850 2269 praedestinavit
2875 2208 2929 2253 et
2954 2198 3134 2267 elegit,
3165 2202 3288 2271 quia
3311 2217 3451 2272 prte-

1869 2290 2027 2344 scivit
2061 2302 2153 2342 eos
2200 2302 2265 2341 ex
2310 2288 2611 2357 semetipsis
2642 2286 2817 2354 justos
2860 2287 3103 2343 futuros:
3136 2290 3229 2345 sed
3274 2291 3452 2361 potius

1869 2382 1937 2435 ad
1966 2382 2066 2434 hoc
2107 2394 2201 2434 eos
2239 2380 2511 2447 przescivit
2546 2387 2599 2432 et
2630 2380 3049 2448 praedestinavit,
3082 2390 3143 2436 ut
3164 2397 3257 2437 eos
3285 2383 3454 2453 gratis

1869 2486 1965 2525 sua
2008 2469 2181 2539 gratia
2225 2469 2566 2539 justiﬁcaret.
2621 2468 2775 2537 Quod
2824 2479 2993 2524 totum
3041 2472 3115 2526 ita
3163 2473 3452 2543 Apostolus

1869 2569 2101 2617 testatur
2132 2561 2353 2615 dicens:
2403 2560 2597 2614 «.Nam
2625 2576 2762 2629 quos
2787 2563 3059 2631 praescivit
3094 2572 3148 2619 et
3174 2566 3455 2634 praedesti-

185 2664 307 2720 facti
332 2665 484 2729 estis,
517 2673 572 2719 et
600 2665 742 2734 quod
766 2679 862 2736 per
888 2664 1046 2719 ﬁdem
1074 2642 1296 2719 salvati:
1323 2675 1376 2720 et
1398 2642 1544 2721 salus
1560 2676 1758 2732 vestra,

1876 2672 1895 2704 ι
1939 2653 2104 2715 navit,
2142 2670 2160 2703 ι
2194 2660 2299 2706 etc.
2328 2649 2438 2705 Hoc
2460 2652 2640 2720 itaque
2668 2652 2749 2706 eis
2772 2654 3020 2722 praestitit
3044 2656 3386 2723 praescientia
3399 2666 3455 2712 et

185 2765 237 2811 et
264 2756 398 2812 ﬁdes
430 2764 632 2811 vestra.
668 2756 770 2810 Per
804 2757 944 2811 hanc
971 2756 1222 2827 gratiam,
1253 2756 1307 2811 id
1327 2766 1429 2820 est,
1466 2760 1762 2829 gratuitum

186 2847 381 2903 donum
415 2864 595 2913 suum,
627 2848 795 2902 trahit
820 2847 961 2902 Deus
992 2846 1153 2901 Pater
1178 2863 1314 2917 quos
1338 2848 1452 2902 vult
1474 2849 1537 2902 ad
1566 2848 1762 2903 Filium

184 2955 360 2994 suum.
389 2939 583 2993 Trahit
602 2947 805 3004 autem,
830 2952 937 2993 non
965 2940 1312 3005 necessitate,
1343 2940 1434 2995 sed
1465 2939 1764 2995 delectabili

182 3031 456 3085 voluntate
493 3040 548 3084 et
574 3045 789 3085 amore:
823 3022 964 3085 sicut
990 3030 1104 3100 ipse
1125 3030 1293 3085 Filius
1323 3030 1495 3085 dixit:
1536 3050 1556 3081 ι
1596 3029 1765 3086 Nemo

190 3141 207 3172 ‹
254 3131 435 3193 potest
455 3124 641 3178 venire
660 3123 726 3177 ad
761 3137 867 3188 me,
892 3122 992 3177 nisi
1024 3122 1207 3187 Pater,
1230 3123 1321 3192 qui
1352 3123 1500 3177 misit
1531 3138 1636 3189 me,
1658 3132 1766 3178 tra-

189 3233 207 3265 σ
251 3214 391 3268 xerit
427 3229 570 3269 eum.
629 3234 647 3266 ι
681 3213 873 3268 Trahit
899 3215 1114 3269 eosdem
1144 3222 1198 3269 et
1247 3214 1361 3283 ipse
1392 3214 1559 3268 Filius
1597 3216 1661 3269 ad
1684 3229 1761 3280 se,

181 3305 322 3358 sicut
346 3305 460 3375 ipse
488 3306 623 3360 dicit
647 3319 661 3358 :
702 3322 721 3355 ι
764 3305 831 3359 Et
855 3320 956 3373 ego
984 3305 1030 3359 si
1054 3304 1324 3359 exaltatus
1362 3304 1515 3361 fuero
1536 3321 1567 3360 a
1597 3314 1761 3370 terra,

185 3410 205 3444 ο
247 3397 433 3448 omnia
465 3396 675 3449 traham
730 3396 795 3449 ad
836 3395 1122 3464 meipsum.
1156 3415 1175 3448 ι
1212 3395 1363 3451 lianc
1416 3399 1690 3469 accipiunt
1711 3400 1767 3454 in

177 3485 451 3555 baptismo
493 3488 794 3557 regenerati
827 3488 1039 3556 parvuli
1075 3496 1129 3542 et
1154 3487 1410 3557 majores,
1442 3498 1497 3543 et
1525 3490 1767 3560 quotidie

175 3577 373 3633 ﬁdeles
398 3582 452 3631 in
478 3580 624 3632 omni
651 3578 909 3647 cogitatu,
940 3586 995 3633 et
1021 3593 1202 3647 Opere,
1234 3588 1290 3633 et
1319 3595 1571 3636 sermone
1601 3584 1763 3637 bono.

175 3668 518 3722 Exhortatur
557 3668 824 3733 videlicet,
863 3669 1005 3739 quod
1053 3671 1251 3724 bonum
1299 3682 1381 3725 est
1410 3672 1765 3742 inspirando:

172 3758 467 3815 conﬁrmat
491 3776 640 3826 vero,
677 3761 821 3828 quod
842 3760 1191 3830 inspiraverit
1221 3764 1606 3818 conservando.
1637 3764 1768 3818 Nul-

172 3850 286 3905 lum
332 3859 419 3907 est
469 3852 614 3906 enim
662 3853 896 3908 hominis
942 3853 1165 3917 bonum,
1211 3854 1359 3924 ψυιά
1408 3869 1513 3909 non
1563 3857 1632 3911 sit
1672 3857 1767 3911 Dei

175 3944 401 3999 donum.
444 3944 551 4000 Per
598 3946 737 4001 hanc
767 3946 994 4016 gratiam
1036 3945 1211 4011 nobis,
1259 3946 1421 4001 etiam
1451 3948 1761 4017 quotidiana

1862 2740 2262 2814 pnedcstinatio
2279 2741 2389 2805 Dei,
2415 2749 2475 2794 ut
2497 2740 2840 2810 ﬁerentquod
2866 2758 2969 2796 non
2987 2753 3166 2811 erant,
3191 2745 3244 2800 id
3264 2754 3368 2814 est,
3395 2754 3454 2802 ut

1865 2834 2059 2888 ﬁerent
2081 2831 2652 2903 conformesimaginis
2667 2833 2788 2887 Filii
2818 2834 2920 2901 sui,
2939 2843 3333 2892 etvocareutur
3354 2854 3453 2893 vo-

1867 2925 2077 2981 catione
2100 2939 2207 2979 non
2230 2924 2397 2979 solius
2428 2924 2577 2978 vocis
2606 2925 2865 2989 exterius,
2888 2927 2981 2981 sed
3002 2934 3057 2981 et
3079 2928 3266 2998 gratiae
3290 2930 3455 2999 inspi—

1866 3015 2040 3070 rantis
2060 3022 2115 3067 et
2140 3013 2444 3081 adjuvantis
2491 3015 2737 3070 interius.
2771 3014 2897 3072 Haec
2928 3018 3327 3087 priedestinatio
3357 3022 3451 3077 Dei

1866 3106 2166 3178 appellatur
2210 3122 2592 3177 nonnunquam
2638 3110 2969 3179 propositum
3012 3111 3139 3179 Dei,
3189 3114 3330 3170 sicut
3376 3116 3454 3172 ait

1864 3196 2181 3267 Apostolus:
2204 3215 2222 3247 ι
2245 3196 2458 3252 Scimus
2473 3198 2638 3265 enim,
2654 3201 2906 3268 quoniam
2924 3200 3266 3271 diligentibus
3282 3204 3453 3258 Deum

1873 3306 1892 3339 ι
1935 3290 2115 3344 omnia
2146 3297 2505 3360 cooperantur
2535 3290 2589 3344 in
2636 3289 2836 3347 bonum
2874 3293 2979 3359 his,
3014 3293 3109 3363 qui
3153 3294 3452 3349 secundum

1873 3398 1893 3433 ι
1935 3383 2267 3453 propositum
2290 3383 2466 3437 vocati
2495 3392 2618 3438 sunt
2648 3385 2838 3440 sancti.
2884 3404 2902 3437 ι
2931 3385 3006 3440 De
3034 3387 3137 3442 hoc
3173 3386 3456 3456 proposito

1866 3482 1921 3528 et
1946 3473 2138 3543 gratia,
2180 3481 2306 3527 ante
2331 3473 2517 3527 mundi
2540 3474 3009 3543 constitutionem,
3057 3485 3183 3532 ante
3207 3486 3453 3548 tempora

1868 3571 2067 3617 aeterna
2120 3564 2322 3618 sanctis
2368 3565 2635 3634 promissa
2670 3574 2726 3621 et
2772 3567 2993 3633 donata,
3042 3569 3237 3623 iterum
3284 3569 3451 3624 dicit:

1876 3671 1897 3704 ι
1940 3653 1998 3705 ln
2030 3668 2177 3722 spem
2197 3652 2321 3708 vitae
2349 3664 2583 3721 :eternae,
2606 3672 2767 3725 quam
2793 3658 3038 3726 promisit
3061 3662 3152 3729 qui
3174 3677 3280 3717 non
3304 3678 3456 3717 men-

1878 3759 1896 3793 t
1942 3742 2074 3795 titur
2104 3741 2246 3796 Deus
2293 3752 2420 3796 ante
2456 3751 2702 3813 tempora
2738 3747 3041 3813 saecularia,
3091 3749 3455 3805 manifestavit

1876 3851 1896 3887 ι
1939 3842 2118 3889 autem
2167 3836 2494 3905 temporibus
2521 3836 2634 3892 suis
2660 3836 2883 3892 verbum
2906 3854 3083 3893 suum.
3115 3858 3135 3891 ι
3187 3839 3256 3895 Ει
3295 3840 3449 3895 alibi:

1876 3940 1894 3978 ι
1944 3926 2253 3982 Secundum
2275 3929 2531 3983 virtutem
2553 3928 2668 3995 Dei,
2694 3932 2785 4000 qui
2808 3946 2904 3986 nos
2926 3930 3196 3998 liberavit,
3220 3939 3275 3987 et
3297 3946 3455 3989 voca-

176 4045 401 4106 μεθείω
455 4037 734 4093 humiliter
767 3994 1171 4093 ῠροηηιεηιηηιε
1227 4046 1284 4091 ει
1336 3994 1763 4108 ευριῆίεδηιίιωε
1791 3994 1836 4058 C
1872 4030 1891 4071 ι
1936 4020 2016 4073 vit
2057 4019 2339 4074 vocatione
2384 4034 2479 4074 sua
2531 4030 2740 4087 sancta,
2783 4038 2891 4077 non
2927 4023 3223 4078 secundum
3280 4038 3451 4094 opera

179 4127 550 4193 remittuntur,
594 4135 828 4183 testante
858 4129 1017 4183 beato
1045 4126 1250 4182 Joanne
1280 4128 1543 4196 apostolo,
1589 4136 1645 4183 et
1677 4129 1761 4184 di-

185 4227 366 4273 cente:
410 4238 429 4269 ‹
465 4217 521 4273 Si
552 4219 907 4274 conﬁteamur
930 4226 1153 4290 peccata
1185 4229 1389 4283 nostra,
1414 4219 1588 4274 ﬁdelis
1608 4228 1767 4281 estet

190 4326 206 4360 ι
243 4311 444 4381 justus,
470 4322 530 4367 ut
560 4314 802 4368 remittat
830 4313 988 4369 nobis
1018 4321 1263 4383 peccata,
1294 4318 1349 4368 et
1378 4314 1636 4369 emundet
1664 4328 1764 4369 nos

189 4421 207 4454 ι
255 4408 323 4460 ab
344 4407 493 4461 omni
529 4407 830 4477 iniquitate.
878 4426 896 4458 ι

250 4496 651 4553 Praescientiam
698 4513 911 4568 quoque
938 4496 1034 4553 Dei
1079 4497 1301 4553 credere
1351 4497 1630 4564 debemus,
1660 4512 1761 4567 qua

185 4589 359 4643 omnia
381 4589 438 4644 in
461 4597 662 4642 aeterna
682 4589 906 4644 scientia
931 4603 1027 4643 sua
1049 4587 1342 4658 prtescivit,
1364 4594 1419 4641 et
1437 4587 1763 4658 przecognita

185 4677 232 4732 ei
261 4689 385 4734 sunt
408 4694 744 4749 quaecunque
764 4679 942 4734 futura
971 4688 1126 4734 sunt:
1153 4694 1260 4733 non
1282 4678 1455 4733 solum
1480 4680 1616 4733 bona
1645 4694 1764 4748 quae

186 4772 294 4841 ipse
321 4773 456 4829 facit
485 4782 540 4828 et
570 4781 885 4828 remunerat
912 4774 964 4827 in
994 4773 1124 4835 suis,
1156 4773 1249 4827 sed
1273 4771 1435 4825 etiam
1477 4771 1615 4825 mala
1644 4787 1763 4841 qua:

186 4862 295 4933 ipse
346 4880 457 4920 non
513 4863 664 4930 facit,
698 4864 790 4919 sed
845 4872 1052 4917 tantum
1102 4862 1303 4932 iudicat
1349 4870 1404 4917 et
1449 4864 1666 4919 damnat
1707 4863 1760 4917 in

184 4953 387 5011 alienis.
423 4954 579 5011 Unde
600 4963 654 5009 et
700 4954 983 5024 Scriptura
1011 4954 1172 5008 dicit:
1209 4971 1229 5004 α
1274 4953 1374 5020 Qui
1411 4954 1551 5008 nosti
1581 4954 1760 5008 omnia

188 5062 208 5095 ι
246 5056 540 5116 antequam
569 5044 717 5099 ﬁant.
767 5066 785 5098 ι
818 5045 894 5100 Ita
926 5058 1159 5112 namque
1184 5044 1239 5096 in
1269 5044 1354 5097 illa
1391 5054 1592 5098 aeterna
1619 5060 1761 5114 prae-

185 5139 434 5205 scientia,
485 5139 535 5193 ei
579 5138 908 5193 aeternaliter
928 5145 984 5191 et
1028 5135 1539 5191 incommutabiliter
1579 5135 1759 5190 omnia

184 5231 511 5302 praecognita
555 5238 699 5295 sunt,
730 5230 870 5285 sicut
891 5229 1111 5283 omnino
1136 5227 1313 5281 futura
1354 5236 1495 5282 sunt.
1526 5226 1592 5281 Et
1635 5227 1759 5296 quia

1870 4129 1891 4162 ε
1930 4119 2134 4175 nostra,
2160 4111 2253 4165 sed
2275 4112 2570 4167 secundum
2590 4114 2922 4183 propositum
2948 4129 3105 4170 suum
3126 4122 3180 4168 et
3196 4116 3447 4185 gratiam,

1874 4219 1894 4253 ι
1939 4218 2060 4270 quae
2088 4202 2213 4255 data
2243 4210 2327 4257 est
2355 4204 2510 4258 nobis
2536 4203 2590 4257 in
2623 4204 2847 4260 Christo
2880 4204 3028 4270 Jesu,
3060 4215 3185 4261 ante
3211 4214 3451 4279 tempora

1869 4309 1890 4343 ι
1934 4290 2238 4359 saecularia,
2293 4293 2641 4349 manifestata
2677 4304 2759 4350 est
2790 4305 2972 4351 autem
3004 4313 3167 4363 nunc,
3203 4313 3299 4367 per
3328 4298 3450 4353 illu-

1871 4401 1889 4434 ι
1934 4386 2290 4441 minationem
2336 4385 2636 4443 Salvatoris
2667 4390 2839 4444 nostri
2880 4388 3007 4444 Jesu
3056 4389 3279 4445 Christi.
3320 4411 3339 4444 ι
3376 4391 3450 4448 De

1865 4491 1969 4547 qua
1999 4480 2284 4534 vocatione
2334 4480 2534 4535 dictum
2589 4492 2705 4537 est:
2742 4500 2760 4533 ι
2797 4481 2926 4537 Sine
2958 4483 3275 4553 poenitentia
3304 4484 3450 4540 enim

1871 4587 1890 4621 ε
1937 4580 2083 4637 sunt,
2117 4590 2135 4623 ι
2166 4570 2217 4625 id
2248 4579 2354 4637 est,
2387 4572 2504 4628 sine
2540 4573 2858 4639 mutatione,
2894 4592 2913 4625 ι
2959 4574 3097 4630 dona
3142 4583 3197 4629 et
3241 4574 3450 4631 vocatio

1870 4679 1888 4713 ι
1929 4662 2044 4715 Dei.
2081 4681 2100 4713 ι
2137 4661 2361 4731 Oportet
2390 4664 2571 4733 itaque
2598 4673 2658 4719 ut
2702 4667 3010 4731 credamus,
3050 4667 3223 4736 ipsum
3248 4667 3447 4722 bonum

1862 4751 2279 4819 perseverantiae
2333 4760 2663 4818 sanctorum,
2714 4769 2821 4808 non
2871 4754 3041 4809 solum
3092 4754 3312 4821 donum,
3354 4757 3448 4811 sed

1865 4842 2027 4896 etiam
2057 4858 2312 4914 magnum
2336 4854 2393 4898 et
2417 4846 2685 4916 praecipue
2712 4848 3078 4903 necessarium
3109 4847 3200 4904 Dei
3223 4849 3442 4905 donum.

1863 4933 2001 5001 Quid
2036 4936 2178 4989 enim
2206 4936 2426 5005 prodest
2469 4937 2521 4991 in
2569 4938 2652 4992 his
2678 4939 2833 4995 bonis
2859 4954 2979 4995 esse
3007 4941 3255 5011 coepisse,
3286 4948 3341 4994 et
3383 4957 3447 4995 ea

1862 5032 1987 5078 ante
2013 5023 2171 5079 ﬁnem
2194 5026 2317 5080 vitae
2341 5026 2425 5082 vel
2453 5026 2507 5081 in
2540 5029 2699 5083 ﬁnem
2725 5030 3060 5099 perdidisse?

1932 5132 2156 5203 Oportet
2200 5134 2364 5189 etiam
2412 5144 2471 5189 ut
2520 5137 2827 5204 credamus,
2878 5138 3105 5194 liberum
3152 5150 3207 5194 et
3240 5147 3443 5195 rectum

1861 5223 2156 5279 voluntatis
2195 5225 2499 5292 arbitrium,
2526 5228 2593 5282 ab
2622 5227 2776 5283 initio
2801 5229 3004 5284 homini
3029 5244 3058 5283 a
3089 5230 3198 5285 Deo
3226 5240 3445 5284 natura-

182 5321 467 5376 verissime
504 5329 559 5374 et
587 5320 893 5376 certissime
918 5319 1206 5389 pnescivit,
1235 5317 1456 5372 omnino
1477 5317 1550 5371 ita
1578 5324 1758 5382 erunt,
1785 5350 1839 5410 D
1862 5314 1985 5371 liter
2015 5316 2257 5381 insitum,
2282 5317 2356 5371 ita
2388 5319 2577 5387 prima:
2613 5321 3073 5390 praevaricationis
3105 5321 3298 5377 merito
3324 5332 3442 5373 esse

186 5411 321 5467 sicut
341 5429 406 5469 ea
428 5414 721 5484 praescivit.
748 5412 826 5469 De
845 5427 950 5483 qua
977 5411 1312 5482 praesciebtia
1335 5409 1452 5478 ejus
1472 5410 1757 5480 Apostolus

188 5502 345 5559 dicit:
379 5522 400 5555 ι
442 5500 578 5560 Nam
613 5519 749 5575 quos
782 5504 1048 5574 praescivit
1088 5511 1145 5558 et
1179 5501 1584 5573 praedestinavit
1623 5514 1755 5556 eoeo

194 5609 215 5644 σ
244 5592 446 5651 formes
461 5595 573 5650 ﬁeri
590 5596 841 5667 imaginis
856 5594 977 5649 Filii
1000 5594 1103 5650 sui.
1130 5613 1148 5645 ι
1168 5592 1759 5649 Ρτίθεείνίιοτθόίιυτοε

188 5694 244 5739 et
265 5700 369 5741 non
396 5684 734 5751 credituros;
766 5686 1038 5755 praescivit
1064 5685 1116 5738 in
1150 5683 1253 5737 ﬁde
1299 5693 1756 5754 perseveraturos,

190 5784 244 5830 et
262 5794 363 5834 non
392 5788 860 5852 perseveraturus;
890 5777 1157 5848 pnescivit
1180 5777 1231 5830 in
1256 5776 1373 5839 vita,
1392 5784 1591 5831 aeterna
1615 5780 1756 5831 tutu-

193 5880 297 5933 ros,
333 5878 389 5925 et
445 5869 497 5924 in
547 5869 669 5941 igne
710 5878 909 5923 esterno
938 5883 1175 5922 arsuros.
1229 5866 1505 5921 Prmscivit
1550 5882 1679 5936 ergo
1704 5876 1758 5920 et

1861 5408 2129 5473 vitiatum,
2164 5408 2493 5463 inﬁrmatum
2536 5419 2592 5465 et
2620 5412 2994 5481 depravatum,
3024 5420 3086 5465 ut
3110 5412 3176 5466 ad
3200 5423 3438 5464 amorem

1861 5500 2108 5555 veritatis
2134 5507 2186 5554 et
2213 5499 2438 5570 iustitiae
2474 5516 2758 5573 assurgere
2806 5518 2912 5559 non
2962 5501 3153 5572 possit,
3198 5497 3301 5553 nisi
3344 5514 3442 5570 per

1863 5592 2060 5647 donum
2091 5591 2292 5648 Christi
2326 5593 2487 5648 fuerit
2505 5595 2817 5657 excitatum,
2851 5602 3115 5655 sanatum,
3171 5606 3235 5645 ac
3273 5606 3436 5666 vege-

1861 5690 2050 5749 tatum,
2077 5691 2132 5739 et
2156 5700 2185 5738 a
2210 5700 2321 5740 sum
2348 5686 2629 5755 pravitatis
2651 5686 2783 5740 vitio
2804 5682 3107 5738 liberatum.
3138 5680 3274 5739 Hinc
3294 5686 3437 5740 enim

1859 5773 2139 5844 Scriptura
2190 5776 2358 5832 dicit:
2392 5795 2410 5827 ι
2453 5777 2671 5832 Creavit
2722 5777 2871 5830 Deus
2907 5774 3179 5831 hominem
3230 5787 3437 5832 rectum

1862 5884 1886 5923 ι
1929 5876 1983 5923 et
2009 5869 2125 5939 ipse
2154 5886 2211 5925 se
2243 5868 2465 5923 inﬁnitis
2495 5868 2711 5923 miscuit
2738 5867 3140 5934 questionibus.
3179 5890 3199 5922 ι
3230 5870 3297 5925 Et
3320 5875 3439 5938 post
