2016 3251
284 231 337 260 10⁵5

873 227 1050 257 AMULONIS
1069 227 1174 256 EPISC.
1195 226 1301 256 LUGD.

1852 228 1909 257 104

278 288 349 315 hunc
361 286 487 314 humanae
502 285 700 322 depravationis
719 284 823 320 lapsum
837 285 900 319 quid
919 284 1067 319 subjectum
1080 286 1106 315 Α
1122 293 1130 310 ‹
1154 283 1341 318 concupiscitis
1359 290 1411 316 me,
1431 288 1458 311 et
1473 291 1489 311 a
1500 282 1718 319 generationibus
1728 284 1796 313 meis
1810 284 1910 321 imple‘

278 332 324 364 sit,
348 331 444 359 eadem
468 331 608 366 Scriptura
631 330 670 358 sic
685 330 764 358 dicit:
787 339 796 355 ‹
819 329 921 357 Sensus
944 330 1015 357 enim
1039 333 1067 356 et

280 385 290 401 ι
313 375 442 411 cogitatio
464 375 574 402 humani
597 374 685 401 cordis
708 381 792 409 prona
808 378 850 401 est
868 374 902 401 ad
926 373 1035 400 malum.
1053 382 1064 399 ι

278 421 355 449 Hunc
379 421 470 455 itaque
492 419 570 447 liberi
593 418 697 447 arbitrii
719 419 883 455 languorem,
905 426 958 453 quo
972 425 1067 446 sensus

278 467 396 495 hominis
406 470 434 494 et
444 465 580 501 cogitatio,
589 473 623 493 ex
632 465 699 493 vitio
711 465 843 493 damnatae
853 464 974 500 originis,
983 471 1067 498 prona

278 516 306 539 et
319 512 422 539 intenta
433 514 475 539 est
486 511 520 538 ad
539 510 650 543 malum,
665 515 693 537 et
704 511 791 545 ipsum
803 510 916 537 liberum
926 509 1068 537 arbitrium

278 560 386 583 tenetur
398 555 545 591 captivum,
559 554 632 582 solus
644 554 688 581 ille
699 558 776 581 sanat
793 554 923 587 medicus,
937 553 1009 581 solus
1023 553 1068 581 ille

278 602 385 635 liberat,
398 605 426 629 et
439 600 527 629 reddit
541 600 655 628 liberum
667 600 807 633 liberator,
821 601 866 635 qui
878 600 909 628 de
919 600 1008 635 seipso
1018 599 1065 627 ait:

280 658 290 675 ι
312 648 370 676 Non
385 651 427 675 est
438 654 507 682 opus
517 646 590 674 sanis
597 646 725 679 medicus,
738 646 784 674 sed
793 645 862 673 male
871 646 1040 674 habentibus.
1054 654 1065 671 ι

278 694 312 722 Et
334 694 449 721 iterum:
479 701 489 718 ι
510 691 540 719 Si
565 699 613 719 vos
633 691 717 719 Filius
740 691 903 724 liberaverit,
927 694 991 718 tunc
1006 698 1068 719 vere

283 748 293 766 ι
314 738 392 767 liberi
407 737 493 766 eritis.
512 746 521 763 ι
538 736 597 771 Ipse
611 737 726 764 liberum
745 736 886 766 arbitrium
909 737 997 764 reddit
1018 743 1068 766 sua

278 784 366 820 gratia
377 783 536 811 liberatum:
551 785 580 809 ut
594 781 664 810 sicut
678 786 736 809 erat
746 789 861 817 pronum
875 786 903 809 et
913 786 1065 817 promptum

277 829 311 857 ad
324 828 436 862 malum,
459 826 543 855 multo
559 827 690 854 attentius
703 831 730 854 et
741 826 925 855 delectabilius
935 826 1067 854 eﬁiciatur

276 881 391 910 pronum
412 876 440 901 et
460 876 613 908 promptum
627 872 661 899 ad
674 873 784 900 bonum.
807 873 846 900 De
867 880 919 907 qua
943 872 1067 900 libertate

276 918 423 954 Apostolus
448 917 502 945 ait:
528 925 538 943 ‹
565 916 616 945 Ubi
639 921 729 945 autem
751 916 863 952 spiritus
887 917 1004 951 Domini,
1028 917 1065 945 ibi

279 974 288 990 ε
310 964 430 992 libertas.
449 972 459 990 ι
484 968 488 977 ¹

311 1009 373 1036 Haec
385 1008 466 1044 igitur
475 1008 572 1043 gratia,
583 1012 611 1036 et
621 1008 801 1043 praescientia,
816 1013 845 1036 et
854 1009 1066 1045 praedestinatio,

277 1060 304 1085 et
318 1056 424 1089 electio,
439 1060 467 1084 et
490 1056 606 1089 vocatio,
631 1056 678 1083 sed
691 1060 717 1084 et
731 1056 808 1084 liberi
825 1057 931 1084 arbitrii
954 1057 1068 1092 dejectio

276 1106 304 1130 et
316 1102 492 1135 instauratio,
507 1106 562 1129 tam
586 1101 659 1129 clare
682 1102 842 1129 annuntiata
855 1103 883 1129 in
909 1102 1064 1137 Scripturis,

276 1148 430 1176 ﬁdelissime
444 1152 472 1175 et
484 1147 638 1175 ﬁrmissime
651 1147 749 1175 debent
764 1148 849 1175 teneri
862 1156 877 1175 a
899 1148 986 1175 nobis.
1002 1148 1067 1181 Quae

275 1202 328 1222 non
344 1195 378 1222 ad
401 1194 454 1223 hoc
474 1195 678 1227 annuntiantur,
696 1198 727 1221 ut
748 1194 885 1221 hominem
908 1193 1012 1222 ﬁdelem
1034 1194 1067 1222 ab

276 1247 324 1275 spe
336 1244 363 1268 et
376 1240 472 1268 ﬁducia
495 1240 588 1269 salutis
601 1240 739 1276 dejiciant,
765 1244 811 1268 aut
825 1240 966 1276 frangant:
982 1241 1027 1268 sed
1039 1244 1068 1268 ut

275 1287 414 1314 humiliata
436 1287 508 1315 omni
527 1288 644 1315 humana
666 1287 803 1322 superbia,
818 1291 845 1313 et
862 1286 936 1314 omni
958 1286 991 1314 de
1011 1286 1068 1314 suis

274 1332 377 1360 viribus
399 1333 610 1368 praesumptione
632 1333 763 1367 deposita,
788 1332 914 1367 subjiciat
934 1340 963 1360 se
985 1340 1069 1360 unus-

275 1378 390 1413 quisque
411 1382 439 1405 et
460 1378 630 1405 commendet
652 1377 767 1405 ﬁdeliter
788 1378 843 1405 Deo
865 1377 1020 1412 regendum,
1040 1380 1068 1404 et

275 1424 332 1459 cjus
343 1423 443 1451 virtute
463 1424 667 1460 protegendum,
689 1423 746 1457 ejus
768 1423 889 1451 bonitate
907 1422 1066 1457 juvandum,

274 1468 332 1503 ejus
345 1470 431 1504 gratia
443 1470 657 1497 conservandum
670 1473 698 1497 et
709 1469 911 1504 perﬁciendum,
926 1477 985 1504 quae
994 1468 1067 1496 nulla

273 1518 314 1542 est
326 1514 388 1547 alia,
400 1514 451 1542 nisi
468 1514 654 1542 misericordia
664 1518 691 1541 et
705 1514 858 1549 benignitas
868 1513 1066 1549 Redemptoris,

276 1558 353 1594 cujus
366 1563 453 1586 morte
465 1559 643 1591 viviﬁcamur,
656 1559 733 1594 cujus
745 1559 875 1594 sanguine
886 1558 1065 1592 Redimimur,

272 1604 349 1639 cujus
361 1604 466 1638 iustitia
480 1604 656 1636 absolvimur,
679 1603 757 1638 cujus
778 1611 858 1631 cruce
873 1603 1018 1637 salvamur,
1036 1608 1066 1631 ut

1118 340 1127 356 ι
1149 330 1224 358 mini.
1237 330 1352 365 Spiritus
1363 330 1434 357 enim
1451 337 1527 357 meus
1540 337 1622 364 super
1634 330 1687 357 mel
1697 325 1792 363 dulcis,
1807 336 1835 359 et
1848 332 1908 359 hae-

1120 385 1129 402 c
1151 377 1250 404 reditas
1263 384 1322 404 mea
1347 383 1427 411 super
1450 376 1502 403 mel
1525 366 1552 403 et
1574 375 1676 403 favum.
1700 375 1750 409 Qui
1771 377 1845 404 audit
1860 385 1909 406 me

1119 430 1129 447 ί
1152 429 1204 449 non
1219 420 1405 453 confundetur,
1418 425 1445 448 et
1456 420 1501 456 qui
1515 425 1661 456 operantur
1671 420 1699 448 in
1719 428 1763 448 me
1774 429 1828 449 non
1838 430 1905 456 pec-

1120 476 1130 492 α
1151 467 1258 494 cabunt.
1276 476 1285 492 ι
1307 466 1358 494 Pro
1381 466 1432 493 hac
1454 466 1495 493 vir
1510 466 1617 500 sapiens
1629 469 1690 493 orat
1712 466 1803 494 dicens
1824 466 1904 501 (δίῳ.

1116 519 1155 545 ix,
1170 511 1213 548 10)
1225 521 1230 538 :
1249 521 1258 538 ‹
1272 511 1346 539 Mitte
1357 511 1429 539 illam
1442 511 1476 539 de
1485 511 1587 539 sanctis
1600 511 1677 539 caelis
1693 512 1755 545 tuis,
1769 516 1796 539 et
1810 520 1826 538 a
1839 512 1907 540 sede

1120 568 1129 585 ε
1151 557 1340 593 magnitudinis
1353 561 1414 590 tuae,
1428 561 1457 584 ut
1470 564 1576 585 mecum
1589 557 1633 590 sit,
1642 561 1669 584 et
1680 564 1785 584 mecum
1797 557 1904 585 laboret

1119 613 1129 630 ι
1151 608 1178 631 et
1189 604 1273 632 sciam
1287 604 1351 638 quid
1363 606 1503 639 acceptum
1517 602 1553 630 sit
1566 603 1636 638 apud
1647 607 1683 630 te.
1701 612 1710 628 ι

1134 650 1242 685 'Neque
1267 649 1431 677 contrarium
1455 649 1545 685 putari
1566 649 1656 682 debet,
1681 650 1752 685 quod
1770 649 1798 677 in
1823 649 1906 678 dictis

1116 696 1203 724 sancti
1224 695 1376 731 Augustini,
1399 694 1512 723 forsitan
1524 698 1552 723 et
1572 695 1686 722 aliorum
1707 695 1906 723 catholicorum

1116 742 1265 775 doctorum,
1287 741 1430 776 aliquoties
1452 740 1567 768 inveniri
1590 740 1670 773 solet,
1685 741 1784 776 impios
1797 749 1906 776 quoque

1116 790 1149 816 ad
1170 793 1298 816 aeternam
1318 787 1529 820 damnationem,
1552 787 1608 815 sive
1619 787 1653 814 ad
1666 791 1797 814 aeternum
1819 787 1904 814 inter-

1115 834 1183 862 itum
1196 832 1410 868 praedestinatos.
1432 832 1501 866 Quia
1515 831 1685 867 omnipotens
1698 832 1780 865 Deus,
1793 840 1861 867 quos
1876 833 1904 860 in

1115 884 1224 915 peccato
1237 888 1296 913 suo,
1311 880 1367 907 sive
1381 879 1517 915 originali,
1529 879 1585 906 sive
1599 878 1682 906 etiam
1702 878 1811 911 actuali,
1824 883 1905 913 atque

1116 924 1142 952 in
1158 925 1296 960 impietate
1309 925 1430 959 praevidit
1439 932 1499 953 esse
1513 924 1658 959 perituros,
1670 931 1724 951 non
1736 931 1784 951 eos
1799 931 1848 951 sua
1863 924 1905 951 di-

1079 960 1104 990 Β
1116 972 1177 999 vina
1190 976 1333 1007 potestate,
1346 972 1422 1008 quasi
1434 970 1643 1007 prmjudicando,
1656 970 1859 1006 praedestinavit
1871 971 1904 998 ad

1117 1016 1228 1050 malum,
1251 1021 1280 1044 ut
1301 1024 1348 1045 eos
1369 1017 1442 1045 velut
1466 1017 1523 1052 ipsa
1536 1017 1776 1052 praedestinatione
1797 1022 1906 1052 cogeret

1117 1062 1202 1089 malos
1220 1069 1289 1094 esse,
1302 1067 1382 1097 atque
1407 1062 1441 1089 ad
1451 1066 1552 1089 arterna
1564 1061 1635 1089 mala
1656 1061 1796 1089 toleranda
1810 1069 1903 1097 perve-

1117 1109 1189 1135 nire:
1202 1109 1248 1136 sed
1258 1116 1326 1143 quos
1338 1108 1379 1136 vel
1391 1116 1425 1135 ex
1433 1107 1505 1142 iuste
1518 1108 1545 1135 in
1556 1107 1642 1135 Adam
1653 1108 1781 1135 damnata
1790 1108 1904 1143 origine,

1116 1154 1159 1182 vel
1173 1154 1253 1182 etiam
1273 1154 1382 1189 propria
1396 1154 1545 1189 impietate,
1566 1158 1704 1189 perpetua:
1726 1154 1905 1182 damnationis

1117 1208 1178 1228 reos
1188 1200 1293 1228 futuros
1303 1207 1363 1229 esse
1369 1201 1512 1236 prazscivit,
1519 1200 1593 1235 justo
1604 1208 1651 1228 eos
1657 1199 1771 1235 judicio,
1779 1205 1906 1236 tanquam

1117 1245 1237 1273 omnium
1254 1246 1391 1281 praescius,
1414 1247 1448 1274 ad
1467 1250 1597 1274 aeternum
1622 1246 1761 1274 interitum
1776 1247 1905 1282 praeordi-

1117 1290 1203 1323 navit,
1228 1293 1255 1317 et
1269 1291 1475 1325 prmordinando
1498 1290 1592 1325 utique
1616 1291 1828 1326 pmdestinavit.
1854 1292 1906 1320 Sed

1114 1334 1171 1370 jam
1182 1335 1321 1362 audiamus
1333 1335 1441 1363 beatum
1451 1335 1641 1372 Augustinum,
1654 1336 1789 1370 quomodo
1801 1340 1828 1364 et
1837 1336 1903 1372 ipse,

1117 1385 1177 1416 post
1189 1379 1346 1415 Apostolum
1361 1381 1511 1416 praecipuus
1523 1381 1769 1416 praedestinationis
1778 1385 1806 1408 et
1815 1382 1903 1417 gratiae

1117 1426 1287 1461 praedicator,
1312 1426 1436 1454 hortetur
1460 1425 1553 1454 ﬁdeles
1576 1425 1611 1453 ad
1638 1426 1725 1454 studia
1749 1427 1903 1462 pietatis,et

1118 1474 1274 1502 instantiam
1286 1474 1426 1506 orationis,
1434 1477 1466 1500 ut
1475 1475 1632 1501 mereantur
1639 1473 1902 1509 accipereprzemium

1116 1520 1276 1548 vocationis.
1292 1529 1302 1545 ι
1320 1526 1333 1540 ι
1348 1519 1370 1547 0
1380 1519 1403 1547 si
1415 1526 1463 1547 cor
1476 1523 1558 1551 esset,
1571 1518 1669 1554 inquit,
1685 1519 1902 1555 qualitercunque

1117 1567 1257 1602 suspirans
1271 1566 1298 1593 in
1312 1565 1385 1593 illam
1401 1564 1563 1593 ineil‘abilem
1581 1565 1711 1600 gloriam!
1729 1565 1778 1593 osi
1787 1565 1902 1601 peregri-

1118 1613 1253 1640 nationem
1274 1617 1395 1640 nostram
1408 1612 1435 1639 in
1447 1611 1550 1647 gemitu
1561 1611 1733 1644 sentiremus,
1745 1616 1773 1639 et
1782 1611 1902 1639 saculum

272 1650 319 1677 ﬁat
332 1651 358 1677 in
373 1651 461 1682 nobis,
477 1658 529 1678 non
544 1651 579 1678 ad
591 1650 816 1685 desperationem,
831 1651 877 1679 sed
895 1650 929 1677 ad
940 1650 1064 1683 salutem,

1120 1667 1173 1687 non
1185 1666 1348 1691 amarcmus,
1362 1662 1391 1685 et
1401 1657 1434 1684 ad
1444 1665 1508 1686 eum
1519 1657 1566 1692 qui
1579 1665 1629 1685 nos
1643 1658 1750 1685 vocavit
1762 1658 1804 1693 pia
1817 1662 1904 1684 mente

270 1694 342 1729 quod
354 1693 500 1729 Apostolus
512 1695 551 1722 ait
563 1694 670 1723 dicens:
687 1704 696 1720 ι
715 1695 767 1722 Sed
785 1695 835 1731 ipsi
857 1696 884 1723 in
904 1696 981 1724 nobis
1002 1696 1067 1730 ipsis

1117 1707 1249 1739 perpetuo
1260 1703 1444 1738 pulsaremus!
1461 1702 1630 1730 Desiderium
1649 1703 1725 1730 sinus
1745 1703 1831 1730 cordis
1842 1706 1901 1729 est:

272 1750 282 1766 ί
305 1748 465 1789 γθεροιξεξυηι
477 1741 740 1789 ῐῐξογιίε-Ιιθδυίωξιδ,
753 1745 784 1768 ιιι
794 1749 846 1769 ηοη
859 1742 943 1770 Simus
953 1743 1088 1772 θάθιηῦὓν
1116 1749 1268 1789 capiamus,
1283 1749 1306 1776 si
1318 1747 1480 1776 desiderium
1503 1752 1633 1783 quantum
1652 1755 1795 1782 possumus
1813 1752 1902 1775 exten-

272 1795 281 1812 ε
306 1787 333 1814 in
357 1787 445 1819 nobis,
458 1787 505 1814 sed
523 1787 551 1814 in
574 1787 641 1820 Deo,
657 1786 704 1822 qui
715 1787 834 1816 viviﬁcat
858 1793 988 1818 mortuos.
1008 1801 1017 1817 ι
1033 1792 1067 1819 Et

269 1831 322 1859 alio
336 1831 412 1859 loco:
430 1841 440 1857 ‹
461 1832 502 1859 Ex
514 1832 572 1867 ipso
585 1836 675 1860 autem
689 1840 736 1860 vos
751 1833 818 1861 estis
830 1833 858 1861 in
870 1834 979 1863 Christo
990 1835 1064 1871 Jesu,

271 1887 281 1905 ι
304 1878 349 1913 qui
373 1878 461 1905 factus
471 1882 515 1906 est
528 1878 661 1914 sapientia
674 1879 753 1907 nobis
778 1887 793 1907 a
807 1880 873 1913 Deo,
899 1885 927 1908 et
945 1880 1065 1917 justitia,

272 1932 281 1948 ι
304 1927 331 1950 et
343 1922 534 1955 sanctiﬁcatio,
558 1927 586 1950 et
608 1923 766 1958 redemptio.
784 1934 793 1951 ι
821 1925 959 1959 Quatenus
980 1931 1065 1956 totum

269 1968 327 2002 ipse
345 1967 425 1994 nobis
446 1967 492 1999 sit,
506 1971 534 1993 et
554 1974 603 1993 nos
625 1968 673 1994 toti
686 1967 744 2001 ejus
759 1969 854 2002 simus,
874 1978 927 1997 non
943 1976 1065 2007 exparte

268 2012 302 2040 de
313 2011 403 2044 nobis,
416 2015 444 2037 et
455 2018 489 2037 ex
501 2015 578 2045 parte
592 2011 624 2038 de
638 2011 684 2038 illo
697 2012 820 2047 ﬁdentes,
834 2018 861 2041 et
879 2017 1065 2052 unusquisque

267 2060 393 2084 uestrum
419 2056 491 2083 dicat
511 2056 537 2083 ei
559 2057 675 2085 ﬁdeliter
694 2065 757 2086 eum
781 2059 941 2089 Psalmista:
957 2072 966 2088 ε
989 2063 1063 2092 Tuus

270 2111 282 2129 ε
304 2110 362 2129 sum
376 2109 436 2136 ego,
448 2101 552 2129 salvum
563 2110 605 2130 me
618 2103 670 2131 fac.
687 2114 696 2130 ι
711 2105 780 2139 Quid
792 2111 834 2135 est
846 2109 928 2142 enim,
943 2110 1015 2145 quod
1026 2111 1063 2139 ita

268 2154 298 2175 se
310 2146 509 2181 quodammodo
520 2146 682 2178 familiarius
694 2149 750 2179 Deo
761 2155 1003 2183 commendandum
1016 2164 1063 2192 pu-

269 2191 348 2223 tavit,
371 2195 400 2218 ut
425 2191 537 2225 diceret,
556 2202 565 2218 ‹
590 2193 663 2222 Tuus
687 2204 747 2224 sum
768 2199 836 2234 ego?
851 2209 860 2225 ι
875 2201 927 2228 nisi
950 2191 1063 2237 intelligi

268 2236 375 2282 volens,
398 2237 469 2271 quod
482 2237 553 2265 malo
575 2246 623 2266 suo
643 2249 707 2269 suus
721 2249 781 2271 esse
795 2245 921 2280 voluerit,
937 2248 1009 2282 quod
1021 2236 1064 2276 est

269 2281 458 2310 inobedientiae
469 2283 585 2317 primum
598 2290 625 2313 et
637 2288 785 2318 maximum
806 2292 917 2320 malum.
928 2281 991 2322 Ideo
1002 2299 1062 2322 tan-

269 2336 351 2375 quam
366 2328 468 2362 dicens,
485 2329 560 2358 Meus
575 2339 635 2361 esse
648 2335 731 2369 volui,
747 2341 775 2365 et
787 2339 924 2373 perditum
942 2348 985 2368 me
998 2341 1061 2375 feci,

272 2382 282 2399 ι
306 2373 379 2401 Tuus
391 2382 461 2408 sum,
477 2386 487 2402 ›
504 2376 600 2412 inquit,
617 2389 626 2404 ι
643 2381 747 2410 salvum
757 2391 800 2411 me
810 2383 863 2412 fac.
878 2395 889 2412 ›
903 2373 1063 2414 Constanter

269 2420 364 2467 utique
375 2421 462 2450 ﬁdelis
476 2424 591 2460 quisque
613 2426 721 2457 Christo
738 2432 831 2464 crede,
845 2432 925 2467 eique
936 2437 962 2460 te
976 2437 1062 2460 totum

268 2466 418 2513 committe,
430 2473 559 2503 quantum
581 2476 667 2507 potes.
683 2473 741 2502 Noli
754 2476 821 2503 velle
833 2466 892 2504 esse
909 2477 987 2513 quasi
1000 2484 1062 2511 pro-

267 2512 354 2547 prius,
370 2516 397 2540 et
418 2513 444 2541 in
462 2519 506 2542 tua
519 2521 665 2552 potestate,
680 2521 727 2548 sed
740 2521 798 2555 ejus
811 2512 1016 2550 clementissimi
1033 2526 1061 2550 et

268 2557 404 2587 utilissimi
415 2560 521 2589 Domini
538 2567 562 2590 te
575 2571 684 2592 servum
705 2573 764 2594 esse
775 2568 912 2602 proﬁtere.
928 2568 965 2594 lta
986 2567 1058 2594 enim

268 2607 295 2631 te
306 2604 340 2631 ad
354 2612 383 2633 se
405 2606 544 2637 sublevare
555 2617 608 2637 non
624 2609 738 2644 desinet,
752 2612 873 2647 nihilque
886 2612 934 2639 tibi
951 2611 1059 2639 evenire

267 2651 414 2686 permittet,
426 2653 477 2680 nisi
491 2655 563 2689 quod
582 2656 628 2683 tibi
643 2657 738 2691 prosit,
754 2657 861 2684 etiamsi
874 2656 987 2684 nescias.
999 2655 1058 2689 Ipsa

266 2703 307 2725 est
321 2706 437 2733 namque
456 2698 503 2726 Dei
520 2701 663 2736 sapientia,
677 2710 738 2738 qua:
760 2702 880 2737 loquitur
891 2705 918 2728 et
931 2701 1057 2727 admonet

266 2742 357 2771 dicens
365 2743 459 2780 (Eccli.
478 2752 552 2778 xxtv,
563 2746 597 2773 24
606 2752 629 2774 et
637 2748 719 2783 seqq.)
732 2757 738 2774 :
757 2757 766 2773 ι
779 2747 833 2781 Ego
843 2749 928 2772 mater
941 2743 1057 2778 pulchra?

270 2797 280 2814 ι
302 2790 453 2820 dilectionis
463 2796 490 2819 et
505 2793 619 2826 timoris,
632 2800 660 2822 et
672 2794 816 2831 agnitionis
828 2797 854 2819 et
867 2796 967 2818 sancta:
979 2789 1054 2824 spei:

270 2841 280 2859 ι
303 2835 330 2862 ilt
349 2844 392 2865 me
402 2840 489 2872 gratia
510 2841 599 2868 omnis
619 2841 669 2868 vim
679 2845 707 2867 et
719 2838 848 2867 veritalis,
863 2837 889 2863 in
912 2843 955 2862 me
968 2834 1055 2861 omnis

269 2887 279 2905 ί
304 2887 365 2914 s[his
382 2884 444 2911 vita:
453 2890 481 2913 et
502 2886 621 2914 virtutis.
637 2885 760 2913 Transite
776 2883 809 2910 ad
827 2889 880 2913 me,
896 2888 989 2908 omnes
1008 2880 1053 2913 qui

301 2941 315 2956 ι
328 2936 417 2966 Tract.
434 2948 468 2969 ιι.
483 2942 510 2969 in
524 2942 602 2971 Joan.
618 2944 645 2971 in
657 2941 720 2969 line.
766 2970 769 2973 .

1118 1799 1222 1827 damus.
1237 1794 1456 1829 ‘Hognobiscum
1472 1794 1547 1820 aitet
1570 1793 1712 1828 Scriptura
1733 1793 1830 1826 divina,
1853 1793 1902 1820 hoc

1116 1846 1288 1881 congregatio
1301 1840 1473 1882 pepu'luru‘m,
1487 1839 1538 1866 hoc
1561 1839 1707 1867 celebratio
1728 1842 1901 1867 sacramento-

1117 1899 1185 1923 rum,
1199 1891 1249 1919 hoc
1263 1892 1413 1926 baptismus
1428 1888 1552 1929 εωικςμιε,
1567 1884 1619 1912 1100
1633 1885 1740 1913 Cantica
1754 1885 1834 1912 laudis
1845 1884 1898 1916 DCI}

1116 1938 1168 1964 hoc
1192 1937 1242 1964 ista
1258 1941 1350 1964 nostra
1371 1931 1648 2014 disputatiofﬁQ‘a‘hoc
1672 1932 1827 1960 deSiderilm
1847 1937 1898 1958 non

1116 1982 1202 2009 solum
1215 1982 1364 2009 seminetur
1373 1987 1400 2010 et
1409 1983 1549 2014 germinet,
1562 1993 1578 2012 v
1596 1985 1663 2014 Eum
1672 1978 1754 2005 eliam
1766 1978 1792 2005 in
1802 1976 1898 2004 IIIOdllm

1531 1988 1549 2011 ι,
1562 1976 1663 2011 {agrum
1672 1978 1754 2005 etiam
1766 1978 1792 2005 in
1802 1976 1902 2004 modum

1115 1982 1202 2009 solum
1215 1982 1364 2009 seminetur
1373 1987 1400 2010 et
1409 1983 1549 2018 germinet,
1562 1993 1578 2012 v

1115 2030 1196 2054 tantae
1211 2027 1369 2061 capacitatis
1391 2033 1531 2063 augeatur,
1545 2033 1575 2057 ut
1593 2023 1724 2063 ίδριιθιιιη
1745 2023 1780 2050 Sit
1792 2029 1902 2054 sumere.

1115 2003 1202 2009 ηιμ-...-
1215 2003 1358 2009 Mm.-.”
1374 2003 1400 2010 ν.
1409 2003 1549 2018 ,νηηηηη
1565 2003 1594 2014 ,ν
1606 2003 1610 2004 ν
1620 2003 1663 2005 νὴ
1676 2003 1754 2005 ηψ-
1802 2003 1835 2004 ην

1115 2030 1196 2054 tantae
1211 2027 1369 2061 capacitatis
1391 2033 1531 2063 augeatur,
1545 2033 1575 2057 ut
1593 2030 1601 2058 i
1629 2030 1724 2050 Ἧιθηιι]
1745 2023 1780 2050 Sit
1792 2029 1902 2054 sumere.

1114 2075 1184 2109 quod
1199 2074 1294 2102 oculus
1305 2082 1358 2102 non
1381 2075 1457 2109 vidit,
1475 2083 1525 2104 nec
1538 2077 1612 2105 auris
1627 2086 1643 2106 a
1690 2070 1746 2103 ’νίιι
1759 2077 1807 2097 nec
1820 2070 1846 2097 in
1860 2076 1906 2097 θοι·

1114 2120 1231 2150 hominis
1245 2121 1374 2148 ascendit.
1392 2120 1445 2149 Sed
1466 2127 1555 2150 amate
1569 2131 1687 2152 mecum.
1718 2115 1776 2144 Νοη
1797 2115 1905 2143 “mnum

1114 2170 1186 2194 amat
1198 2174 1337 2194 nummum
1351 2167 1397 2202 qui
1409 2171 1482 2194 amat
1493 2168 1586 2195 Deum.
1603 2169 1635 2196 Et
1647 2178 1698 2206 ego
1723 2160 1820 2207 ,³Ῑρθνί
1836 2160 1906 2187 inii"

1113 2120 1231 2150 hominis
1245 2121 1374 2148 ascendit.
1392 2120 1445 2149 Sed
1466 2127 1555 2150 amate
1569 2115 1710 2152 mecumX
1718 2115 1776 2144 Νοη
1797 2115 1905 2143 multum

1114 2170 1186 2194 amat
1198 2174 1337 2194 nummum
1351 2167 1397 2202 qui
1409 2171 1482 2194 amat
1493 2168 1586 2195 Deum.
1603 2169 1635 2196 Et
1647 2178 1698 2206 ego
1707 2160 1820 2206 R3193“
1836 2160 1907 2187 ίηίίτ·

1113 2213 1245 2240 mitatem.
1262 2212 1320 2240 Non
1327 2221 1386 2240 sum
1401 2221 1482 2241 ausus
1493 2214 1592 2248 dicere,
1606 2223 1658 2243 non
1671 2212 1752 2248 διωᾶ
1761 2215 1907 2239 nummum.

1113 2259 1159 2287 sed
1173 2266 1227 2286 non
1243 2259 1355 2286 multum
1370 2263 1443 2286 amat
1465 2266 1618 2287 nummum:
1636 2264 1715 2295 quasi
1729 2252 1864 2295 inﬂandus
1874 2252 1908 2279 είῑ

1075 2322 1102 2352 D
1116 2311 1251 2336 nummus,
1268 2303 1315 2330 sed
1327 2310 1380 2331 non
1394 2304 1517 2331 multum.
1534 2312 1544 2329 i
1568 2303 1590 2331 Ο
1604 2305 1626 2331 si
1640 2305 1727 2335 Deum
1738 2303 1825 2352 (ἥδηΞ
1839 2304 1909 2325 “me'

1115 2351 1194 2377 mus!
1220 2357 1344 2377 nummos
1366 2349 1474 2376 omnino
1497 2357 1548 2376 non
1570 2351 1731 2383 amabimus.
1759 2344 1849 2387 «Ἐῒὶι
1863 2344 1908 2371 ubi

1114 2402 1239 2422 nummus
1254 2394 1461 2421 instrumentum
1483 2394 1717 2431 peregrinationis,
1746 2386 1909 2434 ηοιῖίξξίιίι·

1113 2443 1232 2484 mentum
1240 2439 1409 2484 cupiditatis:
1425 2447 1478 2474 quo
1489 2440 1573 2468 utaris
1587 2442 1620 2469 ad
1633 2432 1910 2484 necessitatemﬁzifm

1112 2490 1165 2518 quo
1179 2481 1277 2530 fruaris
1291 2482 1324 2508 ad
1336 2483 1552 2511 delectationem.
1564 2485 1647 2514 Deum
1658 2495 1731 2524 ama,
1757 2476 1912 2530 singjqul‘id

1112 2509 1140 2554 iii
1160 2531 1185 2553 te
1198 2526 1254 2559 egit
1275 2527 1346 2559 quod
1367 2528 1445 2555 audis
1460 2533 1487 2554 et
1499 2529 1600 2556 laudas.
1621 2509 1915 2578 veli-QZ’ngl‘ld-iuxg

1111 2577 1137 2599 te
1152 2571 1238 2620 capiat
1248 2572 1372 2599 mundus.
1389 2572 1464 2604 Quod
1483 2573 1601 2620 intrasti,
1618 2576 1672 2604 iter
1684 2564 1862 2620 misul-gilii

1110 2615 1218 2645 venisti,
1235 2622 1287 2641 non
1299 2623 1481 2643 remansurus.
1495 2616 1549 2644 lter
1560 2619 1627 2654 agis,
1641 2603 1926 2665 stabfi-ldmugsl:

1130 2661 1135 2666 '
1576 2648 1592 2670 γ
1620 2648 1626 2653 ,
1660 2648 1778 2657 ννἽη---.η
1791 2648 1837 2662 εει
1851 2648 1926 2673 Haec

1111 2664 1174 2687 vita.
1190 2659 1401 2710 Uterennummo,
1417 2663 1646 2710 quomodowator
1661 2669 1688 2697 in
1700 2674 1811 2705 stabulo
1820 2678 1918 2710 um“:

1282 2703 1287 2709 ⁸
1394 2690 1399 2692 ν
1425 2690 1434 2695 _
1575 2690 1642 2694 πη--
1661 2690 1688 2697 ..ι
1700 2690 1811 2705 υιαυυιυ
1820 2690 1914 2716 utitu-

1110 2711 1202 2731 ΜΕΝ
1215 2723 1223 2735 ν
1238 2703 1321 2731 calice
1332 2723 1339 2735 ν
1351 2711 1433 2732 “meo
1445 2725 1452 2737 ,
1464 2705 1576 2742 lectulo,
1593 2711 1755 2746 dimissurus
1770 2730 1827 2746 nnn
1843 2737 1901 2746 nn»

1107 2755 1260 2797 mansurus.
1278 2747 1307 2775 Si
1316 2748 1392 2797 “tales
1406 2749 1519 2785 fueritis,
1532 2755 1627 2791 erigite
1649 2767 1698 2787 eor
1709 2765 1756 2797 qui

1106 2798 1133 2843 et
1145 2793 1234 2843 audite
1249 2800 1300 2819 me.
1314 2792 1342 2843 Si
1358 2795 1424 2823 tales
1444 2796 1560 2833 fueritis,
1583 2803 1617 2829 ad
1629 2803 1687 2839 ejus
1699 2792 1750 2843 ρίτο

1105 2839 1193 2865 “iam
1210 2837 1266 2888 Non
1277 2840 1348 2890 enim
1364 2842 1476 2871 multum
1492 2850 1533 2873 est
1546 2847 1579 2874 ad
1593 2837 1650 2883 vos,
1665 2837 1846 2896 quia
1858 2837 1915 2897 ξι,

1105 2890 1199 2909 manus
1213 2890 1270 2918 ejus
1282 2888 1328 2920 qui
1339 2893 1387 2915 vos
1400 2890 1513 2919 vocavit.
1530 2888 1651 2931 Vocavit,
1676 2888 1898 2938 invocem-iri];

1770 2730 1827 2753 "0"
1842 2737 1921 2764 Per-

1772 2776 1808 2820 po
1812 2775 1898 2806 testis
1904 2801 1916 2814 ,

1752 2820 1839 2846 mlssa
1856 2829 1904 2851 ve,
