4032 6506
492 417 593 474 107

1689 415 2043 474 AMULONIS
2083 416 2298 473 EPISC.
2339 415 2547 473 LUGD.

3671 419 3786 474 108

486 539 543 587 ct
570 527 961 600 multiplicibus
988 528 1231 599 prtedicti
1259 527 1436 584 Patris
1469 527 1931 599 disputationibus
1964 532 2079 586 fati~
2107 539 2156 596 Α
2189 549 2206 583 ε
2250 529 2424 603 (Psat.
2459 528 2650 601 usu).
2682 547 2701 582 ι
2724 527 3023 584 Audiamus
3050 527 3233 599 itaque
3268 527 3530 594 ﬁdeliter,
3568 537 3625 584 et
3657 530 3792 585 dili-

486 629 665 690 getur,
690 618 774 674 vel
802 615 966 673 etiam
993 617 1358 688 profunditate
1402 631 1466 672 ac
1504 619 1861 689 perplexitate
1913 631 2087 676 tanta-

487 727 608 765 rum
641 710 997 780 quaestionum
1029 711 1369 764 deterrentur
1397 720 1492 765 aut
1527 715 1909 783 perturbetur,
1937 713 2087 770 brevi

488 803 810 874 compendio
841 803 1014 858 discat
1041 802 1181 857 unde
1205 802 1364 858 ﬁdem
1387 820 1540 859 suam
1573 805 1802 862 ﬁdeliter
1835 808 2085 874 aediﬁcet,

488 904 546 951 et
571 897 840 951 actionem
883 895 1176 950 salubriter
1213 896 1489 953 informet.
1523 898 1716 954 Sumat
1759 901 1941 971 itaque
1972 902 2088 956 haec

489 989 637 1042 velut
675 989 928 1043 alimenta
977 987 1200 1054 salutis,
1266 999 1320 1044 et
1373 1000 1559 1046 utatur
1603 993 1748 1048 velut
1797 994 2088 1065 unguentis

490 1080 806 1144 suavitatis;
841 1087 1109 1148 quatenus
1134 1081 1250 1151 ipso
1277 1098 1374 1137 usu
1398 1083 1616 1154 pietatis
1639 1093 1695 1140 et
1729 1086 1934 1141 devotze
1960 1102 2086 1157 sup-

488 1170 790 1240 plicationis
819 1171 992 1241 magis
1015 1173 1293 1243 magisque
1313 1175 1552 1244 quotidie
1583 1178 1900 1247 experiatur
1921 1194 2084 1247 quam

476 1263 761 1318 weraciter
803 1263 1054 1319 omnibus
1105 1266 1272 1320 Deum
1329 1266 1560 1322 ﬁdeliter
1613 1270 1985 1339 quzerentibus
2032 1281 2089 1326 et

476 1354 872 1412 invocantibus
903 1355 1181 1425 Scriptura
1219 1358 1402 1413 dicat:
1449 1379 1467 1410 ι
1512 1361 1748 1427 Quaerite
1795 1363 1988 1428 Deum,
2031 1373 2088 1418 et

495 1464 513 1500 σ
552 1444 698 1499 vivet
749 1445 928 1499 anima
984 1456 1167 1502 vestra
1213 1446 1386 1516 (Psal.
1429 1452 1642 1523 uvm).
1678 1472 1696 1505 ι
1730 1452 1798 1508 Ει
1846 1453 2085 1508 iterum:

482 1551 515 1584 με
555 1533 792 1600 Quaerite
823 1535 1043 1600 bonum,
1088 1545 1143 1591 et
1188 1553 1294 1592 non
1361 1539 1584 1606 malum,
1638 1549 1698 1596 ut
1749 1543 1974 1608 vivatis;
2032 1550 2088 1598 et

495 1643 516 1673 ι
554 1624 658 1678 erit
703 1624 962 1681 Dominus
1005 1628 1343 1684 exercituum
1397 1631 1700 1698 vobiscum,
1756 1634 1897 1688 sicut
1943 1633 2084 1689 dixi-

488 1735 516 1767 4
556 1717 654 1772 stis
679 1716 859 1790 (Amos
889 1718 965 1789 v).
999 1738 1018 1772 ι
1052 1721 1119 1776 Ει
1147 1721 1253 1778 alio
1279 1723 1398 1780 loco
1433 1742 1446 1778 :
1483 1745 1500 1776 ‹
1543 1725 1780 1781 Laetetur
1814 1743 1912 1783 cor
1940 1742 2086 1797 qua:-

485 1829 517 1862 ιι
556 1811 788 1866 rentium
831 1812 1120 1867 Dominum
1161 1812 1215 1884 (Ι
1254 1811 1386 1870 Par.
1419 1815 1553 1887 tm).
1591 1836 1610 1869 ι
1653 1835 1670 1868 ι
1715 1817 1954 1884 Qmerite
1982 1819 2088 1872 Do-

499 1922 519 1954 ι
558 1903 785 1969 minum,
835 1913 891 1960 et
943 1905 1343 1963 conﬁrmamini
1390 1926 1403 1962 :

496 2011 515 2045 ι
555 2007 769 2062 semper
798 1992 971 2065 (Psal.
997 1994 1129 2068 etv).
1166 2015 1184 2048 ι
1213 1996 1456 2068 Itemque
1485 1998 1611 2054 alibi
1636 2000 1753 2070 ipse
1788 2002 2049 2057 Dominus
2073 2021 2086 2058 :

499 2101 516 2132 ι
555 2083 622 2137 Et
644 2083 810 2150 ibitis,
841 2083 1036 2154 inquit,
1069 2094 1124 2140 et
1145 2087 1376 2143 orabitis
1405 2104 1521 2155 me,
1563 2098 1620 2145 et
1655 2091 1942 2146 exaudiam
1971 2109 2088 2150 vos.

496 2191 518 2222 ι
555 2171 825 2239 Quaeretis
853 2187 960 2238 me,
989 2181 1045 2228 et
1073 2174 1384 2241 invenietis,
1415 2193 1538 2232 cum
1565 2179 1892 2249 quaesieritis
1922 2197 2008 2237 me
2035 2182 2090 2238 in

497 2281 518 2314 ι
554 2271 669 2318 toto
702 2264 866 2320 corde
897 2275 1097 2331 vestro,
1132 2277 1188 2322 et
1228 2268 1477 2324 inveniar
1516 2285 1548 2325 a
1583 2271 1769 2338 vobis,
1813 2273 1945 2329 dicit
1987 2274 2092 2330 Do-

497 2369 517 2402 ι
552 2352 732 2407 minus
779 2351 913 2423 (Jer.
959 2355 1131 2428 xxxx).
1171 2377 1190 2409 ›
1228 2356 1526 2426 Quoniam,
1562 2369 1622 2415 ut
1652 2359 1940 2418 Psalmista
1969 2363 2086 2419 ait:

499 2460 520 2494 ι
555 2458 723 2514 prope
745 2452 830 2500 est
852 2446 1112 2502 Dominus
1157 2448 1412 2504 omnibus
1451 2450 1831 2507 invocantibus
1866 2467 1990 2508 eum
2036 2453 2090 2507 in

495 2553 516 2585 ε
553 2535 782 2590 veritate
810 2534 927 2607 (Ps.
960 2537 1162 2610 cxuv).
1201 2559 1219 2591 ι
1253 2539 1411 2594 Absit
1445 2541 1590 2595 enim
1613 2549 1673 2596 ut
1707 2541 1897 2597 doctor
1915 2543 2089 2612 pieta-

491 2623 564 2678 tis
613 2624 734 2680 ideo
788 2625 1023 2696 aliquem
1071 2629 1140 2684 ad
1177 2629 1574 2686 haesitationem
1612 2631 1696 2687 vel
1738 2631 2091 2689 difﬁdentiam

491 2717 772 2788 impellere
804 2718 1082 2786 videatur,
1112 2721 1238 2790 quia
1271 2721 1425 2792 juxta
1468 2722 1764 2794 Scriptura:
1797 2735 2000 2782 sanctae
2028 2726 2091 2782 ﬁ-

493 2809 617 2863 dem
662 2823 853 2865 omnes
898 2812 1079 2876 docet,
1125 2827 1314 2878 omnes
1346 2813 1619 2880 hortatur,
1658 2817 1846 2872 nonin
1874 2819 2089 2888 seipsis,

493 2901 589 2955 sed
621 2901 675 2956 in
705 2902 816 2957 Deo
838 2917 986 2972 spent
1009 2919 1238 2974 ponere;
1271 2922 1393 2962 cum
1415 2908 1677 2979 scriptum
1719 2910 1790 2966 sit
1820 2929 1832 2965 :
1870 2929 1888 2962 ι
1933 2911 2092 2968 Male-

501 3011 518 3042 ι
546 2991 735 3048 ‘dictus
764 2993 928 3048 homo
957 2996 1048 3064 qui
1078 3010 1231 3065 spem
1254 3012 1404 3052 suam
1436 2999 1588 3067 ponit
1613 2999 1668 3053 in
1704 2999 1924 3058 homine
1953 3002 2088 3074 (Jer.

504 3101 522 3131 ε
562 3083 732 3154 xvn);
773 3103 790 3134 ›
821 3093 876 3139 et
905 3093 1026 3154 post
1048 3101 1257 3156 pauca:
1294 3107 1312 3140 ‹
1349 3087 1465 3143 Erit
1492 3091 1648 3160 quasi
1679 3093 1897 3162 myricae
1917 3094 1970 3149 in
1992 3095 2087 3150 de—

501 3194 534 3250 ¢_
560 3183 727 3242 serto,
757 3185 812 3231 et
834 3192 940 3231 non
969 3178 1172 3234 videbit
1196 3194 1319 3234 cum
1350 3182 1562 3237 venerit
1592 3183 1794 3238 bonum
1819 3184 2032 3258 (Ibid.).
2065 3205 2084 3239 ι

2191 621 2507 694 gentissime
2533 622 2808 676 discamus
2822 620 2877 676 in
2901 621 2987 676 his
3008 621 3342 677 brevissimis
3367 631 3422 677 et
3445 622 3798 679 suavissimis

2191 711 2491 769 beatissimi
2519 711 2696 766 Patris
2717 711 2898 776 dictis,
2925 711 3176 766 videlicet
3199 711 3328 782 quid
3354 713 3696 768 sentiendum
3733 722 3796 769 et

2193 803 2484 858 tenendum
2540 803 2626 866 sit,
2673 801 2828 870 juxta
2897 802 3260 858 certissimam
3314 802 3439 859 ﬁdei
3499 805 3797 861 catholica:

2191 894 2454 965 regulam,
2484 895 2549 948 de
2577 893 2825 964 originali
2859 893 3056 948 delicto
3089 909 3156 949 ex
3197 893 3370 948 Adam
3414 894 3467 948 in
3495 911 3660 951 omne
3688 897 3794 951 hn-

2191 1005 2410 1044 manum
2443 1003 2614 1059 genus
2642 985 2937 1052 transfuso,
2970 988 3036 1043 de
3065 988 3234 1043 libero
3257 989 3482 1043 arbitrio
3515 989 3570 1044 in
3609 990 3796 1045 Adam

2190 1079 2380 1134 vitiato
2403 1086 2456 1133 et
2480 1092 2574 1148 per
2601 1077 2881 1132 Christum
2920 1077 3182 1143 sanando,
3231 1078 3297 1132 de
3329 1077 3503 1147 gratia
3527 1077 3627 1133 Dei
3677 1092 3795 1148 qua

2190 1186 2362 1241 genus
2399 1169 2642 1224 salvatur
2665 1170 2983 1234 humanum,
3023 1170 3088 1223 de
3128 1167 3526 1238 modojustitize
3547 1169 3802 1226 ﬁdelium

2190 1263 2246 1317 in
2269 1263 2372 1318 hac
2403 1262 2536 1328 vita,
2559 1262 2624 1317 de
2647 1261 2879 1316 utilitate
2900 1261 3258 1331 correptionis
3286 1269 3342 1316 et
3368 1261 3801 1327 exhortationis,

2190 1353 2258 1408 de
2300 1353 2797 1424 praedestinatione,
2849 1353 3113 1409 electione
3154 1361 3211 1408 et
3246 1353 3536 1408 vocatione
3565 1345 3800 1410 sancto:

2189 1459 2330 1509 rum,
2379 1443 2446 1498 de
2496 1444 2638 1498 dono
2684 1444 3105 1514 perseverantiae
3149 1460 3320 1514 usque
3355 1445 3410 1499 in
3443 1445 3634 1511 ﬁnem,
3682 1461 3800 1516 quo

2189 1534 2507 1605 pervenitur
2532 1536 2599 1590 ad
2626 1534 3000 1609 bonum'quod
3033 1551 3140 1591 non
3190 1535 3352 1591 habet
3391 1535 3576 1591 ﬁnem.
3610 1537 3802 1604 Quan-

2191 1631 2304 1678 tum
2333 1624 2498 1678 etiam
2526 1625 2669 1680 inter
2697 1626 2812 1681 haec
2841 1625 3124 1695 adjuvetur
3149 1627 3288 1698 apud
3323 1627 3490 1682 Deum
3510 1669 3526 1693 ,
3554 1638 3628 1682 'et
3665 1644 3803 1698 pro-

2189 1713 2337 1769 ﬁciat
2404 1724 2568 1786 atque
2638 1715 2885 1772 ﬁrmetur
2945 1719 3054 1772 vita
3113 1718 3352 1773 ﬁdelium
3415 1720 3800 1784 orationibus,

2189 1805 2571 1877 eleemosynis,
2601 1815 2658 1862 et
2679 1809 2893 1864 cmteris
2914 1809 3107 1864 studiis
3135 1810 3373 1879 pietatis,
3403 1818 3463 1864 ut
3492 1810 3803 1865 alleventur

1454 1910 1680 1979 φιτητίιε
1733 1910 1927 1966 faciem
1972 1911 2090 1980 ejus
2117 1898 2164 1958 B
2191 1897 2474 1967 prostrati,
2501 1907 2761 1954 curentur
2785 1899 2972 1963 saucii,
3003 1900 3284 1971 erigantur
3301 1901 3453 1966 elisi;
3503 1909 3564 1955 ut
3607 1909 3803 1971 peten-

2194 1987 2264 2042 do
2293 1987 2611 2057 accipiatur,
2641 1993 2931 2058 quazrendo
2957 1990 3294 2059 inveniatur,
3326 1993 3592 2063 pulsando
3629 1995 3801 2048 intre-

2193 2086 2302 2143 tur,
2333 2086 2497 2146 atque
2530 2077 2603 2132 ita
2629 2089 2956 2149 cooperante
2985 2079 3075 2135 Dei
3100 2082 3272 2151 gratia
3296 2084 3496 2138 bonum
3513 2094 3800 2140 certamen

2191 2177 2453 2234 certetur,
2503 2184 2696 2226 cursus
2742 2181 3169 2236 consummatur,
3221 2174 3356 2231 ﬁdes
3399 2185 3679 2242 servetur,
3709 2177 3801 2231 ad—

2191 2265 2384 2313 ventus
2416 2258 2631 2314 Domini
2654 2260 2927 2330 diligatur,
2980 2271 3035 2318 et
3075 2263 3167 2332 qui
3215 2263 3453 2334 legitime
3499 2267 3801 2321 certaverit

2191 2357 2504 2404 coronetur.
2539 2348 2630 2404 Sic
2657 2351 2840 2422 itaque
2866 2353 2918 2407 in
2947 2354 3052 2420 his,
3085 2363 3140 2409 et
3172 2371 3239 2410 ex
3280 2355 3366 2410 his
3387 2397 3400 2422 ,
3441 2372 3566 2426 qua:
3615 2367 3802 2412 tantus

2193 2439 2358 2495 Pater
2384 2441 2450 2496 de
2477 2442 2644 2498 tantis
2669 2443 2834 2499 rebus
2873 2446 3187 2501 necessario
3236 2454 3293 2501 et
3341 2445 3578 2502 ﬁdeliter
3614 2449 3801 2513 docet,

2192 2531 2442 2602 proﬁciat
2469 2533 2757 2590 aediﬁcatio
2805 2536 2926 2591 ﬁdei
2980 2551 3200 2604 nostrze,
3248 2548 3309 2593 ut
3354 2541 3710 2596 concalescat
3750 2550 3801 2597 et

2194 2624 2527 2678 accendatur
2564 2624 2756 2680 ﬁducia
2808 2627 2921 2695 spei
2977 2636 3206 2694 nostrae,
3263 2633 3534 2685 excitetur
3583 2632 3802 2688 devotio

2194 2712 2460 2768 orationis
2489 2725 2710 2780 nostrze,
2755 2714 3080 2772 informetur
3126 2720 3362 2774 studium
3409 2722 3652 2778 actionis
3703 2739 3797 2778 no-

2196 2811 2324 2860 stra:
2379 2822 2393 2859 :
2448 2806 2577 2876 quia
2634 2807 2775 2877 apud
2819 2809 3245 2879 omnipotentem
3289 2812 3607 2880 Dominum,
3661 2816 3798 2870 veri-

2194 2900 2324 2956 tatis
2357 2911 2411 2956 et
2435 2901 2657 2972 pietatis
2677 2913 2980 2969 auctorem,
3009 2919 3349 2976 nequaquam
3393 2905 3534 2961 ﬁdes
3576 2907 3797 2977 impedit

2196 2989 2561 3058 devotionem,
2591 2993 2684 3047 sed
2725 2993 2940 3049 devotio
2990 2991 3242 3066 dirigitur
3287 3005 3341 3051 et
3389 2997 3702 3052 aediﬁcatur
3736 3015 3794 3054 es

2196 3079 2323 3145 ﬁde,
2360 3089 2420 3136 ut
2450 3090 2656 3153 quanto
2683 3085 2804 3154 quis
2831 3085 3040 3141 ﬁdelius
3061 3087 3126 3142 de
3156 3087 3248 3142 illo
3268 3089 3452 3157 sentit,
3480 3101 3536 3144 et
3560 3092 3796 3147 sentien-

2195 3169 2266 3226 do
2296 3181 2604 3240 veneratur,
2635 3183 2784 3230 tanto
2805 3176 3108 3246 promptius
3137 3187 3192 3232 et
3213 3178 3484 3236 elﬁcacius
3515 3183 3640 3252 ejus
3673 3200 3792 3253 gra-

498 3264 540 3319 E
565 3267 838 3321 contrario
861 3275 1042 3323 autem
1073 3287 1083 3322 ε
1123 3287 1140 3321 ε
1179 3269 1505 3328 Benedictus
1531 3273 1615 3328 νει-
1651 3275 1742 3344 qui
1777 3252 2000 3332 οόηῃαεί
2034 3278 2089 3333 in
2116 3252 2162 3315 C
2193 3261 2326 3316 tiam
2350 3275 2693 3335 assequatur,
2723 3266 3002 3338 Scriptura
3032 3281 3219 3325 sancta
3245 3271 3457 3328 dicente
3488 3293 3498 3327 :
3539 3294 3557 3324 ι
3591 3275 3795 3332 Sentite

504 3379 522 3410 ε
559 3361 806 3426 Domino,
826 3369 880 3417 et
901 3363 1006 3417 erit
1037 3363 1298 3418 Dominus
1323 3365 1519 3421 ﬁducia
1543 3366 1680 3438 ejus.
1719 3368 1786 3424 Et
1815 3369 2089 3440 eritquasi

501 3470 520 3502 ι
559 3450 762 3522 lignum
787 3454 928 3522 quod
961 3454 1389 3524 transplantatur
1415 3472 1578 3527 super
1612 3474 1812 3528 aquas,
1843 3462 1988 3530 quod
2025 3462 2094 3517 ad

504 3561 522 3592 ι
559 3542 842 3598 humorem
873 3543 1041 3598 mittit
1064 3545 1276 3601 radices
1315 3561 1440 3602 suas
1464 3547 1688 3620 (Ibid.),
1727 3569 1744 3602 ι
1785 3560 1889 3607 etc.
1934 3551 2088 3608 Unde

485 3642 556 3688 .et
578 3634 635 3688 in
662 3623 872 3706 psalmo
893 3636 1107 3691 canitur
1145 3653 1158 3692 :
1195 3657 1213 3688 ‹
1261 3638 1390 3694 Mihi
1431 3649 1613 3697 autem
1658 3643 1936 3700 adhaerere
1978 3646 2088 3701 Deo

495 3745 523 3777 ιι
562 3725 760 3780 bonum
787 3736 892 3792 est,
929 3743 1129 3797 ponere
1157 3729 1211 3784 in
1239 3729 1466 3786 Domino
1504 3733 1615 3789 Deo
1635 3749 1784 3804 spem
1822 3752 2018 3792 meam.
2061 3757 2078 3790 ι

2201 3370 2220 3404 ι
2255 3352 2322 3408 de
2347 3353 2576 3412 Domino
2618 3358 2674 3412 in
2720 3359 2990 3430 bonitate,
3023 3373 3077 3419 et
3123 3365 3177 3420 in
3218 3367 3569 3438 simplicitate
3617 3373 3793 3426 cordis

2203 3466 2221 3500 ι
2259 3450 2486 3518 quaerite
2511 3451 2660 3506 illum
2690 3468 2705 3507 :
2738 3457 2994 3524 quoniam
3036 3458 3311 3516 invenitur
3342 3461 3410 3516 ab
3443 3462 3530 3518 his
3573 3465 3665 3534 qui
3691 3481 3789 3518 non

2203 3559 2220 3594 ι
2258 3550 2469 3596 tentant
2496 3544 2670 3610 illum,
2719 3558 2943 3618 apparet
2988 3551 3068 3607 eis
3093 3553 3182 3622 qui
3223 3553 3476 3610 ﬁduciam
3514 3557 3788 3613 habentin

2204 3652 2222 3686 ι
2263 3634 2408 3690 illum
2435 3635 2584 3708 (Sap.
2611 3638 2672 3710 ι).
2699 3657 2719 3690 ι

505 3865 3728 3914 ——_.______.________________________________

1590 4023 2142 4138 INCIPIT
2230 4031 2691 4146 LIBER.

1782 4228 2166 4242 ﬂ

1023 4278 1249 4336 CAPUT
1286 4279 1575 4336 PRIMUM.

509 4410 593 4466 Ex
623 4409 754 4463 libro
795 4410 858 4462 de
901 4407 1229 4480 Perfectione
1253 4409 1475 4479 justitiw
1514 4413 1762 4479 hominis,
1791 4416 1860 4469 ad
1893 4415 2090 4471 Eutro-

912 4481 1055 4537 pium
1075 4491 1121 4534 et
1161 4480 1383 4535 Paulum
1412 4483 1696 4553 episcopos.

579 4637 887 4692 SENTENTIA
930 4635 970 4692 I.
1024 4634 1188 4707 (Cap.
1231 4636 1318 4707 5.)
1382 4635 1488 4706 Spe
1534 4638 1664 4693 salvi
1717 4639 1843 4694 facti
1882 4657 2090 4696 sumus.

510 4731 647 4801 Spes
670 4740 847 4784 autem
889 4745 1009 4797 qua:
1044 4729 1257 4782 videtur
1307 4745 1411 4784 non
1452 4738 1535 4784 est
1575 4747 1713 4800 spes.
1755 4731 1907 4799 Quod
1948 4734 2092 4788 enim

508 4823 651 4876 videt
675 4819 816 4890 quis,
848 4819 975 4889 quid
1005 4821 1218 4888 sperat?
1241 4819 1296 4874 Si
1321 4830 1499 4876 autem
1523 4823 1665 4891 quod
1703 4840 1810 4878 non
1855 4825 2096 4880 videmus

509 4929 813 4986 speramus,
838 4929 934 4982 per
959 4914 1273 4984 patientiam
1317 4924 1699 4986 ex5pectamus
1738 4917 1916 4989 (Rom.
1954 4923 2092 4991 vm).

510 5005 662 5058 Tunc
692 5018 822 5074 ergo
842 5005 948 5059 erit
972 5004 1372 5076 plenajustitia,
1395 5008 1610 5076 quando
1647 5008 1802 5078 plena
1849 5011 2093 5076 sanitas;

513 5104 639 5148 tunc
665 5094 820 5163 plena
851 5096 1075 5162 sanitas,
1108 5097 1324 5166 quando
1344 5097 1500 5167 plena
1523 5100 1795 5165 charitas;
1827 5103 2098 5171 plenitudo

510 5186 660 5241 enim
687 5186 822 5255 legis
855 5197 940 5242 est
965 5189 1223 5244 Charitas.
1251 5189 1402 5244 Tunc
1425 5201 1602 5246 autem
1644 5193 1800 5262 plena
1829 5196 2096 5260 eharitas,

510 5278 730 5347 quando
766 5278 1064 5334 v.debimus
1086 5295 1207 5334 eum
1245 5282 1402 5336 sicuti
1447 5293 1549 5338 est.
1586 5283 1769 5356 Neque
1812 5288 1956 5342 enim
1995 5290 2102 5344 erit

517 5371 664 5438 quod
684 5369 914 5425 addatur
944 5372 1009 5426 ad
1033 5371 1398 5440 dilectionem,
1443 5361 1567 5430 cum
1617 5378 1751 5433 ﬁdes
1792 5383 2101 5450 pervenerit

511 5460 580 5516 ad
612 5460 898 5516 visionem.

589 5551 654 5606 ll.
690 5551 842 5624 (Cap.
869 5552 949 5624 4.)
977 5553 1079 5608 Per
1103 5553 1312 5609 arbitrii
1357 5556 1660 5614 libertatem
1694 5559 1896 5617 factum
1927 5574 2011 5619 est
2044 5575 2103 5620 ut

515 5649 659 5699 esset
685 5643 848 5698 homo
879 5659 1003 5700 eum
1041 5652 1302 5715 peccato;
1353 5651 1444 5702 sed
1469 5647 1582 5717 jam
1612 5651 1842 5718 poenalis
1889 5654 2100 5709 vitiosi-

517 5742 604 5789 tas
634 5735 941 5803 subsecuta,
985 5753 1051 5792 ex
1079 5736 1330 5793 libertate
1360 5738 1488 5796 fecit
1518 5745 1914 5800 necessitatem.
1950 5747 2104 5804 Unde

519 5825 588 5881 ad
620 5823 788 5881 Deum
829 5826 1000 5883 ﬁdelis
1032 5827 1227 5886 clamat
1261 5849 1273 5885 :
1334 5849 1352 5884 ι
1389 5831 1465 5890 De
1509 5835 1922 5894 necessitatibus
1971 5839 2102 5896 meis

2209 4304 2228 4337 ο
2269 4288 2406 4344 educ
2428 4306 2514 4345 me
2537 4289 2708 4362 (Psal.
2743 4295 2915 4366 xxxv).
2949 4316 2964 4347 ι
3005 4296 3116 4353 Sub
3140 4301 3338 4369 quibus
3365 4305 3549 4373 positi,
3584 4308 3671 4364 vel
3695 4325 3794 4367 non

2201 4394 2488 4450 possumus
2513 4385 2656 4453 quod
2687 4385 2932 4443 volumus
2966 4389 3306 4462 intelligere;
3341 4395 3422 4450 vel
3455 4399 3601 4468 quod
3636 4401 3794 4457 intel-

2201 4470 2514 4538 lexerimus,
2550 4475 2799 4532 nolumus
2840 4495 2938 4534 nec
2987 4481 3232 4537 valemus
3280 4485 3522 4556 implere.
3573 4490 3716 4545 Nam
3747 4503 3798 4548 et

2119 4567 2173 4626 1)
2200 4560 2311 4629 ipsa
2344 4561 2569 4619 libertas
2617 4565 2966 4623 credentibus
3006 4585 3034 4623 a
3091 4571 3382 4630 liberatore
3413 4581 3795 4646 promittitur:

2208 4666 2225 4698 ε
2263 4648 2319 4703 Si
2352 4667 2470 4716 vos,
2503 4653 2703 4724 inquit,
2745 4655 2913 4712 Filius
2943 4658 3274 4728 liberaverit,
3312 4675 3437 4720 tunc
3470 4683 3599 4724 vere
3640 4670 3799 4727 liberi

2203 4758 2221 4791 ι
2256 4742 2407 4797 eritis
2437 4743 2615 4813 (Joan.
2649 4748 2788 4816 vm).
2825 4768 2841 4800 ι
2878 4750 3028 4804 Victa
3061 4754 3204 4806 enim
3233 4755 3362 4809 vitio
3389 4757 3438 4810 iu
3466 4760 3610 4827 quod
3658 4764 3800 4817 ccci-

2199 4833 2274 4887 dit
2301 4833 2597 4902 voluntate,
2629 4839 2804 4892 caruit
2832 4840 3080 4897 libertate
3107 4853 3320 4900 natura.
3348 4847 3487 4904 [line
3514 4852 3621 4905 alia
3658 4855 3802 4910 Scri-

2199 4934 2353 4994 ptura
2386 4927 2551 4980 dicit:
2591 4948 2607 4977 ι
2642 4929 2684 4982 Α
2714 4947 2820 4999 quo
2845 4934 2988 4986 enim
3023 4936 3146 5003 quis
3175 4939 3421 4995 devictus
3449 4951 3553 5008 est,
3588 4945 3725 5002 huic
3751 4954 3804 5001 et

2205 5035 2222 5067 σ
2246 5032 2435 5072 servus
2461 5019 2710 5077 addictus
2744 5033 2826 5078 est
2851 5025 2933 5096 (II
2968 5025 3115 5080 Petr.
3148 5029 3229 5100 ιι).
3273 5051 3290 5081 δ
3328 5030 3477 5088 Sicut
3505 5051 3642 5105 ergo
3695 5054 3802 5093 non

2199 5118 2282 5164 est
2307 5126 2441 5180 opus
2491 5114 2638 5168 sanis
2683 5117 2944 5183 medicus,
2997 5121 3089 5174 sed
3122 5122 3260 5177 male
3315 5125 3668 5194 habentibus,
3733 5132 3802 5184 ita

2201 5217 2308 5255 non
2336 5212 2417 5257 cst
2445 5219 2580 5273 Opus
2603 5205 2786 5262 liberis
2816 5208 3096 5276 liberator,
3130 5214 3222 5268 sed
3253 5217 3453 5290 servis,
3483 5228 3541 5272 ut
3569 5221 3621 5275 ei
3656 5223 3803 5276 dicat

2201 5294 2492 5362 gratulatio
2536 5295 2802 5352 libertatis
2833 5316 2846 5352 :
2905 5299 3120 5356 Salvam
3149 5303 3325 5360 fecisti
3355 5307 3421 5362 de
3449 5313 3801 5366 necessitati-

2201 5385 2303 5439 bus
2333 5385 2568 5440 animam
2596 5403 2790 5443 meam.
2827 5391 2941 5461 Ipsa
2966 5393 3107 5447 enim
3139 5397 3344 5452 sanitas
3371 5408 3456 5453 est
3483 5416 3613 5455 vera
3642 5403 3804 5459 liber-

2204 5485 2308 5544 tas,
2353 5493 2470 5546 quze
2509 5495 2613 5533 non
2648 5482 2900 5550 perisset,
2928 5485 2969 5538 si
3003 5483 3138 5540 bona
3186 5491 3577 5556 permansisset
3606 5493 3804 5548 volun-

2207 5577 2306 5623 tas.
2335 5568 2470 5635 Quia
2496 5586 2623 5626 vero
2650 5575 2891 5642 peccavit
2917 5576 3180 5641 voluntas,
3234 5589 3420 5634 secuta
3450 5591 3533 5636 est
3555 5598 3803 5653 peccan-

2199 5670 2315 5716 ‘tem
2343 5672 2626 5731 peccatum
2677 5664 2909 5721 habendi
2942 5667 3075 5722 dura
3108 5672 3426 5734 necessitas,
3482 5673 3658 5730 donec
3693 5682 3806 5730 tota

2207 5761 2428 5807 sanetur
2469 5753 2778 5821 inﬁrmitas,
2823 5766 2878 5812 et
2928 5759 3224 5830 accipiatur
3252 5769 3362 5816 tota
3421 5762 3692 5829 libertas;
3753 5765 3805 5818 in

2208 5859 2312 5914 qua
2345 5844 2736 5933 sicut’nccessc
2779 5857 2860 5904 est
2910 5863 3221 5918 permaneat
3248 5853 3402 5911 beate
3453 5855 3675 5912 vivendi
3712 5872 3806 5914 vo-
