4032 6452
199 400 299 458 109

1007 397 1098 456 DE
1139 393 1842 460 ΡιιΑειιΕετιΝΑτιοΝε,
1884 392 2065 459 ETC.,
2105 391 2197 449 EX
2238 391 2655 451 AUGUSTINO.

3357 395 3458 450 H0

194 514 406 577 luntas,
447 508 523 566 Ita
552 509 624 566 sit
647 508 812 565 etiam
841 509 979 566 bene
1005 510 1217 566 vivendi
1241 517 1298 565 et
1324 524 1600 579 nunquam
1643 522 1772 578 pec-
1799 507 1852 567 Α
1879 513 2148 568 sanctum,
2180 505 2271 574 qui
2293 503 2452 560 datus
2479 514 2564 559 est
2593 503 2766 560 nobis.
2812 503 2921 559 Nec
2949 503 3112 560 aliam
3144 507 3214 561 ob
3237 521 3456 563 causam

193 605 350 664 candi
377 603 678 660 voluntaria
709 603 943 674 felixque
973 603 1286 658 necessitas.

258 693 347 750 III.
381 691 535 765 (Cap.
560 693 639 763 5.)
667 693 946 756 Dominus,
990 693 1083 762 qui
1121 692 1346 748 verbum
1395 704 1777 747 consummans

193 794 246 843 et
263 784 522 840 breviatis
546 781 674 838 fecit
703 799 866 852 super
899 792 1124 847 terram,
1174 783 1227 836 in
1257 782 1467 836 duobus
1494 781 1776 852 pmcceptis

190 879 331 936 dixit
352 878 525 946 legem
556 877 953 947 prophetasque
981 877 1235 945 pendere,
1271 885 1332 930 ut
1357 875 1776 944 intelligeremus

192 968 452 1041 quidquid
479 967 625 1022 aliud
653 966 914 1021 divinitus
941 976 1269 1037 praeceptum
1310 976 1414 1030 est,
1445 967 1498 1020 in
1536 967 1621 1020 his
1644 966 1775 1018 duo-

190 1061 290 1117 bus
319 1059 522 1114 habere
546 1058 732 1122 ﬁnem,
784 1065 835 1112 et
867 1057 932 1111 ad
963 1057 1077 1111 haec
1107 1058 1212 1111 duo
1239 1072 1360 1111 esse
1391 1056 1732 1110 referendum
1757 1071 1769 1107 :

195 1167 217 1206 ι
245 1150 447 1221 Diliges
473 1149 758 1204 Dominum
786 1150 953 1204 Deum
989 1157 1135 1201 tuum
1159 1164 1223 1202 ex
1248 1155 1358 1201 toto
1387 1147 1550 1202 corde
1573 1155 1683 1209 tuo,
1720 1152 1776 1198 et

205 1261 227 1297 ι
259 1257 329 1296 ex
354 1251 463 1296 tota
480 1241 658 1295 anima
686 1250 796 1308 tua,
812 1251 946 1294 etex
975 1247 1083 1293 tota
1107 1239 1304 1292 virtute
1329 1247 1456 1293 tua:
1491 1256 1509 1288 ι
1542 1245 1596 1292 et
1630 1256 1648 1287 ι
1680 1236 1773 1291 Di-

195 1353 217 1390 ι
250 1336 387 1407 liges
407 1335 712 1406 proximum
740 1342 892 1387 tuum
918 1332 1053 1388 sicut
1083 1331 1333 1401 teipsum.
1356 1331 1412 1386 In
1433 1331 1541 1395 his,
1578 1330 1770 1399 inquit,

192 1447 216 1484 ι
246 1429 456 1484 duobus
482 1428 767 1498 praeceptis
795 1437 906 1482 tota
953 1425 1038 1482 lex
1072 1428 1272 1498 pendet
1317 1439 1374 1482 et
1423 1427 1715 1498 prophetae.
1749 1444 1766 1477 ι

192 1519 406 1592 (Matth.
434 1519 590 1591 xm).
625 1517 896 1589 Quidquid
936 1533 1066 1589 ergo
1111 1518 1205 1573 Dei
1258 1518 1375 1589 lege
1399 1517 1769 1588 prohibemur,

189 1619 244 1668 et
264 1610 526 1680 quidquid
559 1608 815 1678 iubemur
843 1608 1044 1673 facere,
1091 1609 1159 1663 ad
1185 1609 1287 1664 hoc
1335 1609 1690 1678 prohibemur
1713 1615 1775 1661 et

185 1698 437 1770 iubemur
458 1707 520 1754 ut
545 1699 653 1754 duo
681 1699 784 1754 ista
827 1697 1215 1768 compleamus.
1251 1698 1318 1754 Et
1344 1697 1482 1753 forte
1505 1695 1773 1769 generalis

187 1789 478 1860 prohibitio
507 1797 633 1844 est:
679 1807 698 1838 ι
730 1787 846 1843 Non
895 1789 1287 1858 concupisces;
1325 1808 1344 1840 ι
1399 1796 1455 1843 et
1502 1787 1772 1858 generalis

1877 596 2158 666 Scriptura
2206 607 2596 653 commemorat
2643 613 2748 653 non
2787 612 2907 652 esse
2962 598 3146 667 gravia
3188 610 3456 670 praecepta

1877 688 2079 754 divina,
2110 688 2214 744 nisi
2239 699 2298 743 ut
2322 690 2524 754 anima,
2559 705 2679 758 quae
2709 689 2797 744 illa
2819 689 3003 760 gravia
3047 689 3228 753 sentit,
3260 691 3459 744 intelli-

1875 789 1968 850 gat
1994 781 2230 836 nondum
2257 795 2316 835 se
2345 781 2618 850 accepisse
2640 782 2803 846 vires,
2828 782 3022 851 quibus
3045 781 3169 836 talia
3193 782 3302 836 sint
3321 798 3460 850 prte-

1876 881 2028 942 cepta
2061 872 2293 937 Domini,
2341 873 2519 942 qualia
2560 875 3041 939 commendantur;
3087 873 3226 928 levia
3255 871 3461 928 scilicet

1876 973 2038 1033 atque
2079 966 2286 1030 suavia,
2315 974 2368 1020 et
2397 973 2519 1020 oret
2550 967 2752 1037 gemitu
2781 967 3092 1033 voluntatis,
3123 975 3184 1021 ut
3208 966 3462 1037 impetret

1875 1055 2074 1110 donum
2105 1056 2403 1112 facilitatis.
2449 1057 2550 1125 Qui
2577 1059 2719 1112 enim
2748 1059 2915 1114 dicit:
2962 1080 2979 1110 ι
3017 1060 3138 1114 Fiat
3161 1075 3257 1115 cor
3278 1073 3460 1114 meum

1881 1164 1899 1198 ι
1930 1147 2353 1214 immaculatum,
2377 1167 2396 1200 ι
2420 1158 2495 1214 et,
2527 1168 2544 1201 ι
2565 1146 2762 1204 Itinera
2803 1166 2920 1204 mea
2963 1151 3136 1222 dirige
3161 1151 3459 1206 secundum

1881 1253 1900 1286 ι
1929 1235 2151 1290 verbum
2181 1246 2349 1302 tuum,
2380 1253 2447 1293 ne
2468 1239 2774 1293 dominetur
2799 1239 2930 1294 mihi
2951 1242 3130 1295 omnis
3153 1241 3411 1310 iniquitas
3434 1258 3455 1292 ι

1873 1327 2049 1399 (Paul.
2077 1331 2298 1401 cxvm);
2321 1341 2374 1387 et
2406 1350 2418 1385 :
2460 1351 2478 1384 ι
2501 1333 2623 1388 Fiat
2647 1334 2893 1389 voluntas
2924 1343 3016 1388 tua
3043 1335 3184 1390 sicut
3216 1336 3269 1390 in
3299 1335 3460 1400 caelo,

1880 1434 1899 1467 ι
1927 1416 2000 1470 ita
2035 1425 2091 1471 et
2113 1418 2166 1472 iu
2196 1427 2340 1473 terra
2369 1436 2381 1472 :
2422 1440 2441 1472 ι
2470 1427 2546 1486 et,
2583 1439 2602 1471 ‹
2635 1420 2714 1476 Ne
2745 1437 2843 1477 nos
2870 1422 3072 1477 inferas
3106 1423 3159 1476 in
3206 1424 3463 1478 tentatio—

1880 1526 1897 1558 ι
1928 1523 2050 1563 nem
2083 1509 2299 1579 (Matth.
2329 1511 2423 1583 vi),
2465 1531 2484 1564 ι
2511 1521 2565 1567 et
2585 1522 2780 1568 cmtera
2812 1511 3138 1583 huiusmodi,
3164 1531 3285 1586 quae
3309 1531 3464 1570 com-

1873 1614 2176 1658 memorare
2205 1602 2422 1676 longum
2448 1614 2552 1670 est,
2585 1606 2688 1661 hoc
2708 1607 2895 1678 utique
2918 1617 3060 1673 orat,
3103 1616 3164 1663 ut
3189 1618 3464 1680 praecepta

1875 1691 1973 1747 Dei
2000 1692 2184 1750 faciat.
2218 1695 2347 1762 Qum
2369 1704 2428 1750 ut
2464 1696 2658 1752 fierent
2701 1697 3128 1767 nec,iuberetur,
3157 1699 3203 1754 si
3233 1698 3367 1753 nihil
3388 1699 3466 1755 ibi

1875 1791 2058 1837 nostra
2088 1783 2339 1840 voluntas
2377 1793 2586 1856 ageret,
2636 1801 2734 1842 nec
2763 1796 3033 1854 oraretur,
3082 1789 3128 1844 si
3158 1789 3273 1844 sola
3318 1787 3466 1844 squi-

186 1881 392 1952 iussio:
432 1901 449 1932 ι
484 1879 705 1950 Diliges.
747 1895 768 1931 ι
804 1878 959 1935 Unde
981 1879 1220 1934 breviter
1247 1890 1304 1934 et
1331 1879 1604 1948 apostolus
1633 1879 1772 1934 Pau-
1802 1865 1848 1924 Β
1875 1884 2043 1930 ceret.
2086 1875 2546 1932 Commendantur
2583 1893 2713 1949 ergo
2745 1893 2850 1933 non
2880 1894 3002 1935 esse
3029 1881 3240 1950 gravia,
3292 1889 3354 1936 ut
3375 1879 3466 1936 cui

187 1973 268 2030 lus
295 1973 532 2044 quodam
567 1971 686 2028 loco
713 1979 1004 2040 utrumque
1031 1971 1472 2043 complexus'est.
1525 1971 1775 2026 Prohibi-

185 2064 264 2119 tio
305 2071 394 2118 est
421 2061 609 2118 enim:
665 2080 684 2113 ι
720 2060 896 2116 Nolite
936 2061 1263 2117 conformari
1309 2062 1437 2116 huic
1481 2061 1718 2126 szcculo;
1748 2081 1766 2113 ι

179 2153 360 2226 iussio
379 2162 582 2219 autem,
623 2172 643 2206 ‹
680 2153 777 2209 sed
807 2151 1180 2207 rel‘ormamini
1215 2153 1270 2206 in
1309 2154 1548 2208 novitate
1576 2153 1774 2208 mentis

190 2263 212 2300 t
239 2254 443 2302 vestra:
471 2243 644 2315 (Rom.
674 2244 737 2315 ι).
779 2263 798 2296 ι
832 2243 966 2298 Illud
1001 2244 1236 2314 pertinet
1267 2245 1335 2300 ad
1375 2261 1480 2300 non
1521 2245 1774 2314 concupi-

182 2352 358 2403 scere,
391 2337 495 2391 hoc
521 2337 590 2391 ad
619 2336 848 2407 diligere
877 2353 892 2400 ;
937 2335 1067 2389 illud
1094 2335 1162 2390 ad
1213 2336 1636 2400 continentiam,
1671 2336 1774 2389 hoc

183 2430 249 2486 ad
273 2429 586 2498 iustitiam;
632 2428 761 2484 illud
787 2428 856 2482 ad
883 2428 1260 2484 declinandum
1294 2443 1324 2482 a
1355 2428 1519 2493 malo,
1552 2429 1655 2483 hoc
1704 2427 1772 2482 ad

182 2519 484 2576 faciendum
516 2520 736 2576 bonum.
791 2518 908 2574 Non
959 2520 1386 2590 concupiscendo
1441 2520 1583 2574 enim
1616 2528 1769 2574 vetu-

182 2621 319 2667 state
370 2610 756 2681 exspoliamur,
804 2620 860 2665 et
903 2612 1144 2667 novitate
1176 2612 1451 2666 induimur
1477 2611 1767 2681 diligendo.

181 2709 285 2765 Sed
315 2724 421 2764 nec
449 2709 735 2778 quisquam
765 2716 944 2777 potest
967 2721 1090 2763 esse
1135 2708 1438 2773 continens,
1490 2707 1593 2761 nisi
1629 2706 1772 2762 Deus

180 2801 308 2854 det:
343 2807 399 2853 et
443 2798 686 2853 charitas
711 2797 806 2852 Dei
833 2796 1151 2852 diffunditur
1184 2797 1236 2852 in
1270 2797 1523 2852 cordibus
1548 2796 1771 2858 nostris,

178 2903 282 2942 non
305 2903 410 2958 per
446 2903 544 2943 nos
566 2888 733 2958 ipsos,
780 2887 874 2943 sed
915 2902 1016 2957 per
1059 2887 1322 2956 Spiritum
1373 2895 1644 2949 sanctum,
1677 2887 1771 2957 qui

178 2967 368 3034 datum
393 2988 480 3034 est
513 2979 687 3034 nobis.
739 2977 852 3033 Iloc
879 2987 1062 3033 autem
1113 2976 1175 3032 fit
1207 2978 1274 3033 de
1325 2977 1412 3032 die
1443 2976 1496 3031 in
1525 2976 1667 3032 diem
1717 2976 1771 3031 in

171 3070 264 3125 his
289 3071 386 3141 qui
436 3071 687 3136 volendo,
718 3079 774 3126 et
814 3071 1086 3126 credendo
1111 3111 1126 3136 ,
1157 3079 1213 3125 et
1264 3071 1565 3125 invocanda
1607 3068 1772 3140 profi-

176 3162 352 3227 ciunt,
390 3170 445 3219 et
469 3163 744 3234 praeterita
771 3163 1151 3218 obliviscentes
1179 3162 1233 3216 in
1259 3177 1322 3216 ea
1352 3177 1473 3231 quae
1497 3170 1623 3216 ante
1645 3169 1769 3215 sunt

174 3255 564 3309 extenduntur.
599 3253 678 3309 Ad
703 3255 808 3309 hoc
836 3254 981 3310 enim
1007 3253 1092 3310 lex
1128 3252 1227 3307 ista
1257 3253 1523 3322 prmcipit,
1550 3261 1610 3305 ut
1644 3267 1766 3306 cum

173 3343 231 3398 in
263 3343 354 3397 bis
383 3343 668 3413 implendis
696 3344 857 3399 homo
883 3341 1162 3406 defecerit,
1205 3357 1310 3396 non
1339 3358 1397 3396 se
1427 3328 1650 3396 extollat
1674 3357 1767 3394 su-

170 3435 369 3505 perbia
395 3435 650 3499 tumidus,
694 3435 788 3489 sed
817 3434 884 3488 ad
917 3433 1147 3504 gratiam
1176 3431 1451 3502 confugiat
1478 3431 1764 3501 fatigatus;

170 3539 240 3579 ac
292 3524 376 3578 sic
428 3539 552 3578 eum
599 3525 685 3577 lex
730 3525 982 3577 terrendo
1013 3523 1081 3576 ad
1112 3522 1390 3576 Christum
1439 3521 1768 3591 diligendum

166 3613 459 3686 paedagogi
486 3613 749 3681 perducat
777 3611 974 3664 ollicio.

243 3701 344 3756 IV.
381 3699 532 3773 (Cap.
563 3700 641 3772 8.)
684 3699 775 3755 Sic
807 3715 1093 3755 curramus
1118 3708 1178 3753 ut
1226 3699 1769 3768 comprehendamus.

166 3795 387 3852 Omnes
411 3795 554 3848 enim
585 3793 678 3863 qui
705 3802 853 3847 recte
883 3801 1109 3848 currunt
1137 3790 1597 3861 comprehendent
1621 3810 1632 3844 ε
1665 3808 1770 3846 non

170 3887 321 3942 sicut
347 3885 399 3938 in
423 3898 593 3955 agone
617 3885 905 3947 theatrico,
933 3899 1124 3938 omnes
1151 3883 1369 3952 quidem
1399 3893 1644 3946 currunt,
1676 3882 1769 3936 sed

171 3992 321 4032 unus
344 3974 538 4045 accipit
557 3973 810 4044 palmam.
838 3971 1133 4027 Curramus
1155 3970 1443 4034 credendo,
1475 3969 1766 4040 sperando,

172 4066 560 4123 desiderando.
616 4064 912 4118 Curramus
943 4077 1138 4132 corpus
1169 4060 1505 4130 castigando,
1541 4067 1595 4113 et
1622 4059 1766 4113 elee-

176 4169 438 4226 mosynas
473 4154 528 4207 in
564 4153 720 4208 bonis
757 4153 969 4217 dandis,
1003 4152 1268 4222 malisque
1295 4151 1657 4224 ignoscendis,
1688 4151 1768 4204 hi-

177 4245 370 4299 lariter
408 4251 463 4297 et
490 4257 556 4296 ex
587 4240 750 4296 corde
794 4239 1061 4305 faciendo,
1091 4250 1147 4295 et
1173 4241 1504 4296 currentium
1539 4241 1682 4294 vires
1710 4249 1768 4294 ut

174 4333 504 4403 adiuventur
541 4331 767 4386 orando.
817 4330 883 4384 Et
913 4330 991 4384 sic
1022 4331 1303 4385 audiamus
1344 4341 1612 4400 praecepta
1641 4345 1765 4400 per-

175 4424 469 4490 fectionis,
519 4438 588 4478 ne
615 4436 836 4478 currere
885 4420 1219 4492 negligamus
1265 4423 1334 4476 ad
1375 4421 1766 4492 plenitudinem

173 4515 484 4573 cbaritatis.

1875 1967 2060 2037 gravia
2083 1975 2231 2035 sunt,
2266 1969 2536 2041 intelligat
2563 1971 2802 2026 nondum
2851 1987 2912 2028 se
2935 1974 3210 2044 accepisse
3237 1975 3464 2042 donum,

1875 2073 1983 2127 quo
2012 2060 2196 2129 gravia
2220 2076 2325 2115 non
2354 2061 2463 2116 sint
2490 2078 2505 2127 ;
2547 2077 2647 2118 nec
2668 2063 2964 2119 arbitretur
2991 2079 3055 2120 ea
3085 2081 3144 2121 se
3179 2066 3463 2137 perficere,

1876 2149 2130 2217 quoniam
2162 2150 2233 2204 ita
2268 2151 2399 2205 facit
2422 2160 2482 2205 ut
2518 2153 2701 2223 gravia
2747 2154 2878 2209 sint.
2929 2153 3169 2210 Hilarem
3198 2157 3342 2212 enim
3370 2157 3467 2212 da-

1877 2247 2048 2294 torem
2084 2241 2260 2309 diligit
2289 2243 2452 2298 Deus.
2477 2241 2586 2299 Nec
2619 2253 2799 2300 tamen
2830 2260 2951 2300 cum
2974 2261 3037 2301 ea
3059 2247 3243 2318 gravia
3279 2243 3462 2312 sentit,

1874 2333 2213 2404 desperando
2264 2336 2566 2408 frangatur,
2623 2339 2718 2394 sed
2757 2339 2826 2394 ad
2873 2342 3246 2409 quaerendum,
3276 2354 3466 2412 peten-

1874 2426 2022 2490 dum,
2051 2427 2486 2499 pulsandumque
2513 2438 2757 2500 cogatur.

1945 2516 2032 2570 VI.
2070 2517 2221 2588 (Cap.
2252 2518 2362 2590 11.)
2393 2519 2552 2574 Aliud
2591 2530 2826 2577 estesse
2867 2524 2983 2578 sine
3032 2533 3277 2594 peccato,
3321 2526 3467 2595 quod

1872 2613 1938 2668 de
1973 2613 2164 2668 soloin
2194 2615 2294 2670 hac
2327 2615 2434 2670 vita
2476 2615 2768 2686 Unigenito
2795 2617 2998 2672 dictum
3019 2627 3136 2683 est;
3173 2620 3319 2673 aliud
3343 2635 3468 2674 esse

1873 2705 1990 2759 sine
2020 2705 2260 2774 querela,
2293 2707 2436 2776 quod
2461 2706 2528 2762 de
2559 2707 2921 2776 multisiustis
2951 2710 3113 2763 etiam
3143 2711 3194 2763 in
3223 2711 3326 2765 hac
3354 2711 3467 2765 vita

1873 2795 1978 2851 dici
2008 2798 2204 2865 potuit.
2236 2797 2503 2864 Quoniam
2539 2807 2624 2852 est
2651 2799 2869 2868 quidam
2901 2799 3093 2854 modus
3119 2800 3272 2854 bonte
3317 2800 3462 2864 vitm,

1873 2887 1938 2941 de
1971 2902 2076 2955 quo
2104 2887 2268 2942 etiam
2325 2888 2378 2942 in
2433 2889 2536 2942 ista
2583 2889 2815 2943 humana
2866 2891 3279 2945 conversatione
3317 2889 3466 2958 iusta

1871 2981 2087 3050 querela
2119 2997 2241 3037 esse
2275 2997 2381 3036 non
2411 2982 2602 3052 possit.
2647 2980 2780 3048 Quis
2824 2982 2967 3036 enim
3019 2983 3164 3053 iuste
3216 2983 3466 3052 queritur

1871 3072 1937 3126 de
1966 3073 2185 3127 homine
2230 3073 2321 3142 qui
2378 3073 2582 3128 nemini
2613 3071 2753 3127 male
2781 3071 2915 3136 vult,
2964 3081 3020 3127 et
3046 3072 3242 3142 quibus
3287 3082 3467 3142 potest

1875 3161 2109 3218 fideliter
2158 3162 2431 3220 consulit.
2477 3178 2577 3217 nec
2621 3173 2810 3216 contra
2868 3162 3188 3232 cujusquam
3241 3163 3464 3233 injurias

1875 3259 2020 3306 tenet
2040 3251 2316 3306 libidinem
2343 3250 2672 3314 vindicandi,
2703 3262 2762 3304 ut
2793 3252 3061 3305 veraciter
3090 3252 3235 3306 dicat
3261 3271 3272 3305 :
3304 3273 3320 3302 σ
3345 3251 3464 3308 Sic-

1877 3360 1895 3393 (
1924 3350 1983 3396 ιιι
2003 3350 2058 3397 et
2083 3358 2180 3397 nos
2208 3342 2530 3396 dimittimus
2549 3341 2886 3396 debitoribus
2915 3342 3157 3396 nostris?
3188 3363 3206 3392 ι
3243 3343 3459 3413 (Matth.

1870 3433 1971 3501 vt.)
2024 3432 2092 3486 Et
2121 3439 2300 3486 tamen
2329 3447 2394 3486 eo
2427 3431 2542 3499 ipso
2565 3431 2708 3500 quod
2737 3446 2924 3485 verum
2955 3431 3122 3485 dicit:
3179 3450 3199 3482 ‹
3237 3431 3462 3486 Dimitte

1876 3543 1894 3575 σ
1919 3524 2060 3577 sicut
2089 3532 2144 3577 et
2173 3538 2271 3577 nos
2297 3522 2639 3587 dimittimus,
2669 3542 2688 3572 ι
2727 3521 2844 3576 sine
2868 3531 3089 3591 peccato
3119 3537 3176 3577 se
3203 3537 3307 3577 non
3341 3537 3466 3578 esse

1871 3613 2131 3668 declarat.

1944 3700 2054 3755 VII.
2085 3699 2273 3771 (lbid.)
2304 3700 2604 3755 Custodivit
2654 3701 2768 3755 vias
2791 3701 2906 3764 Dei,
2938 3701 3031 3770 qui
3061 3718 3165 3755 non
3193 3703 3272 3756 sic
3299 3719 3462 3758 exor-

1872 3791 2032 3856 bitat,
2066 3804 2127 3844 ut
2169 3805 2264 3844 eas
2308 3789 2609 3860 relinquat;
2667 3791 2761 3844 sed
2792 3791 2844 3843 in
2871 3791 2950 3844 eis
2983 3792 3252 3846 currendo
3300 3793 3465 3862 proli-

1872 3882 1965 3945 cit,
1995 3881 2096 3936 etsi
2138 3880 2428 3950 aliquando
2459 3889 2517 3933 ut
2542 3879 2789 3933 infirmus
2827 3879 3068 3945 offendit,
3118 3889 3213 3933 aut
3242 3882 3460 3936 titubat.

1871 3972 2092 4027 Proficit
2117 3981 2295 4027 autem
2334 3971 2623 4027 minuendo
2671 3981 2926 4040 peccata,
2976 3974 3146 4027 donec
3183 3976 3466 4043 perveniat

1871 4062 1962 4116 ubi
1989 4063 2104 4115 sine
2127 4071 2352 4132 peccato
2374 4061 2464 4116 sit.
2503 4061 2618 4115 Non
2649 4062 2794 4116 enim
2821 4063 2980 4116 aliter
3007 4073 3185 4132 potest
3211 4081 3276 4119 eo
3302 4068 3462 4124 modo

1869 4151 2156 4221 proficere.
2187 4152 2290 4206 nisi
2323 4152 2676 4206 custodiendo
2708 4152 2822 4207 vias
2845 4153 2980 4222 eius.
3013 4155 3256 4209 Declinat
3279 4168 3463 4212 autem

1870 4259 1900 4298 a
1927 4245 2198 4299 mandatis
2220 4245 2429 4299 Domini
2461 4253 2624 4314 atque
2652 4245 2880 4299 discedit
2913 4256 3180 4316 apostata,
3229 4265 3335 4305 non
3374 4252 3464 4307 ille

1869 4337 1980 4406 qui,
2021 4335 2231 4390 etiamsi
2257 4335 2416 4389 habet
2442 4343 2743 4403 peccatum,
2775 4335 3093 4406 confligendi
3128 4347 3306 4394 tamen
3336 4356 3462 4396 cum

1869 4442 1935 4482 eo
1979 4427 2436 4497 perseverantiam
2489 4441 2596 4479 non
2651 4426 2945 4496 relinquit,
3012 4430 3182 4484 donec
3229 4447 3294 4485 eo
3337 4449 3462 4501 per-

1869 4517 2050 4572 veniat
2092 4517 2183 4571 ubi
2213 4516 2354 4569 nulla
2390 4532 2510 4570 cum
2543 4527 2714 4572 morte
2737 4520 3011 4574 contentio
3037 4523 3353 4577 remanebit.

246 4607 309 4662 ν.
337 4605 496 4678 (ϐαρ.
532 4603 642 4674 10.)
673 4601 806 4671 Quis
829 4603 1059 4668 nesciat,
1094 4618 1217 4657 cum
1245 4609 1569 4672 praeceptum
1601 4577 1760 4672 gene-
1789 4571 1844 4631 D
1917 4571 2074 4663 CVIII.
2108 4606 2260 4679 (Cap.
2295 4607 2406 4679 I2.)
2435 4607 2683 4673 Abstiuet
2719 4571 3051 4664 se
3072 4571 3460 4684 -ιξξιῆξιῖᾅίιμιι

177 4698 286 4755 rale
315 4699 394 4754 sit
418 4699 676 4763 charitas,
702 4699 829 4769 quia
858 4698 982 4753 finis
1011 4697 1266 4768 praecepti
1291 4706 1376 4752 est
1399 4698 1654 4759 charitas,
1707 4706 1762 4751 et

177 4791 457 4863 plenitudo
483 4791 618 4860 legis
641 4800 726 4846 est
754 4791 1012 4855 charitas,
1042 4807 1205 4860 grave
1228 4805 1334 4844 non
1359 4803 1478 4844 esse
1511 4789 1654 4858 quod
1683 4791 1762 4844 di-

179 4882 394 4956 ligendo
442 4883 523 4951 fit,
573 4899 680 4938 non
723 4882 1006 4937 timendo?
1037 4881 1310 4936 Laborant
1353 4889 1532 4935 autem
1567 4881 1618 4934 in
1669 4881 1760 4935 Dei

179 4977 485 5048 praeceptis,
534 4975 626 5046 qui
656 4990 719 5031 ea
754 4975 992 5029 timendo
1038 4982 1305 5029 conantur
1356 4973 1620 5043 implere;
1670 4974 1765 5028 scd

177 5070 422 5140 perfecta
447 5069 685 5124 charitas
709 5067 856 5122 foras
887 5067 1052 5122 mittit
1077 5067 1351 5132 timorem,
1377 5074 1433 5120 et
1456 5064 1588 5120 facit
1621 5080 1761 5136 pra:—

182 5162 318 5230 cepti
370 5160 642 5217 sarcinam
670 5159 882 5224 levem;
928 5176 1034 5214 non
1083 5158 1254 5214 solum
1285 5174 1391 5214 non
1430 5167 1764 5228 prementem

184 5267 344 5308 onere
391 5252 692 5322 ponderum
720 5291 736 5316 ,
794 5266 984 5306 verum
1029 5251 1196 5306 etiam
1243 5250 1612 5306 sublevantem
1646 5251 1765 5306 vice

184 5357 502 5411 pennarum.
537 5341 668 5409 Quae
690 5351 869 5397 tamen
899 5342 1135 5397 charitas
1157 5350 1218 5396 ut
1261 5342 1526 5396 habeatur
1547 5382 1562 5408 ,
1601 5343 1764 5398 etiam

187 5443 334 5490 tanta
359 5445 563 5505 quanta
591 5435 645 5490 in
669 5450 897 5506 corpore
938 5435 1130 5490 mortis
1157 5432 1316 5502 huius
1345 5435 1530 5490 haberi
1567 5445 1763 5506 potest,

187 5539 374 5594 parum
401 5533 487 5580 est
511 5534 712 5581 nostra:
738 5525 1034 5582 voluntatis
1060 5525 1364 5591 arbitrium,
1415 5526 1524 5580 nisi
1550 5525 1767 5595 adjuvet

188 5617 357 5686 gratia
383 5617 476 5672 Dei
507 5632 605 5688 per
631 5616 816 5672 Iesum
841 5615 1120 5672 Christum
1170 5614 1456 5671 Dominum
1495 5628 1761 5672 nostrum.

190 5707 512 5764 Diffunditur
539 5711 735 5780 quibus
782 5710 837 5766 in
879 5709 1134 5766 cordibus
1161 5709 1362 5764 nostris
1386 5749 1401 5774 ,
1447 5713 1588 5780 quod
1625 5725 1766 5781 saepe

193 5799 477 5854 dicendum
507 5809 610 5865 est,
645 5816 752 5856 non
782 5815 879 5872 per
903 5816 1002 5856 nos
1029 5799 1193 5868 ipsos,
1240 5798 1333 5853 sed
1361 5813 1458 5868 per
1507 5799 1764 5860 Spiritum

1867 4709 2113 4770 peccato,
2141 4700 2257 4754 sine
2286 4715 2392 4768 quo
2420 4715 2526 4753 non
2550 4708 2651 4761 est,
2684 4699 2768 4755 vel
2791 4716 3064 4770 nunquam
3093 4703 3315 4758 omnino
3337 4720 3462 4760 con-

1869 4791 2052 4856 sentit,
2094 4790 2177 4844 vel
2222 4790 2268 4844 si
2320 4789 2609 4858 aliquando
2637 4791 2934 4859 premitur,
2975 4808 3083 4847 non
3113 4797 3458 4864 opprimitur,

1871 4884 2012 4938 sicut
2066 4882 2298 4937 luctator
2336 4881 2557 4946 fortior,
2609 4883 2711 4938 etsi
2745 4883 3036 4952 aliquando
3069 4894 3302 4955 tenetur,
3349 4906 3458 4945 non

1873 4972 1993 5027 ideo
2044 4973 2224 5042 perdit
2269 4988 2375 5042 quo
2422 4972 2669 5041 superior
2713 4974 3000 5028 invenitur.
3051 4975 3274 5045 Legitur
3325 4995 3458 5036 sane

1868 5065 2031 5121 homo
2055 5067 2174 5121 sine
2194 5066 2440 5129 crimine,
2472 5065 2668 5137 legitur
2693 5067 2808 5121 sine
2826 5069 3066 5137 querela,
3096 5082 3154 5126 et
3181 5088 3288 5127 non
3316 5073 3455 5146 legi-

1867 5168 1957 5213 tur
1985 5159 2100 5213 sine
2128 5167 2380 5229 peccato,
2408 5159 2513 5213 nisi
2567 5158 2708 5214 filius
2738 5160 2992 5226 hominis,
3040 5177 3180 5218 unus
3205 5165 3459 5236 idemque

1868 5251 1963 5306 Dei
1985 5251 2153 5304 Filius
2179 5251 2386 5304 unicus.

1939 5339 2029 5394 IX.
2066 5338 2218 5410 (Cap.
2246 5339 2357 5410 I3.)
2388 5337 2681 5396 Verissime
2711 5349 2838 5396 tunc
2858 5349 3019 5396 erunt
3043 5343 3247 5398 homini
3285 5343 3456 5401 multa

1868 5433 2031 5496 bona,
2078 5447 2200 5486 cum
2231 5431 2515 5486 recesserit
2541 5431 2610 5486 ab
2647 5431 2794 5486 omni
2834 5443 3078 5502 peccato.
3133 5435 3284 5490 Tunc
3307 5437 3456 5496 enim

1868 5524 2016 5580 nulla
2037 5531 2199 5580 erunt
2226 5523 2386 5582 mala.
2415 5532 2477 5579 ut
2503 5539 2610 5579 non
2637 5539 2774 5594 opus
2798 5525 2996 5580 habeat
3029 5527 3212 5582 dicere
3239 5543 3256 5582 :
3311 5547 3331 5580 ι
3365 5530 3456 5586 Li-

1875 5637 1894 5670 σ
1913 5617 2045 5672 bera
2069 5632 2167 5672 nos
2195 5631 2226 5671 a
2251 5615 2414 5670 malo.
2439 5635 2458 5668 ι
2487 5615 2746 5684 Quamvis
2772 5625 2828 5672 et
2855 5626 2982 5673 tunc
3001 5619 3179 5675 omnis
3206 5622 3299 5691 qui
3323 5639 3453 5693 pro-

1869 5708 1984 5763 ficit
2035 5717 2181 5762 recta
2229 5707 2528 5762 intentione
2575 5707 2884 5777 proficiens,
2942 5710 3146 5764 recedit
3187 5714 3256 5767 ab
3304 5717 3456 5770 omni

1870 5808 2110 5872 peccato,
2147 5808 2200 5853 et
2232 5808 2378 5853 tanto
2411 5796 2531 5852 inde
2563 5798 2933 5870 longinquior,
2966 5812 3171 5870 quanto
3220 5807 3456 5876 plenitu-
