4032 6454
560 425 659 479 Ill

1761 419 2118 479 AMULONIS
2159 418 2376 478 EPISC.
2419 420 2627 480 LUGD.

3734 421 3845 479 Π]

562 535 673 591 dini
710 534 937 605 iustitia:
964 532 1385 605 perfectionique
1428 530 1487 586 ﬁt
1518 530 1892 602 propiuquior,
1938 534 2061 603 quia
2088 541 2142 588 et
2170 538 2218 599 Α
2248 533 2573 602 remittatur,
2620 541 2678 589 ut
2706 532 2817 589 Deo
2854 533 3082 591 vivendo
3112 543 3283 591 totum
3328 550 3516 590 sanum
3545 536 3849 591 mundum-

562 628 677 698 ipsa
708 628 1143 697 concupiscentia
1164 665 1177 689 ,
1224 624 1365 694 quod
1393 631 1477 678 est
1506 632 1784 694 peccatum
1814 624 2063 680 habitans
2092 625 2146 679 in

558 732 727 773 carne
754 726 963 782 nostra,
992 716 1090 770 etsi
1118 722 1299 768 manet
1335 714 1511 769 adhuc
1538 714 1593 768 in
1615 716 1871 770 membris
1897 715 2144 771 mortali-

559 809 703 873 bus,
763 808 930 864 minui
973 817 1149 861 tamen
1201 821 1308 860 non
1360 805 1556 860 desinit
1612 806 1665 860 in
1715 806 2141 877 proﬁcientibus.

560 899 721 954 Aliud
749 909 832 954 est
858 912 985 968 ergo
1010 896 1264 950 recedere
1296 897 1363 949 ab
1385 896 1530 949 omni
1563 905 1806 965 peccato,
1838 897 1982 967 quod
2004 910 2146 950 nunc

558 991 617 1044 in
648 1006 809 1059 opere
836 998 934 1051 est,
967 988 1111 1043 aliud
1149 988 1440 1043 recessisse
1462 987 1529 1042 ab
1558 988 1702 1043 omni
1730 997 1976 1060 peccato,
2002 988 2147 1058 quod

560 1081 615 1136 in
646 1080 732 1135 illa
760 1078 1093 1150 perfectione
1126 1087 1251 1133 tunc
1278 1079 1403 1132 erit.

631 1169 702 1227 Χ.
730 1170 885 1243 (Cap.
918 1171 1027 1239 I3.)
1048 1169 1331 1237 Quomodo
1358 1170 1556 1225 dictum
1581 1178 1664 1225 est
1692 1186 1706 1223 :
1736 1189 1754 1222 ι
1784 1166 1900 1226 Νοη
1927 1177 2010 1225 est
2054 1170 2147 1241 qui

560 1275 578 1308 ι
601 1262 766 1318 faciat
790 1264 1015 1327 bonum,
1036 1278 1144 1317 non
1174 1270 1260 1316 est
1280 1277 1447 1331 usque
1475 1262 1540 1316 ad
1569 1278 1732 1316 unum
1758 1260 1929 1334 (Psal.
1953 1268 2097 1334 xm),
2122 1282 2141 1316 ι

558 1355 660 1409 nisi
686 1354 815 1423 quia
845 1353 1093 1423 populum
1125 1352 1411 1422 quemdam
1457 1353 1696 1422 psalmus
1728 1354 1816 1409 ille
1842 1355 2043 1425 culpat,
2088 1355 2145 1409 in

557 1460 666 1516 quo
705 1460 805 1501 nec
854 1461 994 1499 unus
1028 1453 1147 1499 erat
1175 1445 1264 1513 qui
1296 1443 1497 1499 faceret
1539 1446 1759 1511 bonum,
1791 1448 1917 1501 dum
1960 1447 2148 1501 volunt

556 1550 840 1590 remanere
874 1535 968 1589 ﬁlii
1009 1534 1273 1600 hominis,
1307 1542 1363 1589 et
1386 1550 1492 1589 non
1535 1550 1655 1589 esse
1686 1536 1781 1589 ﬁlii
1812 1536 1934 1601 Dei,
1992 1535 2146 1605 cujus

556 1625 912 1698 gratiabomo
946 1624 1005 1679 ﬁt
1030 1625 1201 1679 bonus
1225 1633 1283 1678 ut
1309 1623 1471 1679 faciat
1496 1624 1695 1679 bonum
1719 1627 1742 1679 ?
1772 1626 1847 1681 De
1876 1626 1966 1681 illo
1998 1628 2147 1682 enim

556 1718 698 1774 bono
724 1718 925 1773 dictum
956 1717 1045 1771 hic
1088 1716 1345 1772 debemus
1392 1717 1662 1785 accipere,
1712 1718 1855 1787 quod
1910 1717 2001 1772 ibi~
2029 1717 2141 1772 ait:

564 1830 583 1863 ι
620 1813 762 1869 Deus
788 1811 854 1866 de
891 1810 1030 1865 cmlo
1059 1809 1295 1879 respexit
1341 1824 1504 1878 super
1556 1808 1692 1863 ﬁlios
1721 1808 2032 1873 hominum,
2087 1817 2146 1862 ut

2249 637 2355 692 que
2383 624 2657 680 reddatur.
2688 624 2955 680 Judicium
2988 626 3131 680 enim
3159 626 3273 680 sine
3303 623 3703 691 misericordia,
3747 627 3849 681 sed

2250 711 2322 766 illi
2353 713 2444 782 qui
2472 729 2576 769 non
2602 713 2732 768 fecit
2767 714 3215 770 misericordiam.
3249 714 3633 785 Snperaxaltat
3654 725 3850 771 autem

2249 805 2618 860 misericordia
2656 806 2880 876 judicio.
2936 806 3089 873 Quod
3120 807 3294 861 sinon
3340 815 3515 871 esset,
3550 822 3674 876 qua:
3710 823 3845 877 spes

2247 897 2432 951 esset?
2481 896 2926 968 Quandoquidem
2970 914 3089 953 cum
3141 897 3254 952 Rex
3299 897 3477 967 justus
3526 900 3738 953 sederit
3784 900 3846 952 in

2249 988 2466 1052 throno,
2499 991 2622 1059 quis
2651 991 2970 1059 gloriabitur
3008 1005 3065 1045 sc
3092 998 3301 1044 castum
3331 989 3529 1046 habere
3554 1007 3650 1045 cor
3670 991 3695 1043 ’ἒ
3751 998 3848 1044 aut

2247 1078 2368 1147 quis
2397 1078 2717 1150 gloriabitur
2755 1081 3013 1135 mundum
3062 1095 3119 1135 sc
3149 1096 3269 1136 esse
3317 1096 3347 1135 a
3374 1081 3641 1150 peccato?
3684 1081 3848 1135 Tunc

2248 1185 2376 1240 ergo
2402 1185 2499 1240 per
2527 1170 2644 1241 ejus
2668 1171 3095 1227 misericordiam
3118 1171 3272 1240 justi,
3303 1173 3459 1243 plene
3489 1174 3850 1243 perfectaque

2248 1260 2509 1324 mundati,
2540 1260 2817 1332 fulgebunt
2848 1262 2901 1316 in
2924 1277 3091 1330 regno
3120 1262 3298 1316 Patris
3322 1263 3403 1316 sui
3437 1264 3576 1317 sicut
3605 1262 3713 1317 sol.

2315 1349 2449 1403 XIII.
2478 1350 2665 1423 (Ibid.)
2712 1352 2933 1407 Mundat
2953 1351 3203 1407 Christus
3237 1353 3536 1408 Ecclesiam
3584 1370 3736 1410 nunc
3766 1354 3848 1412 Ia.

2246 1454 2409 1494 vacro
2432 1456 2583 1511 aquae
2606 1442 2659 1496 in
2681 1443 2865 1505 verbo,
2902 1442 3125 1498 abluens
3155 1451 3377 1513 peccata
3419 1446 3696 1514 praaterita
3722 1486 3739 1511 ,
3787 1451 3848 1504 et

2246 1532 2449 1601 pellens
2503 1532 2570 1587 ab
2611 1547 2674 1588 ea
2722 1532 3144 1590 dominationem
3185 1535 3447 1591 malorum
3498 1536 3843 1609 angelorum.

2247 1622 2468 1699 Deinde,
2490 1623 2773 1693 perﬁciens
2798 1625 2913 1696 ejus
2942 1628 3219 1692 sanitates,
3247 1627 3378 1684 facit
3398 1643 3519 1684 eam
3546 1643 3847 1688 occurrere

2248 1714 2300 1769 in
2329 1714 2472 1769 illam
2498 1715 2806 1786 gloriosam,
2852 1733 2962 1771 non
3000 1718 3291 1774 habentem
3320 1720 3608 1786 maculam,
3661 1737 3845 1792 neque

2247 1822 2454 1877 rugam.
2507 1806 2652 1874 Quos
2677 1808 2819 1862 enim
2849 1808 3267 1880 praedestinavit,
3326 1811 3449 1867 illos
3492 1822 3546 1868 et
3579 1814 3838 1880 vocavit;

565 1921 585 1955 ι
614 1901 794 1958 videat
822 1901 867 1956 si
898 1909 982 1956 est
1014 1899 1319 1970 intelligens
1341 1905 1433 1952 aut
1458 1898 1742 1967 requirens
1770 1898 1959 1952 Deum.
1992 1916 2010 1948 ι
2041 1896 2153 1952 Hoc
2182 1897 2226 1955 B
2254 1905 2308 1950 et
2336 1911 2472 1965 quos
2512 1899 2746 1964 vocavit,
2796 1899 2940 1969 ipsos
2968 1908 3023 1954 et
3064 1897 3382 1969 justiﬁcavit
3408 1919 3422 1969 ;
3482 1919 3618 1975 quos
3656 1913 3841 1960 autem

555 2007 687 2064 ergo
712 1993 933 2057 bonum,
962 1990 1106 2061 quod
1131 1998 1215 2044 est
1244 1987 1521 2058 requirere
1552 1988 1746 2052 Deum,
1777 2004 1883 2043 non
1906 1996 2019 2042 erat
2043 1988 2138 2057 qui
2235 1984 2553 2055 justiﬁcavit
2578 2029 2592 2053 ,
2657 1988 2776 2044 illos
2825 1997 2881 2043 et
2927 1989 3264 2059 gloriﬁcavit.
3320 1992 3377 2046 In
3420 1991 3524 2048 hoc
3574 1995 3841 2065 mysterio

556 2083 780 2146 faceret,
815 2097 921 2137 non
968 2089 1086 2136 erat
1131 2094 1301 2149 usque
1326 2080 1395 2133 ad
1422 2094 1608 2144 unum,
1647 2077 1740 2133 sed
1772 2078 1825 2133 in
1852 2093 1917 2134 eo
1946 2093 2141 2150 genere

558 2175 835 2229 hominum
865 2214 880 2239 ,
926 2171 1069 2241 quod
1118 2170 1558 2242 praedestinatum
1609 2178 1692 2224 est
1722 2169 1788 2223 ad
1841 2170 2136 2224 interitum.

561 2262 735 2334 Super
760 2264 860 2318 hos
879 2262 1022 2318 enim
1051 2260 1288 2331 respexit
1312 2259 1407 2315 Dei
1438 2259 1774 2331 praiscientia
1815 2258 2140 2329 protulitque

560 2355 908 2410 sententiam.

632 2447 722 2502 XI.
759 2446 911 2518 (Cap.
941 2445 1053 2517 l4.)
1088 2465 1105 2498 ‹
1143 2445 1313 2501 Nemo
1354 2446 1551 2510 bonus,
1596 2444 1698 2499 nisi
1752 2459 1892 2498 unus
1921 2444 2083 2499 Deus.
2117 2462 2135 2496 ι

560 2536 686 2592 Sive
710 2537 839 2607 quia
861 2537 1043 2591 omnia
1084 2552 1203 2606 qum
1232 2544 1413 2591 creata
1444 2543 1591 2599 sum,
1631 2534 1879 2604 quamvis
1913 2550 1975 2589 ea
2002 2534 2144 2589 Deus

556 2627 748 2682 fecerit
778 2628 920 2683 bona
949 2626 1122 2689 valde,
1162 2625 1406 2680 Creatori
1450 2635 1628 2679 tamen
1658 2634 1968 2695 comparata
1991 2666 2005 2690 ,
2044 2639 2144 2679 nec

556 2719 698 2774 bona
722 2725 867 2781 sunt,
899 2717 987 2772 cui
1013 2724 1324 2785 comparata
1355 2730 1455 2769 nec
1479 2722 1621 2769 sunt.
1648 2714 1924 2769 Altissimo
1949 2709 2146 2784 quippe

557 2817 615 2865 et
664 2809 883 2880 pr0prio
916 2809 1074 2863 modo
1111 2809 1342 2878 quodam
1387 2808 1453 2863 de
1496 2821 1555 2862 se
1608 2808 1723 2878 ipso
1767 2808 1940 2863 dixit:
1978 2827 1996 2859 ‹
2034 2807 2146 2876 Ego

563 2924 584 2955 ‹
614 2918 731 2958 sum
758 2902 849 2972 qui
880 2917 1019 2966 sum,
1057 2920 1075 2952 ι
1106 2900 1199 2955 Sic
1228 2899 1428 2954 dictum
1459 2905 1565 2964 est,
1596 2917 1613 2949 ι
1646 2897 1812 2952 Nemo
1842 2898 2013 2953 bonus
2028 2896 2147 2951 nisi

564 3012 584 3045 ι
617 3008 757 3048 unus
782 2991 928 3048 Deus
956 2991 1149 3063 (Marc.
1183 2990 1262 3061 κ),
1297 3008 1315 3041 ι
1352 2987 1802 3060 quemadmodum
1832 2986 1899 3042 de
1942 2985 2149 3042 Joanne

560 3084 766 3139 dictum
796 3092 916 3137 est:
955 3099 973 3132 ι
1008 3080 1123 3136 Non
1154 3089 1272 3134 erat
1302 3078 1390 3133 ille
1445 3078 1622 3131 lumen
1651 3077 1832 3147 (Joan.
1869 3074 1933 3145 ι),
1970 3094 1989 3128 ι
2026 3089 2149 3129 cum

560 3163 825 3231 Dominus
852 3187 973 3227 eum
999 3171 1141 3225 dicat
1170 3184 1290 3226 esse
1332 3168 1628 3232 lucernam,
1668 3167 1812 3221 sicut
1858 3164 2150 3235 discipulos

2243 2077 2444 2131 dictum
2472 2078 2740 2133 arbitror:
2780 2097 2798 2130 ί
2833 2079 2973 2135 Ecce
3007 2080 3163 2149 ejicio
3192 2082 3479 2149 dremonia,
3523 2093 3579 2140 et
3623 2087 3836 2140 sanita-

2250 2187 2268 2219 ι
2315 2176 2393 2222 les
2417 2166 2640 2237 perﬁcio
2674 2168 2833 2225 hodie
2852 2177 2906 2224 et
2933 2186 3077 2237 cras,
3102 2180 3156 2226 et
3189 2173 3345 2227 tertia
3380 2174 3467 2229 die
3493 2191 3842 2233 consummor

2248 2277 2266 2309 ι
2304 2257 2451 2330 (Luc.
2472 2258 2614 2329 xm),
2636 2277 2655 2311 ι
2675 2259 2727 2314 id
2747 2267 2849 2326 est,
2871 2261 3142 2329 perﬁcior.
3161 2263 3307 2318 Dixit
3330 2265 3475 2320 enim
3501 2262 3603 2323 hoc
3624 2284 3690 2322 ex
3711 2284 3837 2338 per-

2243 2363 2373 2402 sona
2399 2347 2639 2417 corporis
2666 2348 2772 2414 sui,
2803 2350 2948 2418 quod
2979 2360 3064 2406 est
3093 2352 3374 2409 Ecclesia:
3413 2355 3708 2427 diSponens
3737 2372 3839 2426 pro

2244 2440 2512 2496 distinctis
2544 2442 2913 2512 ordinatisque
2952 2445 3307 2514 temporibus,
3360 2448 3508 2518 quod
3535 2449 3591 2502 in
3616 2464 3715 2503 sua
3753 2463 3840 2504 re-

2245 2531 2577 2587 surrectione
2599 2532 2922 2604 signiﬁcavit
2961 2534 3014 2588 in
3040 2535 3243 2591 triduo.

2316 2622 2453 2678 XIV.
2489 2623 2676 2697 (Ibid.)
2705 2624 2932 2682 Avertat
2965 2640 3024 2682 se
3059 2627 3221 2685 homo
3251 2644 3282 2684 a
3313 2629 3527 2695 delicto,
3548 2647 3683 2687 cum
3715 2648 3841 2703 pro-

2247 2713 2476 2770 ﬁciendo
2502 2715 2626 2770 inde
2659 2716 2911 2782 discedit,
2948 2724 3018 2771 et
3046 2727 3343 2773 renovatur
3365 2719 3432 2775 de
3461 2721 3548 2777 die
3581 2723 3637 2776 in
3668 2723 3836 2788 diem,

2247 2811 2301 2858 et
2341 2803 2537 2873 dirigat
2566 2804 2620 2858 in
2647 2819 2782 2874 opus
2809 2805 3214 2874 misericordiae,
3254 2816 3313 2864 et
3344 2810 3415 2865 ab
3438 2811 3590 2865 omni
3639 2812 3848 2877 delicto,

2248 2896 2471 2950 mundet
2496 2910 2592 2950 cor
2618 2910 2774 2951 suum
2800 2914 2813 2951 :
2872 2898 3215 2965 misereatur,
3263 2909 3325 2955 ut
3350 2902 3493 2972 quod
3522 2912 3716 2969 restat,
3740 2920 3838 2974 per

2248 2987 2460 3042 veniam
2488 2976 2809 3042 dimittatur.
2838 2987 2952 3043 Hoc
2980 2990 3123 3045 enim
3155 2990 3444 3047 salubriter
3470 3001 3525 3047 et
3550 2995 3671 3050 sine
3696 3011 3837 3050 vana

2251 3079 2503 3149 inanique
2523 3079 2803 3150 jactantia,
2836 3079 2973 3136 bene
3003 3081 3321 3153 intelligitur
3356 3083 3411 3138 in
3437 3098 3502 3139 eo
3527 3086 3672 3156 quod
3703 3087 3843 3141 dixit

2255 3172 2312 3226 S.
2353 3171 2588 3227 ioannes
2613 3190 2626 3225 :
2670 3190 2690 3223 ι
2722 3171 2779 3226 Si
2809 3187 2905 3229 cor
2934 3183 3177 3229 nostrum
3203 3190 3303 3231 nos
3329 3192 3434 3232 non
3455 3180 3838 3248 reprehendat,

562 3265 759 3336 quibus
783 3263 954 3320 dixit:
984 3282 1001 3314 ι
1031 3261 1138 3316 Vos
1166 3262 1297 3315 estis
1330 3260 1511 3315 lumen
1558 3259 1744 3314 mundi
1777 3259 1987 3329 (Matth.
2015 3258 2088 3328 v).
2121 3276 2140 3311 ι
2175 3240 2220 3303 C
2257 3279 2276 3312 ι
2311 3260 2561 3315 ﬁduciam
2588 3259 2849 3316 habemus
2869 3262 2938 3318 ad
2962 3262 3273 3329 Dominum,
3302 3276 3356 3321 et
3380 3240 3718 3339 quaecunque

561 3357 673 3412 Sed
720 3357 775 3411 in
835 3353 1239 3424 comparatione
1288 3352 1506 3406 luminis
1560 3351 1720 3416 illius,
1767 3350 1909 3421 quod
1936 3357 2017 3404 est
2063 3348 2147 3403 lu-

562 3463 688 3503 men
716 3460 903 3500 verum
932 3445 1246 3499 illuminans
1297 3456 1514 3497 omnem
1540 3441 1813 3495 hominem
1842 3440 2150 3495 venientem

565 3540 620 3595 in
669 3537 815 3593 hunc
852 3537 1109 3592 mundum
1132 3576 1146 3601 ,
1198 3550 1305 3589 non
1336 3542 1455 3589 erat
1494 3533 1584 3587 ille
1621 3533 1823 3587 lumen.
1870 3530 1995 3586 Sive
2024 3531 2152 3601 quia

564 3630 731 3685 etiam
760 3629 860 3699 ipsi
908 3627 1002 3682 ﬁlii
1034 3628 1151 3695 Dei,
1197 3625 1494 3695 comparati
1548 3624 1807 3695 sihiipsis,
1864 3623 2053 3694 quales
2098 3623 2153 3677 in

565 3719 655 3776 illa
681 3719 1012 3790 perfectione
1038 3729 1238 3774 aeterna
1269 3717 1432 3772 futuri
1457 3724 1597 3780 sunt,
1643 3716 1717 3772 ita
1747 3717 1872 3772 boni
1905 3726 2048 3782 sun‘t,
2097 3725 2156 3771 ut

565 3813 742 3870 adhuc
768 3822 822 3869 et
843 3814 966 3868 mali
992 3813 1120 3878 sint,
1144 3812 1293 3883 quod
1321 3810 1389 3865 de
1416 3811 1522 3865 illis
1544 3811 1721 3865 dicere
1745 3825 1850 3864 non
1874 3810 2152 3864 auderem.

556 3912 703 3980 .Quis
732 3910 878 3964 enim
926 3908 1122 3961 audeat
1169 3906 1351 3961 dicere
1382 3904 1553 3958 malos
1581 3918 1701 3957 esse
1743 3917 1972 3972 quorum
2003 3911 2158 3972 pater

565 4009 652 4055 est
679 4000 844 4062 Deus,
874 3996 974 4051 nisi
1009 3996 1124 4066 ipse
1165 3994 1425 4049 Dominus
1450 3994 1691 4048 diceret:
1730 4012 1749 4043 ‹
1781 3991 1838 4046 Si
1864 4007 1995 4062 ergo
2041 4007 2155 4058 vos,

562 4110 595 4142 ι
628 4106 752 4146 cum
779 4088 897 4145 sitis
926 4088 1076 4152 mali,
1109 4087 1279 4142 nostis
1305 4087 1446 4140 bona
1482 4085 1606 4140 data
1630 4086 1757 4140 dare
1785 4084 1911 4140 ﬁliis
1939 4086 2155 4150 vestris,

575 4200 595 4237 ι
628 4190 827 4252 quanto
858 4179 1029 4250 magis
1060 4177 1271 4250 (Matth.
1312 4176 1432 4247 vn),
1470 4196 1487 4228 ι
1530 4186 1586 4231 et
1636 4176 1862 4247 reliqua.
1912 4174 2049 4230 Cum
2085 4176 2162 4231 ait

568 4277 755 4346 utique
788 4294 805 4325 ι
844 4284 998 4346 pater
1020 4282 1219 4334 vester,
1256 4290 1276 4321 ι
1314 4269 1453 4325 ﬁlios
1481 4268 1573 4322 Dei
1599 4266 1713 4335 jam
1743 4281 1863 4321 esse
1893 4275 2162 4322 monstra-

568 4369 670 4434 vit,
704 4382 843 4438 quos
869 4374 1048 4420 tamen
1080 4364 1255 4418 adhuc
1281 4361 1452 4416 malos
1481 4374 1599 4413 esse
1651 4373 1757 4413 non
1785 4358 1972 4411 tacuit.
2010 4357 2162 4414 Unde

568 4459 770 4516 cst‘ille
792 4458 1120 4520 admonitus,
1152 4454 1242 4525 qui
1285 4453 1722 4523 interrogaverat
1755 4449 1884 4519 quid
1916 4449 2044 4505 boni
2076 4449 2160 4504 fa-

552 4564 736 4619 ceret,
762 4562 822 4608 ut
853 4552 1001 4606 illum
1037 4556 1336 4621 quaereret,
1372 4547 1525 4618 cujus
1555 4548 1728 4619 gratia
1776 4548 1950 4602 bonus
1986 4553 2157 4611 esset,

567 4649 657 4703 cui
701 4648 902 4703 bonum
946 4659 1087 4708 esse,
1142 4642 1244 4698 hoc
1290 4651 1374 4698 est
1424 4643 1599 4712 ipsum
1644 4656 1783 4704 esse,
1823 4640 1915 4709 qui
1946 4640 2155 4694 incom-

568 4738 900 4795 mutabililer
929 4738 1124 4800 bonus,
1155 4750 1259 4790 non
1291 4741 1467 4803 potest
1492 4731 1713 4788 omnino
1743 4731 1920 4785 malus
1945 4745 2085 4785 esse.

644 4828 756 4883 XII.
792 4826 943 4899 (Cap.
979 4824 1086 4897 l5.)
1118 4824 1173 4879 Si
1201 4841 1295 4880 cor
1332 4832 1572 4879 nostrum
1604 4838 1702 4878 nos
1733 4836 1839 4876 non
1869 4820 2161 4890 reprehen-

570 4921 684 4984 dat,
714 4916 963 4973 ﬁduciam
987 4916 1247 4970 habemus
1276 4913 1344 4969 ad
1368 4913 1533 4969 Deum
1553 4953 1569 4977 ,
1614 4921 1669 4967 et
1705 4924 2039 4982 quaecunque
2069 4922 2161 4979 pe-

570 5010 818 5064 tierimus
859 5007 1185 5077 accipiemus
1237 5005 1305 5060 ab
1334 5019 1400 5060 eo
1440 5003 1490 5076 (I
1514 5004 1672 5059 Joan.
1706 5003 1809 5075 ιιι).
1867 5001 1980 5056 Hoc
2016 4999 2160 5055 enim

557 5103 749 5175 .agitur
795 5101 1107 5165 voluntate,
1156 5099 1449 5164 credendo,
1506 5096 1802 5165 sperando,
1861 5091 2154 5163 diligendo,

572 5212 768 5267 corpus
822 5195 1154 5266 castigando,
1199 5192 1571 5261 eleemosynas
1611 5187 1889 5250 faciendo,
1935 5183 2158 5253 injurias

560 5287 916 5361 ignoscendo,
973 5287 1239 5340 instanter
1286 5282 1491 5338 orando
1544 5290 1599 5335 et
1644 5275 1959 5349 proﬁciendi
2015 5276 2161 5328 vires

559 5378 1222 5451 precandoveraciterque
1238 5374 1498 5431 dicendo:
1537 5389 1554 5421 α
1594 5370 1812 5424 Dimitte
1840 5366 2018 5429 nobis,
2050 5365 2159 5419 sic-

572 5491 593 5523 ‹
625 5482 687 5526 ut
706 5479 761 5526 et
787 5486 885 5526 nos
899 5468 1247 5533 dimittimus,
1272 5486 1289 5518 ι
1318 5474 1401 5520 et:
1436 5483 1452 5514 ‹
1484 5461 1558 5517 Ne
1576 5477 1674 5516 nos
1693 5458 1958 5514 inferasin
1986 5466 2161 5511 tenta-

575 5581 595 5611 ς
624 5562 844 5624 tionem,
872 5560 966 5614 sed
991 5559 1157 5613 libera
1187 5552 1502 5611 nosamalo.
1534 5572 1552 5605 ι
1574 5551 1688 5606 Iioc
1714 5565 1935 5620 prorsus
1961 5548 2156 5619 agitur,

573 5660 632 5707 ut
658 5666 753 5708 cor
795 5651 1119 5713 mundetur,
1178 5656 1233 5701 et
1280 5654 1560 5716 peccatum
1616 5655 1777 5697 omne
1824 5638 2061 5701 tollatur,
2104 5646 2159 5691 et

574 5744 715 5814 quod
739 5742 900 5811 judcx
927 5741 1123 5811 justus,
1172 5752 1294 5792 cum
1321 5737 1371 5790 in
1415 5735 1606 5789 throno
1630 5732 1851 5795 sederit,
1887 5728 2155 5785 occultum

568 5832 879 5897 invenerit,
933 5830 1218 5898 minusque
1260 5825 1597 5890 mandatum,
1626 5820 1741 5891 ejus
1789 5819 2153 5876 misericordia

2256 3370 2275 3403 ι
2314 3351 2561 3407 tierimus
2592 3352 2925 3423 accipiemus
2950 3354 3017 3409 ab
3041 3369 3124 3410 eo.
3158 3354 3211 3426 (Ι
3224 3346 3484 3429 Joan.n).
3511 3378 3529 3410 ι
3562 3357 3678 3415 Hoc
3697 3360 3845 3418 enim

2251 3441 2466 3496 videtur
2509 3442 2615 3498 isto
2662 3442 2782 3499 loco
2813 3444 3178 3512 admonuisse,
3212 3462 3282 3503 ne
3325 3463 3419 3504 cor
3447 3458 3695 3505 nostrum
3746 3467 3845 3507 nos

2254 3535 2307 3590 in
2338 3536 2451 3605 ipsa
2482 3536 2724 3591 oratione
2771 3544 2827 3592 et
2852 3538 3120 3608 petitione
3170 3540 3553 3609 reprehendat,
3586 3542 3703 3598 ‘boc
3739 3552 3842 3622 est,

2254 3640 2322 3680 ne
2350 3624 2487 3679 forte
2524 3641 2648 3680 cum
2697 3628 3023 3697 creperimus
3071 3628 3295 3686 dicere:
3357 3650 3376 3683 r
3415 3631 3640 3687 Dimitte
3686 3634 3844 3689 nobis

2259 3733 2278 3767 ι
2304 3714 2442 3770 sicut
2472 3723 2527 3770 et
2545 3731 2644 3770 nos
2670 3716 3010 3780 dimittimus,
3034 3737 3051 3770 ι
3074 3734 3502 3791 compungamur
3530 3736 3644 3776 non
3667 3721 3842 3777 facere

2255 3809 2396 3879 quod
2424 3810 2670 3872 dicimus,
2713 3819 2806 3865 aut
2837 3811 3002 3867 etiam
3030 3825 3136 3866 non
3167 3814 3460 3868 audeamus
3488 3814 3667 3871 dicere
3693 3813 3839 3885 quod

2252 3916 2367 3955 non
2398 3900 2649 3967 facimus,
2685 3909 2740 3955 et
2769 3899 3019 3956 ﬁduciam
3054 3901 3268 3972 petendi
3296 3903 3633 3961 amittamus.

2328 3991 2443 4047 XV.
2477 3991 2628 4064 (Cap.
2659 3992 2770 4065 I8.)
2798 3993 3077 4061 Quomodo
3109 4009 3295 4049 verum
3322 4003 3442 4050 est:
3489 4014 3508 4047 ι
3538 3994 3729 4051 Omnis
3754 3996 3847 4067 qui

2266 4104 2284 4135 ι
2324 4092 2512 4154 peccat
2544 4100 2650 4139 non
2681 4084 2817 4139 vidit
2860 4101 2982 4140 eum
3008 4126 3022 4151 ,
3079 4099 3251 4156 neque
3302 4087 3555 4155 cognovit
3608 4103 3735 4142 eum
3796 4088 3846 4160 (1

2267 4193 2284 4226 ι
2314 4174 2471 4229 Joan.
2493 4175 2598 4241 ιιι),
2630 4194 2648 4227 ι
2676 4191 2797 4231 cum
2821 4176 3113 4232 secundum
3128 4178 3391 4234 visionem
3414 4187 3469 4234 et
3486 4180 3849 4250 cognitionem

2262 4281 2381 4337 quae
2427 4265 2533 4322 erit
2564 4266 2618 4320 in
2665 4267 2849 4336 Specie
2873 4308 2889 4333 ,
2941 4283 3100 4325 nemo
3147 4285 3267 4325 eum
3298 4270 3354 4324 in
3386 4269 3490 4325 hac
3525 4270 3636 4324 vita
3669 4270 3851 4326 videat

2263 4366 2425 4428 atque
2477 4368 2811 4427 cognoscat;
2875 4360 3170 4415 secundum
3231 4360 3496 4417 visionem
3550 4372 3737 4417 autem
3797 4372 3853 4417 et

2262 4448 2623 4520 cognitionem
2668 4464 2789 4518 qum
2818 4459 2901 4505 est
2932 4451 2986 4505 in
3034 4450 3174 4517 ﬁde,
3206 4452 3359 4507 multi
3420 4461 3549 4507 sunt
3592 4453 3686 4523 qui
3715 4468 3848 4524 pec—

2265 4549 2425 4606 cent,
2473 4548 2620 4596 certe
2659 4540 2759 4611 ipsi
2808 4550 3067 4611 apostatae
3090 4583 3107 4611 ,
3161 4543 3251 4613 qui
3281 4551 3460 4599 tamen
3505 4544 3560 4599 in
3589 4558 3713 4598 eum
3748 4544 3850 4598 ali-

2260 4632 2476 4703 quando
2503 4620 2871 4699 credi'derunt,
2898 4642 2957 4688 ut
2983 4633 3051 4690 de
3082 4635 3223 4691 nullo
3262 4651 3450 4692 eorum
3480 4636 3588 4692 dici
3633 4637 3848 4705 possit,

2261 4723 2557 4779 secundum
2602 4723 2861 4779 visionem
2895 4733 2949 4778 et
3005 4727 3364 4797 cognitionem
3393 4742 3513 4797 quae
3563 4727 3743 4783 adhuc
3793 4728 3850 4782 in

2264 4813 2368 4868 ﬁde
2404 4821 2505 4878 est,
2563 4833 2581 4864 ‹
2609 4829 2715 4868 ιιοιι
2745 4814 2877 4867 vidit
2904 4830 3049 4881 eum,
3103 4832 3277 4886 neque
3324 4817 3573 4888 cognovit
3618 4817 3790 4873 eum?
3823 4835 3845 4870 ι

2264 4902 2369 4959 Sed
2426 4904 2829 4976 intelligendum
2884 4908 3139 4974 arbitror,
3182 4910 3307 4979 quia
3359 4911 3641 4966 renovatio
3678 4909 3851 4981 perﬁ-

2265 4995 2452 5051 cienda
2509 4997 2653 5051 videt
2703 5005 2759 5051 et
2801 5000 3115 5067 cognoscit;
3173 5002 3455 5056 inﬁrmitas
3488 5016 3637 5057 'vero
3687 5004 3851 5058 absu-

2261 5088 2475 5153 menda,
2501 5103 2602 5142 nec
2626 5086 2787 5150 videt,
2820 5103 2921 5142 nec
2942 5091 3217 5159 cognoscit
3246 5106 3388 5145 eum.
3415 5090 3471 5145 In
3501 5092 3656 5161 cujus
3680 5106 3852 5160 quan-

2262 5178 2548 5248 tiscnnque
2581 5177 2819 5247 reliquiis
2861 5178 3089 5233 interius
3135 5180 3444 5233 constitutis
3472 5180 3517 5235 si
3545 5180 3850 5236 dixerimus

2264 5269 2389 5338 quia
2421 5277 2699 5337 peccatum
2748 5285 2855 5323 non
2887 5268 3167 5333 habemus,
3218 5285 3317 5324 nos
3346 5270 3490 5340 ipsos
3535 5270 3853 5327 scducimus

2265 5371 2319 5417 et
2347 5362 2546 5416 veritas
2585 5362 2637 5416 in
2672 5363 2828 5418 nobis
2859 5378 2964 5418 non
2999 5373 3102 5418 est.

2341 5453 2476 5508 XVI.
2514 5452 2699 5526 (lbid.)
2747 5454 2881 5508 Cum
2923 5469 3019 5525 per
3068 5456 3294 5526 gratiam
3340 5454 3706 5511 renovationis
3752 5454 3851 5509 ﬁlii

2268 5545 2362 5599 Dei
2418 5559 2641 5609 sumus,
2700 5552 2878 5599 tamen
2924 5555 3146 5615 propter
3202 5546 3459 5614 reliquias
3517 5543 3853 5599 inﬁrmitatis

2267 5635 2506 5689 nondum
2558 5637 2808 5703 apparuit
2866 5636 3008 5705 quod
3061 5636 3282 5690 erimus.
3345 5634 3561 5689 Scimus
3591 5635 3851 5705 quoniam

2266 5746 2389 5784 cum
2422 5727 2750 5799 apparuerit,
2792 5728 2993 5783 similes
3015 5728 3061 5781 ei
3112 5727 3350 5792 erimus,
3397 5728 3654 5797 quoniam
3700 5726 3855 5781 vide-

2267 5822 2442 5877 bimus
2471 5834 2592 5875 cum
2620 5819 2779 5874 sicuti
2810 5828 2911 5875 est.
2961 5819 3111 5873 Tunc
3146 5828 3425 5889 peccatum
3466 5818 3671 5873 nullam
3718 5819 3849 5881 erit,
