4032 6436
196 377 300 436 H3

998 375 1088 433 DE
1124 358 1825 439 PREDES’I‘INATIONE,
1868 371 2049 436 ETC.,
2088 370 2180 426 EX
2221 367 2644 426 AUGUSTINO.

3365 354 3462 406 nt

195 489 320 562 quia
348 485 639 543 inﬁrmitas
675 498 775 544 nec
805 484 1030 544 interior
1053 502 1152 543 nec
1179 487 1416 543 exterior
1460 486 1568 541 ulla
1596 499 1775 540 rema-
1804 487 1853 546 Α
1883 491 1966 538 tor
1991 482 2086 538 Dei
2114 491 2169 538 et
2216 483 2493 537 hominum
2530 483 2692 539 homo
2716 481 2961 539 Christus
2995 481 3185 550 Iesus,
3225 485 3341 541 sine
3367 498 3464 541 cu-

193 578 362 645 nebit,
393 584 449 632 et
476 577 653 632 omnis
682 576 773 646 qui
801 577 965 632 habet
992 577 1129 632 hanc
1159 591 1309 646 spem
1334 576 1387 630 in
1412 590 1557 640 eum,
1582 573 1783 629 sancti-

193 669 403 725 ticatse
430 669 574 723 sicut
618 675 675 722 et
710 667 825 738 ipse
874 676 1097 741 sanctus
1118 676 1221 721 est.
1274 664 1591 721 Sanctiﬁcat
1636 663 1780 718 enim

193 780 272 831 se,
312 779 419 819 non
444 778 544 834 per
572 762 834 831 seipsum,
870 762 965 816 sed
1005 760 1274 815 credendo
1305 758 1357 814 in
1386 758 1534 812 illum
1560 797 1576 825 ,
1622 764 1676 811 et
1704 756 1784 809 in-

191 857 435 913 vocanda
465 856 636 917 illum,
683 856 770 925 qui
813 853 1117 909 sanctiﬁcat
1160 861 1375 908 sanctos
1420 865 1566 905 suos.
1619 848 1782 917 Cujus

192 945 639 1005 sanctificationis
664 943 949 1017 perfectio,
987 958 1107 1015 qua:
1136 958 1280 999 nunc
1309 940 1543 1012 proﬁcit,
1581 949 1635 995 et
1661 954 1782 995 cre«

192 1038 296 1095 scit
348 1038 417 1093 de
465 1036 552 1090 die
584 1036 640 1090 in
689 1036 869 1102 diem,
913 1049 1103 1090 omnes
1150 1031 1481 1089 inﬁrmitatis
1527 1030 1782 1101 reliquias

193 1128 444 1185 ablatura
471 1136 576 1185 est.

258 1219 422 1276 XVII.
456 1217 609 1292 (Cap.
668 1216 779 1291 19.)
812 1218 905 1274 Dei
950 1217 1178 1289 gratiam
1222 1216 1310 1272 vel
1350 1216 1781 1272 misericordiam

189 1310 442 1371 volumus
472 1311 764 1382 impetrare
786 1350 803 1374 ,
846 1325 971 1365 cum
1003 1310 1234 1365 dicimus
1267 1327 1279 1362 :
1319 1326 1337 1360 ‹
1375 1308 1498 1363 Fiat
1527 1307 1782 1363 voluntas

196 1424 223 1458 ι
247 1414 340 1460 tua
357 1404 500 1460 sicut
529 1403 580 1458 in
607 1403 765 1469 cmlo,
782 1403 857 1458 ita
884 1412 940 1459 et
958 1403 1012 1458 in
1030 1412 1195 1471 terra,
1220 1424 1238 1455 ι
1259 1403 1373 1459 vel:
1403 1402 1509 1458 tNe
1521 1420 1620 1459 nos
1644 1403 1780 1458 infe-

197 1512 216 1546 ι
251 1509 343 1550 ras
370 1494 422 1549 in
442 1492 934 1558 tentationem,sed
960 1491 1128 1548 libera
1153 1509 1250 1547 nus
1271 1508 1302 1546 a
1334 1492 1494 1548 malo.
1521 1513 1540 1546 ›
1571 1493 1783 1563 thuid

191 1583 339 1640 enim
383 1584 486 1638 ista
516 1581 721 1638 orando
767 1590 915 1638 tanto
945 1583 1145 1653 gemitu
1176 1583 1428 1653 petimus,
1469 1584 1512 1639 si
1554 1584 1783 1641 volentis

192 1674 428 1731 hominis
455 1682 512 1729 et
539 1673 832 1737 currentis,
878 1689 985 1728 non
1017 1674 1328 1729 miserantis
1354 1682 1440 1729 est
1488 1674 1626 1729 Dei?
1665 1674 1781 1730 Non

192 1767 318 1839 quia
353 1767 457 1822 hoc
512 1765 631 1820 sine
657 1765 931 1819 voluntate
959 1772 1142 1820 nostra
1170 1765 1367 1836 agitur,
1418 1766 1511 1821 sed
1540 1766 1663 1836 quia
1688 1782 1781 1822 vo-

1880 574 1970 644 jus
2018 574 2189 643 gratia
2241 588 2399 627 nemo
2437 589 2465 627 a
2518 574 2959 629 condemuatione
3006 575 3295 642 liberatur,
3345 577 3465 634 sive

1884 679 2045 736 quam
2080 664 2249 719 traxit
2279 678 2344 717 ex
2381 663 2468 716 illo
2498 665 2550 717 in
2577 679 2684 734 quo
2711 680 2896 720 omnes
2936 676 3319 736 peccaverunt,
3348 668 3468 727 sive

1885 776 2045 830 quam
2074 767 2259 830 postea
2290 758 2401 813 suis
2426 758 2797 827 iniquitatibus
2826 760 3049 815 addidit.

1955 848 2073 903 XX.
2102 848 2308 903 Dicitur
2331 866 2343 902 :
2376 867 2393 899 ‹
2431 848 2659 915 Adjutor
2686 865 2837 904 meus
2864 860 3003 915 esto,
3030 868 3098 907 ne
3120 851 3463 923 derelinquas
3525 905 3530 909 .

1883 954 2010 994 me:
2047 958 2064 991 ι
2096 954 2201 993 non
2237 938 2423 1008 utique
2447 939 2511 991 ad
2544 940 2846 1009 corporalia
2868 942 3005 996 bona
3039 945 3361 1012 capessenda
3405 954 3465 1000 ct-

1883 1030 2023 1086 mala
2062 1032 2338 1095 cavenda;
2392 1029 2483 1085 sed
2531 1029 2597 1084 ad
2636 1032 2922 1100 gerendam
2973 1034 3464 1104 perﬁciendamque

1876 1120 2162 1191 justitiam.
2214 1121 2440 1193 Propter
2479 1123 2624 1191 quod
2672 1122 2939 1179 dicimus:
2977 1142 2995 1175 ι
3024 1123 3102 1181 Ne
3133 1141 3231 1181 nos
3262 1126 3464 1182 inferas

1890 1231 1909 1263 ι
1955 1213 2007 1268 in
2040 1212 2414 1277 tentationem,
2437 1213 2532 1267 sed
2559 1212 2726 1268 libera
2749 1230 2848 1270 nos
2875 1230 2904 1268 a
2934 1215 3096 1270 malo.
3127 1235 3145 1268 ι
3178 1216 3289 1272 Nec
3314 1217 3467 1288 adju-

1883 1311 2061 1369 vatur,
2087 1303 2187 1358 nisi
2215 1303 2304 1373 qui
2335 1304 2517 1373 etipse
2538 1305 2738 1374 aliquid
2765 1305 2877 1375 agit
2901 1324 2912 1359 :
2939 1305 3222 1375 adjuvatur
3255 1316 3460 1376 autem,

1883 1394 1927 1452 si
1961 1397 2194 1462 invocat,
2225 1397 2269 1451 si
2301 1397 2504 1462 credit,
2539 1398 2582 1452 si
2608 1398 2899 1452 secundum
2930 1398 3261 1467 propositum
3298 1395 3466 1456 voca-

1883 1493 1971 1541 tus
1993 1494 2093 1541 est.
2126 1485 2406 1552 Quomodo
2434 1501 2569 1555 quos
2597 1495 2722 1541 ante
2743 1486 3013 1557 praescivit
3042 1496 3095 1543 et
3119 1488 3468 1557 praedestina-

1883 1577 1962 1633 vit
1992 1578 2297 1634 conformes
2326 1577 2575 1650 imaginis
2623 1579 2714 1633 ﬁlii
2748 1582 2827 1634 sui
2856 1621 2870 1647 ,
2912 1588 2971 1635 ut
3022 1580 3092 1635 sit
3121 1580 3236 1650 ipse
3262 1581 3493 1652 primo-‘

1883 1669 2097 1740 genitus
2128 1670 2180 1723 in
2211 1669 2396 1723 multis
2422 1668 2698 1725 fratribus.
2731 1670 2875 1738 Quos
2903 1679 3079 1725 autem
3116 1671 3469 1741 prtedestina-

1881 1759 1977 1824 vit,
2010 1758 2128 1814 illos
2153 1766 2207 1813 et
2247 1759 2489 1826 vocavit;
2526 1773 2661 1829 quos
2686 1760 2916 1826 vocavit,
2949 1759 3069 1815 illos
3112 1768 3167 1816 et
3203 1760 3468 1831 justiﬁca-

192 1856 372 1914 luntas
403 1873 509 1913 non
536 1855 725 1926 implet
759 1857 901 1927 quod
935 1857 1068 1926 agit,
1119 1856 1225 1912 nisi
1251 1857 1508 1912 divinitus
1554 1858 1772 1929 adjuve-
1802 1847 1848 1905 Β
1877 1850 1973 1917 vit;
2002 1866 2136 1921 quos
2159 1859 2335 1906 autem
2355 1845 2690 1922 justiﬁcavit,
2716 1852 2837 1908 illos
2862 1860 2918 1908 et
2944 1853 3288 1924 gloriﬁcavit.
3322 1855 3459 1910 Cur-

191 1960 298 2007 tur.
352 1951 479 2008 Haec
512 1959 596 2007 est
634 1951 766 2011 ﬁdei
809 1953 1053 2021 sanitas;
1101 1968 1222 2023 quae
1275 1968 1373 2007 nos
1422 1952 1549 2007 facit
1596 1966 1774 2018 orare,

190 2053 525 2115 quaererem
553 2043 912 2111 inveniamus,
944 2054 1130 2116 petere
1178 2053 1239 2098 ut
1278 2044 1630 2112 accipiamus,
1663 2043 1778 2114 pul-

189 2150 322 2192 sare
347 2144 409 2191 ut
435 2136 710 2206 aperiatur
749 2136 926 2191 nobis.
958 2135 1157 2191 Contra
1188 2135 1346 2190 istam
1374 2134 1466 2204 qui
1516 2133 1774 2204 disputat,

191 2239 384 2283 contra
437 2229 671 2299 seipsum
720 2228 921 2284 claudit
975 2229 1176 2285 ostium
1227 2227 1615 2282 misericordia:
1662 2226 1776 2281 Dei.

190 2320 327 2377 Nolo
366 2320 521 2390 plura
562 2320 742 2376 dicere
781 2321 850 2377 de
902 2334 961 2374 re
1008 2312 1178 2385 tanta,
1239 2317 1368 2387 quia
1417 2317 1608 2372 melius
1658 2331 1778 2372 eam

191 2411 478 2468 committo
529 2411 764 2467 fidelium
816 2412 1106 2484 gemitibus
1162 2425 1325 2481 quam
1378 2410 1514 2467 meis
1568 2424 1777 2465 sermo-

191 2504 373 2562 nibus.

260 2600 451 2656 XVIII.
483 2601 672 2673 (Ibid)
730 2601 1104 2658 Voluntarium
1146 2607 1391 2658 nostrum
1426 2600 1625 2656 bonum
1672 2608 1776 2666 est,

190 2707 317 2749 cum
349 2692 493 2748 Deus
517 2702 775 2762 operatur
808 2693 862 2747 in
893 2692 1052 2748 nobis
1076 2701 1132 2747 et
1162 2691 1299 2748 velle
1343 2702 1399 2747 et
1421 2690 1634 2761 operari
1680 2704 1780 2761 pro

189 2785 337 2840 bona
389 2782 686 2841 voluntate.
744 2784 802 2839 In
868 2784 1284 2841 Deuteronomio
1338 2784 1599 2854 scriptum
1651 2790 1775 2839 est:

195 2895 215 2928 ι
254 2866 439 2931 Vitam
468 2883 523 2931 et
547 2884 776 2932 mortem
812 2875 961 2931 dedit
984 2884 1110 2931 ante
1141 2874 1334 2930 faciem
1381 2874 1649 2940 hominis,
1679 2875 1778 2930 bo-

195 2985 214 3017 ι
255 2980 391 3021 num
433 2974 489 3021 et
541 2965 764 3031 malum,
813 2973 869 3021 et
916 2965 1198 3021 admonuit
1243 2972 1303 3018 ut
1345 2964 1570 3033 eligeret
1613 2963 1780 3018 vitam

194 3077 212 3109 ί
256 3057 441 3129 (Deut.
459 3059 612 3127 xxx).
637 3076 654 3109 ι
683 3054 789 3112 Sed
806 3056 989 3126 etipsa
1012 3055 1306 3111 admonitio
1321 3054 1387 3111 de
1410 3054 1781 3110 misericordia

188 3148 364 3212 venit,
392 3162 492 3203 nec
520 3146 719 3218 aliquid
750 3147 1032 3219 prodesset
1060 3147 1263 3218 eligere
1286 3146 1480 3211 vitam,
1508 3145 1611 3200 nisi
1638 3144 1782 3202 Deus

188 3238 429 3311 eligendi
483 3238 802 3294 charitatem
851 3239 1162 3308 inspiraret,
1209 3246 1266 3292 et
1309 3237 1535 3293 electam
1580 3237 1780 3292 habere

188 3340 503 3402 praestaret.
533 3332 611 3386 De
636 3347 703 3388 eo
728 3332 931 3389 dictum
966 3340 1087 3388 est:
1144 3350 1163 3383 ι
1192 3331 1458 3400 Quoniam
1483 3332 1562 3386 ira
1606 3332 1661 3388 in
1706 3332 1787 3387 in-

193 3445 214 3478 c
253 3427 567 3498 dignatione
587 3426 724 3495 ejus,
774 3436 829 3484 et
858 3429 967 3484 vita
998 3431 1055 3484 in
1086 3429 1364 3484 voluntate
1407 3428 1546 3498 ejus.
1603 3428 1780 3499 (Psal.

194 3536 215 3570 ι
249 3518 429 3586 xxrx).
456 3536 475 3569 ›
494 3516 624 3570 item
640 3517 843 3570 dictum
856 3525 940 3572 est
965 3536 977 3568 :
1008 3535 1025 3568 ε
1056 3517 1113 3571 Si
1137 3518 1270 3573 velis
1288 3528 1576 3587 praecepta,
1600 3533 1786 3574 serva-

194 3626 215 3658 ι
247 3608 393 3661 bunt
423 3612 492 3660 te.
511 3604 703 3675 (Eccli.
728 3606 842 3676 xv).
877 3625 896 3658 ι
931 3605 1038 3661 Sed
1064 3608 1225 3663 debet
1244 3607 1355 3662 Deo
1375 3622 1536 3678 agere
1565 3610 1790 3678 gratias,

189 3696 329 3766 quia
359 3704 628 3767 praecepta
652 3696 845 3759 voluit,
895 3697 987 3766 qui
1017 3696 1264 3752 desertus
1291 3698 1437 3752 omni
1475 3698 1679 3753 lumine
1702 3714 1792 3755 ve-

188 3784 380 3839 ritatis
431 3784 547 3839 hac
588 3782 721 3838 velle
750 3798 858 3838 non
888 3791 1090 3854 posset.
1137 3782 1336 3839 Positis
1364 3792 1492 3841 ante
1515 3785 1793 3842 hominem

191 3877 326 3947 igne
354 3882 410 3935 et
437 3888 596 3943 aqua,
628 3888 735 3943 quo
761 3873 875 3928 vult
893 3873 1111 3945 quidem
1136 3874 1367 3945 porrigit
1397 3879 1614 3931 manum
1641 3893 1656 3943 ;
1695 3877 1790 3934 sed

192 3966 363 4022 altior
387 3973 471 4021 est
504 3965 594 4035 qui
631 3972 784 4021 vocat
812 3964 972 4021 altius
1024 3980 1187 4037 quam
1239 3968 1418 4023 omnis
1439 3967 1672 4024 humana
1702 3984 1791 4026 cos

194 4056 413 4129 gitatio.

270 4148 413 4204 XIX.
447 4148 634 4221 (Ibid)
660 4148 771 4205 Lex
800 4150 1258 4220 praevaricationis
1287 4150 1458 4222 gratia
1489 4152 1661 4221 posita
1684 4162 1786 4221 est,

197 4243 374 4299 donec
400 4243 609 4298 veniret
632 4258 815 4300 semen
839 4245 924 4299 cui
952 4245 1276 4315 promissum
1301 4252 1406 4300 est.
1438 4245 1590 4301 Unde
1611 4247 1790 4302 subin.

198 4331 371 4386 travit
407 4340 465 4386 ut
487 4331 790 4387 abundaret
819 4333 1092 4399 delictum,
1130 4343 1185 4389 et
1232 4335 1323 4390 ubi
1354 4335 1659 4391 abundavit
1699 4337 1791 4393 de-

198 4420 414 4486 lictum,
463 4421 918 4492 superabundavit
972 4424 1165 4495 gratia.
1194 4424 1250 4478 Id
1277 4433 1379 4490 est,
1422 4433 1486 4479 ut
1520 4426 1793 4496 acciperet

200 4510 373 4567 homo
397 4520 667 4582 przccepta
690 4552 706 4577 ,
735 4514 963 4583 superbe
989 4514 1055 4568 de
1082 4514 1196 4571 suis
1224 4513 1429 4570 viribus
1466 4514 1638 4570 ﬁdens
1671 4534 1685 4570 :
1735 4517 1790 4571 in

1878 1941 2046 1996 rimus
2078 1957 2207 2013 ergo
2245 1958 2366 1997 cum
2398 1942 2737 2013 proficimus,
2769 1944 2893 1999 dum
2944 1945 3149 1999 sanitas
3180 1954 3364 2000 nostra
3411 1948 3468 2002 in

1879 2034 2286 2105 proficientibus
2337 2036 2550 2091 currit:
2602 2035 2741 2092 sicut
2768 2037 2932 2091 etiam
2983 2037 3209 2092 cicatrix
3247 2052 3469 2095 currere

1880 2124 2097 2189 dicitur,
2127 2126 2339 2195 quando
2367 2127 2504 2181 bene
2548 2126 2742 2182 vulnus
2788 2127 3177 2198 diligenterque
3221 2137 3466 2196 curatur,

1879 2228 1939 2275 ut
1966 2221 2111 2275 omni
2147 2235 2211 2275 ex
2262 2230 2415 2292 parte
2450 2222 2696 2291 perfecti,
2753 2222 2870 2278 sine
2910 2222 3015 2278 ulla
3045 2224 3216 2279 simus
3250 2224 3469 2279 omnino

1882 2307 2197 2364 infirmitate
2242 2310 2470 2380 peccati,
2507 2312 2649 2380 quod
2684 2327 2789 2367 non
2826 2312 2995 2367 solum
3024 2313 3138 2367 vult
3164 2313 3323 2379 Deus,
3371 2329 3463 2368 ve-

1881 2421 1999 2459 rum
2026 2406 2188 2461 etiam
2219 2415 2276 2461 ut
2304 2406 2590 2478 impleatur
2611 2407 2740 2462 facit
2770 2415 2931 2477 atque
2960 2408 3195 2479 adjuvat.
3248 2408 3316 2462 Et
3363 2408 3467 2464 hoc

1879 2494 2158 2551 nobiscum
2199 2496 2311 2567 agit
2337 2496 2507 2567 gratia
2540 2496 2630 2551 Dei
2657 2512 2753 2566 per
2774 2496 3047 2551 Christum
3076 2495 3259 2551 Jesum
3284 2498 3467 2553 Domi-

1881 2602 2008 2642 num
2057 2594 2324 2652 nostrum,
2375 2599 2482 2639 non
2528 2584 2700 2639 solum
2733 2585 3037 2656 prmceptis,
3091 2587 3466 2655 sacramentis,

1881 2678 2164 2748 exemplis,
2201 2678 2294 2733 sed
2324 2677 2486 2732 etiam
2532 2675 2739 2746 Spiritu
2770 2686 2960 2732 sancto
2987 2691 3084 2746 per
3108 2691 3266 2746 quem
3293 2677 3462 2733 laten-

1882 2777 1966 2824 ter
1989 2768 2305 2823 diffunditur
2332 2767 2570 2823 charitas
2604 2767 2655 2822 in
2701 2766 2955 2821 cordibus
2992 2767 3213 2832 nostris,
3264 2766 3358 2837 qui
3389 2768 3473 2822 in-

1885 2860 2131 2931 terpellat
2157 2860 2447 2930 gemitibus
2476 2857 2950 2923 inenarrabilibus,
2998 2857 3172 2913 donec
3216 2858 3268 2912 in
3303 2857 3465 2913 nobis

1884 2953 2090 3009 sanitas
2142 2951 2476 3023 perficiatur,
2504 2960 2561 3006 et
2583 2951 2744 3016 Deus,
2797 2949 2955 3005 sicuti
2991 2957 3074 3005 est
3098 2948 3361 3005 videndus
3410 2949 3477 3007 in

1882 3054 2083 3102 aeterna
2108 3046 2358 3111 veritate,
2391 3051 2742 3099 monstretur.

1956 3136 2096 3192 XXI.
2127 3136 2382 3205 Quisquis
2412 3133 2576 3190 fuisse
2602 3134 2686 3189 vel
2713 3148 2833 3190 esse
2874 3134 2925 3189 in
2956 3134 3059 3189 hac
3086 3134 3196 3189 vita
3230 3132 3462 3204 aliquem

1886 3230 2184 3295 hominem,
2217 3227 2300 3282 vel
2340 3226 2553 3297 aliquos
2594 3227 2841 3282 homines
2885 3235 3058 3296 putat,
3100 3232 3328 3295 excepto
3356 3240 3486 3279 uno.

1884 3320 2182 3376 mediatore
2208 3318 2301 3375 Dei
2333 3328 2391 3374 et
2429 3319 2731 3384 hominum,
2781 3319 2978 3388 quibus
3008 3318 3314 3373 necessaria
3357 3332 3467 3371 non

1888 3394 2054 3467 fuerit
2101 3411 2353 3467 remissio
2400 3418 2770 3480 peccatorum,
2802 3411 3109 3465 contrarius
3161 3420 3245 3465 est
3274 3410 3467 3464 divina:

1889 3504 2207 3574 Scripturze,
2258 3503 2348 3557 ubi
2393 3502 2684 3573 Apostolus
2714 3505 2886 3561 dicit:
2933 3523 2950 3554 ι
3002 3503 3106 3558 Per
3151 3520 3316 3559 unum
3366 3504 3469 3563 ho-

1895 3617 1914 3649 c
1946 3600 2145 3653 minem
2174 3608 2456 3669 peccatum
2495 3599 2719 3653 intravit
2750 3600 2802 3653 in
2834 3598 3112 3664 mundum,
3144 3608 3199 3653 et
3227 3615 3320 3669 per
3346 3614 3473 3669 pec.-

1897 3706 1925 3739 ι
1951 3696 2131 3741 catum
2161 3702 2331 3752 mors,
2354 3696 2409 3741 et
2429 3688 2504 3742 ita
2539 3687 2594 3740 in
2624 3702 2815 3746 omnes
2845 3688 3093 3743 homines
3132 3688 3474 3756 pertransiit,

1896 3795 1915 3828 ι
1948 3776 2000 3831 in
2048 3790 2156 3846 quo
2183 3789 2372 3830 onmes
2417 3782 2776 3845 peccaverunt
2808 3773 2979 3845 (Rom.
3006 3774 3082 3845 v).
3108 3794 3125 3826 ι
3158 3774 3224 3829 Ει
3256 3789 3477 3832 necesse

1890 3877 1972 3927 est
1998 3878 2058 3926 ut
2081 3870 2245 3943 impia
2269 3868 2616 3925 contentione
2647 3876 2855 3923 asserat
2879 3879 2998 3921 esse
3041 3880 3200 3935 posse
3228 3867 3478 3925 homines

1889 3962 1979 4033 qui
2005 3962 2122 4017 sine
2142 3960 2443 4016 mediatore
2465 3958 2701 4024 Christo,
2731 3957 2994 4013 liberante
3016 3966 3176 4027 atque
3210 3958 3479 4026 salvante,

1890 4053 2000 4109 sint
2047 4051 2202 4106 liberi
2251 4050 2493 4120 salvique
2530 4065 2561 4104 a
2611 4055 2874 4121 peccato;
2928 4063 3050 4103 cum
3102 4047 3191 4105 ille
3235 4049 3475 4105 dixerit:

1895 4161 1913 4194 ι
1950 4142 2065 4197 Non
2095 4151 2178 4197 est
2200 4157 2336 4212 opus
2357 4141 2506 4196 sanis
2548 4140 2812 4205 medicus,
2839 4140 2930 4195 sed
2961 4139 3102 4194 male
3129 4140 3473 4198 habentibus.

1895 4254 1915 4287 ι
1952 4234 2071 4290 Non
2119 4234 2242 4289 veni
2285 4248 2481 4288 vocare
2517 4231 2715 4301 justos,
2763 4234 2857 4286 sed
2903 4240 3218 4301 peccatores
3259 4230 3477 4303 (Matth.

1898 4348 1916 4381 ι
1956 4344 2011 4383 ιχ
2034 4345 2048 4393 ;
2070 4326 2198 4380 Luc.
2223 4325 2342 4396 xu).
2371 4344 2390 4377 ι
2730 4319 2739 4326 ”

1962 4428 2125 4485 XXII.
2156 4426 2345 4501 (Ιὺὶιι.)
2374 4424 2630 4495 Quisquis
2668 4432 2848 4478 autem
2878 4423 3030 4487 dicit,
3054 4431 3483 4494 postacceptaut

1895 4518 2269 4573 remissionem
2298 4524 2671 4586 peccatorum,
2712 4515 2787 4568 ita
2835 4529 3155 4584 quemquam
3202 4516 3483 4575 hominem

201 4601 404 4672 quibus
434 4602 713 4667 deficiens,
740 4611 797 4656 et
821 4602 1009 4658 factus.
1027 4604 1192 4658 etiam
1226 4602 1633 4674 praevaricator,
1661 4603 1794 4660 libe-
1818 4600 1867 4617 ν
1894 4608 2039 4680 juste
2061 4608 2262 4663 vixisse
2290 4608 2342 4662 in
2389 4608 2491 4662 hac
2515 4621 2698 4670 carne,
2724 4604 2807 4659 vel
2834 4605 3033 4669 vivere,
3067 4614 3124 4659 ut
3153 4600 3355 4662 nulhtm
3384 4607 3480 4661 ha-

200 4703 445 4750 ratorem
483 4694 914 4764 salvatoremqne
958 4696 1298 4765 requireret;
1340 4701 1503 4763 atque
1544 4694 1618 4749 ita
1667 4710 1789 4751 eum
1896 4699 2022 4755 beat
2046 4700 2268 4754 omnino
2293 4706 2596 4769 peccatum,
2625 4695 2947 4751 contraJicit
2976 4696 3218 4765 apostolo
3252 4695 3480 4764 Joanni,

204 4790 372 4844 timor
396 4786 813 4857 legishumilcm
844 4788 1071 4854 factum,
1099 4796 1354 4859 tanquam
1385 4788 1704 4859 pmdagogus
1725 4788 1794 4846 ad
1899 4791 1989 4860 qui
2017 4791 2093 4844 ait
2118 4809 2129 4843 :
2164 4808 2181 4840 ι
2212 4788 2271 4844 Si
2293 4789 2593 4843 dixerimus
2614 4787 2739 4857 quia
2761 4796 3043 4856 peccatum
3070 4803 3173 4842 non
3196 4778 3476 4850 habemus,

206 4882 371 4937 ﬁdem
405 4880 740 4951 gratiamque
790 4880 1131 4951 perduceret.
1171 4879 1250 4935 Ita
1299 4879 1667 4950 multiplicatis
1711 4881 1794 4935 in-

205 4972 574 5029 ﬁrmitatibus.
594 4979 781 5041 postea
816 4969 1278 5035 acceleraverunt,
1305 4971 1502 5040 quibus
1534 4971 1790 5026 sanandis

208 5073 514 5137 opportune
541 5063 788 5119 Christus
814 5063 1051 5118 advenit.
1100 5063 1156 5117 ln
1187 5062 1341 5134 cujus
1371 5064 1599 5133 gratiam
1626 5064 1789 5120 etiam

203 5158 337 5229 justi
376 5156 586 5226 antiqui
615 5155 1193 5221 crediderunt,eadem
1216 5156 1329 5226 ipsa
1357 5157 1528 5227 gratia
1557 5156 1674 5226 ejus
1701 5157 1794 5212 ad-

208 5251 332 5321 juti,
384 5259 443 5305 ut
493 5250 788 5320 gaudentes
822 5263 945 5304 eum
998 5257 1416 5319 praenoscerent,
1474 5257 1530 5303 et
1573 5250 1793 5319 quidam

212 5346 381 5401 etiam
422 5343 845 5414 praenuntiarent
873 5358 992 5397 esse
1034 5349 1346 5405 venturum,
1392 5341 1474 5396 vel
1497 5342 1550 5395 in
1584 5342 1673 5396 illo
1702 5359 1798 5412 po-

214 5437 341 5507 pulo
372 5436 556 5500 Israel,
582 5435 725 5490 sicut
762 5434 990 5505 llloyseS,
1019 5443 1073 5488 et
1101 5431 1226 5489 Jesu
1255 5432 1420 5496 Nave,
1468 5442 1524 5488 et
1554 5431 1793 5499 Samuel,

217 5537 272 5584 et
295 5529 479 5585 caeteri
508 5528 661 5594 tales,
688 5527 773 5595 vel
801 5537 953 5582 extra
985 5527 1158 5594 ipsum
1182 5525 1457 5596 populum,
1502 5526 1645 5582 sicut
1671 5525 1791 5593 Job,

217 5621 303 5676 vel
334 5629 462 5675 ante
485 5621 657 5690 ipsum
684 5619 962 5690 populum,
994 5619 1134 5673 sicut
1158 5618 1451 5682 Abraham,
1496 5619 1636 5672 sicut
1660 5617 1792 5683 Noe,

221 5721 277 5767 et
296 5712 604 5783 quicunque
631 5711 718 5766 alii
761 5719 924 5775 sunt,
967 5725 1103 5780 quos
1127 5717 1517 5764 commemorat
1540 5708 1624 5762 vel
1658 5717 1797 5763 tacet

224 5802 400 5859 divina
442 5802 741 5875 Scriptura.
778 5800 925 5859 Unus
955 5800 1097 5857 enim
1130 5799 1289 5866 Deus,
1342 5805 1394 5853 et
1424 5814 1561 5854 unus
1591 5799 1792 5854 media-

1903 4901 1921 4934 ι
1957 4897 2057 4937 nos
2094 4882 2237 4951 ipsos
2263 4881 2593 4944 seducimus,
2633 4887 2688 4941 et
2718 4878 2918 4935 veritas
2962 4878 3016 4932 in
3046 4879 3201 4934 nobis
3244 4895 3349 4934 non
3397 4888 3484 4936 est

1901 4992 1919 5026 ι
1953 4972 2251 5045 (110mm).
2287 4992 2304 5024 ι
2330 4970 2443 5026 Νοη
2462 4971 2603 5027 enim
2619 4971 2727 5025 ait;
2749 4969 3056 5037 habuimus,
3083 4990 3100 5022 ι
3128 4971 3219 5025 sed
3256 4990 3273 5021 ι
3314 4972 3477 5028 habe-

1899 5082 1919 5116 ι
1933 5079 2069 5117 mus.
2082 5061 2261 5128 pQuod
2275 5061 2316 5115 si
2331 5061 2613 5131 quisquam
2631 5059 2903 5116 asseritde
2919 5060 3004 5114 illo
3017 5070 3238 5129 peccato
3253 5060 3478 5127 dictum,

1895 5153 2038 5223 quod
2066 5152 2276 5206 habitat
2304 5151 2356 5207 in
2388 5167 2553 5207 carne
2596 5159 2781 5207 nostra
2809 5151 3047 5217 mortali,
3078 5152 3372 5206 secundum
3400 5152 3480 5205 vi—

1900 5245 2032 5298 tium
2059 5242 2199 5311 quod
2228 5243 2505 5312 peccantis
2552 5242 2712 5312 primi
2758 5241 2990 5299 hominis
3034 5238 3307 5299 voluntate
3353 5259 3482 5299 con-

1902 5346 2133 5394 tractum
2164 5345 2266 5399 est,
2292 5334 2444 5403 cujus
2471 5336 2679 5405 peccati
2713 5335 2996 5391 desideriis
3036 5352 3103 5391 ne
3141 5336 3483 5407 obediamus,

1902 5429 2100 5485 Paulus
2139 5427 2413 5498 apostolus
2460 5427 2741 5497 praecipit:
2780 5442 2885 5481 non
2911 5438 3088 5481 autem
3116 5442 3361 5497 peccare,
3389 5431 3480 5497 qui

1901 5522 2077 5577 cidem
2106 5529 2348 5591 peccato,
2383 5518 2631 5589 quamvis
2678 5517 2731 5572 in
2758 5532 2921 5573 carne
2956 5517 3245 5581 habitanti,
3277 5517 3341 5572 ad
3372 5520 3482 5573 nul-

1901 5610 2009 5664 lum
2043 5625 2177 5680 opus
2223 5607 2439 5665 malum
2472 5606 2694 5662 omnino
2741 5605 3029 5668 consentit,
3076 5604 3160 5660 vel
3204 5606 3353 5674 facti,
3399 5611 3489 5663 vel

1903 5703 2059 5768 dicti,
2093 5700 2173 5755 vel
2200 5699 2442 5770 cegitati,
2475 5698 2722 5768 quamvis
2754 5698 2865 5765 ipsa
2899 5695 3334 5765 concupiscentia
3365 5716 3480 5754 Inn—

1904 5774 2115 5861 veatur,
2145 5809 2263 5865 qum
2291 5792 2394 5847 alio
2430 5790 2588 5846 modo
2623 5780 2827 5861 peccfti
2862 5802 3056 5843 nomen
3084 5793 3310 5863 accepit,
3339 5792 3507 5863 quod
