4032 6458
543 404 649 459 H5

1747 400 2103 458 AMULONIS
2144 397 2361 455 EPISC.
2400 396 2537 453 LUC
2548 396 2609 450 Ι).

3707 408 3826 468 H6

539 512 590 565 ei
616 510 925 565 consentire
946 524 1171 581 peccare
1197 512 1286 574 sit,
1318 510 1581 579 nobisque
1608 522 1886 567 moveatur
1909 512 2121 577 invitis;
2150 514 2202 573 Α
2229 510 2539 580 noluerunt,
2569 512 2684 568 sive
2709 514 2897 581 etiam,
2927 530 3052 572 cum
3099 531 3199 587 per
3225 526 3439 574 aetatem
3480 520 3674 576 audire
3699 537 3823 580 non

539 600 810 658 subtiliter
839 601 1055 672 quidem
1084 601 1186 656 ista
1212 600 1495 665 discernit,
1519 602 1614 657 sed
1636 602 1818 657 videat
1841 603 1970 673 quid
1994 619 2123 674 aga-

539 702 631 747 tur
659 694 727 749 de
761 693 1038 749 Dominiea
1087 692 1352 759 oratione,
1408 696 1501 751 ubi
1547 696 1813 752 dicimus:
1852 714 1872 748 ι
1903 696 2123 764 Dimitte

543 805 562 835 ι
601 784 759 841 nobis
788 786 966 842 debita
993 791 1201 840 nostra.
1227 804 1246 836 ι
1280 784 1455 851 Quod,
1478 786 1579 841 nisi
1625 785 1801 853 fallor,
1845 804 1954 841 non
1982 802 2119 857 opus

536 883 687 931 esset
722 875 922 939 dicere,
972 876 1017 931 si
1063 892 1361 947 nunquam,
1401 876 1487 931 vel
1517 877 1571 931 in
1602 877 1755 948 lapsu
1790 878 2002 949 linguae,
2034 878 2120 934 vel

536 965 592 1020 in
614 966 929 1022 oblectanda
957 967 1303 1038 cogitatione,
1326 968 1566 1038 ejusdem
1592 968 1800 1038 peccati
1836 968 2119 1024 desideriis

535 1057 926 1128 aliquantulum
971 1060 1424 1115 eonsentiremus.
1478 1058 1587 1114 Sed
1619 1059 1989 1115 tantummodo
2036 1059 2118 1112 di-

534 1149 766 1204 cendum
813 1159 993 1205 esset:
1030 1170 1049 1202 ε
1080 1150 1159 1206 Νε
1186 1167 1285 1206 ιιοε
1313 1150 1515 1205 inferas
1540 1151 1593 1204 in
1619 1151 1993 1215 tentationem,
2020 1150 2116 1206 sed

534 1258 555 1289 ι
597 1238 766 1294 libera
802 1255 901 1295 nos
927 1255 955 1294 a
992 1240 1152 1296 malo.
1189 1261 1207 1291 ι
1244 1239 1354 1296 Νεε
1380 1239 1611 1296 Iacobus
1639 1240 1915 1310 apostolus
1962 1241 2111 1295 dice-

526 1337 649 1383 ret:
689 1349 708 1380 ι
766 1330 823 1384 1η
874 1330 1058 1386 multis
1101 1329 1421 1387 oﬁ‘endimus
1471 1344 1660 1386 omnes
1703 1329 1908 1401 (Iacob.
1950 1332 2055 1402 ιιι).
2088 1350 2107 1383 ι

525 1419 647 1476 Non
698 1423 843 1477 enim
890 1422 1135 1487 oﬁ'endit,
1195 1422 1298 1477 nisi
1345 1422 1431 1477 cui
1482 1420 1623 1477 mala
1675 1420 2113 1492 concupiscentia

527 1521 721 1568 contra
764 1514 991 1584 justitite
1040 1515 1327 1580 rationem,
1374 1512 1674 1584 appetendo
1721 1528 1815 1567 seu
1869 1512 2109 1578 vitando,

526 1602 973 1671 faciendum,vel
1024 1605 1332 1670 dicendum,
1380 1603 1466 1659 vel
1488 1603 1834 1675 cogitandum
1885 1602 2108 1673 aliquid,

531 1696 677 1765 quod
706 1711 813 1750 non
840 1697 1045 1762 debuit,
1077 1697 1191 1752 sive
1235 1695 1447 1762 fallens,
1502 1696 1618 1751 sive
1645 1694 1945 1766 praevalens
1981 1710 2107 1765 per-

526 1787 737 1842 suadet.
772 1786 880 1842 Sed
901 1786 1060 1858 plane
1082 1786 1328 1857 quisquis
1374 1794 1537 1857 negat
1579 1801 1679 1841 nos
1699 1801 1859 1841 orare
1887 1786 2105 1850 debere,

2224 610 2482 671 possent,
2536 601 2811 681 lavacrum
2856 606 3316 675 regenerationis,
3368 608 3510 677 quod
3558 611 3828 680 accipere

2223 702 2463 761 possent,
2500 707 2597 761 per
2620 692 2764 763 quod
2790 693 2926 748 salvi
2954 694 3167 761 ﬁerent,
3206 712 3313 750 non
3340 708 3691 767 acceperunt,
3716 698 3822 768 juo

2223 791 2305 837 ste
2344 783 2531 852 utique
2557 784 2906 850 damnantur,
2947 787 3071 855 quia
3108 787 3224 842 sine
3252 798 3476 858 peccato
3522 805 3628 845 non
3660 800 3818 860 sunt,

2222 873 2469 944 velquod
2505 874 2842 946 originaliter
2867 886 3171 947 traxerunt,
3201 879 3284 933 vel
3324 881 3467 950 quod
3507 882 3670 938 malis
3696 899 3821 941 mo-s

2221 962 2370 1018 ribus
2400 962 2744 1020 addiderunt.
2772 963 2975 1021 Omnes
3004 967 3149 1022 enim
3192 978 3576 1037 peccaverunt,
3604 970 3722 1025 sive
3755 972 3816 1026 in

2218 1052 2411 1120 Adam,
2439 1055 2554 1109 sive
2582 1056 2636 1109 in
2664 1057 2881 1127 seipsis,
2908 1066 2965 1113 et
2992 1065 3154 1128 egent
3189 1058 3359 1129 gloria
3393 1058 3510 1113 Dei.
3549 1059 3707 1130 (Cap.
3731 1061 3817 1131 5.)

2224 1145 2483 1201 Universa
2510 1147 2680 1218 igitur
2706 1163 2886 1203 massa
2924 1164 3112 1225 poenas
3151 1150 3354 1217 debet;
3391 1160 3447 1205 et
3474 1151 3520 1206 si
3548 1153 3821 1207 omnibus

2217 1238 2456 1293 debitum
2507 1240 2871 1295 damnationis
2927 1241 3245 1310 supplicium
3300 1242 3640 1309 redderetur,
3702 1259 3815 1299 non

2216 1329 2415 1400 injuste
2441 1329 2631 1400 procul
2664 1331 2831 1386 dubio
2882 1331 3218 1386 redderetur.
3250 1331 3351 1399 Qui
3387 1346 3517 1403 ergo
3553 1333 3683 1387 inde
3713 1348 3817 1402 per

2214 1421 2441 1491 gratiam
2467 1419 2783 1487 liberantur,
2807 1436 2913 1475 non
2937 1436 3066 1475 vasa
3091 1422 3411 1475 meritorum
3439 1436 3692 1485 suorum,
3716 1422 3817 1479 sed

2214 1528 2343 1566 vasa
2371 1512 2760 1567 misericordia:
2788 1512 3153 1567 nominantur.
3183 1512 3348 1582 Cujus
3394 1515 3812 1583 misericordia,

2213 1606 2315 1661 nisi
2346 1605 2489 1661 illius
2501 1604 2880 1676 quiChristum
2906 1604 3091 1661 Jesum
3107 1606 3249 1661 misit
3273 1608 3328 1661 in
3349 1608 3495 1662 hunc
3516 1607 3812 1674 mundum,

2210 1713 2372 1766 peeca
2382 1708 2525 1753 tores
2544 1696 2721 1752 salvos
2744 1696 2941 1763 facere,
2962 1714 3100 1768 quos
3122 1699 3415 1768 prmscivit.
3442 1708 3497 1754 et
3524 1698 3814 1769 praedesti-

2209 1789 2380 1852 navit,
2405 1796 2462 1842 et
2494 1787 2727 1852 vocavit,
2759 1796 2813 1844 et
2833 1788 3169 1859 justiﬁcavit,
3192 1796 3247 1844 et
3273 1788 3598 1859 gloriﬁcavit
3618 1790 3645 1844 ?
3667 1790 3810 1857 Quis

525 1894 598 1933 ne
623 1878 885 1933 intremus
912 1878 967 1933 in
1022 1879 1373 1934 tentationem
1426 1877 1612 1949 (negat
1656 1887 1836 1932 autem
1879 1876 1984 1932 hoc
2016 1877 2110 1947 qui
2142 1876 2188 1937 B
2217 1878 2381 1948 igitur
2408 1893 2579 1947 usque
2601 1879 2736 1933 adeo
2759 1878 3163 1934 dementissime
3193 1879 3525 1945 insaniat,ut
3545 1896 3653 1934 non
3676 1889 3810 1950 agat

525 1972 805 2027 contendit
842 1972 910 2026 ad
938 1988 1046 2028 non
1069 1972 1405 2042 peccandum
1445 1970 1632 2041 gratiae
1658 1969 1751 2025 Dei
1780 1968 2106 2038 adjutorium

523 2080 634 2118 non
658 2078 779 2118 esse
821 2061 1029 2118 homini
1058 2062 1444 2124 necessarium,
1474 2059 1569 2115 sed
1596 2057 1710 2114 sola
1744 2058 1860 2129 lege
1886 2067 2108 2129 accepta

526 2153 819 2208 humanam
847 2151 1092 2207 sulIieere
1118 2148 1499 2221 voluntatem),
1529 2148 1598 2203 ab
1619 2148 1840 2203 auribus
1865 2149 2107 2202 omnium

520 2242 908 2298 removendum
962 2250 1017 2298 et
1076 2257 1173 2298 ore
1233 2240 1475 2296 omnium
1539 2238 2106 2293 anathematizandum

521 2350 643 2391 esse
676 2350 781 2390 non
820 2336 1028 2391 dubito.

1156 2425 1383 2483 CAPUT
1405 2425 1469 2481 ll.

518 2518 606 2575 Ex
650 2520 785 2577 libro
826 2521 890 2575 de
928 2519 1143 2576 Natura
1188 2531 1235 2575 et
1276 2518 1484 2585 Gratia,
1516 2518 1585 2577 ad
1628 2516 2108 2572 Timasiumetla-

1209 2591 1414 2644 cubum.

512 2690 517 2697 ’
587 2700 898 2757 Suras-ru
933 2702 973 2755 l.
1007 2699 1159 2772 (Cap.
1187 2700 1263 2767 1.)
1296 2698 1570 2757 Justitiam
1615 2699 1709 2756 Dei
1747 2715 1858 2755 non
1889 2699 1941 2755 in
1976 2715 2108 2769 pra:-

519 2801 678 2864 cepto
730 2792 887 2861 legis,
944 2807 1048 2861 qua
1088 2793 1250 2847 timor
1279 2792 1561 2855 incutitur,
1610 2793 1704 2845 sed
1739 2790 1794 2845 in
1837 2788 2107 2858 adiutorio

518 2883 711 2954 gratim
757 2882 983 2948 Christi,
1013 2881 1080 2936 ad
1111 2898 1273 2952 quam
1305 2882 1476 2943 solam
1521 2881 1725 2935 utiliter
1769 2879 1927 2951 legis,
1964 2880 2109 2935 velut

516 2974 813 3044 paedagogi,
862 2973 1028 3026 timor
1080 2972 1250 3037 ducit,
1296 2972 1646 3027 constitutam
1671 2986 1791 3026 esse
1818 2972 1910 3041 qui
1953 2971 2109 3026 intel-

515 3065 654 3137 ligit,
708 3064 823 3135 ipse
858 3064 1108 3135 intelligit
1156 3078 1323 3133 quare
1368 3064 1439 3117 sit
1486 3061 1846 3117 Christianus.
1897 3061 2033 3122 Nam
2061 3062 2109 3119 si

514 3174 617 3228 per
640 3157 811 3229 legem
834 3155 1072 3237 justitia,
1101 3148 1230 3229 ergo
1252 3155 1503 3215 Christus
1522 3155 1692 3226 gratis
1728 3148 1976 3211 mortuus
2002 3165 2103 3217 est.

2212 1969 2509 2027 ineffabiles
2522 1971 2723 2045 gratias
2750 1970 3138 2026 misericordia:
3160 1985 3295 2039 quos
3308 1957 3480 2025 voluit
3494 1970 3805 2037 liberantis,

2210 2062 2302 2131 qui
2336 2072 2482 2116 recte
2510 2061 2658 2115 nullo
2694 2062 2855 2117 modo
2891 2069 3074 2133 posset
3114 2062 3332 2131 culpare
3370 2062 3639 2133 justitiam
3674 2063 3809 2123 uni-1

2208 2167 2397 2208 versos
2422 2152 2642 2207 omnino
2667 2152 2970 2207 damnantis
2997 2151 3022 2206 ?

2281 2245 2369 2299 IV.
2403 2243 2557 2316 (Cap.
2602 2243 2679 2314 6.)
2717 2245 2775 2299 Si
2809 2245 3106 2299 secundum
3160 2243 3472 2315 Scripturas
3496 2246 3798 2316 sapiamus,

2209 2348 2316 2387 non
2342 2333 2588 2403 cogimur
2612 2342 2798 2387 contra
2836 2332 3204 2389 Christianam
3235 2334 3466 2405 gratiam
3495 2335 3801 2407 disputare,

2208 2431 2265 2479 et
2286 2439 2352 2479 ea
2380 2423 2560 2478 dicere
2610 2422 2807 2492 quibus
2839 2423 3218 2477 demonstrare
3246 2438 3508 2478 conemur
3546 2433 3803 2481 naturam

2209 2516 2526 2579 humanam,
2560 2530 2734 2585 neque
2760 2515 2815 2569 in
2842 2515 3082 2585 parvulis
3123 2515 3336 2571 medico
3379 2516 3644 2587 indigere,
3669 2520 3802 2589 quia

2210 2622 2341 2663 sana
2384 2615 2487 2672 est,
2520 2615 2576 2662 et
2607 2608 2659 2661 in
2710 2605 3007 2676 majoribus
3046 2606 3150 2661 sibi
3186 2607 3357 2676 ipsam
3404 2609 3471 2663 ad
3503 2608 3800 2678 justitiam,

2210 2701 2256 2757 si
2284 2698 2430 2765 velit,
2463 2714 2621 2768 posse
2642 2696 2907 2754 sulIicere.
2940 2697 3114 2753 Acute
3140 2699 3341 2769 quippe
3383 2699 3638 2754 videntur
3680 2700 3801 2756 haec

2210 2792 2338 2856 diei,
2364 2792 2458 2846 sed
2478 2791 2531 2844 in
2554 2789 2819 2861 sapientia
2839 2789 3012 2853 verbi,
3036 2805 3141 2858 qua
3168 2792 3465 2845 evacuatur
3480 2805 3614 2845 crux
3642 2790 3805 2847 Chri-

2212 2884 2303 2950 sti,
2336 2897 2436 2939 nec
2460 2891 2543 2938 est
2576 2883 2680 2937 ista
2716 2882 2983 2953 sapientia
3012 2883 3297 2937 desursum
3331 2884 3687 2940 descendens.

2287 2973 2353 3029 γ.
2394 2970 2549 3043 (Cap.
2582 2971 2694 3044 12.)
2727 2972 2783 3026 ln
2834 2973 3121 3043 scripturis
3167 2972 3301 3028 Novi
3349 2974 3684 3031 Testamenti
3711 2976 3801 3031 di-

2213 3064 2414 3121 scimus
2460 3064 2601 3119 hanc
2640 3078 2762 3119 esse
2808 3063 3166 3119 intentionem
3212 3064 3348 3137 legis
3392 3067 3693 3137 arguentis,
3737 3075 3801 3122 ut

2212 3164 2435 3228 propter
2479 3156 2568 3211 illa
2614 3172 2735 3228 quae
2781 3172 3065 3228 perperam
3110 3157 3281 3221 ﬁunt,
3334 3158 3679 3229 confugiatur
3725 3161 3795 3217 ad

516 3247 576 3302 Si
608 3257 788 3303 autem
820 3262 925 3303 non
950 3247 1129 3327 gratis
1171 3254 1418 3319 mortuus
1443 3257 1546 3312 est,
1574 3246 1629 3301 in
1655 3246 1748 3309 illo
1773 3247 1888 3303 solo
1903 3247 2105 3319 justiﬁ«
2130 3251 2176 3327 ς]
2208 3249 2438 3321 gratiam
2490 3248 2705 3305 Domini
2744 3247 3073 3311 miserantis,
3124 3247 3274 3303 velut
3322 3249 3615 3320 paedagogo
3659 3263 3796 3306 con-

514 3347 671 3395 catur
691 3339 911 3410 impius,
942 3340 1027 3394 cui
1060 3339 1318 3395 credendi
1351 3338 1404 3393 in
1430 3354 1553 3394 eum
1583 3338 1678 3408 qui
1719 3332 1982 3407 justiﬁeat
2008 3339 2105 3394 im-

513 3432 688 3503 pium,
710 3432 995 3502 deputatur
1016 3430 1149 3487 ﬁdes
1168 3430 1235 3490 ad
1255 3429 1544 3500 justitiam.
1575 3429 1796 3496 Omnes,
1819 3431 1962 3486 enim
1984 3446 2105 3502 pee-

514 3531 800 3597 caverunt,
843 3531 900 3577 et
944 3530 1104 3602 egent
1144 3520 1313 3595 gloria
1342 3519 1461 3588 Dei,
1485 3519 1767 3591 iustiﬁcati
1790 3522 1958 3593 gratis
2002 3536 2105 3597 per

515 3614 835 3686 sanguinem
874 3613 1063 3691 ipsius.

593 3694 657 3759 ll.
692 3701 844 3776 (Cap.
876 3704 983 3775 ιιι.)
1010 3703 1213 3775 Natura
1264 3702 1501 3761 hominis
1545 3704 1798 3776 primitus
1827 3704 2101 3776 inculpata

512 3804 571 3852 et
597 3796 718 3852 sine
763 3795 875 3851 ullo
905 3796 1036 3852 vitio
1070 3804 1254 3871 creata
1289 3804 1392 3851 est.
1426 3795 1630 3853 Natura
1661 3812 1792 3853 vero
1843 3798 1947 3854 ista
1996 3798 2099 3853 ho-

510 3888 697 3953 minis,
730 3903 836 3957 qua
864 3887 1234 3956 unusquisque
1259 3902 1327 3942 ex
1352 3887 1524 3942 Adam
1556 3888 1818 3953 nascitur,
1842 3889 1957 3959 jam
1987 3901 2101 3943 me-

512 3976 637 4031 dico
661 3973 890 4045 indiget,
910 3970 1036 4043 quia
1057 3989 1188 4029 sana
1208 3989 1314 4049 non
1342 3983 1449 4030 est.
1479 3974 1670 4031 Omnia
1695 3975 1911 4045 quidem
1934 3976 2098 4049 bona,

512 4082 635 4138 qua:
684 4067 848 4122 habet
874 4067 927 4121 in
973 4061 1314 4138 formatione,
1367 4067 1493 4139 vita,
1526 4067 1798 4133 sensibus,
1838 4077 2038 4134 mente,
2067 4084 2100 4123 a

517 4173 733 4217 summo
771 4158 884 4214 Deo
928 4158 1092 4213 habet
1128 4168 1375 4216 creatore
1400 4167 1457 4237 et
1483 4158 1692 4216 artiﬁce
1722 4176 1841 4216 suo.
1892 4160 2099 4217 Vitium

511 4265 662 4325 vero,
694 4251 839 4322 quod
870 4250 973 4330 ista
1002 4252 1269 4328 naturalia
1306 4253 1445 4309 bona
1475 4253 1832 4329 eontenebrat
1858 4264 1914 4311 et
1941 4254 2099 4311 inﬁr-

512 4352 649 4407 mat,
678 4351 737 4395 ut
758 4341 1147 4409 illuminatione
1172 4352 1228 4398 et
1256 4345 1541 4401 curatione
1566 4359 1703 4416 opus
1742 4348 1960 4415 habeat,
1988 4363 2096 4403 non

2208 3338 2463 3395 eludente
2498 3339 2553 3396 in
2582 3339 2772 3396 eadem
2802 3337 2936 3403 ﬁde,
2963 3352 3083 3407 qua:
3104 3346 3290 3408 postea
3310 3338 3549 3393 revelata
3571 3347 3677 3405 est,
3704 3341 3802 3399 ubi

2206 3437 2263 3485 et
2289 3429 2574 3485 remittunt
2599 3444 2720 3502 quae
2746 3427 2889 3485 male
2910 3428 3067 3496 ﬁunt,
3091 3438 3147 3485 et
3170 3430 3361 3486 eadem
3381 3430 3554 3501 gratia
3572 3431 3801 3503 juvante

2205 3536 2315 3595 non
2345 3521 2502 3579 ﬁunt.
2626 3504 2633 3513 ’

2274 3610 2365 3683 γι.
2395 3610 2549 3686 (Cap.
2577 3612 2691 3685 15.)
2715 3611 2988 3685 Quantum
3013 3622 3098 3670 est
3129 3614 3185 3669 in
3206 3613 3427 3670 homine
3455 3613 3652 3686 lingua
3679 3631 3796 3671 ma-

2204 3702 2340 3773 lum,
2364 3712 2476 3758 uta
2500 3703 2649 3758 nullo
2695 3704 2916 3776 homine
2954 3705 3163 3761 domari
3213 3705 3406 3776 possit,
3454 3722 3581 3761 cum
3608 3708 3678 3762 ab
3696 3710 3793 3764 ho-

2205 3791 2442 3847 minibus
2461 3793 2749 3865 dementur
2785 3803 2841 3849 et
2884 3795 3113 3850 bestiae?
3160 3794 3349 3865 Neque
3377 3796 3481 3852 hoc
3508 3798 3630 3854 ideo
3652 3799 3787 3854 dixit

2204 3881 2521 3959 Apostolus,
2546 3892 2608 3939 ut
2636 3884 2797 3959 hujus
2841 3886 2895 3941 in
2950 3902 3049 3942 nos
3078 3887 3206 3942 mali
3248 3889 3671 3946 dominationem
3696 3908 3793 3963 per

2205 3975 2592 4051 negligentiam
2640 3992 2962 4047 permanere
3014 3980 3318 4049 patiamur;
3378 3982 3473 4038 sed
3518 3993 3578 4039 ut
3609 3984 3677 4039 ad
3706 3986 3795 4039 do-

2203 4067 2460 4124 mandam
2491 4068 2731 4140 linguam
2754 4070 2949 4125 divinae
2978 4056 3168 4144 gratiae
3193 4086 3482 4141 poscamus
3509 4075 3793 4131 auxilium.

2201 4157 2319 4214 Non
2342 4158 2488 4212 enim
2512 4158 2588 4212 ait
2615 4174 2628 4211 :
2657 4175 2677 4209 ‹
2713 4158 2977 4231 Linguam
3005 4160 3184 4216 nullus
3209 4161 3434 4219 domare
3473 4172 3672 4234 potest,
3699 4166 3797 4223 sed

2206 4271 2225 4303 ί
2254 4250 2433 4321 nullus
2460 4250 2741 4306 hominum
2790 4252 2996 4321 (Iacob.
3033 4254 3160 4326 ut);
3194 4275 3213 4307 ι
3266 4264 3329 4312 ιιι
3370 4272 3494 4312 cum
3540 4259 3799 4314 domatur

2202 4341 2297 4397 Dei
2327 4341 2721 4408 misericordia,
2755 4342 2850 4417 Dei
2876 4344 3166 4425 adjutorio,
3200 4345 3294 4401 Dei
3324 4348 3519 4419 gratia,
3569 4348 3690 4404 ﬁeri
3714 4348 3794 4404 [ιο

513 4434 583 4488 ab
612 4433 922 4505 inculpabili
952 4435 1161 4491 artiﬁce
1189 4445 1527 4493 contractum
1574 4447 1679 4504 est,
1728 4440 1823 4495 sed
1872 4455 1941 4495 ex
1989 4440 2099 4505 ori-
2200 4442 2430 4509 teamur.
2478 4432 2721 4497 Conetur
2764 4449 2894 4514 ergo
2943 4436 3125 4492 anima
3171 4437 3398 4494 domare
3444 4438 3706 4511 linguam.
3737 4447 3797 4496 et

513 4529 676 4601 ginali
704 4539 946 4599 peccato,
974 4530 1120 4600 quod
1143 4532 1493 4587 commissum
1522 4541 1607 4586 est
1636 4531 1807 4588 libero
1829 4533 2093 4601 arbitrio;
2200 4526 2327 4581 dum
2352 4535 2586 4582 conatur
2624 4535 2774 4597 Ρθιθιι
2799 4527 3084 4595 auxilium.
3114 4538 3171 4585 el
3207 4540 3329 4586 οΐθι
3363 4530 3567 4603 lingua.
3618 4540 3678 4587 ιιι
3702 4533 3793 4589 ἀθο

512 4637 579 4677 ac
600 4637 698 4693 per
722 4623 826 4679 hoc
847 4632 1039 4677 natura
1066 4624 1293 4693 poenalis
1330 4624 1398 4680 ad
1421 4624 1714 4697 vindictam
1738 4624 2095 4698 iustissimam
2123 4605 2175 4681 D
2201 4632 2381 4679 metur
2410 4623 2616 4695 lingua,
2634 4610 2885 4679 donante
2911 4623 3003 4687 illo
3025 4626 3116 4695 qui
3146 4626 3285 4681 dixit
3322 4627 3390 4681 ad
3415 4641 3577 4682 suos:
3617 4645 3638 4678 ι
3671 4625 3789 4681 Non

509 4713 768 4783 pertinet.
1072 4714 1077 4719 “
2205 4731 2224 4781 ς
2261 4714 2406 4768 enim
2437 4728 2533 4769 vos
2571 4713 2707 4769 estis
2733 4714 2825 4783 qui
2872 4713 3175 4789 loquimini,
3209 4717 3306 4771 sed
3346 4715 3583 4787 Spiritus
3610 4716 3792 4783 Patris

582 4803 669 4858 lll.
702 4802 894 4876 (Ibid.)
948 4802 1007 4858 Si
1055 4804 1197 4869 enim
1232 4802 1346 4870 jam
1391 4818 1579 4858 sumus
1625 4802 1680 4858 in
1709 4803 1926 4860 Christo
1954 4820 2094 4861 nova

511 4903 783 4960 creatura,
814 4906 996 4949 tamen
1016 4908 1234 4951 eramus
1258 4903 1451 4949 natura
1476 4894 1570 4949 ﬁlii
1601 4895 1717 4961 irae,
1744 4896 1885 4952 sicut
1909 4906 1966 4951 et
1984 4912 2091 4953 cae-

513 4987 637 5057 teri.
668 4974 812 5061 Deus
839 4996 1036 5059 autem,
1063 4987 1156 5058 qui
1186 4987 1340 5043 dives
1362 4997 1445 5044 est
1473 4988 1527 5044 in
1554 4990 1949 5063 misericordia,
1971 5000 2097 5061 pro;

510 5086 635 5150 pter
661 5077 883 5147 multam
932 5078 1296 5157 dilectionem,
1335 5093 1441 5148 qua
1472 5094 1573 5135 nos
1600 5078 1809 5157 dilexit,
1861 5087 1915 5134 et
1968 5094 2091 5134 cum

513 5185 758 5225 essemus
783 5156 983 5227 mortui
1008 5169 1238 5235 delictis,
1274 5170 1673 5225 conviviﬁcavit
1714 5156 1813 5226 nes
1854 5169 2091 5235 Christo,

512 5258 668 5329 cujus
689 5259 862 5332 gratia
903 5274 1091 5337 sumus
1127 5259 1259 5315 salvi
1287 5258 1435 5315 facti.
1463 5256 1619 5337 (Cap.
1644 5259 1724 5330 4.)
1754 5258 1887 5330 llaec
1930 5258 2095 5330 igitur

513 5353 718 5411 Christi
747 5354 942 5426 gratia,
964 5355 1081 5410 sine
1100 5369 1206 5424 qua
1231 5369 1333 5410 nec
1353 5353 1610 5419 infantes,
1633 5368 1734 5427 nec
1759 5361 1917 5408 aetate
1933 5368 2093 5424 gran-

513 5446 630 5510 des,
677 5445 809 5502 salvi
842 5432 960 5501 ﬁeri
992 5454 1239 5517 possunt,
1286 5460 1391 5501 non
1431 5445 1639 5500 meritis
1683 5444 1948 5517 redditur,
1994 5444 2091 5499 sed

514 5542 681 5612 gratis
709 5541 888 5603 datur,
922 5552 1140 5611 propter
1167 5539 1313 5609 quod
1366 5539 1538 5611 gratia
1568 5538 1894 5592 nominatur.
1927 5555 1946 5588 ι
1992 5536 2091 5591 Ju-

519 5650 541 5684 ι
574 5632 810 5696 stiﬁcati,
863 5632 1081 5702 inquit,
1131 5631 1300 5703 gratis
1368 5645 1467 5700 per
1533 5629 1849 5699 sanguinem
1923 5628 2092 5699 ipsius

522 5743 541 5772 ι
578 5722 749 5788 (Rom.
774 5723 879 5795 ιιι).
917 5744 934 5777 ι
968 5722 1120 5779 Unde
1151 5723 1205 5777 hi
1237 5722 1327 5792 qui
1357 5736 1452 5791 per
1474 5720 1620 5774 illum
1646 5735 1751 5774 non
1773 5719 2089 5786 liberantur,

527 5816 633 5874 tive
651 5815 776 5887 quia
800 5815 985 5870 audire
1007 5813 1239 5869 nondum
1263 5819 1571 5883 potuerunt,
1590 5810 1703 5865 sive
1722 5811 1846 5879 quia
1871 5810 2091 5867 obedire

2204 4825 2223 4858 ι
2258 4805 2426 4860 vestri
2469 4804 2563 4875 qui
2615 4805 2852 4875 loquitur
2881 4806 2935 4861 in
2963 4807 3116 4876 vobis
3143 4807 3359 4878 (Matth.
3406 4811 3486 4879 ι).
3518 4826 3538 4859 ι
3592 4807 3785 4878 Itaque

2197 4904 2471 4968 praecepto
2532 4894 2716 4952 facere
2769 4910 3181 4952 commonemur
3231 4896 3376 4966 quod
3429 4905 3695 4952 conantes
3730 4905 3789 4951 et

2197 4987 2401 5043 nostris
2443 4987 2654 5064 viribus
2707 5002 2815 5063 non
2869 4987 3131 5064 valentes,
3174 4988 3504 5058 adjutorium
3543 4989 3790 5045 divinum

2194 5093 2501 5149 precemur.
2618 5062 2621 5065 ’

2267 5170 2376 5247 Yll.
2427 5168 2581 5242 (Cap.
2609 5170 2721 5243 16.)
2758 5191 2777 5224 ι
2805 5171 2864 5226 Si
2893 5173 3018 5242 quis
3066 5181 3248 5229 autem
3290 5183 3533 5229 vestrum
3581 5173 3790 5244 indiget

2201 5281 2221 5329 ι
2260 5261 2543 5333 sapientia,
2572 5261 2807 5334 postulet
2826 5277 2857 5317 a
2877 5264 3009 5339 Deo,
3048 5264 3139 5333 qui
3161 5264 3254 5339 dat
3285 5263 3539 5319 omnibus
3567 5261 3789 5317 aﬁluen-

2201 5371 2219 5403 ι
2254 5359 2359 5423 ter,
2385 5361 2439 5406 et
2468 5366 2573 5405 non
2613 5350 2965 5429 improperat,
3004 5337 3062 5406 et
3080 5337 3301 5426 dabitur
3330 5352 3402 5407 ei.
3435 5350 3677 5406 Postulet
3721 5351 3782 5406 in

2202 5462 2223 5495 ι
2263 5443 2367 5498 ﬁde
2395 5442 2528 5517 nihil
2572 5436 2831 5500 haesitans
2870 5443 3012 5508 (Jac.
3059 5445 3123 5523 ι).
3164 5462 3183 5495 ι
3240 5443 3366 5499 Hec
3391 5452 3477 5499 est
3520 5443 3676 5507 ﬁdes,
3705 5444 3783 5499 ad

2197 5551 2358 5606 quam
2401 5543 2669 5607 praecepta
2710 5536 3056 5606 compellunt,
3115 5545 3176 5593 ut
3214 5536 3303 5593 te:
3348 5536 3597 5607 imperet,
3648 5537 3791 5603 ﬁdes

2196 5628 2466 5697 impetret.

2270 5717 2401 5774 Vlll.
2446 5716 2597 5789 (Cap.
2647 5718 2758 5790 18.)
2788 5719 2974 5774 Oratio
3033 5717 3313 5774 Dominica
3357 5727 3648 5788 utrumque
3694 5734 3793 5787 pce

2201 5810 2423 5866 tendum
2451 5823 2572 5867 esse
2608 5820 3017 5877 commemorat,
3048 5819 3105 5866 et
3148 5820 3208 5865 ut
3257 5811 3599 5871 dimittantur
3624 5812 3790 5883 nobis
