4032 6446
211 416 311 474 Il?

1025 408 1114 465 DE
1153 406 1848 471 PREDESTINATIONE,
1890 401 2066 470 ETC.,
2108 401 2200 458 EX
2239 395 2659 457 AUGUSTINO.

3370 396 3483 454 IIS.

207 525 394 582 debita
411 530 618 586 nostra,
647 528 705 576 et
728 528 789 575 ut
827 535 934 576 non
971 520 1290 576 inducantur
1319 522 1374 577 in
1411 521 1784 576 tentationem.
1813 522 1865 582 Α
1891 517 2008 574 sine
2032 532 2137 587 qua
2183 516 2321 570 bene
2372 528 2479 569 non
2529 525 2817 584 possumus
2865 511 3101 583 operari,
3154 512 3262 567 cito
3294 515 3484 584 potest.

208 613 369 681 Illud,
392 620 455 667 ut
472 611 745 684 praeterita
782 610 1104 681 expientur;
1138 612 1257 674 hoc,
1313 620 1372 666 ut
1412 610 1593 666 futura
1621 611 1793 665 viteno

211 714 322 760 tur.
373 702 527 771 Quod
556 703 684 757 licet
728 716 834 756 non
866 701 977 767 fiat,
1007 701 1109 756 nisi
1153 702 1403 757 voluntas
1426 703 1586 766 adsit,
1612 710 1794 756 tamen

210 802 275 850 ut
309 793 430 859 fiat,
477 792 726 847 voluntas
770 790 885 846 sola
912 806 1019 845 non
1063 789 1275 846 sutlicit.
1310 790 1433 846 Ideo
1474 806 1574 862 pro
1606 791 1708 846 huc
1738 803 1795 845 re

211 902 317 944 nec
348 882 614 954 superﬂua
645 897 747 938 nec
775 882 1056 953 impudens
1083 882 1309 937 Domino
1332 882 1643 939 immolatur
1673 896 1799 936 ora-

212 978 310 1033 tio.
338 974 472 1030 Nam
502 972 633 1043 quid
666 972 882 1027 stultius
907 987 1071 1043 quam
1092 987 1253 1029 orare
1276 989 1344 1027 ne
1366 973 1535 1028 facias
1557 972 1701 1043 quod
1740 972 1796 1027 in

212 1072 488 1138 potestate
518 1062 763 1119 habeas?

283 1152 377 1210 IX.
427 1151 580 1225 (Cap.
629 1151 746 1223 22.)
800 1150 1278 1208 Ριδιιινιιιίοιιιοιθιιι
1324 1153 1461 1225 legis
1510 1153 1669 1225 digne
1702 1153 1794 1209 lux

190 1245 424 1302 'deserit
442 1243 711 1308 veritatis,
743 1257 849 1313 qua
878 1242 1121 1298 desertus
1161 1243 1348 1313 utique
1372 1258 1572 1310 caecus,
1598 1250 1653 1299 et
1679 1243 1800 1312 plus

213 1350 441 1394 necesse
461 1343 545 1391 est
569 1332 830 1400 offendat,
851 1341 907 1389 et
933 1334 1176 1389 cadendo
1195 1344 1443 1401 vexetur,
1463 1343 1801 1404 vexatusque

214 1442 325 1483 non
361 1434 567 1497 surgat.
594 1424 667 1482 Ut
696 1424 816 1480 ideo
846 1431 1053 1479 tantum
1078 1424 1266 1478 audiat
1290 1438 1477 1480 vocem
1502 1424 1661 1497 legis,
1690 1438 1799 1494 quo

215 1518 573 1573 admoneatur
594 1515 882 1585 implorare
905 1514 1133 1586 gratiam
1163 1514 1481 1575 Salvatoris.

285 1605 357 1663 Χ.
387 1605 539 1679 (Cap.
586 1606 702 1678 25.)
728 1606 988 1662 Molestiis
1025 1607 1322 1662 exercitata
1371 1608 1485 1663 vita
1528 1605 1799 1676 justorum

216 1698 552 1770 splendidius
568 1699 763 1753 enituit
786 1715 800 1765 ;
829 1706 883 1753 et
904 1713 998 1753 eas
1016 1712 1114 1768 per
1130 1699 1445 1768 patientiam
1471 1700 1798 1770 superando,

215 1787 478 1857 majorem
505 1788 732 1859 gloriam
757 1789 1112 1859 comparavit,
1139 1787 1233 1844 sed
1263 1789 1441 1860 adjuta
1465 1790 1636 1860 gratia
1681 1788 1796 1854 Dei,

1894 608 2185 676 subrepere
2219 605 2399 659 animo
2426 603 2685 664 humano,
2729 602 2962 672 utquod
3010 602 3147 658 bene
3195 612 3472 672 operatur,

1894 713 2048 753 suum
2079 694 2449 752 tantummodo
2474 694 2746 750 existimet
2794 704 2850 749 et
2874 694 3020 749 dicat
3061 694 3114 748 in
3142 694 3475 751 abundantia

1894 805 2029 845 sua:
2063 809 2082 843 ι
2134 789 2252 844 Νοιι
2304 789 2561 843 movebar
2607 787 2660 841 in
2724 795 2982 842 teternum
3019 784 3191 858 (Paul.
3235 786 3411 856 xxrx).
3449 804 3471 839 ι

1894 884 2019 939 Ideo
2051 882 2143 953 qui
2195 882 2248 936 in
2278 880 2552 935 voluntate
2597 894 2694 933 sua
2748 878 3076 947 praestiterat
3127 876 3309 933 decori
3357 875 3477 946 ejus

1894 970 2392 1038 virtutem,avertit
2417 968 2609 1025 faciem
2659 984 2810 1024 suam
2851 968 3146 1038 paululum,
3173 976 3233 1023 ιιι
3257 967 3347 1039 qui
3372 967 3486 1033 hoc,

1897 1064 2106 1120 dixerat
2152 1060 2307 1116 fieret
2350 1057 2726 1123 conturbatus,
2781 1058 3037 1127 quoniam
3089 1059 3204 1130 ipse
3253 1066 3337 1114 cst
3386 1057 3478 1112 ille

1898 1164 2078 1210 tumor
2120 1152 2393 1209 sanandus
2445 1150 2720 1207 doloribus
2775 1148 2928 1220 (Cap.
2957 1147 3073 1221 28).
3122 1148 3239 1205 Non
3296 1148 3487 1220 itaque,

1898 1247 2095 1304 dicitur
2137 1244 2342 1302 homini
2373 1259 2391 1297 :
2418 1241 2647 1298 Necesse
2672 1249 2755 1296 est
2784 1255 3030 1312 peccare,
3076 1256 3144 1295 ne
3168 1255 3361 1311 pecces
3384 1236 3483 1296 sed

1898 1338 2094 1396 dicitur
2119 1336 2361 1392 homini:
2389 1334 2600 1391 Deserit
2628 1332 2959 1404 aliquantum
2981 1331 3143 1396 Deus,
3193 1332 3337 1387 unde
3382 1347 3475 1387 su-

1898 1429 2100 1500 perbis,
2125 1436 2185 1485 ut
2231 1427 2375 1483 scias
2404 1442 2513 1482 non
2562 1430 2735 1491 tuum,
2775 1423 2869 1479 sed
2899 1423 3016 1494 ejus
3043 1436 3185 1489 esse,
3219 1429 3273 1479 et
3298 1421 3479 1479 discas

1900 1517 2164 1589 superbus
2186 1532 2293 1573 non
2317 1531 2457 1572 esse.

1970 1610 2085 1666 XV.
2142 1610 2292 1683 (Cap.
2331 1610 2447 1681 30.)
2500 1608 2701 1664 Vitium
2746 1624 2856 1679 quo
2905 1615 3189 1678 peccatum
3237 1606 3481 1665 commit-

1904 1704 2056 1770 titur,
2106 1705 2342 1759 nondum
2389 1702 2537 1760 omni
2584 1717 2651 1758 ex
2686 1710 2843 1772 parte
2884 1711 3133 1757 sanatum
3172 1708 3275 1756 est.
3329 1699 3483 1768 Quod

1904 1796 2122 1866 quidem
2144 1803 2203 1850 ut
2231 1794 2576 1861 inolesceret,
2601 1794 2666 1848 de
2691 1808 2798 1848 non
2832 1800 2976 1849 recte
3018 1808 3116 1849 usa
3141 1792 3379 1849 sanitate
3398 1791 3485 1847 de-

215 1877 403 1949 adjuta
429 1878 634 1949 Spiritu
662 1879 779 1944 Dei,
826 1878 1007 1951 adjuta
1033 1879 1405 1936 misericordia
1433 1880 1554 1946 Dei,
1584 1896 1690 1936 non
1717 1895 1804 1935 su-
1829 1865 1877 1924 Β
1905 1865 2133 1941 scendit.
2172 1884 2250 1939 Ex
2278 1899 2383 1954 quo
2413 1884 2542 1941 vitio
2577 1883 2693 1953 jam
2735 1882 2877 1936 male
2906 1882 3109 1949 valens,
3149 1880 3234 1937 vel
3262 1879 3487 1937 inﬁmi-

213 1971 385 2040 perba
410 1970 688 2025 voluntate
715 1984 773 2024 se
811 1966 1098 2035 extollens,
1126 1970 1220 2025 sed
1250 1970 1437 2025 humili
1464 1970 1801 2027 confessione

215 2058 593 2114 fortitudinem
614 2073 951 2129 promerens.
1003 2058 1238 2114 Noverat
1263 2060 1408 2114 enim
1435 2061 1546 2115 Deo
1575 2059 1753 2116 dicere
1784 2079 1797 2115 :

217 2167 241 2201 ι
280 2147 546 2215 Quoniam
576 2156 631 2203 tu
656 2163 717 2204 es
740 2149 1000 2218 patientia
1044 2164 1163 2204 mea
1188 2147 1361 2221 (Psal.
1393 2151 1544 2222 Lxx).
1574 2170 1593 2203 ι

287 2241 382 2296 ΧιΙ.
437 2239 589 2313 (Cap.
643 2241 758 2313 25.)
802 2242 1020 2297 Utinam
1071 2257 1180 2296 non
1224 2240 1415 2297 fuisset
1461 2242 1701 2308 miseria,
1731 2257 1802 2297 ne

213 2331 320 2386 ista
349 2338 491 2385 esset
521 2330 890 2386 misericordia
936 2331 1274 2386 necessaria!
1328 2329 1433 2386 Sed
1462 2331 1803 2401 iniquitatem

210 2420 450 2493 peccati,
483 2429 636 2476 tanto
677 2421 1004 2493 graviorem,
1037 2430 1241 2492 quanto
1266 2421 1479 2477 facilius
1504 2422 1667 2477 homo
1694 2437 1802 2478 non

212 2520 492 2585 peccaret,
518 2528 678 2582 quem
709 2512 852 2568 nulla
879 2511 1054 2568 adhuc
1079 2512 1295 2568 tenebat
1318 2511 1625 2578 infirmitas,
1644 2526 1805 2583 paena

208 2607 518 2679 justissima
551 2606 840 2662 subsecuta
868 2616 971 2672 est,
1006 2616 1066 2663 ut
1089 2608 1392 2663 mercedem
1417 2617 1657 2662 mutuam
1686 2623 1808 2679 pec-

211 2701 330 2759 cati
357 2700 440 2756 sui
485 2701 540 2755 in
568 2699 858 2771 semetipso
904 2699 1190 2770 reciperet,
1228 2700 1486 2755 amittens
1510 2701 1611 2757 sub
1633 2714 1690 2756 se
1716 2715 1808 2772 po-

211 2794 384 2850 sitam
409 2792 491 2848 sui
520 2792 761 2864 corporis
787 2791 1190 2862 quodammodo
1216 2793 1602 2858 obedientiam,
1641 2807 1807 2862 quam

212 2884 550 2955 praecipuam
578 2884 681 2939 sub
732 2882 953 2940 domino
997 2898 1097 2939 suo
1147 2884 1262 2959 ipse
1295 2892 1713 2956 contempserat.
1741 2882 1810 2939 Et

208 2974 365 3047 quod
393 2989 537 3030 nunc
560 2989 684 3030 cum
714 2975 903 3030 eadem
948 2974 1065 3046 lege
1110 2976 1320 3045 peccati
1365 2975 1658 3041 nascimur,
1689 2990 1809 3046 qua:

214 3067 277 3122 in
309 3065 569 3121 membris
588 3066 789 3121 nostris
826 3073 1091 3137 repugnat
1131 3064 1236 3138 legi
1267 3066 1486 3131 mentis,
1508 3081 1684 3136 neque
1710 3066 1808 3122 ad-

214 3169 416 3211 versus
440 3155 606 3209 Deum
650 3170 1015 3222 murmurare,
1052 3170 1227 3226 neque
1256 3164 1444 3212 contra
1474 3171 1587 3212 rem
1636 3156 1809 3211 mani-

1904 1985 2034 2042 tate,
2086 1976 2169 2032 vel
2211 1976 2454 2035 caecitate
2479 1973 2634 2044 plura
2659 1971 2971 2028 committit.
3014 1970 3121 2027 Pro
3150 1986 3257 2042 quo
3286 1969 3488 2041 supplie

1901 2068 2138 2124 candum
2174 2074 2258 2122 est
2282 2074 2341 2121 ut
2362 2074 2602 2131 sanetur,
2626 2073 2685 2118 ut
2710 2064 2963 2134 deinceps
2985 2063 3038 2118 in
3069 2069 3327 2134 perpetua
3348 2061 3489 2118 sani-

1906 2168 2017 2216 tate
2043 2159 2293 2224 vivatur;
2328 2174 2434 2214 non
2458 2158 2896 2229 superbiendum,
2926 2158 3079 2228 quasi
3111 2158 3272 2214 homo
3300 2156 3489 2214 eadem

1906 2257 2175 2322 potestate
2197 2256 2455 2315 sanetur,
2471 2264 2576 2316 qua
2599 2256 2866 2318 potestate
2895 2248 3117 2304 vitiatus
3143 2255 3247 2304 est.

1979 2336 2114 2392 XVI.
2149 2336 2300 2409 (Cap.
2350 2336 2463 2408 5t.)
2509 2336 2683 2407 Ipsam
2724 2338 3051 2407 superbiam,
3099 2352 3219 2408 quae
3260 2336 3313 2392 in
3345 2343 3493 2393 recte

1906 2427 2064 2483 factis
2085 2427 2268 2482 animo
2296 2426 2585 2481 insidiatur
2612 2427 2870 2493 humano,
2894 2442 3001 2481 non
3021 2427 3129 2482 cito
3153 2427 3292 2482 Deus
3312 2434 3489 2481 sanat.

1909 2517 2017 2575 Pro
2047 2532 2154 2589 qua
2189 2516 2431 2571 sananda
2478 2515 2551 2570 illi
2598 2516 2703 2586 pia:
2750 2516 2945 2571 anima:
2970 2532 3093 2572 cum
3141 2515 3397 2587 lacrymis
3437 2524 3495 2571 et

1908 2609 2121 2682 magnis
2161 2606 2453 2680 gemitibus
2502 2606 2826 2678 supplicant,
2871 2614 2930 2661 ut
2969 2607 3036 2662 ad
3084 2620 3202 2662 eam
3234 2620 3496 2678 superan-

1910 2701 2037 2756 dam
2086 2706 2142 2755 et
2184 2697 2583 2769 quodammodo
2632 2696 2966 2764 calcand’am,
3014 2706 3069 2752 et
3113 2698 3491 2761 obterendam,

1910 2793 2190 2849 dexteram
2237 2788 2559 2847 conantibus
2603 2790 2865 2861 porrigat,
2916 2805 3040 2845 cum
3084 2799 3325 2845 extrema
3378 2786 3495 2857 ejus

1910 2881 2101 2938 umbra
2132 2882 2225 2937 illo
2268 2880 2495 2936 meridie
2522 2888 2785 2951 quantum
2831 2879 3067 2935 arbitror
3092 2878 3491 2934 absorbebitur.

1911 2973 2012 3042 Qui
2048 2973 2320 3040 meridies,
2367 2971 2648 3043 Scriptura
2691 2971 2927 3038 dicente,
2964 2970 3336 3042 promittitur:
3373 2988 3391 3020 ι
3429 2970 3499 3025 Ει

1919 3084 1938 3117 ι
1967 3065 2162 3121 educet
2213 3063 2367 3135 quasi
2418 3062 2598 3118 lumen
2640 3060 2907 3132 justitiam
2959 3071 3125 3128 tuam,
3153 3070 3208 3117 et
3231 3060 3497 3131 judicium

1921 3175 1938 3208 ι
1978 3164 2130 3212 tuum
2174 3156 2314 3212 sicut
2360 3156 2663 3222 meridiem,
2697 3176 2714 3208 ι
2758 3157 2803 3211 si
2839 3154 2935 3210 fiat
2980 3156 3124 3226 quod
3169 3170 3330 3227 supra
3361 3154 3497 3210 scri-

213 3247 578 3304 festissimam
627 3247 923 3318 disputare,
957 3220 1050 3302 scd
1077 3220 1176 3318 pro
1226 3260 1388 3319 poena
1424 3246 1567 3304 illius
1597 3247 1811 3304 miseri-
1837 3220 1883 3285 (ἶ
1913 3257 2067 3321 ptum
2090 3256 2209 3315 est:
2244 3266 2262 3299 ι
2293 3246 2494 3319 Revela
2516 3220 2746 3304 Domino
2779 3248 2921 3303 viam
2966 3220 3132 3312 tuam,
3162 3254 3218 3303 et
3236 3220 3399 3317 spera
3439 3245 3496 3300 in

212 3338 465 3395 cordiatn
493 3352 737 3408 quaerere
760 3347 816 3393 et
842 3352 1002 3394 orare
1028 3337 1306 3395 debemus.

292 3429 406 3487 XII.
440 3428 594 3501 (Cap.
618 3429 733 3502 26.)
764 3429 920 3485 Sicut
960 3429 1205 3496 vulnere,
1255 3428 1406 3485 verhi
1442 3428 1639 3502 gratia,
1666 3428 1813 3483 clau-

214 3524 416 3581 dicans
443 3523 565 3577 ideo
593 3529 838 3582 curatur.
869 3529 950 3585 ut,
992 3529 1184 3575 sanato
1210 3520 1352 3575 malo
1402 3520 1698 3589 praeterito,
1732 3518 1815 3574 fu-

216 3624 383 3670 turus
407 3611 677 3682 dirigatur
702 3609 984 3675 incessus;
1013 3610 1091 3664 sic
1120 3608 1259 3662 mala
1288 3616 1474 3663 nostra
1501 3624 1608 3663 non
1639 3608 1812 3663 solum

219 3702 297 3759 ad
330 3701 437 3757 hoc
478 3714 746 3771 supernus
788 3698 1030 3754 medicus
1081 3704 1261 3762 sanat,
1310 3704 1373 3751 ut
1419 3695 1508 3751 illa
1546 3694 1658 3765 jam
1703 3710 1814 3750 non

223 3790 365 3855 sint,
398 3790 494 3845 sed
539 3799 601 3844 ut
636 3789 704 3844 de
751 3797 949 3844 caetero
997 3774 1147 3844 recte
1192 3786 1470 3843 ambulare
1520 3785 1811 3857 possimus.

217 3878 387 3948 Quod
432 3878 649 3948 quidem
704 3877 869 3932 etiam
919 3878 1038 3933 sani
1088 3891 1194 3932 non
1244 3875 1351 3931 nisi
1392 3876 1483 3933 illo
1528 3875 1816 3947 adjuvante

212 3966 541 4041 poterimus.
898 3984 903 3989 ·

296 4066 433 4124 XIII.
475 4066 666 4139 (Ibid.)
702 4066 940 4123 Medicus
990 4066 1175 4131 homo,
1223 4081 1347 4121 cum
1394 4065 1670 4122 sanaverit
1716 4066 1813 4121 ho-

218 4160 451 4226 minem,
471 4157 586 4228 jam
629 4160 698 4215 de
743 4168 939 4215 caztero
984 4157 1395 4215 sustentandum
1449 4157 1731 4213 elementis
1759 4166 1814 4214 et

219 4252 502 4308 alimentis
543 4250 936 4323 corporalibus,
963 4260 1020 4306 ut
1069 4249 1261 4306 eadem
1290 4250 1497 4306 sanitas
1523 4258 1651 4320 apto
1676 4250 1808 4307 sub-

218 4342 366 4399 sidio
413 4343 754 4399 convalescat
791 4350 954 4413 atque
996 4342 1273 4412 persistat,
1309 4341 1419 4398 Deo
1444 4342 1690 4409 dimittit,
1720 4342 1810 4412 qui

217 4436 433 4508 praebet
468 4436 572 4492 ista
622 4436 676 4491 in
704 4450 872 4491 carne
910 4435 1235 4501 viventibus,
1280 4433 1435 4504 cujus
1463 4443 1620 4490 erant
1650 4434 1813 4489 etiam

221 4525 317 4581 illa
367 4539 490 4595 qua:
517 4525 643 4579 dum
688 4531 906 4581 curaret
947 4524 1256 4580 adhibebat.
1299 4522 1417 4578 Non
1445 4524 1588 4580 enim
1617 4538 1811 4595 quem-

218 4629 390 4685 quam
413 4615 654 4671 medieus
669 4630 735 4671 ex
763 4615 849 4671 his
869 4615 1031 4672 rebus
1051 4631 1187 4687 quas
1211 4616 1327 4686 ipse
1345 4616 1615 4671 creaverit
1636 4624 1813 4684 sanat,

221 4705 327 4764 sed
355 4723 421 4762 ex
446 4706 588 4763 illius
616 4709 811 4779 opibus
834 4708 927 4779 qui
952 4716 1104 4764 creat
1123 4706 1306 4763 omnia
1334 4708 1641 4764 necessaria
1666 4709 1814 4765 sanis

223 4808 391 4868 atque
422 4798 653 4853 vitiosis.
705 4799 824 4869 Ipse
862 4807 1041 4857 autem
1094 4798 1259 4864 Deus,
1293 4814 1415 4853 cum
1462 4814 1562 4869 per
1610 4799 1816 4855 media-

225 4897 402 4945 torent
431 4889 528 4944 Dei
574 4898 632 4945 et
673 4890 951 4945 hominum
1007 4889 1281 4946 hominem
1321 4887 1506 4945 Iesum
1536 4890 1814 4948 Christum

224 4979 532 5050 spiritalem
563 4989 725 5041 sanat
749 4996 974 5052 aagrum,
1030 4981 1114 5037 vel
1146 4981 1384 5037 vivificat
1432 4992 1726 5049 mortuum,
1758 4983 1813 5038 id

223 5078 312 5127 est
332 5068 600 5140 justiticat
627 5071 875 5142 impium,
905 5081 960 5128 et
986 5087 1109 5129 eum
1152 5072 1222 5128 ad
1273 5071 1570 5144 perfectam
1615 5073 1817 5129 sanita-

226 5170 362 5227 tem,
388 5160 493 5217 hoc
516 5169 604 5216 est
630 5162 698 5216 ad
752 5160 1051 5232 perfectam
1092 5162 1258 5218 vitam
1283 5163 1660 5235 justitiamque
1685 5180 1812 5238 per-

225 5251 465 5319 duxerit,
494 5268 602 5307 non
627 5252 847 5319 deserit,
872 5254 919 5311 si
945 5269 1049 5309 non
1075 5255 1375 5321 deseratur,
1403 5263 1463 5310 ut
1493 5255 1579 5327 pie
1600 5272 1812 5328 semper

221 5344 477 5416 justeque
504 5345 735 5400 vivatur.
779 5344 933 5403 Sicut
958 5346 1103 5403 enim
1133 5347 1321 5403 oculus
1351 5349 1614 5419 corporis,
1642 5348 1807 5405 etiam

228 5434 540 5505 plenissime
572 5451 761 5502 sanus,
800 5437 904 5491 nisi
954 5437 1189 5494 candore
1233 5437 1372 5494 lucis
1419 5439 1656 5511 adjutus,
1696 5456 1803 5495 non

229 5534 406 5596 potest
423 5541 669 5593 cernere,
699 5528 778 5584 sic
816 5528 978 5585 homo
1004 5529 1165 5584 etiam
1193 5529 1587 5600 perfectissime
1606 5530 1805 5602 justiti-

230 5626 406 5684 catus,
454 5620 559 5675 nisi
607 5630 807 5677 eterna
863 5622 983 5679 luce
1011 5622 1269 5679 divinitus
1298 5622 1600 5694 adjuvetur,
1658 5633 1804 5682 recte

231 5727 337 5768 non
361 5720 541 5782 potest
566 5713 766 5769 vivere.

302 5801 443 5865 XIV.
499 5804 652 5878 (Cap.
706 5803 820 5877 27.)
879 5803 1107 5882 Propter
1158 5806 1485 5865 voluntatem
1539 5818 1797 5881 nostram,

1920 3358 1939 3393 ι
1969 3355 2113 3406 eum,
2142 3348 2198 3395 et
2227 3340 2342 3409 ipse
2368 3339 2531 3394 faciet
2554 3338 2727 3408 (Psal.
2758 3337 2966 3411 χχχιιι).
2990 3358 3009 3390 ι

1986 3428 2148 3487 XVII.
2175 3428 2365 3504 (Ibid.)
2411 3427 2715 3500 Operamur
2742 3436 2800 3485 et
2823 3444 2943 3494 nos,
2976 3427 3070 3484 sed
3096 3428 3209 3484 Deo
3236 3435 3499 3499 operante

1915 3536 2298 3592 eooperamur,
2324 3522 2453 3591 quia
2497 3521 2872 3577 misericordia
2923 3520 3040 3589 ejus
3075 3520 3337 3593 praevenit
3372 3536 3497 3577 nos.

1914 3611 2185 3667 Praevenit
2211 3619 2395 3665 autem
2423 3620 2483 3665 ut
2506 3626 2781 3679 sanemur,
2821 3614 2948 3683 quia
2975 3622 3032 3669 et
3057 3615 3416 3684 subsequetur
3441 3623 3501 3668 ιιι

1917 3700 2083 3755 etiam
2127 3700 2303 3755 sanati
2328 3708 2660 3769 vegetemur.
2689 3701 2961 3757 Prtevenit
2980 3710 3041 3757 ut
3064 3718 3340 3768 vocemur,
3363 3705 3496 3759 sub-

1917 3798 2177 3861 sequetur
2216 3798 2278 3847 ut
2304 3789 2690 3862 gloriﬁcemur.
2721 3790 2991 3846 Praevenit
3015 3799 3076 3847 ut
3117 3791 3204 3861 pie
3231 3793 3497 3859 vivamus,

1918 3881 2280 3952 subsequatur
2318 3887 2380 3934 ut
2404 3894 2527 3936 cum
2560 3878 2653 3936 illo
2678 3896 2894 3951 semper
2921 3882 3201 3949 vivamus;
3232 3884 3358 3955 quia
3380 3883 3499 3940 sine

1915 3971 2006 4027 illo
2035 3970 2175 4027 nihil
2203 3972 2385 4027 facere
2411 3986 2719 4043 possumus.
2751 3971 3049 4043 Utrumque
3066 3974 3209 4030 enim
3238 3975 3500 4046 scriptum

1913 4070 2019 4129 est,
2048 4070 2164 4129 et,i
2203 4063 2348 4119 Deus
2393 4078 2565 4131 meus,
2622 4063 2995 4120 misericordia
3040 4063 3157 4134 ejus
3208 4067 3504 4140 praeveniet

1922 4174 1941 4208 ι
1973 4171 2060 4212 me
2107 4154 2278 4228 (Psal.
2313 4165 2470 4230 LVIII)
2498 4173 2512 4223 ;
2539 4175 2558 4208 ι
2588 4164 2685 4213 et:
2720 4176 2739 4209 ι
2797 4156 3165 4215 Misericordia
3226 4169 3315 4215 tua
3368 4160 3501 4217 sub-

1920 4273 1939 4307 ι
1972 4263 2230 4325 sequetur
2260 4270 2347 4312 me
2394 4270 2491 4326 per
2534 4270 2725 4313 omnes
2771 4256 2887 4311 dies
2944 4257 3070 4312 vita:
3136 4273 3271 4315 mea:
3325 4258 3499 4333 (Paul.

1920 4366 1939 4399 ι
1979 4348 2181 4419 xxu).i

1985 4437 2171 4495 XVIII.
2204 4437 2394 4512 (lbid.)
2422 4439 2766 4497 Revelemus~
2789 4442 2857 4497 ad
2889 4442 3174 4498 Dominum
3219 4442 3362 4498 viam
3393 4460 3494 4500 no-

1920 4538 2092 4586 stram
2139 4530 2497 4597 confessione,
2564 4550 2671 4589 non
2719 4533 3031 4591 defensione
3082 4537 3383 4594 laudemus.
3441 4538 3499 4593 Si
3590 4571 3595 4575 -

1920 4621 2066 4677 enim
2097 4637 2205 4677 non
2235 4631 2319 4678 est
2364 4622 2533 4694 ipsius
2561 4624 2670 4690 via,
2721 4625 2815 4680 sed
2868 4635 3072 4691 nostra,
3123 4627 3310 4700 procul
3339 4628 3501 4685 dubio

1920 4731 2027 4771 nou
2062 4723 2147 4771 est
2174 4725 2343 4772 recta.
2374 4716 2698 4774 Revelemus
2720 4734 2837 4774 eam
2868 4722 3192 4787 conﬁtendo,
3218 4721 3343 4794 quia
3392 4739 3499 4779 non

1919 4822 2044 4863 eum
2086 4807 2239 4875 latet,
2281 4810 2498 4866 etiamsi
2548 4810 2763 4881 Operire
2810 4828 3070 4869 conemur
3115 4812 3267 4888 (Cap.
3299 4818 3497 4886 xxxii).

1917 4899 2128 4955 Bonum
2153 4909 2238 4957 est
2265 4910 2445 4958 autem
2491 4904 2742 4959 confiteri
2772 4905 3021 4961 Domino.
3060 4906 3139 4962 Ita
3183 4909 3331 4964 enim
3357 4909 3503 4979 quod

1916 4990 1964 5045 ei
1996 4990 2174 5060 placet
2207 4991 2357 5047 dabit
2406 4992 2581 5059 nobis,
2612 4994 2659 5049 si
2694 4995 2835 5064 quod
2861 4995 2911 5051 ei
2958 4996 3204 5068 diSplicet
3234 4998 3289 5052 in
3319 4998 3511 5065 nobis,

1923 5079 2211 5151 displiceat
2234 5091 2290 5139 et
2326 5084 2503 5139 nobis.
2538 5103 2556 5135 ι
2592 5084 2832 5150 Avertet,
2867 5107 2886 5139 ι
2921 5087 3062 5143 sicut
3105 5088 3361 5159 scriptum
3389 5098 3495 5155 est,

1926 5189 1946 5223 ι
1983 5174 2205 5241 semitas
2233 5183 2449 5232 nostras
2479 5191 2509 5231 a
2532 5177 2618 5231 via
2659 5193 2775 5243 sua,
2801 5198 2820 5232 ι
2852 5188 2908 5234 et
2933 5189 3174 5236 nostram
3198 5180 3360 5236 faciet
3381 5196 3502 5247 esse

1917 5276 2036 5331 quze
2062 5278 2158 5318 sua
2181 5273 2282 5331 est,
2324 5266 2581 5336 quoniam
2612 5269 2681 5329 ab
2722 5268 2847 5338 ξι)εό
2865 5270 3135 5339 praebetur
3157 5269 3513 5329 credentibus.

1916 5348 1972 5407 in
2000 5367 2125 5408 eum
2146 5365 2202 5409 et
2225 5358 2571 5426 sperantibus
2596 5357 2651 5412 in
2688 5375 2833 5425 eum,
2862 5367 2922 5413 ut
2948 5359 3062 5431 ipse
3095 5360 3275 5417 faciat.
3462 5420 3467 5429 ,

1983 5442 2123 5500 XIX.
2149 5444 2301 5518 (Cap.
2342 5449 2453 5521 54.)
2484 5448 2599 5506 Non
2645 5451 2901 5507 debemus
2946 5452 3025 5508 sic
3073 5450 3292 5507 laudare
3334 5446 3471 5503 Crea

1914 5542 2172 5602 torem,ut
2186 5541 2906 5611 cogamurdicere,imovere
2923 5542 3308 5598 convincamur
3318 5539 3501 5595 dicere

1909 5629 2234 5701 superfluum
2250 5631 2866 5687 Salvatoremﬁaturam
2885 5632 3064 5703 itaque
3077 5630 3308 5688 hominis
3321 5630 3499 5702 dignis

1910 5720 2159 5776 laudibus
2190 5721 2539 5787 honoremus,
2562 5737 2761 5791 easque
2787 5721 2971 5776 laudes
2990 5720 3059 5777 ad
3087 5719 3358 5782 Creatoris
3384 5726 3500 5795 glo-

1911 5812 2049 5871 riam
2075 5812 2391 5871 rcl‘eramus.
2422 5813 2527 5872 Sed
2550 5815 2671 5887 quia
2690 5830 2785 5871 nos
2805 5814 3028 5886 creavit,
3047 5813 3123 5875 ita
3138 5815 3302 5874 simus
3333 5816 3492 5890 grati,
