4032 6458
542 402 648 462 “9

1742 412 2096 471 AMULONIS
2134 410 2350 470 EPISC.
2392 414 2601 474 LUGD.

3710 428 3835 483 120

543 529 602 572 ut
634 533 740 574 non
770 515 960 585 simus,
987 520 1109 592 quia
1147 529 1320 586 sanat,
1365 518 1583 593 ingrati.
1614 520 1755 579 Vitia
1783 538 1912 580 sane
1939 532 2122 580 nostra
2153 527 2202 586 A
2230 524 2292 579 lit
2318 524 2506 595 fuisse,
2535 530 2892 600 prtesentibus
2930 542 3171 603 urgetur,
3207 550 3316 592 non
3346 538 3620 609 przeterita
3645 541 3836 594 remi-

543 620 663 677 qua:
679 620 857 675 sanat,
874 626 981 665 non
998 610 1178 665 divino
1196 612 1364 682 operi,
1386 614 1477 668 sed
1494 612 1742 669 humana:
1755 616 2037 680 voluntati,
2052 612 2134 682 ju-

543 709 753 772 stteque
784 700 929 756 illius
954 703 1205 755 vindicta:
1230 703 1569 763 tribuamus.
1623 705 1730 760 Sed
1776 715 1833 761 ut
1863 707 1916 759 in
1947 715 2130 760 nostra

542 803 810 863 potestate
863 795 1026 848 fuisse
1083 809 1151 849 ne
1200 797 1520 850 accederent
1571 796 1910 863 confitemur,
1959 799 2029 853 ita
2070 807 2131 853 ut

540 894 807 941 sanentur
831 886 885 942 in
915 886 1060 941 illius
1090 887 1263 957 magis
1316 902 1438 941 esse
1468 888 1858 955 misericordia,
1884 904 2047 959 quam
2074 890 2128 943 in

544 988 729 1033 nostra
756 984 1024 1047 potestate
1053 976 1344 1034 fateamur.

616 1070 732 1125 XX.
791 1070 957 1142 (Cap.
1024 1068 1150 1144 55.)
1220 1075 1585 1141 Quorumdam
1658 1074 1937 1147 exempla,
1992 1091 2129 1147 quos

539 1172 793 1233 peccasse
832 1162 1080 1233 legimus,
1113 1180 1220 1220 non
1262 1166 1380 1220 ideo
1413 1166 1612 1234 scripta
1661 1167 1793 1222 dicit
1818 1166 1911 1238 qui
1936 1184 2127 1224 sanum

538 1253 684 1324 sapit
708 1261 767 1307 ut
800 1254 866 1308 ad
898 1255 1331 1323 desperationem
1365 1272 1470 1312 non
1518 1259 1778 1328 peccandi
1810 1260 2044 1325 valeant,
2071 1269 2128 1315 et

538 1344 891 1400 securitatem
940 1346 1200 1415 peccandi
1246 1348 1400 1402 nobis
1438 1349 1837 1418 quodammodo
1883 1350 2127 1422 prmbere

540 1433 864 1498 rideantur;
900 1434 995 1489 sed
1020 1444 1078 1489 ut
1113 1437 1469 1505 disceremus,
1502 1439 1586 1493 vel
1628 1441 1923 1509 paenitendi
1953 1442 2132 1497 Ιιιιῐιιί-Δ

541 1524 776 1592 ξίῑθιθιη,
828 1527 913 1582 vel
961 1529 1123 1583 etiam
1172 1531 1224 1583 in
1271 1530 1469 1587 talibus
1514 1531 1758 1603 lapsibus
1785 1548 1892 1588 non
1939 1534 2127 1605 despe-

541 1618 771 1673 randam
802 1619 1051 1674 salutem.
1101 1619 1331 1687 Quidam
1359 1622 1501 1677 enim
1531 1623 1585 1677 in
1636 1635 1857 1694 peccata
1887 1624 2125 1696 prolapsi

540 1702 921 1780 desperatione
941 1711 1062 1782 plus
1091 1718 1340 1783 pereunt,
1368 1729 1469 1770 nec
1495 1715 1669 1770 solum
1697 1716 1995 1786 paenitendi
2027 1731 2125 1772 ne-

538 1800 751 1873 gligant
794 1804 1141 1870 medicinam,
1192 1805 1284 1861 sed
1331 1806 1398 1860 ad
1438 1805 1701 1877 explenda
1746 1808 2030 1863 inhonesta
2070 1816 2126 1863 et

539 1892 750 1948 nefaria
807 1896 1073 1951 desideria
1131 1895 1274 1953 servi
1323 1896 1602 1953 libidinum
1642 1905 1698 1953 et
1742 1898 2125 1954 seclcratarum

540 1985 900 2054 cupiditatum
957 1988 1114 2054 fiunt,
1162 1988 1317 2060 quasi
1367 1990 1620 2060 perdant,
1655 1992 1699 2046 si
1751 2007 1859 2045 non
1900 1990 2127 2046 fecerint

538 2077 685 2146 quod
713 2079 933 2151 instigat
955 2080 1140 2145 libido,
1171 2096 1292 2135 cum
1317 2080 1538 2150 eosjam
1567 2092 1785 2137 maneat
1806 2092 1950 2137 certa
1977 2085 2127 2138 dam-

539 2171 708 2224 natio.
740 2169 1013 2225 Adversus
1041 2171 1185 2226 hunc
1206 2172 1472 2234 morbum,
1509 2172 1732 2227 nimium
1759 2173 2123 2243 periculosum

540 2269 599 2316 et
634 2261 968 2316 exitiabilem
996 2302 1011 2324 ,
1065 2262 1209 2316 valet
1251 2263 1699 2318 commemoratio
1754 2272 2120 2332 peccatorum,

537 2354 702 2407 etiam
734 2354 786 2407 in
817 2369 936 2423 quae
959 2353 1092 2423 justi
1120 2353 1402 2422 sanctique
1431 2354 1664 2425 prolapsi
1697 2363 1841 2409 sunt.

609 2444 748 2501 XXI.
781 2445 969 2517 (Ibid.)
1002 2445 1117 2501 Non
1158 2445 1361 2501 frustra
1405 2447 1569 2502 etiam
1593 2446 1773 2516 justos
1795 2447 1847 2502 in
1876 2448 2123 2503 oratione

535 2537 742 2601 dicere,
780 2557 797 2587 ι
829 2537 1049 2592 Dimitte
1078 2538 1237 2592 nobis
1266 2538 1446 2593 debita
1477 2549 1685 2601 nostra,
1741 2539 1881 2593 sicut
1926 2547 1981 2593 et
2024 2554 2123 2594 nos

538 2649 559 2677 ο
594 2630 917 2685 dimittimus
946 2629 1285 2685 debitoribus
1314 2629 1515 2684 nostris
1570 2629 1787 2701 (Matth.
1814 2637 1913 2701 vi).
1946 2651 1964 2684 ›
2018 2632 2123 2687 Do-

531 2714 852 2787 minumque
880 2714 1180 2783 Christum,
1222 2733 1344 2773 cum
1387 2719 1633 2775 eamdem
1672 2702 1981 2775 'orationem
2027 2721 2121 2776 do-

532 2811 708 2866 cendo
764 2810 1137 2881 explicuisset,
1194 2814 1543 2869 veracissime
1597 2813 1937 2871 subdidisse:
1988 2834 2006 2867 ι
2060 2814 2118 2872 Si

540 2918 561 2951 ι
589 2901 733 2955 enim
762 2900 1080 2957 dimiseritis
1101 2903 1411 2957 hominibus
1439 2912 1679 2973 peccata,
1706 2891 1940 2959 dimittet
1968 2904 2119 2962 vobis

541 3011 562 3043 ι
590 2992 753 3047 Pater
774 3001 953 3048 vester
985 2999 1205 3063 peccata
1246 3002 1426 3049 vestra
1458 2994 1671 3065 (Matth.
1702 2994 1800 3064 vr).
1826 3015 1842 3045 ι
1886 2990 1991 3050 Per
2014 2996 2118 3052 hoc

535 3087 681 3141 enim
712 3086 1085 3155 quotidianum
1115 3084 1358 3157 spiritale
1385 3086 1784 3156 quodammodo
1814 3087 2111 3152 incensum,

533 3177 679 3247 quod
710 3186 837 3231 ante
882 3177 1048 3231 Deum
1074 3172 1128 3232 in
1159 3178 1329 3233 altare
1360 3177 1563 3242 cordis,
1612 3178 1754 3247 quod
1782 3193 1996 3233 sursum
2023 3180 2117 3232 ha-

532 3268 665 3323 bere
690 3266 1065 3327 admonemur.
1098 3264 1353 3334 infertur,
1383 3268 1593 3323 etiamsi
1628 3283 1734 3323 non
1771 3269 1861 3324 hic
1908 3268 2121 3323 vivatur

533 3360 655 3415 sine
689 3367 933 3431 peccato,
969 3359 1098 3416 licet
1138 3361 1278 3415 mori
1324 3360 1441 3415 sine
1469 3369 1716 3431 peccato,
1744 3362 1869 3416 dum
1895 3359 2124 3416 subinde

529 3448 691 3507 venia
716 3452 949 3519 deletur,
994 3452 1136 3523 quod
1168 3450 1399 3508 subinde
1436 3452 1741 3524 ignorantia
1771 3452 1857 3507 vel
1903 3452 2126 3507 inﬁrmi-

532 3550 649 3597 tate
677 3542 1057 3599 committitur.

604 3630 770 3688 XXII.
814 3633 966 3707 (Cap.
1003 3630 1117 3703 63.)
1152 3631 1297 3692 Deus
1329 3641 1438 3691 tam
1488 3629 1662 3691 bonus
1712 3650 1874 3706 quam
1920 3627 2120 3705 justus,

531 3721 700 3778 talem
727 3723 1004 3779 hominem
1033 3723 1180 3787 fecit,
1236 3723 1330 3794 qui
1358 3732 1584 3794 peccato
1610 3740 1801 3781 carere
1830 3723 2120 3788 suiliceret,

529 3812 627 3868 sed
670 3812 715 3868 si
743 3810 1024 3868 voluisset.
1052 3813 1184 3882 Quis
1204 3811 1350 3869 enim
1394 3829 1517 3869 eum
1546 3814 1721 3869 nescit
1743 3827 1934 3868 sanum
1965 3822 2019 3869 et
2050 3814 2125 3869 in-

530 3904 857 3974 culpabilem
889 3902 1112 3969 factum,
1144 3913 1199 3959 et
1226 3905 1397 3960 libero
1435 3903 1662 3960 arbitrio
1688 3914 1850 3974 atque
1875 3905 1942 3960 ad
1977 3901 2125 3974 juste

2216 617 2479 697 ~niscitur.
2536 619 2647 675 Nec
2702 630 2914 677 tantum
2963 635 3352 697 repugnantem
3404 627 3574 692 videt,
3625 643 3837 684 verum

2231 708 2394 764 etiam
2447 712 2813 781 captivantem
2867 729 2926 768 se
2974 714 3026 769 in
3058 717 3173 787 lege
3202 718 3429 785 peccati,
3474 733 3592 787 qua:
3621 727 3709 774 est
3772 719 3838 774 in

2233 802 2493 856 membris
2516 803 2650 874 ejus,
2676 820 2782 859 non
2815 821 2935 875 qua}
2970 805 3090 861 fuit.
3121 807 3260 862 Hinc
3290 819 3375 863 est
3400 810 3543 879 quod
3570 808 3786 865 clamat
3814 824 3835 864 :

2237 910 2255 943 ι
2288 891 2477 947 Infelix
2508 894 2690 962 homo,
2721 898 2844 966 quis
2868 912 2954 951 me
2981 898 3235 954 liberabit
3261 900 3327 954 de
3355 916 3582 971 corpore
3624 906 3835 961 mortis

2235 1003 2255 1036 ο
2292 983 2487 1053 hujus?
2516 1005 2534 1038 ›
2572 985 2748 1057 (Rom.
2774 987 2893 1059 vn.)
2926 987 3153 1045 Sinatur
3190 1006 3369 1059 orare,
3411 994 3623 1048 sinatur
3662 995 3831 1064 adju-

2230 1075 2428 1130 turium
2464 1077 2657 1132 medici
2688 1079 3048 1148 potentissimi
3092 1079 3355 1152 ﬂagitare,
3385 1084 3513 1154 quid
3544 1087 3836 1141 contradi-

2231 1164 2562 1235 citur?‘quid
2609 1167 2980 1238 obstrepitur?
3008 1171 3135 1240 quid
3180 1172 3348 1228 miser
3386 1173 3833 1232 misericordiam

2230 1256 2431 1312 Christi
2460 1267 2645 1328 petere
2680 1259 3035 1329 prohibetur?

2301 1342 2467 1401 XXV.
2493 1344 2647 1419 (Cap.
2675 1349 2788 1419 67.)
2815 1348 3155 1420 Adjutorium
3176 1354 3515 1425 postulamus
3537 1356 3831 1414 dicentes:

2235 1456 2254 1488 ι
2287 1436 2365 1492 Ne
2391 1455 2491 1494 nos
2527 1438 2729 1496 inferas
2759 1442 3210 1499 intentationem.
3249 1464 3267 1496 ι
3304 1443 3457 1512 Quod
3488 1445 3831 1515 adjutorium

2228 1545 2336 1585 non
2366 1518 2740 1601 posceremus,
2783 1532 2829 1587 si
2862 1531 3039 1587 resisti
3081 1533 3228 1587 nullo
3261 1536 3421 1590 modo
3448 1551 3609 1605 posse
3633 1538 3832 1592 crede-

2229 1635 2432 1675 remus.
2460 1621 2645 1676 Potest
2687 1632 2970 1691 peccatum
3001 1625 3205 1689 caveri,
3237 1627 3330 1681 sed
3377 1627 3681 1697 opitulante
3730 1628 3830 1684 illo

2228 1712 2318 1781 qui
2347 1728 2453 1766 non
2484 1721 2664 1782 potest
2690 1712 2821 1767 falli.
2850 1711 2983 1767 Nam
3015 1713 3194 1769 ethoc
3215 1716 3390 1785 ipsum
3420 1716 3489 1770 ad
3518 1717 3830 1772 cavendum

2226 1812 2509 1873 peccatum
2537 1805 2791 1874 pertinet,
2817 1805 2861 1859 si
2906 1806 3176 1861 veraciter
3214 1806 3444 1863 dicimus
3485 1825 3499 1861 :
3531 1827 3550 1860 ι
3599 1808 3829 1864 Dimitte

2155 1877 2203 1937 Β
2236 1913 2254 1945 ι
2288 1894 2444 1949 nobis
2466 1894 2646 1949 debita
2678 1903 2881 1958 nostra,
2907 1896 3045 1951 sicut
3087 1902 3159 1950 et'
3187 1912 3289 1979 nos
3315 1896 3642 1953 dimittimus
3671 1897 3830 1954 debi-

2234 1984 2496 2038 «toribus
2548 1984 2769 2039 nostris.
2803 2004 2821 2036 ι
2857 1985 3075 2042 Duobus
3120 1987 3264 2042 enim
3318 1987 3496 2043 modis
3544 1988 3720 2043 etiam
3766 1990 3826 2044 in

2226 2091 2457 2146 corpore
2485 2087 2710 2133 cavetur
2737 2079 2911 2134 morbi
2944 2082 3164 2148 malum,
3190 2090 3251 2136 ut
3278 2097 3385 2137 non
3413 2084 3629 2139 accidat
3658 2094 3717 2140 et
3742 2095 3825 2151 ut,

2225 2168 2271 2223 si
2303 2166 2579 2235 acciderit,
2611 2170 2719 2225 cito
2763 2179 3005 2225 sanetur.
3037 2170 3110 2226 Ut
3136 2187 3245 2227 non
3285 2174 3501 2228 accidat
3529 2190 3828 2231 caveamus

2224 2258 2454 2314 dicendo
2485 2275 2501 2313 :
2538 2277 2556 2309 ε
2594 2258 2672 2313 Ne
2700 2274 2799 2314 nos
2821 2259 3019 2315 inferas
3039 2260 3094 2315 in
3130 2263 3485 2318 tentationem
3520 2280 3534 2317 :
3572 2284 3593 2317 ι
3621 2273 3685 2319 ut
3707 2266 3821 2320 cito

2225 2357 2467 2416 sanetur,
2497 2363 2784 2404 caveamus
2832 2349 3061 2406 dicendo
3085 2391 3099 2413 ,
3132 2369 3152 2404 ‹
3182 2352 3401 2409 Dimitte
3438 2354 3599 2410 nobis
3639 2355 3823 2410 debita

2230 2460 2249 2495 t
2279 2450 2484 2498 nostra.
2515 2463 2533 2496 ι

2294 2535 2481 2591 XXVI.
2508 2535 2697 2609 (Ibid.)
2718 2539 2884 2595 Recte
2914 2539 3059 2618 enim
3082 2540 3314 2598 fortasse
3336 2548 3704 2612 quererentur
3725 2543 3825 2598 ho—

2222 2627 2398 2681 mines
2419 2629 2463 2681 si
2490 2628 2697 2682 erroris
2737 2636 2791 2683 et
2828 2628 3071 2685 libidinis
3110 2630 3289 2686 nullus
3328 2626 3615 2685 hominum
3644 2631 3826 2686 victor

2223 2716 2501 2771 existeret.
2533 2716 2668 2773 Cum
2697 2733 2827 2774 vero
2856 2719 3056 2788 ubique
3106 2720 3179 2775 sit
3223 2734 3464 2790 prasens
3493 2721 3587 2789 qui
3634 2720 3823 2776 multis

2220 2807 2396 2861 modis
2424 2822 2522 2877 per
2547 2802 2853 2863 creaturam
2880 2809 2984 2863 sibi
3013 2808 3241 2864 Domino
3266 2810 3595 2864 servientem
3628 2810 3822 2865 adver-

2221 2914 2341 2953 sum
2365 2908 2538 2964 vocet,
2568 2900 2761 2954 doceat
2788 2901 3123 2967 credentem,
3145 2902 3454 2957 consoletur
3482 2911 3820 2972 sperantem,

2220 2983 2535 3059 diligentem
2582 2990 2921 3056 adhortetur,
2965 3000 3254 3047 conantem
3286 2990 3517 3061 adjuvet.
3560 2994 3822 3047 exaudiat

2219 3078 2621 3149 deprecantem,
2649 3096 2756 3136 non
2788 3082 2885 3136 tibi
2910 3082 3197 3151 deputatur
3219 3083 3285 3137 ad
3316 3083 3527 3153 culpam
3551 3085 3699 3154 quod
3741 3084 3822 3138 in-

2225 3172 2368 3227 vitus
2417 3173 2654 3243 ignoras,
2686 3174 2780 3228 sed
2809 3175 2950 3243 quod
2981 3174 3210 3246 negligis
3234 3190 3475 3245 quaarere
3500 3176 3648 3245 quod
3670 3176 3823 3245 igno-

2227 3278 2346 3329 ras;
2374 3278 2550 3335 neque
2590 3264 2717 3319 illud
2756 3265 2900 3335 quod
2940 3265 3222 3321 vulnerata
3252 3268 3495 3323 membra
3521 3281 3630 3321 non
3662 3264 3819 3323 colli.

2226 3354 2329 3426 gis,
2352 3355 2444 3410 sed
2474 3358 2618 3424 quod
2647 3355 2917 3411 volentem
2950 3371 3145 3412 sanare
3175 3359 3498 3427 contemnis.

2295 3440 2506 3501 XXVII.
2547 3444 2697 3517 (Cap.
2724 3446 2839 3519 69)
2885 3442 3052 3503 Valde
3090 3449 3231 3503 bona
3272 3456 3401 3504 sunt
3444 3456 3740 3519 praecepta,
3773 3449 3818 3504 si

2226 3536 2468 3609 legitime
2497 3537 2585 3592 his
2631 3546 2866 3593 utamur.
2910 3537 2988 3594 Eo
3040 3540 3240 3611 quippe
3291 3541 3427 3611 ipso,
3460 3555 3569 3610 quo
3612 3540 3816 3595 ﬁrmis-

2227 3629 2363 3685 sime
2392 3629 2633 3684 creditur
2684 3629 2852 3684 Deum
2879 3629 3086 3700 justum
3114 3640 3168 3687 et
3215 3633 3416 3687 bonum
3459 3632 3814 3703 impossibilia

2226 3736 2332 3776 non
2357 3721 2596 3790 potuisse
2621 3721 2935 3791 prarcipere,
2970 3722 3096 3776 hinc
3117 3722 3492 3788 admonemur,
3522 3730 3579 3775 et
3608 3722 3660 3776 in
3684 3722 3813 3776 faei-

2226 3810 2365 3866 lihus
2394 3811 2524 3880 quid
2572 3826 2818 3881 agamus,
2844 3820 2899 3865 et
2948 3811 3001 3865 in
3042 3809 3346 3866 difficilibus
3376 3811 3505 3879 quid
3549 3818 3805 3882 petamus.

2225 3899 2416 3957 Omnia
2446 3902 2642 3972 quippe
2673 3901 2810 3955 ﬁunt
2837 3900 3015 3956 facilia
3046 3902 3325 3968 cbaritati,
3356 3902 3442 3956 cui
3491 3905 3585 3956 uni
3615 3900 3813 3957 Christi

530 3995 830 4051 vivendum
860 4003 1132 4066 potestate
1172 3995 1343 4052 libera
1390 3996 1794 4051 constitutum?
1847 3994 1953 4051 Sed
1978 4012 2125 4053 nunc
2215 3992 2437 4047 Barcina
2482 3993 2616 4048 levis
2645 4001 2750 4056 est,
2780 4000 2874 4046 aut
2912 4007 2975 4047 ea
3017 4007 3125 4047 una
3158 4002 3243 4048 est
3288 3992 3506 4048 sarcina
3544 3992 3663 4062 ipsa
3698 4007 3818 4062 quae

532 4086 603 4141 de
633 4086 723 4140 illo
750 4086 951 4156 agitur,
980 4101 1142 4156 quem
1168 4086 1488 4141 semivivum
1530 4086 1769 4142 latrones
1798 4087 1851 4141 in
1888 4087 1974 4141 via
2001 4088 2125 4143 reli-

531 4185 789 4248 querunt.
827 4177 929 4245 Qui
957 4179 1215 4248 gravibus
1259 4178 1479 4234 saucius
1525 4176 1916 4249 confessusque
1938 4179 2124 4236 vulne—

388 4256 400 4266 ’
460 4285 464 4289 ‘
529 4269 706 4335 ribus,
734 4285 839 4325 non
862 4271 935 4324 ita
964 4278 1147 4340 potest
1190 4271 1257 4327 ad
1278 4270 1503 4341 justitia:
1552 4271 1765 4326 culmen
1809 4273 2121 4336 ascendere,

536 4358 679 4413 sicut
707 4358 881 4429 potuit
902 4359 1027 4415 inde
1058 4361 1412 4424 descendere,
1442 4360 1533 4431 qui
1560 4361 1771 4415 etiamsi
1793 4360 1906 4430 jam
1929 4362 1983 4416 in
2015 4370 2125 4417 sta-

532 4447 664 4503 bulo
705 4455 809 4512 est,
855 4449 1031 4504 adhuc
1059 4459 1302 4504 curatur.
1350 4448 1465 4503 Non
1511 4450 1676 4521 igitur
1704 4450 1847 4506 Deus
1871 4451 2123 4522 impossi-

2227 4082 2360 4138 levis
2388 4090 2492 4137 est.
2528 4081 2835 4138 Secundum
2868 4082 2972 4137 hoc
3019 4082 3223 4138 dictum
3255 4091 3360 4147 est,
3398 4101 3417 4134 ι
3451 4090 3507 4138 et
3549 4091 3819 4154 pra-cepta

2231 4196 2248 4229 ο
2270 4176 2386 4245 ejus
2407 4173 2593 4248 gravia
2616 4191 2722 4230 nou
2753 4183 2880 4230 sunt
2900 4173 2953 4245 (Ι
2964 4173 3125 4229 Joan.
3148 4174 3234 4246 v);
3259 4194 3276 4227 ι
3304 4183 3365 4229 ut
3382 4175 3470 4229 cui
3488 4176 3675 4246 gravia
3693 4183 3820 4229 sunt

2225 4268 2532 4324 consideret
2563 4283 2668 4322 nou
2714 4267 2954 4337 potuisse
2979 4265 3240 4322 divinitus
3278 4266 3407 4331 dici,
3436 4285 3454 4319 ‹
3484 4268 3670 4337 gravia
3709 4282 3818 4321 non

2230 4379 2249 4411 ‹
2282 4368 2459 4422 sunt,»
2479 4360 2579 4414 nisi
2597 4359 2721 4429 quia
2738 4366 3045 4428 potestesse
3059 4358 3239 4412 cordis
3260 4357 3489 4414 affectus
3509 4358 3601 4412 cui
3627 4359 3813 4429 gravia

2225 4466 2332 4505 non
2369 4452 2499 4518 sint,
2524 4459 2579 4505 et
2617 4458 2765 4521 petat
2792 4464 2900 4519 quo
2936 4448 3269 4512 destituitur,
3318 4458 3379 4503 ut
3410 4447 3637 4519 impleat
3675 4449 3818 4518 quod

529 4540 662 4596 bilia
688 4540 889 4610 jubet;
937 4541 1031 4596 sed
1074 4542 1314 4612 jubendo
1356 4543 1613 4599 admonet
1660 4553 1715 4599 et
1760 4543 1939 4600 facere
1977 4546 2120 4617 quod
2147 4544 2459 4642 Djubetur.

531 4635 733 4703 possis,
760 4642 814 4688 et
833 4644 1019 4705 petere
1049 4634 1191 4704 quod
1224 4650 1331 4689 non
1355 4636 1548 4705 possis.

604 4723 791 4781 XXIII.
827 4724 978 4798 (Cap.
1006 4726 1121 4795 Η.)
1153 4725 1228 4781 Ea
1254 4725 1386 4782 fides
1406 4726 1583 4795 justos
1628 4729 1839 4783 sanavit
1868 4730 2120 4799 antiquos

508 4833 658 4891 ~quae
678 4827 833 4873 sanat
858 4829 911 4874 et
932 4835 1048 4887 nos,
1072 4820 1125 4875 id
1153 4829 1258 4886 est,
1288 4821 1604 4876 mediatoris
1628 4820 1724 4876 Dei
1755 4832 1810 4875 et
1837 4822 2118 4877 hominum

531 4908 775 4966 hominis
808 4910 1010 4967 Christi
1060 4912 1206 4967 Jesu.
1262 4911 1421 4968 Fides
1474 4912 1754 4983 sanguinis
1796 4911 1937 4981 ejus,
1987 4911 2120 4966 ﬁdes

535 5003 734 5058 mortis
763 5004 900 5073 ejus,
931 5012 986 5057 et
1016 5005 1432 5060 resurrectionis
1468 5003 1605 5073 ejus.
1643 5022 1662 5055 ι
1692 5002 1967 5059 Habentes
1990 5020 2120 5076 ergo

534 5110 562 5146 ε
591 5095 840 5149 eumdem
884 5095 1130 5165 Spiritum
1158 5095 1281 5150 fidei
1329 5106 1385 5151 et
1432 5111 1531 5152 nos
1559 5095 1852 5162 credimus,
1899 5108 2119 5169 propter

539 5205 563 5239 σ
594 5188 736 5256 quod
766 5195 820 5242 et
844 5187 1112 5258 loquimur
1137 5187 1189 5260 (1
1220 5188 1343 5242 Cor.
1368 5189 1464 5259 tv).
1497 5209 1517 5240 ι

510 5292 513 5293 ⁷
608 5278 794 5334 XXIV.
822 5278 972 5351 (Cap.
1016 5279 1129 5349 55.)
1158 5279 1378 5334 Dimitte
1406 5279 1701 5344 hominem,
1737 5280 1933 5334 clamet
1974 5281 2116 5350 quod

536 5370 828 5427 clamabat.
860 5369 975 5425 Non
1002 5371 1147 5425 enim
1181 5378 1388 5437 tantum
1410 5369 1701 5435 desiderat,
1734 5380 1793 5425 ut
1821 5387 1920 5440 per
1942 5372 2117 5426 indul-

531 5462 770 5531 gentiam
797 5462 868 5517 sit
896 5461 962 5515 de
986 5459 1278 5531 pratteritis
1304 5461 1617 5529 impunitus,
1646 5462 1738 5516 sed
1769 5464 1931 5517 etiam
1961 5471 2020 5517 ut
2045 5465 2115 5519 sit

533 5554 603 5608 de
624 5562 820 5610 caztero
846 5553 911 5609 ad
943 5570 1049 5608 non
1076 5553 1405 5622 peccandum
1441 5550 1595 5607 fortis
1620 5560 1672 5606 et
1699 5552 1929 5609 validus.
1967 5554 2114 5611 Con-

534 5645 839 5701 delectatur
879 5646 1022 5701 enim
1053 5643 1155 5713 legi
1199 5643 1293 5699 Dei
1326 5644 1616 5700 secundum
1649 5644 1962 5702 interiorem
2012 5648 2113 5702 ho-

534 5739 760 5793 minem.
803 5738 961 5792 Videt
1004 5745 1184 5791 autem
1220 5735 1379 5789 aliam
1419 5734 1587 5808 legem
1626 5736 1676 5791 in
1718 5736 1977 5794 membris
2005 5740 2117 5796 suis

537 5836 929 5899 repugnantem
969 5829 1072 5899 legi
1103 5827 1299 5883 mentis
1329 5842 1457 5881 suae.
1489 5828 1647 5884 Videt
1665 5845 1802 5895 esse,
1830 5844 1935 5886 nou
1968 5844 2117 5887 reco-

2295 4631 2527 4691 XXVIII.
2564 4635 2752 4709 (Ibid.)
2776 4636 3057 4703 Quomodo
3088 4636 3307 4691 dicitur.
3340 4655 3359 4687 ι
3386 4635 3620 4704 Propter
3647 4634 3816 4689 verba

2229 4746 2247 4780 ι
2277 4728 2540 4783 Iabiorum
2569 4737 2802 4789 tuorum,
2840 4743 2940 4798 ego
2976 4728 3241 4783 custodivi
3277 4727 3394 4781 vias
3422 4726 3590 4781 duras
3630 4722 3811 4794 (Psal.

2227 4840 2245 4868 ι
2272 4821 2411 4889 XVI),
2434 4837 2451 4869 ι
2471 4819 2573 4873 nisi
2590 4819 2713 4888 quia
2738 4826 3021 4888 utrumque
3034 4834 3220 4873 verum
3235 4818 3341 4873 est?
3361 4815 3513 4888 (Cap.
3528 4815 3817 4885 70.)Dur:e

2224 4911 2403 4966 timori
2441 4919 2591 4975 sunt,
2640 4910 2785 4964 leves
2833 4897 3026 4965 amori.
3070 4910 3321 4965 Charitas
3366 4923 3496 4978 ergo
3531 4907 3815 4969 inchoata,

2228 5004 2481 5058 inchoata
2521 4996 2732 5069 justitia
2787 5012 2903 5065 est;
2956 5001 3195 5055 charitas
3239 5007 3518 5071 provecta,
3557 5007 3818 5068 provecta

2219 5091 2429 5161 justitia
2452 5099 2566 5155 est;
2593 5090 2830 5144 charitas
2850 5105 3063 5160 magna,
3091 5105 3283 5161 magna
3307 5088 3516 5158 justitia
3543 5096 3661 5152 est;
3684 5087 3818 5141 chav

2226 5184 2359 5237 ritas
2382 5180 2640 5251 perfecta,
2669 5179 2909 5249 perfecta
2941 5179 3151 5248 justitia
3192 5190 3293 5235 est.
3327 5179 3433 5233 Sed
3471 5177 3714 5233 charitas
3744 5176 3816 5230 de

2226 5275 2387 5330 corde
2414 5288 2567 5343 puro,
2607 5280 2663 5326 et
2710 5272 3040 5327 conscientia
3089 5271 3251 5335 bona,
3284 5279 3339 5325 et
3370 5269 3475 5325 ﬁde
3523 5286 3629 5323 non
3661 5267 3813 5330 ﬁcta,

2225 5379 2344 5434 quae
2376 5372 2502 5418 tunc
2527 5363 2762 5417 maxima
2786 5370 2871 5416 est
2910 5362 2964 5417 in
3010 5362 3115 5418 hac
3161 5362 3293 5427 vita,
3324 5360 3541 5431 quando
3572 5375 3672 5430 pro
3717 5358 3813 5413 illa

2226 5461 2339 5531 ipsa
2366 5459 2732 5516 contemnitur
2761 5458 2888 5513 vita.

2835 5571 3063 5628 CAPUT
3102 5571 3187 5628 III.
3252 5544 3265 5558 ’

2226 5662 2308 5721 Ea:
2338 5662 2569 5735 epistolis
2611 5662 2834 5735 e!__libro
2865 5663 2929 5716 de
2972 5661 3158 5717 Gratia
3199 5670 3247 5735 et
3291 5659 3450 5714 libero
3476 5657 3709 5715 Arbitrio
3737 5658 3815 5712 ad

2667 5732 2999 5787 Valentinum
3024 5733 3355 5786 monac/mm.

2297 5808 2871 5897 Srsrrxrul.(ﬁpist.
2902 5824 2977 5899 I.)
2996 5825 3180 5880 Primo
3209 5823 3466 5880 Dominus
3496 5821 3674 5890 Iesus,
3700 5820 3813 5878 eice
