4032 6490
299 410 419 470 4121
1123 406 1216 467 Ι)Ε
1255 407 1949 475 PRAEDESTINATIONE,
1988 407 2166 475 ETC.,
2206 409 2300 465 EX
2332 410 2752 468 AUGUSTINO.
3469 416 3572 477 1‘22

301 538 378 585 ut
409 528 670 599 scriptum
721 536 805 583 εςι
843 526 899 581 in
925 527 1215 599 Evangelio
1240 527 1464 585 Joannis
1490 527 1739 598 apostoli,
1785 541 1889 581 non
1920 531 1966 587 Α
2000 543 2019 575 ι
2055 526 2124 580 tia
2168 540 2263 579 sua
2292 527 2599 582 abstractus
2624 532 2678 581 et
2711 526 2936 581 illectus.
2961 527 3092 583 Dein
3113 530 3575 601 concupiscentia,

300 620 465 675 venit
491 628 551 674 ut
572 619 863 689 iudicaret,
890 617 1173 683 mundum,
1196 620 1291 675 sed
1327 628 1387 673 ut
1415 619 1717 674 salvaretur
1740 632 1896 671 mun-
2002 632 2020 665 ι
2057 630 2177 669 cum
2219 618 2544 685 conceperit,
2577 617 2720 687 parit
2766 625 3077 687 peccatum;
3120 629 3401 688 peccatum
3446 637 3576 679 vero

299 710 417 766 dus
444 727 544 782 per
572 712 744 781 ipsum
770 699 950 781 (Ἱοαη.
981 711 1085 781 ιιι).
1112 711 1310 768 Postea
1335 727 1484 774 vero,
1527 712 1665 766 sicut
1708 710 1895 766 scribit
2002 721 2021 755 σ
2057 718 2180 758 cum
2248 714 2679 761 collsummalllm
2765 707 2929 762 fuerit
2955 748 2969 773 9
3042 719 3266 779 generat
3345 724 3574 768 mortem

300 799 517 857 panius
562 801 861 872 προδιοιιιε,
884 799 1143 869 judicabii
1179 804 1320 858 Deus
1360 802 1638 863 mundum,
1681 801 1894 869 quando
1999 811 2017 843 ι
2058 792 2199 863 (Jac.
2232 793 2293 865 ι).
2325 814 2342 846 ι
2380 793 2510 849 Item
2538 797 2603 850 de
2626 798 2742 866 ipso
2763 799 2872 852 Deo
2903 814 2960 854 se
2992 814 3252 856 excusare
3272 800 3575 859 volentibus

300 901 577 949 Venturos
599 902 701 959 est,
730 895 870 949 sicut
909 902 1021 949 tota
1047 893 1290 949 Ecclesia
1324 890 1376 949 in
1406 893 1648 964 symbolo
1673 892 1896 947 conﬁle-
1993 884 2269 952 respondit
2315 883 2451 938 liber
2498 884 2910 942 Proverbiorum
2967 887 3272 945 Salomonis
3305 908 3318 945 ε
3366 909 3385 942 t
3432 891 3572 946 Insi-

304 985 694 1055 mnjudicam
718 986 871 1041 vivos
902 994 959 1041 et
983 995 1223 1041 mortuos
1248 984 1334 1055 (η
1375 984 1509 1037 Tim.
1556 982 1650 1053 ιγ).
1677 982 1734 1037 Si
1764 996 1892 1052 ergo
2000 990 2018 1023 ι
2054 973 2258 1042 pientia
2309 975 2410 1029 viri
2456 975 2619 1029 violat
2648 977 2761 1031 vias
2799 979 2935 1047 ejus.
2968 979 3138 1034 Deum
3176 988 3354 1035 autem
3382 997 3575 1037 causa-

301 1079 410 1133 Dei
459 1077 632 1149 gratia
667 1092 773 1130 non
821 1086 927 1142 est,
973 1078 1241 1147 quomodo
1289 1075 1463 1131 salvat
1496 1074 1791 1128 mundum?
1838 1080 1893 1128 et

1998 1083 2017 1116 ι
2055 1072 2144 1118 ιιιι·
2172 1065 2225 1119 in
2258 1068 2417 1121 corde
2452 1082 2550 1121 suo
2596 1067 2777 1132 (Prov.
2819 1070 2954 1141 xxx).
2987 1090 3005 1121 ι
3037 1072 3099 1126 Ει
3131 1073 3267 1128 iiber
3307 1073 3574 1129 Ecclesia-

298 1166 357 1223 εί
386 1180 494 1221 non
515 1174 601 1220 εει
626 1164 856 1219 liberum
882 1165 1188 1231 nihili-ium,
1219 1163 1486 1235 quomodo
1504 1162 1711 1234 iudicat
1738 1177 1893 1216 mnu-
1993 1152 2159 1208 sticus
2186 1154 2317 1209 dicit
2342 1172 2355 1207 :
2387 1174 2404 1206 ι
2440 1154 2517 1208 Ne
2544 1157 2745 1211 dixeris
2775 1159 2901 1227 quia
2929 1170 3148 1229 propter
3176 1162 3459 1217 Dominum
3488 1180 3575 1219 re-

302 1258 480 1313 dum?
1998 1262 2017 1295 ι
2051 1244 2208 1310 cessi,
2236 1261 2355 1314 qua:
2402 1247 2545 1300 enim
2596 1248 2710 1302 odit
2736 1263 2806 1303 ne
2859 1248 3047 1306 facias.
3099 1252 3177 1307 Ne
3219 1254 3420 1308 dixeris
3445 1255 3573 1324 quia

378 1348 442 1403 ιι,
471 1347 664 1419 (Epist,
710 1346 797 1418 ιι,)
840 1345 951 1402 soli
985 1346 1217 1417 parvuli,
1265 1345 1357 1416 qui
1411 1346 1649 1401 nondum
1690 1343 1892 1399 habent
1996 1353 2017 1387 ι
2054 1337 2168 1406 ipse
2198 1353 2284 1392 me
2328 1338 2557 1393 induxit.
2584 1338 2700 1394 Non
2748 1341 2891 1395 enim
2921 1357 3058 1411 opus
3087 1343 3253 1398 habet
3285 1345 3403 1400 viro
3447 1361 3572 1416 pec-

297 1451 474 1510 ορθη
508 1440 746 1510 propria,
774 1439 859 1494 νει
888 1439 1050 1505 bona,
1076 1438 1161 1494 νει
1199 1438 1359 1504 mula,
1394 1438 1689 1494 secundum
1717 1437 1888 1492 solum
1996 1444 2015 1476 ι
2050 1436 2251 1482 catore.
2300 1425 2472 1483 Omne
2512 1439 2977 1485 exsecramentum
3026 1432 3141 1486 odit
3189 1432 3469 1498 Dominus,
3516 1442 3573 1489 et

297 1532 572 1603 originale
598 1538 879 1601 peccatum
926 1532 1348 1598 damuubuulur’
1376 1530 1571 1602 quibus
1616 1546 1714 1601 per
1744 1530 1889 1584 lava-
1996 1533 2016 1566 ‹
2050 1531 2159 1571 non
2206 1525 2291 1572 est
2334 1518 2565 1573 amabile
2611 1519 2927 1576 timentibus
2964 1520 3134 1575 illum.
3173 1522 3289 1592 Ipse
3319 1522 3387 1576 ab
3417 1522 3573 1579 initio

297 1638 462 1678 crum
491 1623 919 1694 regenerationis
943 1638 1049 1678 uuu
1073 1623 1322 1678 subveni;
1364 1622 1540 1693 gratia
1566 1621 1884 1676 salvatoris.
1995 1623 2015 1655 ι
2050 1604 2181 1661 fecit
2205 1607 2374 1673 illum,
2404 1618 2459 1663 et
2487 1609 2743 1679 relinquit
2767 1610 2915 1665 illum
2943 1612 2995 1665 in
3038 1629 3198 1668 manu
3222 1616 3431 1670 consilii
3461 1618 3567 1677 sui.

295 1713 499 1771 caueri
529 1721 709 1769 autem
751 1729 957 1777 umues,
989 1713 1082 1782 qui
1115 1714 1228 1784 iam
1276 1721 1488 1768 utentes
1536 1712 1707 1769 libero
1739 1712 1885 1767 urbi-
1995 1715 2015 1749 ι
2052 1695 2108 1751 Si
2132 1698 2389 1766 volueris,
2418 1700 2661 1767 servabis
2684 1699 2935 1757 mandata
2971 1710 3026 1757 et
3053 1704 3211 1759 ﬁdem
3242 1704 3439 1764 bonam
3457 1711 3572 1781 pla-

294 1804 434 1868 trio,
462 1817 559 1857 sua
602 1803 822 1872 propria
873 1810 1100 1871 peccata
1127 1801 1380 1874 originali
1410 1811 1635 1871 peccato
1668 1801 1886 1871 insuper

955 1810 1100 1857 ecata
1127 1801 1380 1874 originali
1410 1811 1635 1871 peccato
1668 1801 1888 1871 insuper
1995 1807 2014 1841 ί
2049 1790 2142 1844 Ci“
2168 1789 2357 1861 (Εεείίο
2384 1791 2496 1863 Χν)·
2528 1810 2547 1843 ’

296 1893 645 1955 addiderunt,
682 1894 726 1948 si
755 1893 823 1949 de
849 1902 1117 1963 potestate
1144 1895 1491 1949 tenebrarum
1519 1909 1620 1963 per
1642 1893 1873 1964 gratiam
1903 1880 1953 1941 Β
2169 1881 2355 1954 (ιὸἱιζ.)
2390 1883 2559 1939 Nemo
2606 1884 2774 1939 Deum
2828 1894 3084 1942 causetur
3130 1888 3185 1944 in
3237 1892 3403 1948 corde
3449 1908 3568 1975 suo,

296 1984 403 2039 Dei
435 1994 556 2040 ‘non
600 1993 888 2051 eruuntur,
940 1999 1042 2040 nec
1093 1984 1495 2040 transferuntur
1538 1985 1608 2039 ad
1655 2000 1880 2055 regnum
1980 1973 2075 2028 sed
2104 1974 2206 2029 sibi
2231 1975 2462 2045 imputet
2479 1977 2706 2047 quisque
2727 1993 2849 2032 cum
2877 1989 3088 2049 peccat,
3116 1997 3290 2052 neque
3319 1999 3442 2039 cum
3474 1973 3572 2041 ali-

297 2071 533 2139 chrisii,
553 2088 656 2128 non
685 2072 858 2127 solum
889 2073 1182 2128 secundum
1209 2074 1458 2143 originis,
1494 2088 1682 2127 verum
1717 2073 1880 2127 etiam
1980 2067 2109 2136 quid
2136 2067 2432 2122 secundum
2460 2069 2628 2124 Deum
2647 2077 2927 2139 operatur,
2951 2071 3150 2127 alienet
3176 2073 3281 2129 hoc
3299 2091 3328 2129 a
3349 2078 3571 2147 pr0pria

296 2164 602 2219 secundum
643 2163 875 2233 propria:
912 2161 1207 2219 voluntatis
1248 2163 1458 2225 merita,
1500 2162 1762 2233 judicium
1791 2177 1881 2217 re—
1980 2158 2276 2213 voluntate.
2304 2157 2530 2225 Quando
2557 2161 2703 2215 enim
2729 2161 2916 2217 volens
2943 2161 3097 2227 facit,
3131 2172 3259 2219 tunc
3282 2166 3569 2224 dicendum

292 2255 615 2326 portabunt.
660 2253 795 2309 Boni
826 2268 955 2309 vero
983 2253 1147 2308 etiam
1180 2253 1281 2323 ipsi
1324 2253 1542 2324 quidem
1586 2254 1881 2308 secundum
1981 2255 2065 2301 est
2091 2262 2225 2315 opus
2250 2246 2471 2313 bonum,
2501 2257 2626 2304 tunc
2667 2251 2931 2320 speranda
2959 2260 3044 2306 est
3068 2252 3193 2307 boni
3220 2256 3401 2325 operis
3427 2273 3572 2315 mer-

288 2345 456 2401 bona:
476 2344 764 2400 voluntatis
789 2359 899 2399 sua:
926 2344 1123 2400 merita
1151 2345 1432 2416 prmmium
1462 2354 1880 2416 consequentur,
1982 2350 2074 2391 ces
2099 2337 2169 2391 ab
2192 2352 2257 2392 eo
2295 2338 2361 2391 de
2387 2353 2493 2407 quo
2542 2338 2745 2393 dictum
2781 2350 2863 2395 est
2895 2358 2908 2395 :
2938 2359 2956 2392 ι
2994 2340 3093 2408 Qui
3140 2343 3329 2400 reddet
3358 2347 3569 2404 unicui-

292 2443 397 2498 sed
426 2443 587 2497 etiam
615 2442 787 2513 ipsam
815 2442 1011 2497 bonam
1038 2441 1371 2497 voluntatem
1410 2457 1510 2513 per
1530 2443 1627 2497 Dei
1653 2443 1879 2513 gratiam
1987 2444 2006 2476 '
2042 2441 2148 2513 ‘ll‘e
2176 2425 2331 2496 juxta
2359 2443 2523 2496 Opem
2548 2444 2644 2483 sua
2674 2428 2850 2500 (Ram-
2877 2430 2963 2501 ιι)-
2996 2453 3015 2486 ι

291 2532 575 2587 consecuti
602 2512 747 2586 sunt.
771 2531 849 2586 Ae
871 2531 951 2586 sic
970 2531 1281 2601 implebitur
1303 2533 1446 2602 quod
1474 2512 1735 2602 scriptum
1756 2541 1840 2588 est
1864 2551 1878 2588 :

2056 2512 2167 2568 VII.
2194 2514 2346 2586 (Cap.
2374 2516 2453 2588 5.)
2478 2515 2711 2572 Gravius
2734 2534 2961 2588 peccare
2985 2522 3257 2578 hominem
3281 2525 3567 2593 scientem,

294 2642 318 2675 ε
354 2623 440 2678 ιη
470 2634 525 2678 ει
550 2622 865 2693 indignatio,
898 2623 1176 2679 tribulatio
1202 2631 1254 2678 et
1284 2624 1550 2693 angustia,
1582 2623 1635 2676 iu
1666 2638 1883 2678 omnem
1982 2620 2143 2675 quam
2172 2606 2523 2661 nescientem.
2554 2607 2664 2663 Nec
2693 2618 2874 2665 tamen
2897 2611 3016 2668 ideo
3043 2613 3459 2684 confugiendum
3485 2626 3572 2673 est

294 2735 319 2768 ι
352 2717 590 2770 animam
615 2714 851 2770 hominis
871 2714 1148 2783 operantis
1193 2712 1418 2779 malum,
1448 2712 1618 2768 Judaei
1646 2713 1881 2783 primum

1983 2696 2051 2752 ad
2082 2698 2399 2768 ignorantiae
2447 2699 2699 2754 tenebras
2743 2709 2803 2754 ut
2843 2701 2897 2754 in
2932 2702 3014 2758 eis
3054 2704 3286 2774 quisque
3326 2708 3568 2776 requirat

293 2825 321 2861 ι
354 2816 412 2863 et
436 2808 610 2864 σι’ωεί
642 2806 820 2879 (Rom.
850 2806 937 2878 ιι).
968 2826 988 2858 ι

1983 2789 2407 2844 excusationem.
2436 2788 2592 2843 Aliud
2623 2797 2706 2844 est
2740 2791 2882 2845 enim
2915 2792 3231 2859 nescivisse,
3257 2795 3400 2850 aliud
3427 2796 3569 2852 scire

366 2901 455 2956 ιιι.
498 2878 688 2971 (Ibid.)
712 2899 873 2954 Fides
922 2913 1055 2953 sane
1104 2896 1374 2953 catholica
1425 2911 1603 2966 neque
1650 2895 1883 2951 liberum
1983 2878 2759 2982 ηριυίεεο-Ῐεξιιξιιιξεᾼτιξιρρρθ
2797 2883 3041 2982 arguitur
3072 2884 3124 2938 in
3153 2898 3218 2940 eo
3261 2885 3326 2940 de
3354 2900 3463 2982 aug
3488 2887 3571 2982 di-

289 2969 584 3050 arbitrium
627 2969 808 3062 negat,
848 2990 961 3045 sive
992 2991 1045 3044 in
1089 2991 1256 3045 vitam
1287 2989 1508 3055 malam,
1548 2989 1663 3044 sive
1692 2989 1744 3043 in
1782 2988 1883 3043 bo-
1984 2972 2169 3029 citur:
2204 2989 2222 3021 ι
2250 2969 2432 3025 Noluit
2471 2971 2771 3043 intelligere
2830 2981 2891 3027 ut
2951 2974 3090 3030 bene
3153 2986 3338 3047 ageret
3382 2975 3566 3049 (Psal.

288 3097 461 3147 nam;
492 3097 667 3152 neque
697 3087 904 3135 tantum
931 3079 981 3135 ei
1010 3079 1229 3145 tribuit,
1250 3086 1310 3134 ut
1338 3080 1453 3134 sine
1480 3079 1573 3133 Dei
1598 3078 1768 3149 gratia
1791 3093 1874 3133 va-
1990 3084 2009 3118 ε
2037 3065 2222 3135 ΧΗν)-
2254 3083 2273 3116 ’
2306 3063 2411 3118 sed
2450 3071 2505 3118 θι
2526 3063 2616 3118 illa
2653 3064 2975 3133 igilomnuaa
2999 3081 3119 3135 qua?
3140 3082 3245 3123 ηου
3269 3076 3353 3124 εει
3378 3084 3566 3124 eorum

291 3172 412 3227 leat
436 3170 656 3241 aliquid,
683 3170 797 3225 sive
825 3178 886 3225 ut
928 3183 995 3224 ex
1023 3170 1165 3225 malo
1191 3179 1540 3224 convertatur
1568 3170 1622 3223 in
1654 3171 1879 3236 bonum,

1984 3156 2074 3227 qui
2108 3155 2249 3211 scire
2271 3154 2475 3218 nolunt,
2503 3155 2599 3209 sed
2622 3169 2811 3209 eorum
2839 3156 2929 3225 qui
2956 3165 3214 3226 tanquam
3248 3158 3568 3229 simpliciter

292 3263 414 3319 sive
460 3225 614 3317 utlin
646 3262 789 3318 bono
830 3270 1245 3332 perseveranter
1280 3259 1550 3331 proficiat,
1579 3261 1693 3315 sive
1730 3270 1788 3315 ut
1812 3262 1881 3317 ad

1982 3247 2246 3311 nesciunt,
2288 3247 2558 3301 neminem
2588 3247 2667 3302 sic
2691 3256 2936 3314 excusat,
2965 3261 3025 3304 ut
3071 3252 3403 3322 sempiterno
3442 3253 3567 3323 igne

294 3351 502 3410 bonum
532 3353 919 3424 sempiternum
954 3353 1255 3423 perveniat,
1290 3353 1381 3407 ubi
1417 3352 1532 3422 jam
1556 3369 1662 3409 non
1694 3354 1885 3409 timeat

1978 3353 2087 3393 non
2122 3338 2346 3402 ardeat,
2393 3337 2438 3393 si
2462 3336 2762 3407 'propterea
2808 3356 2917 3396 non
2966 3342 3236 3407 credidit,
3283 3343 3410 3412 quia
3453 3359 3566 3399 non

295 3459 370 3502 ne
395 3445 629 3501 deficiat.
1983 3430 2187 3485 audivit
2211 3430 2433 3485 omnino
2462 3431 2590 3500 quid
2617 3432 2885 3499 crederet,
2908 3434 3001 3489 sed
3047 3433 3277 3491 fortasse
3298 3444 3358 3491 ut
3383 3436 3567 3494 mitius

373 3533 465 3588 IV.
492 3532 680 3604 (Ibid.)
708 3531 801 3587 Sic
841 3531 1080 3602 intellige
1104 3532 1246 3601 quod
1289 3532 1386 3588 tibi
1413 3540 1741 3602 praeceptum
1775 3541 1880 3599 est,
1982 3523 2189 3578 ardeat.
2219 3521 2334 3576 Non
2365 3523 2511 3576 enim
2546 3523 2666 3578 sine
2695 3539 2856 3580 causa
2905 3526 3107 3580 dictum
3138 3534 3258 3582 est:
3295 3548 3313 3579 ι
3341 3527 3568 3585 Eii'unde

306 3639 329 3675 ι
361 3622 562 3675 Rectos
608 3634 800 3674 cursus
843 3618 929 3674 fac
975 3622 1200 3689 pedibus
1240 3620 1365 3685 tuis,
1393 3628 1450 3674 et
1491 3622 1609 3675 vias
1654 3631 1775 3675 tuas
1804 3622 1884 3677 di-

1989 3611 2174 3665 «iram
2240 3620 2385 3665 tuam
2446 3612 2498 3666 in
2569 3620 2756 3683 gentes
2826 3630 2945 3683 qua:
2995 3622 3050 3670 te
3103 3633 3210 3673 non
3260 3628 3564 3685 noverunt,

306 3731 329 3765 ε
358 3712 476 3781 rise
497 3709 682 3782 (θεὸν,
727 3710 850 3782 ιη),
880 3730 900 3762 ,
948 3710 1019 3767 Ui
1066 3711 1300 3775 noveris,
1361 3726 1482 3765 cum
1530 3712 1635 3766 huc
1670 3712 1821 3776 facis,
1852 3728 1883 3767 u
1990 3717 2008 3748 ι
2041 3696 2213 3768 (Psal.
2240 3699 2488 3769 Lxxwu),
2511 3719 2528 3750 ι
2555 3710 2610 3753 et
2631 3701 2759 3754 illud
2774 3704 2917 3770 quod
2938 3704 3015 3757 ait
3035 3704 3351 3773 Apostolus:
3380 3725 3400 3758 ι
3429 3707 3566 3763 Cum

297 3803 531 3860 Domino
563 3803 670 3859 Deo
697 3803 795 3858 tibi
821 3803 1069 3873 ρηεεωιιί
1101 3811 1159 3857 ,ιι
1189 3803 1292 3858 hoc
1335 3802 1525 3869 facias,
1556 3812 1611 3858 ει
1652 3819 1760 3859 ηοη
1785 3802 1883 3857 de.
1992 3806 2010 3838 ι
2044 3789 2255 3842 venerit
2284 3788 2336 3841 in
2367 3787 2580 3851 flamma
2614 3791 2756 3860 ignis
2782 3793 2911 3846 dare
2938 3794 3234 3849 vindictam
3264 3796 3317 3850 in
3352 3811 3447 3852 eos
3472 3799 3566 3867 qui

296 3895 531 3952 ciinabis
557 3897 626 3950 ad
651 3897 951 3960 dexteram,
997 3896 1246 3965 quamvis
1270 3895 1514 3950 ambules
1542 3896 1596 3949 in
1623 3896 1728 3950 viis
1754 3896 1882 3951 dex-

1379 3895 1514 3950 ,ules
1542 3896 1596 3949 ίη
1623 3896 1728 3950 viis
1754 3896 1882 3951 dux-
1990 3895 2009 3929 ι
2045 3877 2291 3950 ignorant
2319 3879 2487 3933 Deum
2511 3878 2599 3951 (II
2631 3878 2810 3934 Thess.
2837 3882 2920 3952 ιι).
2951 3902 2971 3936 ι

295 3987 421 4051 tris,
452 4002 559 4042 non
587 3986 866 4042 confidens
894 3986 949 4040 in
971 3987 1173 4041 virtute
1216 3995 1332 4052 tua,
1356 3996 1411 4041 et
1439 3987 1554 4056 ipse
1582 3987 1688 4041 erit
1705 3986 1881 4041 virtus
2053 3989 2184 4046 Vili.
2240 3990 2392 4062 (Cap.
2442 3991 2523 4064 4.)
2568 3993 2910 4051 Metuendum
2959 4004 3043 4052 est
3091 4012 3159 4053 ne
3194 3997 3377 4055 divina
3413 4002 3568 4057 testi-

296 4086 416 4142 tua,
442 4078 532 4146 qui
564 4085 741 4133 rectos
768 4075 930 4131 faciet
975 4091 1169 4132 cursus
1204 4084 1345 4141 tuos,
1378 4085 1435 4131 et
1474 4076 1669 4131 itinera
1702 4084 1792 4130 tua
1823 4076 1880 4131 in
1981 4081 2163 4135 monia
2203 4081 2258 4135 in
2302 4081 2615 4139 defensione
2643 4084 2795 4140 liberi
2825 4087 3035 4142 arbitrii
3066 4087 3147 4144 sic
3175 4089 3561 4161 intelligantur,

293 4184 433 4240 pace
456 4170 735 4239 producet.
767 4168 1106 4239 Quapropter
1134 4169 1442 4239 quicunque
1465 4169 1596 4224 dicit
1626 4188 1638 4223 :
1672 4169 1878 4225 Volun-
1980 4179 2042 4225 ut
2091 4172 2158 4226 ad
2196 4172 2357 4225 vitam
2392 4172 2538 4242 piam
2572 4178 2650 4228 ‘et
2695 4175 2893 4230 bonam
2948 4179 3434 4247 conversationem,
3478 4183 3566 4238 cui

296 4270 387 4316 tas
408 4276 528 4316 mea
553 4260 683 4314 mihi
714 4258 913 4315 suflicit
943 4260 1010 4315 ad
1039 4260 1285 4314 facienda
1312 4274 1479 4330 opera
1517 4261 1683 4325 bona,
1712 4260 1877 4315 decli-
1981 4275 2192 4315 merces
2220 4270 2423 4316 :eterna
2451 4263 2698 4330 debetur,
2732 4265 3000 4336 adiutorio
3034 4276 3090 4322 et
3123 4270 3312 4339 gratia:
3339 4271 3435 4327 Dei
3480 4272 3565 4328 io-

293 4360 394 4407 nat
422 4350 479 4405 in
524 4350 820 4405 dexteram.
866 4349 971 4405 Sed
1000 4365 1190 4405 rursus
1217 4350 1293 4403 illi
1331 4351 1423 4420 qui
1466 4358 1659 4420 putant
1682 4352 1880 4406 bonam
1980 4365 2077 4405 cus
2108 4367 2213 4406 non
2245 4352 2604 4424 relinquatur,
2631 4363 2692 4409 ut
2720 4358 2915 4412 audeat
2941 4359 3107 4413 miser
3142 4361 3566 4433 homo,‘quando

291 4444 463 4499 vitam
492 4459 612 4499 esse
633 4442 1006 4508 deserendam,
1032 4444 1249 4513 quando
1274 4443 1500 4497 audiunt
1533 4444 1611 4498 sic
1638 4443 1735 4498 Dei
1758 4459 1881 4515 gra-
1980 4445 2119 4499 bene
2145 4446 2279 4499 vivit
2305 4454 2360 4500 et
2387 4446 2524 4503 bene
2556 4458 2833 4517 operatur,
2863 4450 2948 4505 vel
2976 4452 3155 4521 potius
3202 4444 3340 4510 bene
3382 4455 3566 4511 vivere

290 4534 429 4589 tiam
457 4532 762 4603 praedicari,
783 4541 844 4586 ut
862 4532 1117 4587 credatur
1141 4540 1195 4585 et
1220 4530 1549 4602 intelligatur
1574 4531 1878 4587 voluntates
1902 4590 1954 4612 ῃ
1981 4543 2036 4589 et
2064 4534 2197 4589 bene
2241 4537 2455 4605 operari
2487 4538 2589 4593 sibi
2635 4540 2868 4605 videtur,
2901 4541 2953 4594 in
2989 4543 3191 4612 seipso,
3225 4559 3331 4598 non
3375 4545 3431 4599 in
3460 4545 3566 4600 Do-

457 4590 475 4603 _
748 4590 760 4597 ,
1393 4590 1423 4602 ν
2276 4590 2293 4605 .
2650 4590 2868 4605 πηγὴν,
2990 4590 3191 4612 -ττ-νι
3225 4590 3331 4598 --νη
3460 4590 3539 4600 νυ

293 4629 577 4685 hominum
604 4628 719 4698 ipsa
748 4641 816 4681 ex
838 4626 994 4681 malis
1010 4627 1178 4680 bonas
1195 4624 1395 4687 facere,
1422 4624 1534 4692 ipsa
1555 4624 1718 4679 etiam
1741 4640 1875 4695 quas
1901 4590 1955 4649 Β
1980 4626 2127 4680 mino
2153 4624 2393 4696 gloriari,
2440 4634 2495 4681 et
2522 4642 2672 4696 spem
2716 4639 2866 4684 recte
2892 4630 3105 4685 vivendi
3157 4631 3210 4686 in
3241 4632 3419 4702 seipso
3465 4648 3565 4703 po-

290 4717 496 4779 feceris
519 4719 812 4784 custodire,
843 4718 899 4772 in
925 4718 1199 4772 sinistram
1226 4715 1518 4771 declinant.
1976 4732 2128 4782 nere,
2156 4724 2215 4770 ut
2245 4726 2506 4786 sequatur
2526 4733 2650 4773 eum
2679 4719 3027 4774 maledictum
3043 4719 3292 4776 Ieremia:
3325 4724 3564 4794 prophe-

1974 4817 2045 4862 ta:
2072 4807 2302 4862 dicentis
2333 4823 2347 4861 :
2382 4830 2399 4862 ι
2430 4798 2744 4865 Maledictus
2785 4811 2946 4867 homo
2992 4812 3083 4882 qui
3124 4827 3275 4882 spem
3316 4814 3479 4871 habet
3507 4816 3563 4871 in

1980 4917 1997 4951 ι
2044 4899 2283 4964 homine,
2307 4908 2363 4955 et
2392 4900 2571 4954 firmat
2592 4918 2809 4958 carnem
2834 4904 3040 4959 brachii
3064 4907 3167 4972 sui,
3195 4916 3251 4962 et
3276 4924 3306 4963 a
3336 4908 3565 4965 Domino

368 4980 437 5037 ν.
465 4979 618 5054 (Cap.
644 4980 723 5053 2.)
763 4980 913 5037 Solet
948 4981 1127 5037 dicere
1167 4983 1400 5039 humana
1438 4984 1689 5053 superbia
1714 5025 1727 5039 .
1762 5003 1781 5036 ι
1814 4982 1871 5039 Si
1982 5007 2000 5040 ς
2045 4990 2277 5047 discedit
2322 5006 2419 5047 cor
2483 4990 2599 5060 ejus
2636 4993 2770 5065 (Jer.
2819 4997 2973 5065 ιιι-ιι).
3016 5019 3034 5050 ι
3083 4998 3216 5065 Quia
3261 5001 3404 5055 enim
3453 5016 3561 5056 non

278 5074 547 5138 scissem,
592 5073 862 5139 fecussem,
904 5074 1025 5129 ideo
1072 5090 1177 5129 non
1231 5074 1356 5139 feci,
1411 5077 1536 5145 quia
1583 5077 1818 5139 nescivi;
1853 5095 1871 5127 ι
1982 5080 2120 5135 dixit
2143 5082 2447 5152 propheta:
2488 5102 2507 5134 ι
2546 5083 2857 5141 Maiedictus
2886 5087 3048 5144 homo
3077 5089 3167 5158 qui
3208 5104 3359 5160 spem
3400 5090 3563 5145 habet

282 5177 417 5232 aut,
448 5186 467 5218 ‹
504 5166 562 5222 Si
604 5167 823 5232 scirem,
854 5166 1112 5232 facerem,
1142 5167 1261 5223 ideo
1289 5183 1393 5222 non
1436 5168 1593 5229 facio,
1631 5170 1757 5238 quia
1788 5182 1880 5222 ne-
1987 5192 2005 5225 ι
2043 5174 2094 5228 in
2117 5176 2313 5244 seipso,
2352 5178 2751 5245 ipossetalicui
2789 5179 2984 5245 videri,
3023 5181 3143 5236 ideo
3181 5183 3383 5237 dictum
3417 5198 3557 5248 esse,

301 5260 437 5316 scio.
462 5280 481 5312 ι
508 5258 633 5313 Haec
655 5258 735 5311 eis
760 5259 1036 5313 excusatio
1058 5258 1280 5324 tollitur,
1310 5260 1524 5327 quando
1551 5268 1877 5329 prmeeptum
1988 5284 2006 5315 ι
2045 5265 2363 5321 Maledictus
2384 5269 2545 5323 homo
2566 5270 2657 5339 qui
2688 5286 2835 5339 spem
2870 5272 3031 5326 habet
3067 5274 3122 5327 in
3163 5266 3409 5339 homine,
3447 5293 3467 5326 ι
3501 5284 3564 5330 ut

303 5353 485 5414 datur,
515 5350 600 5405 vel
631 5350 854 5404 scientia
898 5367 1002 5404 non
1037 5350 1293 5420 peccandi
1343 5350 1739 5405 manifestatur.
1772 5351 1879 5406 Sed
1981 5372 2142 5410 nemo
2162 5357 2355 5412 habeat
2384 5375 2531 5429 spem
2560 5360 2612 5415 in
2638 5362 2805 5416 altero
2850 5363 3100 5426 homine.
3141 5365 3233 5421 sed
3282 5365 3334 5419 in
3379 5380 3457 5420 se.
3497 5365 3564 5422 Ut
3604 5422 3609 5426 ,

302 5451 432 5497 sunt
454 5441 700 5494 homines
727 5441 1005 5510 quietiam
1035 5442 1101 5494 de
1129 5442 1243 5510 ipso
1273 5442 1380 5497 Deo
1406 5458 1464 5497 se
1488 5458 1751 5498 excusare
1781 5460 1872 5498 co-
1983 5463 2112 5518 ergo
2132 5451 2439 5506 ostenderet
2468 5453 2548 5508 sic
2575 5468 2634 5507 se
2662 5455 3007 5511 admonuisse
3047 5458 3341 5521 hominem,
3365 5464 3433 5512 ut
3461 5474 3562 5514 nec

303 5541 525 5588 nantur.
570 5531 775 5597 Quibus
822 5531 951 5585 dicit
998 5532 1268 5601 apostolus
1306 5531 1540 5588 Jacohus
1581 5552 1594 5585 τ
1641 5555 1658 5585 ι
1708 5534 1875 5591 Nemo
1984 5540 2038 5595 in
2070 5542 2246 5610 seipso
2288 5543 2512 5600 haberet
2556 5561 2745 5614 spem.
2801 5559 3083 5619 propterea
3145 5565 3268 5603 cum
3314 5551 3557 5619 dixisset,

306 5642 329 5676 ι
362 5639 485 5678 cum
515 5630 771 5685 tentatur,
817 5623 962 5677 dicat
1012 5624 1261 5693 quoniam
1293 5641 1323 5679 a
1351 5625 1459 5680 Deo
1502 5635 1699 5683 tentor.
1738 5629 1877 5683 Deus
1988 5651 2007 5684 ι
2046 5633 2357 5689 Maledictus
2382 5637 2542 5691 homo
2571 5640 2663 5707 qui
2685 5654 2835 5711 spem
2866 5643 3023 5696 habet
3048 5643 3098 5696 in
3120 5643 3357 5709 homine,
3390 5667 3408 5699 ο
3435 5664 3559 5703 mox

308 5730 328 5765 ί
361 5713 505 5768 filim
530 5712 822 5767 ίιιιθηῑίιῑον
846 5714 1110 5768 malorum
1131 5722 1232 5768 εει·
1259 5714 1376 5783 ipse
1397 5723 1574 5770 amem
1606 5719 1874 5794 nemiuem
1984 5726 2209 5789 addidit,
2239 5743 2259 5776 ι
2301 5735 2355 5781 et
2389 5728 2567 5783 firmat
2588 5746 2806 5785 carnem
2837 5732 3042 5787 brachii
3082 5733 3183 5788 sui.
3221 5754 3239 5787 ι
3270 5734 3560 5793 Brachium

310 5820 328 5854 ι
367 5811 556 5869 teutat,
584 5804 948 5874 unusquisque
977 5820 1104 5860 vero
1135 5813 1373 5861 tentatur
1418 5822 1448 5861 a
1492 5810 1877 5879 concupisce-Ir
1981 5830 2082 5886 pro
2103 5816 2338 5887 potentia
2365 5820 2543 5887 posuit
2568 5821 2823 5891 operandi
2844 5862 2858 5889 ,
2900 5822 2953 5877 in
2993 5825 3207 5883 nomine
3238 5839 3416 5885 autem
3446 5845 3564 5885 car-

544 4849 631 4904 Ea:
658 4850 789 4904 libro
811 4850 874 4903 de
896 4847 1079 4904 Gratia
1100 4860 1147 4904 et
1169 4849 1331 4904 libero
1353 4850 1603 4905 Arbitrio.
