4032 6466
462 380 567 436 I23

1663 367 2016 427 AMULONIS
2050 366 2266 424 EPISC.
2308 364 2518 426 LUGD.

3637 372 3752 432 194

460 493 545 547 nis
571 486 915 561 intelligenda
963 496 1046 545 est
1081 489 1315 563 humana
1356 483 1638 556 fragilitas.
1683 484 1761 539 Ac
1804 498 1901 553 per
1938 482 2040 537 hoc
2073 483 2117 542 Δ
2145 479 2270 535 bata
2287 489 2370 536 est
2387 482 2532 537 enim
2561 497 2682 549 qua:
2705 496 2805 553 per
2843 482 3079 553 seipsam
3103 481 3220 537 alba
3249 496 3370 538 esse
3392 498 3499 539 non
3530 495 3748 555 posset.

461 585 638 637 Iirmat
683 596 905 636 carnem
957 579 1165 635 brachii
1205 577 1306 642 sui,
1337 577 1429 645 qui
1458 575 1755 645 potentiam
1794 572 2041 645 fragilem
2146 570 2214 626 Et
2237 587 2268 625 a
2293 588 2402 642 quo
2424 574 2673 630 dealbata
2694 582 2798 639 est,
2824 574 2929 641 nisi
2955 573 3023 628 ab
3046 573 3135 630 illo
3160 575 3253 645 qui
3284 590 3382 645 per
3419 578 3753 645 prophetam

460 682 625 743 atque
648 673 961 736 invalidam,
995 671 1046 725 id
1072 677 1175 734 cst,
1214 668 1538 732 humanam,
1565 665 1810 722 sufﬁcere
1843 664 1944 719 sibi
1976 662 2045 717 ad

461 766 598 820 bene
641 766 971 836 cperandum
1018 768 1218 832 putat,
1256 775 1358 814 nec
1404 757 1733 829 adjutorium
1784 763 1967 826 sperat
2014 769 2046 809 a

462 860 711 914 Domino.
735 860 962 928 Propter
1003 857 1107 911 hoc
1154 855 1298 909 enim
1328 852 1575 924 subjecit,
1607 870 1626 904 ι
1660 858 1714 907 et
1746 866 1777 904 a
1819 848 2047 905 Domino

469 972 488 1004 ι
526 952 753 1008 discedit
776 966 869 1006 cor
889 950 1025 1018 ejus.
1060 969 1078 1001 ›
1114 949 1225 1003 Nos
1270 964 1399 1019 ergo
1434 948 1502 1002 ad
1540 948 1678 1002 bene
1716 945 2047 1015 operandum

464 1062 615 1116 spem
644 1061 749 1100 non
772 1046 1070 1099 habeamus
1119 1044 1175 1099 in
1229 1044 1466 1108 homine,
1508 1042 1789 1096 ﬁrmantes
1828 1052 2050 1095 carnem

463 1133 671 1189 brachii
702 1134 908 1198 nostri;
936 1147 1037 1187 nec
1067 1148 1096 1186 a
1122 1132 1351 1188 Domino
1373 1132 1613 1187 discedat
1641 1145 1736 1185 cor
1781 1138 2046 1193 nostrum,

463 1223 557 1278 sed
579 1224 626 1278 ei
650 1207 797 1278 dicat
825 1241 837 1277 :
868 1243 887 1274 ι
917 1222 1146 1292 Adjutor
1184 1237 1338 1277 meus
1385 1230 1532 1286 esto,
1591 1236 1660 1275 ne
1710 1219 2051 1287 derelinquas

468 1329 487 1363 ι
523 1326 609 1365 me
663 1326 839 1381 neque
888 1311 1157 1381 despicias
1208 1327 1331 1377 me,
1390 1311 1533 1365 Deus
1584 1309 1837 1364 salutaris
1899 1322 2053 1365 meus

467 1418 486 1451 ι
520 1398 693 1472 (Psal.
726 1400 897 1471 xxvi).
937 1421 955 1454 ι

532 1491 625 1546 IX.
657 1490 809 1564 (Cap.
832 1492 912 1564 4.)
949 1510 968 1544 ι
997 1492 1215 1548 Gratias
1235 1499 1415 1546 autem
1443 1490 1558 1545 Deo
1579 1490 1778 1560 quidat
1800 1490 1952 1545 nobis
1974 1490 2054 1544 vi-

470 1598 490 1632 (
526 1580 755 1635 ctoriam
785 1594 883 1649 per
928 1582 1215 1636 Dominum
1257 1588 1500 1635 nostrum
1536 1578 1718 1634 Jesum
1753 1578 2050 1634 Christum.

471 1692 490 1723 ι
526 1670 580 1742 (ι
608 1668 734 1727 Cor.
765 1671 879 1743 xv).
912 1692 930 1724 ι
962 1672 1104 1743 Ergo
1125 1672 1559 1741 etvietoria,qua
1584 1679 1865 1741 peccatum
1893 1672 2058 1727 vinci-

465 1773 574 1828 tur,
596 1763 731 1817 nihil
750 1771 836 1818 est
861 1764 1005 1818 aliud
1028 1778 1189 1833 quam
1215 1764 1308 1818 Dei
1336 1764 1556 1829 donum,
1587 1763 1641 1817 in
1674 1764 1779 1818 isto
1807 1763 2057 1818 certami-

466 1867 537 1907 ne
563 1851 867 1921 adjuvantis
893 1853 1121 1908 liberum
1152 1852 1455 1908 arbitrium.

538 1940 606 1995 X.
655 1941 847 2014 (lbid.)
878 1943 1034 1998 Dicat
1068 1943 1306 1999 caalestis
1349 1945 1649 2013 magister:
1684 1963 1702 1996 ι
1737 1945 1965 2014 Vigilate
2000 1955 2056 2002 et

478 2051 499 2085 ι
529 2041 686 2087 orate
713 2048 782 2086 ne
822 2033 1036 2087 intretis
1074 2033 1128 2086 in
1172 2032 1524 2088 tcntationem
1556 2032 1772 2103 (Matth.
1820 2036 1990 2108 χιιι).
2029 2057 2048 2090 ι

468 2122 613 2194 Ergo
638 2124 1006 2193 unusquisque
1033 2132 1221 2179 contra
1252 2139 1403 2179 suam
1439 2126 1926 2195 concupiscentiam
1968 2128 2055 2183 di-

469 2216 699 2282 micans,
725 2228 845 2270 oret
874 2231 942 2271 ne
972 2216 1135 2272 intret
1166 2217 1217 2270 in
1249 2217 1621 2282 tcntationem,
1671 2217 1721 2271 id
1757 2225 1859 2283 est,
1896 2234 1967 2273 ne
1985 2220 2057 2273 sit

470 2305 538 2360 ab
566 2306 650 2360 illa
684 2307 989 2362 abstractus
1036 2317 1090 2360 et
1130 2307 1360 2362 illectus.
1399 2306 1514 2361 Non
1555 2318 1736 2363 autem
1789 2310 1954 2364 intrat
1999 2311 2053 2365 in

469 2397 849 2461 tcntationem,
878 2396 923 2450 si
954 2395 1231 2450 voluntate
1269 2397 1409 2451 bona
1452 2398 1634 2452 vincat
1664 2400 2054 2469 concupiscen-

468 2487 599 2541 tiam
623 2487 841 2541 malam.
874 2486 983 2543 Nec
1008 2496 1186 2543 tamen
1215 2488 1412 2545 suﬁicit
1449 2491 1736 2546 arbitrium
1766 2492 2055 2550 voluntatis

467 2579 734 2642 humanae,
762 2578 866 2633 nisi
899 2594 930 2632 a
967 2578 1196 2635 Domino
1242 2581 1470 2635 victoria
1514 2582 1843 2637 concedatur
1875 2585 2055 2639 oranti

467 2683 537 2723 ne
576 2668 741 2722 intret
777 2667 830 2723 in
857 2669 1228 2724 tcntationem.
1252 2668 1390 2736 Quid
1409 2685 1537 2725 vero
1570 2668 1873 2727 evidentius
1893 2678 2055 2743 quam

468 2758 568 2812 Dei
591 2757 895 2813 ostenditur
915 2760 1117 2830 gratia,
1149 2761 1236 2816 ubi
1273 2761 1417 2831 quod
1459 2773 1646 2817 oratur
1673 2763 1975 2833 accipitur?
1998 2765 2055 2820 Si

471 2852 617 2908 enim
644 2853 869 2908 dixisset
896 2852 1142 2910 Salvator
1166 2866 1352 2912 noster
1378 2875 1389 2911 :
1440 2875 1457 2907 ι
1492 2856 1722 2928 Vigilate
1749 2873 1817 2912 ne
1845 2859 2055 2914 intretis

475 2961 495 2994 ι
531 2942 587 2996 in
618 2942 994 3009 tcntationem,
1034 2964 1051 2997 ι
1083 2945 1424 3001 admonuisse
1454 2948 1824 3003 tantummodo
1850 2949 2056 3005 videre-

472 3037 584 3086 tur.
618 3033 754 3088 Cum
781 3049 912 3089 vero
940 3034 1163 3102 addidit,
1201 3056 1219 3088 ‹
1247 3044 1302 3091 et
1325 3046 1496 3104 orate,
1518 3057 1536 3089 ι
1572 3039 1873 3094 ostenditur
1887 3040 2055 3095 Deum

470 3124 728 3195 adjuvare
752 3141 820 3181 ne
842 3125 1078 3181 intretur
1098 3126 1152 3181 in
1176 3128 1547 3184 tentationem.

2149 659 2317 716 dicit:
2358 680 2377 713 ι
2407 662 2464 718 Si
2500 662 2703 718 fuerint
2746 675 2966 733 peccata
3018 671 3197 719 vestra
3253 673 3316 718 ut
3355 662 3702 721 Phoenicium
3729 707 3750 732 ,

2152 772 2173 806 ι
2209 755 2350 810 sicut
2385 756 2565 810 nivem
2610 755 2878 810 dealbabo
2914 754 3049 826 (lsa.
3080 755 3145 826 ι).
3170 774 3188 805 ι
3222 754 3449 822 Quando
3482 771 3615 827 ergo
3649 757 3755 812 de—

2149 845 2330 900 albata
2374 856 2477 910 est,
2523 846 2659 901 nihil
2707 846 2833 901 boni
2879 846 3208 901 merebatur.
3264 844 3383 900 Jam
3440 862 3570 902 vero
3618 847 3751 902 alba

2150 933 2317 1001 facta,
2359 936 2498 991 bene
2527 935 2785 1000 ambulat,
2811 936 2902 991 sed
2930 936 2975 990 si
3000 950 3162 1006 super
3196 952 3319 991 eum
3345 976 3361 1002 ,
3392 951 3422 991 a
3451 953 3561 1007 quo
3595 938 3752 993 deal-

2150 1029 2275 1084 bata
2309 1036 2413 1093 est,
2442 1036 2861 1099 perseveranter
2903 1027 3198 1082 incumbat.
3252 1027 3481 1097 Propter
3520 1029 3668 1099 quod
3689 1037 3753 1085 et

2151 1120 2267 1190 ipse
2308 1119 2466 1176 Jesus
2490 1161 2504 1185 ,
2559 1134 2721 1188 super
2771 1134 2932 1189 quem
2979 1118 3243 1175 incumbit
3280 1118 3531 1174 dealbata
3558 1160 3573 1184 ,
3607 1118 3757 1176 dixit

2154 1212 2431 1281 discipulis
2476 1211 2628 1266 suis:
2674 1229 2692 1261 ι
2735 1208 2865 1265 Sine
2918 1225 3005 1265 me
3083 1210 3217 1265 nihil
3279 1211 3507 1281 potestis
3564 1210 3757 1270 facere

2159 1319 2179 1351 ι
2222 1299 2403 1371 (Joan.
2434 1301 2547 1373 xv).
2580 1319 2599 1354 ι

2228 1391 2363 1448 XIV.
2401 1392 2589 1463 (Ibid.)
2615 1395 2765 1450 Dona
2791 1409 2889 1449 sua
2926 1401 3153 1449 coronat
3193 1393 3370 1460 Deus,
3405 1410 3511 1449 non
3552 1395 3755 1453 merita

2156 1490 2264 1543 tua.
2296 1482 2341 1536 si
2388 1483 2482 1538 tibi
2528 1499 2558 1537 a
2612 1486 2801 1554 teipse,
2855 1499 2962 1539 non
2994 1484 3063 1538 ab
3104 1483 3217 1549 ille,
3249 1494 3374 1540 sunt
3397 1486 3595 1541 merita
3634 1496 3749 1541 tua.

2157 1571 2283 1627 Haec
2315 1574 2457 1628 enim
2487 1574 2531 1629 si
2565 1574 2690 1629 talia
2721 1583 2878 1641 sunt,
2917 1575 3056 1629 mala
3099 1583 3254 1640 sunt,
3296 1590 3417 1645 quae
3452 1592 3560 1631 non
3589 1592 3752 1634 coro—

2158 1671 2253 1717 nat
2281 1662 2455 1728 Deus;
2483 1664 2528 1719 si
2560 1673 2739 1719 autem
2769 1664 2913 1719 bona
2937 1672 3082 1728 sunt,
3116 1662 3206 1719 Dei
3262 1664 3402 1719 dona
3438 1674 3588 1731 sunt,
3624 1667 3757 1736 quia

2162 1753 2303 1807 sicut
2330 1753 2463 1809 dicit
2491 1754 2769 1824 apostolus
2795 1752 3066 1809 Iacobus:
3103 1772 3121 1805 ι
3158 1753 3331 1809 Omne
3369 1754 3557 1809 datum
3607 1757 3756 1826 opti-

2083 1839 2131 1898 B
2163 1861 2184 1897 ι
2216 1860 2359 1901 mum
2384 1855 2439 1901 et
2464 1862 2626 1902 omne
2657 1848 2855 1912 donum
2881 1846 3183 1917 perfectum
3211 1848 3495 1904 desursum
3536 1862 3623 1907 est
3654 1852 3751 1906 de.

2161 1952 2180 1986 ι
2210 1935 2473 1991 scendens
2525 1952 2556 1991 a
2594 1937 2754 1993 Patre
2801 1938 3062 1995 luminum
3109 1937 3249 2009 (Jac.
3296 1939 3358 2011 ι).
3390 1960 3409 1995 ι
3452 1939 3606 1997 Unde
3652 1943 3737 1997 di-

2155 2024 2481 2081 citJoannes
2502 2042 2804 2096 przecursor
2832 2028 3044 2084 Domini
3081 2030 3291 2085 nostri:
3334 2050 3354 2081 ι
3403 2030 3521 2086 Non
3568 2042 3754 2102 potest

2160 2134 2179 2166 ι
2212 2115 2373 2170 homo
2397 2117 2645 2189 accipere
2673 2119 2984 2189 quidquam,
3028 2121 3131 2175 nisi
3172 2120 3334 2176 fuerit
3374 2122 3426 2177 ei
3467 2122 3656 2178 datum
3691 2124 3760 2179 de

2160 2220 2181 2253 ‹
2216 2205 2356 2261 coelo
2391 2205 2574 2278 (Joan.
2619 2210 2723 2282 ιιι).
2762 2229 2781 2262 ι
2817 2210 3013 2281 Utique
3032 2211 3100 2266 de
3119 2211 3277 2277 coelo,
3305 2214 3449 2268 unde
3474 2215 3641 2269 etiam
3665 2231 3761 2272 ve-

2156 2295 2236 2350 nit
2265 2294 2521 2365 Spiritus,
2552 2300 2769 2366 quando
2795 2297 2951 2354 Jesus
2977 2301 3218 2356 ascendit
3258 2303 3311 2356 in
3352 2303 3542 2371 altum,
3577 2307 3760 2376 capti-

2154 2385 2302 2439 vavit
2324 2387 2714 2455 captivitatem,
2747 2388 2895 2444 dedit
2922 2389 3061 2446 dona
3083 2390 3411 2448 hominibus.

2226 2477 2344 2532 XV.
2373 2477 2526 2550 (Cap.
2557 2478 2637 2551 8.)
2680 2480 2805 2536 Vita
2855 2481 2996 2537 bona
3045 2491 3232 2539 nostra
3283 2485 3419 2539 nihil
3465 2495 3552 2543 est
3606 2488 3760 2545 aliud

2154 2583 2320 2637 ~quam
2358 2569 2451 2624 Dei
2480 2571 2674 2642 gratia.
2707 2571 2836 2628 Sine
2865 2572 3029 2629 dubio
3078 2583 3134 2630 et
3184 2575 3293 2631 vita
3347 2586 3577 2646 aeterna,
3636 2598 3761 2652 quae

2154 2657 2310 2714 bona:
2339 2660 2462 2714 vitae,
2493 2661 2758 2727 redditur,
2811 2663 2907 2717 Dei
2962 2665 3134 2735 gratia
3182 2677 3285 2720 est.
3340 2667 3409 2721 Et
3455 2669 3567 2740 ipsa
3601 2672 3756 2726 enim

2157 2750 2327 2819 gratis
2358 2751 2539 2818 datur,
2564 2752 2688 2821 quia
2720 2755 2891 2824 gratis
2920 2755 3042 2809 data
3068 2763 3153 2811 est
3182 2755 3275 2811 illa
3298 2758 3385 2813 cui
3417 2761 3597 2816 datur.
3644 2762 3755 2818 Sed

2158 2843 2245 2898 illa
2269 2844 2354 2899 cui
2384 2844 2563 2911 datur,
2607 2847 2977 2903 tantummodo
3027 2849 3201 2919 gratia
3252 2858 3357 2906 cst.
3412 2851 3539 2908 Ilaec
3563 2863 3752 2910 autem

2159 2950 2280 3005 quae
2308 2935 2383 2989 illi
2417 2936 2597 3003 datur,
2625 2937 2880 3005 quoniam
2928 2939 3210 3008 prmmium
3264 2941 3379 3011 ejus
3425 2952 3530 3009 est,
3575 2946 3756 3016 gratia

2159 3036 2243 3082 est
2266 3041 2364 3095 pro
2386 3026 2584 3097 gratia,
2619 3036 2874 3099 tanquam
2912 3045 3122 3086 merces
3149 3047 3250 3102 pro
3276 3032 3506 3104 justitia.

2233 3116 2369 3174 XVI.
2405 3117 2556 3189 (Cap.
2602 3119 2715 3190 II.)
2761 3118 2989 3187 Quando
3022 3123 3234 3199 ⁴σειιίιθίιιι
3287 3126 3529 3182 actiones
3572 3129 3759 3186 carnis

540 3178 649 3271 in.
669 3178 821 3288 (cap.
850 3178 1069 3290 δ’ὁ-ιλιιᾶ
1092 3178 1193 3273 ita
1205 3178 1591 3276 553.5%;
1626 3221 1793 3276 etiam
1836 3220 1951 3294 ipsa
1988 3224 2056 3280 ad
2082 3181 2128 3245 C
2150 3178 2513 3264 [mortiﬁcatis'
2534 3218 2594 3266 ut
2624 3178 2855 3280 vivatis,
2894 3192 3041 3269 unum
3069 3178 3759 3286 ‘ammcaig,"§il...;'i;;2

469 3305 641 3361 Deum
668 3315 853 3362 nostra
886 3307 1207 3374 conversio,
1252 3323 1360 3363 non
1407 3309 1457 3364 ei
1492 3309 1766 3367 diceretur
1797 3331 1812 3368 :
1859 3331 1877 3364 ι
1916 3314 2059 3371 Deus

475 3417 495 3451 ι
529 3400 1083 3466 virtutum,converte
1112 3416 1210 3457 nos
1238 3398 1636 3476 (Psal.ft.xxrx);
1669 3422 1687 3457 ι
1719 3413 1774 3461 et
1808 3424 1864 3460 ει
1890 3405 2054 3472 Deus,

478 3508 499 3542 ι
542 3499 596 3545 ιιι
628 3499 950 3547 convertens
973 3491 1273 3549 viviﬁcabis
1306 3508 1405 3549 nos
1435 3492 1607 3566 (Psal.
1640 3496 1883 3569 Lxxxw),
1914 3516 1932 3549 ι
1960 3506 2055 3553 et:

478 3598 498 3634 ι
534 3580 803 3636 Converte
837 3595 968 3648 nos,
1019 3580 1166 3638 Deus
1205 3582 1495 3638 sanitatum
1540 3591 1849 3641 nostrarum
1881 3584 2056 3659 (Psal.

477 3690 496 3723 ι
530 3671 776 3744 Lxxxrv),
808 3690 828 3725 ι
864 3680 919 3729 et
945 3672 1252 3744 hujusmodi
1294 3674 1421 3741 alia,
1466 3690 1588 3745 quae
1630 3682 2058 3735 commemorare

468 3760 688 3832 longum
738 3768 840 3816 est.
890 3760 1027 3820 Nam
1071 3771 1127 3819 et
1164 3763 1349 3820 venire
1395 3765 1463 3820 ad
1497 3764 1771 3821 Christum
1818 3768 1947 3838 quid
1971 3777 2055 3824 est

470 3854 639 3922 aliud,
661 3856 765 3911 nisi
791 3855 860 3911 ad
881 3871 1005 3912 eum
1025 3857 1298 3914 credendo
1324 3859 1600 3913 converti?
1626 3866 1682 3915 et
1711 3867 1889 3914 tamen
1935 3861 2053 3916 ait‘:

475 3963 495 3998 ι
522 3947 696 4003 Nemo
739 3955 920 4018 potest
950 3948 1137 4003 venire
1179 3948 1249 4003 ad
1294 3964 1410 4016 me,
1442 3950 1547 4007 nisi
1586 3951 1769 4006 datum
1817 3951 1980 4008 fuerit
2025 3968 2059 4009 a

473 4055 492 4090 ι
520 4037 683 4093 Patre
708 4052 830 4093 meo
855 4037 1036 4109 (Joan.
1059 4039 1158 4111 γι).
2028 4064 2031 4067 ·

540 4125 652 4182 Xll.
673 4124 908 4199 (Cap.6.)
929 4126 1192 4183 Probatur
1204 4129 1376 4199 gratia
1392 4128 1486 4183 Dei
1506 4143 1616 4184 non
1634 4132 1927 4188 secundum
1944 4148 2058 4189 me-

470 4218 575 4273 rita
614 4226 801 4273 nostra
839 4218 978 4285 dari,
1032 4220 1468 4291 quandoquidem
1520 4237 1629 4277 non
1681 4223 1854 4280 solum
1898 4227 2057 4284 nullis

467 4309 645 4375 bonis,
668 4323 857 4365 verum
891 4310 1053 4365 etiam
1076 4311 1260 4368 multis
1281 4314 1493 4369 meritis
1519 4314 1677 4371 malis
1707 4319 2057 4386 praecedenti-

464 4399 570 4455 bus
598 4399 845 4456 videmus
864 4401 1067 4468 datam,
1098 4411 1154 4459 et
1180 4405 1423 4476 quotidie
1453 4406 1702 4464 videmus
1757 4410 1896 4467 dari.
1947 4411 2056 4470 Sed

465 4490 630 4561 plane
653 4507 776 4547 cum
811 4493 936 4548 data
965 4492 1159 4561 fuerit,
1209 4496 1474 4568 incipiunt
1520 4506 1639 4556 es‘se
1664 4502 1827 4559 etiam
1857 4506 2049 4561 merita

456 4590 653 4638 nostra
677 4583 838 4649 bona,
878 4599 974 4654 per
1011 4585 1155 4641 illam
1182 4597 1380 4645 tamen.
1420 4589 1556 4646 Nam
1599 4593 1643 4648 si
1683 4610 1743 4651 se
1789 4595 1880 4651 illa
1916 4598 2046 4654 sub-

467 4675 718 4741 traxerit,
743 4676 887 4732 cadit
914 4677 1093 4743 homo,
1120 4695 1226 4735 non
1264 4690 1509 4750 erectus,
1546 4683 1640 4739 sed
1679 4687 2047 4757 praecipitatus

468 4762 640 4819 libero
664 4766 909 4822 arbitrio.
936 4767 1273 4840 Quapropter
1300 4786 1403 4827 nec
1430 4774 1646 4842 quando
1682 4776 1906 4845 coeperit
1942 4778 2047 4835 ho-

468 4870 561 4910 mo
582 4855 785 4912 habere
814 4858 1007 4913 merita
1046 4859 1184 4914 bona
1216 4861 1319 4917 sibi
1358 4862 1517 4918 debet
1540 4863 1777 4919 tribuere
1807 4865 1920 4933 illa,
1950 4868 2044 4925 sed

473 4946 604 5014 Deo,
640 4949 732 5020 qui
768 4950 1002 5007 dicitur:
1040 4969 1059 5003 ι
1096 4952 1325 5022 Adjutor
1355 4970 1507 5012 meus
1546 4964 1685 5024 esto,
1721 4972 1790 5013 ne
1811 4958 2045 5015 derelin-

476 5056 495 5089 ι
529 5053 666 5108 quas
704 5055 791 5096 me
830 5040 999 5115 (Psal.
1024 5044 1196 5117 XXVI).
1244 5064 1263 5098 ι

540 5129 677 5185 XIII.
711 5130 897 5203 (Ibid)
932 5132 1307 5191 Necessarium
1337 5145 1421 5193 est
1442 5137 1647 5193 homini
1682 5145 1742 5193 ut
1759 5139 1933 5210 gratia
1954 5139 2050 5196 Dei

468 5236 576 5277 non
613 5222 1127 5295 solumjustiﬁcetur
1155 5226 1381 5297 impius,
1423 5228 1479 5283 id
1515 5237 1616 5294 est,
1653 5242 1723 5283 ex
1761 5227 1929 5299 impio
1957 5229 2053 5286 ﬁat

461 5314 666 5384 justus,
699 5329 823 5369 cum
844 5313 1143 5370 redduntur
1170 5315 1220 5371 ei
1250 5315 1388 5371 bona
1411 5332 1512 5388 pro
1536 5316 1693 5374 malis
1709 5358 1724 5383 ,
1745 5317 1840 5373 sed
1861 5320 2046 5388 etiam,

2162 3298 2310 3365 date,
2338 3298 2412 3354 illi
2439 3300 2644 3370 gratias
2665 3301 2828 3373 agite,
2859 3302 3012 3373 cujus
3039 3305 3230 3375 spiritu
3251 3306 3506 3377 agimini,
3551 3319 3612 3365 ut
3650 3310 3760 3371 ista

2159 3392 2408 3459 valeatis,
2439 3401 2495 3448 et
2518 3407 2616 3449 vos
2642 3393 2782 3450 ﬁlios
2804 3394 2901 3451 Dei
2921 3410 3043 3452 esse
3072 3399 3405 3456 monstretis.
3447 3400 3604 3474 (Cap.
3640 3404 3757 3476 12.)

2160 3483 2435 3555 Quotquot
2456 3486 2601 3541 enim
2633 3486 2825 3557 spiritu
2854 3488 2949 3543 Dei
2977 3497 3243 3559 aguntur,
3271 3490 3327 3547 bi
3356 3491 3453 3549 ﬁlii
3481 3502 3609 3550 sunt
3632 3495 3749 3562 Dei;

2160 3582 2425 3645 quotquot
2451 3590 2580 3646 ergo
2626 3576 2885 3649 adjuncto
2935 3577 3051 3634 solo
3101 3578 3372 3648 adiutorio
3425 3582 3581 3655 legis,
3634 3585 3753 3642 sine

2160 3667 2430 3739 adjutorio
2458 3669 2669 3740 gratiae,
2701 3668 3036 3727 conﬁdentes
3063 3671 3118 3728 in
3145 3672 3346 3729 virtute
3372 3689 3493 3742 sua,
3524 3691 3625 3732 suo
3646 3678 3751 3749 spi-

2160 3758 2266 3813 ritu
2288 3766 2542 3828 aguntur,
2568 3774 2676 3817 non
2707 3768 2835 3816 sunt
2865 3759 2962 3817 ﬁlii
2992 3762 3111 3819 Dei.

2233 3848 2390 3906 XVII.
2425 3850 2576 3922 (Cap.
2613 3852 2723 3925 14.)
2755 3852 2941 3925 Neque
2971 3855 3197 3912 scientia
3223 3857 3419 3914 divin:e
3446 3860 3614 3933 legis,
3645 3878 3736 3919 ne-

2159 3955 2264 4012 que
2292 3948 2504 4009 natura,
2527 3958 2706 4014 neque
2739 3944 2853 4000 sola
2884 3946 3132 4005 remissio
3157 3958 3526 4018 peccatorum,
3550 3961 3634 4009 est
3657 3954 3747 4010 illa

2157 4034 2333 4104 gratia
2353 4049 2473 4104 qua:
2492 4048 2593 4105 per
2626 4034 2809 4093 Iesum
2848 4037 3125 4095 Christum
3163 4042 3447 4099 Dominum
3502 4056 3747 4104 nostrum

2158 4124 2345 4193 datur;
2371 4127 2466 4186 sed
2488 4126 2603 4197 ipsa
2634 4127 2764 4184 facit
2785 4139 2845 4186 ut
2873 4130 2958 4186 lex
2988 4130 3312 4204 impleatur,
3354 4145 3411 4190 et
3460 4144 3656 4193 natura
3684 4139 3751 4196 li-

2156 4214 2402 4283 beretur,
2434 4232 2503 4273 ne
2521 4228 2805 4288 peccatum
2835 4220 3163 4287 dominetur.
3570 4218 3575 4219 ί

2228 4305 2412 4363 XVIII.
2444 4307 2633 4382 (Ιὺὶά.)
2665 4309 2819 4377 Quod
2840 4311 2927 4367 lex
2948 4310 3103 4380 jubet
3129 4313 3312 4373 facere
3345 4333 3453 4373 non
3479 4317 3745 4389 valemus,

2156 4395 2261 4452 nisi
2282 4410 2379 4467 per
2402 4396 2559 4452 ﬁdem
2581 4399 2823 4471 rogando
2862 4400 3214 4472 impetremus
3252 4414 3313 4461 ut
3352 4405 3530 4465 facere
3569 4410 3749 4467 vales.

2155 4504 2294 4544 mus.
2324 4488 2457 4545 Nam
2473 4491 2519 4547 si
2541 4490 2674 4549 ﬁdes
2698 4493 2854 4551 liberi
2882 4504 2967 4551 est
2990 4501 3363 4556 tantummodo
3382 4503 3621 4568 arbitrii.
3644 4521 3746 4564 nec

2154 4582 2314 4639 datur
2339 4598 2370 4638 a
2397 4583 2528 4650 Deo,
2558 4593 2779 4658 prepter
2800 4587 2929 4656 quid
2943 4604 3041 4658 pro
3067 4590 3147 4649 eis
3171 4592 3263 4661 qui
3287 4593 3475 4651 nolunt
3497 4599 3742 4666 credere,

2152 4687 2373 4729 oramus
2402 4682 2462 4728 ut
2490 4675 2752 4734 credant?
2778 4676 2933 4744 Quod
2961 4693 3183 4749 prorsus
3220 4680 3521 4742 faceremus
3545 4687 3742 4744 inani-

2150 4772 2236 4819 ter
2276 4764 2382 4820 nisi
2408 4765 2711 4821 rectissime
2741 4768 3084 4825 crederemus
3133 4771 3299 4826 etiam
3352 4789 3640 4843 perversos
3687 4787 3744 4836 et

2151 4854 2274 4912 ﬁdei
2314 4859 2617 4914 contrarias
2654 4858 2956 4917 voluntates
2996 4863 3415 4935 omnipotentem
3458 4867 3631 4929 Deum
3670 4870 3744 4931 ad

2149 4948 2476 5003 credendum
2498 4963 2659 5019 posse
2687 4959 3026 5009 convertere.

2224 5039 2365 5097 XIX.
2424 5040 2595 5113 (Cap.
2648 5042 2779 5115 15.)
2834 5044 3236 5104 Meminerimus
3288 5048 3460 5104 Deum
3506 5050 3741 5113 dicere:

2157 5151 2177 5187 ι
2212 5132 2600 5191 Convertimini
2629 5143 2684 5191 et
2718 5136 2926 5205 vivetis,
2967 5156 2985 5191 ι
3018 5138 3105 5194 cui
3129 5139 3327 5195 dicitur
3362 5158 3376 5195 :
3412 5158 3433 5192 ι
3467 5141 3739 5200 Converte

2157 5243 2175 5277 ι
2209 5239 2326 5291 nos,
2359 5224 2523 5281 Deus.
2564 5244 2583 5277 ι
2612 5226 3017 5285 Meminerimus
3040 5229 3209 5285 Deum
3254 5232 3474 5289 dicere:
3504 5252 3523 5285 ι
3560 5232 3737 5304 Proji-

2156 5334 2176 5369 ι
2211 5316 2320 5372 cite
2339 5331 2370 5371 a
2407 5316 2560 5373 vobis
2586 5331 2775 5375 omnes
2801 5319 3105 5390 impietates
3128 5329 3370 5389 vestras;
3416 5342 3437 5376 ι
3466 5339 3589 5380 cum
3619 5326 3740 5395 ipse

469 5422 591 5462 cum
621 5406 785 5463 fuerit
800 5406 913 5477 jam
926 5406 1256 5477 justiﬁcatus
1281 5425 1348 5465 ex
1367 5410 1492 5477 ﬁde,
1517 5410 1756 5467 ambulet
1783 5426 1908 5467 cum
1952 5411 2046 5469 illo
2142 5406 2404 5478 justiﬁeet
2428 5407 2673 5477 impium.
2697 5407 3099 5467 Meminerimus
3121 5411 3295 5482 ipsum
3335 5413 3515 5469 dicere
3544 5430 3558 5469 :
3586 5434 3605 5467 ι
3628 5414 3736 5470 Fa-

468 5500 664 5573 gratia,
689 5508 746 5555 et
776 5500 1053 5555 incumbat
1095 5515 1258 5571 super
1294 5501 1466 5570 ipsam
1506 5515 1577 5556 ne
1609 5501 1787 5557 cadat.
1816 5500 2046 5573 Propter

466 5591 571 5645 hoc
591 5592 850 5661 scriptum
872 5600 957 5648 est
980 5592 1033 5648 in
1072 5590 1297 5648 Cantico
1316 5593 1652 5648 canticorum
1680 5596 1748 5649 de
1781 5594 1897 5665 ipsa
1935 5594 2043 5651 Ec—

464 5681 630 5737 clesia
657 5697 671 5733 :
705 5701 724 5733 ι
756 5682 884 5750 Quae
911 5682 1110 5739 estista
1136 5698 1255 5753 quae
1276 5683 1518 5739 ascendit
1544 5684 1809 5751 dealbata,
1837 5685 2042 5741 incum-

471 5793 489 5828 ι
526 5773 657 5833 hens
679 5790 841 5845 super
865 5774 1175 5832 fratruclcm
1213 5776 1405 5831 suum?
1438 5797 1454 5829 ι
1493 5776 1669 5849 (Cant.
1704 5775 1844 5847 vm.)
1884 5776 2042 5834 Dcal-

2154 5520 2173 5553 ι
2207 5502 2314 5557 cite
2363 5500 2516 5555 vobis
2555 5516 2650 5556 cor
2704 5518 2902 5558 novum
2935 5511 2993 5558 et
3033 5504 3283 5575 spiritum
3330 5520 3548 5570 novum,
3586 5524 3605 5557 ι
3634 5506 3737 5577 qui

2148 5594 2314 5650 dicit:
2348 5614 2365 5645 ι
2396 5594 2545 5650 Dabo
2573 5596 2724 5651 vobis
2760 5612 2855 5653 cor
2893 5612 3092 5653 novum
3142 5607 3200 5654 et
3236 5598 3482 5668 spiritum
3527 5613 3736 5660 novum

2153 5703 2171 5736 ι
2206 5685 2345 5741 dabo
2369 5686 2523 5742 vobis
2545 5683 2715 5758 (Psal.
2745 5703 2969 5755 Luxw;
3024 5687 3211 5743 Ezech.
3244 5704 3409 5754 xvul,
3454 5689 3661 5759 xxxvi).
3698 5709 3721 5742 ι

2147 5778 2425 5846 Quomodo
2454 5794 2580 5850 ergo
2608 5780 2747 5851 quod
2777 5781 2905 5838 dicit
2935 5800 2945 5812 ·
2985 5801 3003 5834 ι
3034 5782 3215 5841 Facite
3243 5782 3411 5852 vobis,
3450 5802 3467 5837 ι
3504 5784 3606 5843 hoc
3636 5782 3717 5844 di-
