  <div class='ocr_page' id='page_1' title='image "/cluster/home/n/w/nwhite01/storage/ocr_20150623/116/hvd.32044015466881/069.png"; bbox 0 0 4032 6450; ppageno 0'>
   <div class='ocr_carea' id='block_1_1' title="bbox 504 363 606 419">
    <p class='ocr_par' dir='ltr' id='par_1_1' title="bbox 504 363 606 419">
     <span class='ocr_line' id='line_1_1' title="bbox 504 363 606 419; baseline 0.02 -2"><span class='ocrx_word' id='word_1_1' title='bbox 504 363 606 419; x_wconf 70' lang='grc'><strong>427</strong></span> 
     </span>
    </p>
   </div>
   <div class='ocr_carea' id='block_1_2' title="bbox 1699 352 2570 415">
    <p class='ocr_par' dir='ltr' id='par_1_2' title="bbox 1699 352 2570 415">
     <span class='ocr_line' id='line_1_2' title="bbox 1699 352 2570 415; baseline -0.001 -2"><span class='ocrx_word' id='word_1_2' title='bbox 1699 354 2060 414; x_wconf 77' lang='lat' dir='ltr'><strong>AMULONIS</strong></span> <span class='ocrx_word' id='word_1_3' title='bbox 2105 354 2321 413; x_wconf 82' lang='lat' dir='ltr'><strong>EPISC.</strong></span> <span class='ocrx_word' id='word_1_4' title='bbox 2362 352 2570 415; x_wconf 76' lang='lat' dir='ltr'><strong>LUGD.</strong></span> 
     </span>
    </p>
   </div>
   <div class='ocr_carea' id='block_1_3' title="bbox 3674 357 3785 413">
    <p class='ocr_par' dir='ltr' id='par_1_3' title="bbox 3674 357 3785 413">
     <span class='ocr_line' id='line_1_3' title="bbox 3674 357 3785 413; baseline 0.018 -2"><span class='ocrx_word' id='word_1_5' title='bbox 3674 357 3785 413; x_wconf 65' lang='lat'><strong>{‘28</strong></span> 
     </span>
    </p>
   </div>
   <div class='ocr_carea' id='block_1_4' title="bbox 498 469 3793 546">
    <p class='ocr_par' dir='ltr' id='par_1_4' title="bbox 498 469 3793 546">
     <span class='ocr_line' id='line_1_4' title="bbox 498 469 3793 546; baseline -0 -15"><span class='ocrx_word' id='word_1_6' title='bbox 498 491 568 531; x_wconf 87' lang='lat' dir='ltr'><strong>eo</strong></span> <span class='ocrx_word' id='word_1_7' title='bbox 591 489 752 546; x_wconf 86' lang='lat' dir='ltr'><strong>quem</strong></span> <span class='ocrx_word' id='word_1_8' title='bbox 805 474 989 530; x_wconf 98' lang='lat' dir='ltr'><strong>seduci</strong></span> <span class='ocrx_word' id='word_1_9' title='bbox 1029 472 1296 545; x_wconf 86' lang='lat' dir='ltr'><strong>permittit</strong></span> <span class='ocrx_word' id='word_1_10' title='bbox 1332 469 1417 526; x_wconf 81' lang='lat' dir='ltr'><strong>vel</strong></span> <span class='ocrx_word' id='word_1_11' title='bbox 1460 473 1739 536; x_wconf 89' lang='lat' dir='ltr'><strong>obdurari,</strong></span> <span class='ocrx_word' id='word_1_12' title='bbox 1781 472 1923 526; x_wconf 87' lang='lat' dir='ltr'><strong>mala</strong></span> <span class='ocrx_word' id='word_1_13' title='bbox 1973 472 2090 542; x_wconf 85' lang='lat' dir='ltr'><strong>ejus</strong></span> <span class='ocrx_word' id='word_1_14' title='bbox 2117 475 2170 534; x_wconf 83' lang='grc' dir='ltr'><strong>Α</strong></span> <span class='ocrx_word' id='word_1_15' title='bbox 2266 472 2350 526; x_wconf 91' lang='lat' dir='ltr'><strong>lll.</strong></span> <span class='ocrx_word' id='word_1_16' title='bbox 2381 471 2533 545; x_wconf 85' lang='lat' dir='ltr'><strong>(Cap.</strong></span> <span class='ocrx_word' id='word_1_17' title='bbox 2561 471 2641 545; x_wconf 73' lang='lat'><strong>2.)</strong></span> <span class='ocrx_word' id='word_1_18' title='bbox 2669 471 2784 527; x_wconf 84' lang='lat' dir='ltr'><strong>Non</strong></span> <span class='ocrx_word' id='word_1_19' title='bbox 2816 487 2875 528; x_wconf 90' lang='lat' dir='ltr'><strong>se</strong></span> <span class='ocrx_word' id='word_1_20' title='bbox 2917 470 3104 527; x_wconf 86' lang='lat' dir='ltr'><strong>fallant</strong></span> <span class='ocrx_word' id='word_1_21' title='bbox 3152 471 3244 542; x_wconf 86' lang='lat' dir='ltr'><strong>qui</strong></span> <span class='ocrx_word' id='word_1_22' title='bbox 3270 471 3457 527; x_wconf 90' lang='lat' dir='ltr'><strong>dicunt</strong></span> <span class='ocrx_word' id='word_1_23' title='bbox 3485 490 3499 527; x_wconf 89' lang='lat'><strong>:</strong></span> <span class='ocrx_word' id='word_1_24' title='bbox 3532 471 3604 530; x_wconf 84' lang='lat' dir='ltr'><strong>Ut</strong></span> <span class='ocrx_word' id='word_1_25' title='bbox 3642 474 3793 545; x_wconf 82' lang='lat' dir='ltr'><strong>quid</strong></span> 
     </span>
    </p>
   </div>
   <div class='ocr_carea' id='block_1_5' title="bbox 502 562 2086 634">
    <p class='ocr_par' dir='ltr' id='par_1_5' title="bbox 502 562 2086 634">
     <span class='ocr_line' id='line_1_5' title="bbox 502 562 2086 634; baseline -0.001 -15"><span class='ocrx_word' id='word_1_26' title='bbox 502 566 697 620; x_wconf 85' lang='lat' dir='ltr'><strong>merita</strong></span> <span class='ocrx_word' id='word_1_27' title='bbox 720 563 957 630; x_wconf 76' lang='lat' dir='ltr'><strong>credite;</strong></span> <span class='ocrx_word' id='word_1_28' title='bbox 992 563 1045 618; x_wconf 91' lang='lat' dir='ltr'><strong>in</strong></span> <span class='ocrx_word' id='word_1_29' title='bbox 1085 579 1150 618; x_wconf 91' lang='lat' dir='ltr'><strong>eo</strong></span> <span class='ocrx_word' id='word_1_30' title='bbox 1188 578 1314 617; x_wconf 88' lang='lat' dir='ltr'><strong>vero</strong></span> <span class='ocrx_word' id='word_1_31' title='bbox 1338 562 1491 631; x_wconf 87' lang='lat' dir='ltr'><strong>cujus</strong></span> <span class='ocrx_word' id='word_1_32' title='bbox 1524 563 1831 628; x_wconf 91' lang='lat' dir='ltr'><strong>miseretur,</strong></span> <span class='ocrx_word' id='word_1_33' title='bbox 1858 565 2086 634; x_wconf 90' lang='lat' dir='ltr'><strong>gratiam</strong></span> 
     </span>
    </p>
   </div>
   <div class='ocr_carea' id='block_1_6' title="bbox 501 652 2089 723">
    <p class='ocr_par' dir='ltr' id='par_1_6' title="bbox 501 652 2089 723">
     <span class='ocr_line' id='line_1_6' title="bbox 501 652 2089 723; baseline -0.001 -14"><span class='ocrx_word' id='word_1_34' title='bbox 501 653 596 709; x_wconf 86' lang='lat' dir='ltr'><strong>Dei</strong></span> <span class='ocrx_word' id='word_1_35' title='bbox 647 670 752 708; x_wconf 88' lang='lat' dir='ltr'><strong>non</strong></span> <span class='ocrx_word' id='word_1_36' title='bbox 783 655 1073 708; x_wconf 78' lang='lat' dir='ltr'><strong>reddendis</strong></span> <span class='ocrx_word' id='word_1_37' title='bbox 1115 652 1253 707; x_wconf 91' lang='lat' dir='ltr'><strong>mala</strong></span> <span class='ocrx_word' id='word_1_38' title='bbox 1304 667 1402 722; x_wconf 91' lang='lat' dir='ltr'><strong>pro</strong></span> <span class='ocrx_word' id='word_1_39' title='bbox 1451 653 1625 718; x_wconf 85' lang='lat' dir='ltr'><strong>malis,</strong></span> <span class='ocrx_word' id='word_1_40' title='bbox 1679 654 1770 707; x_wconf 89' lang='lat' dir='ltr'><strong>sed</strong></span> <span class='ocrx_word' id='word_1_41' title='bbox 1821 654 1960 707; x_wconf 89' lang='lat' dir='ltr'><strong>bona</strong></span> <span class='ocrx_word' id='word_1_42' title='bbox 1990 669 2089 723; x_wconf 89' lang='lat' dir='ltr'><strong>pro</strong></span> 
     </span>
    </p>
   </div>
   <div class='ocr_carea' id='block_1_7' title="bbox 501 744 2088 815">
    <p class='ocr_par' dir='ltr' id='par_1_7' title="bbox 501 744 2088 815">
     <span class='ocr_line' id='line_1_7' title="bbox 501 744 2088 815; baseline -0.001 -16"><span class='ocrx_word' id='word_1_43' title='bbox 501 746 679 808; x_wconf 88' lang='lat' dir='ltr'><strong>malis.</strong></span> <span class='ocrx_word' id='word_1_44' title='bbox 725 746 954 801; x_wconf 90' lang='lat' dir='ltr'><strong>ﬁdeliter</strong></span> <span class='ocrx_word' id='word_1_45' title='bbox 992 754 1044 799; x_wconf 88' lang='lat' dir='ltr'><strong>et</strong></span> <span class='ocrx_word' id='word_1_46' title='bbox 1084 745 1452 799; x_wconf 80' lang='lat' dir='ltr'><strong>indubitanter</strong></span> <span class='ocrx_word' id='word_1_47' title='bbox 1488 745 1783 815; x_wconf 79' lang='lat' dir='ltr'><strong>agnoscite.</strong></span> <span class='ocrx_word' id='word_1_48' title='bbox 1829 744 1937 799; x_wconf 78' lang='lat' dir='ltr'><strong>Nec</strong></span> <span class='ocrx_word' id='word_1_49' title='bbox 1968 745 2088 798; x_wconf 88' lang='lat' dir='ltr'><strong>ideo</strong></span> 
     </span>
    </p>
   </div>
   <div class='ocr_carea' id='block_1_8' title="bbox 500 835 2087 905">
    <p class='ocr_par' dir='ltr' id='par_1_8' title="bbox 500 835 2087 905">
     <span class='ocr_line' id='line_1_8' title="bbox 500 835 2087 905; baseline 0.001 -16"><span class='ocrx_word' id='word_1_50' title='bbox 500 835 764 890; x_wconf 77' lang='lat' dir='ltr'><strong>auferetis</strong></span> <span class='ocrx_word' id='word_1_51' title='bbox 787 852 816 889; x_wconf 89' lang='lat' dir='ltr'><strong>a</strong></span> <span class='ocrx_word' id='word_1_52' title='bbox 850 835 1129 889; x_wconf 81' lang='lat' dir='ltr'><strong>Pharaone</strong></span> <span class='ocrx_word' id='word_1_53' title='bbox 1156 835 1385 889; x_wconf 90' lang='lat' dir='ltr'><strong>liberum</strong></span> <span class='ocrx_word' id='word_1_54' title='bbox 1414 836 1720 898; x_wconf 81' lang='lat' dir='ltr'><strong>arbitrium,</strong></span> <span class='ocrx_word' id='word_1_55' title='bbox 1743 835 1868 905; x_wconf 84' lang='lat' dir='ltr'><strong>quia</strong></span> <span class='ocrx_word' id='word_1_56' title='bbox 1904 835 2087 890; x_wconf 89' lang='lat' dir='ltr'><strong>multis</strong></span> 
     </span>
    </p>
   </div>
   <div class='ocr_carea' id='block_1_9' title="bbox 500 927 2087 997">
    <p class='ocr_par' dir='ltr' id='par_1_9' title="bbox 500 927 2087 997">
     <span class='ocr_line' id='line_1_9' title="bbox 500 927 2087 997; baseline 0 -16"><span class='ocrx_word' id='word_1_57' title='bbox 500 927 637 982; x_wconf 78' lang='lat' dir='ltr'><strong>locis</strong></span> <span class='ocrx_word' id='word_1_58' title='bbox 664 930 797 983; x_wconf 82' lang='lat' dir='ltr'><strong>dicit</strong></span> <span class='ocrx_word' id='word_1_59' title='bbox 824 930 963 982; x_wconf 92' lang='lat' dir='ltr'><strong>Deus</strong></span> <span class='ocrx_word' id='word_1_60' title='bbox 997 947 1009 981; x_wconf 88' lang='lat'><strong>:</strong></span> <span class='ocrx_word' id='word_1_61' title='bbox 1047 947 1065 978; x_wconf 82' lang='grc' dir='ltr'><strong>ι</strong></span> <span class='ocrx_word' id='word_1_62' title='bbox 1101 928 1209 997; x_wconf 85' lang='lat' dir='ltr'><strong>Ego</strong></span> <span class='ocrx_word' id='word_1_63' title='bbox 1253 928 1496 982; x_wconf 89' lang='lat' dir='ltr'><strong>induravi</strong></span> <span class='ocrx_word' id='word_1_64' title='bbox 1540 927 1901 991; x_wconf 60' lang='lat' dir='ltr'><strong>Pharaonem,</strong></span> <span class='ocrx_word' id='word_1_65' title='bbox 1950 948 1967 979; x_wconf 73' lang='grc' dir='ltr'><strong>ι</strong></span> <span class='ocrx_word' id='word_1_66' title='bbox 2004 927 2087 981; x_wconf 92' lang='lat' dir='ltr'><strong>vel</strong></span> 
     </span>
    </p>
   </div>
   <div class='ocr_carea' id='block_1_10' title="bbox 504 1019 2084 1083">
    <p class='ocr_par' dir='ltr' id='par_1_10' title="bbox 504 1019 2084 1083">
     <span class='ocr_line' id='line_1_10' title="bbox 504 1019 2084 1083; baseline 0.001 -10"><span class='ocrx_word' id='word_1_67' title='bbox 504 1039 525 1073; x_wconf 67' lang='grc' dir='ltr'><strong>ι</strong></span> <span class='ocrx_word' id='word_1_68' title='bbox 564 1021 833 1083; x_wconf 86' lang='lat' dir='ltr'><strong>Induravi,</strong></span> <span class='ocrx_word' id='word_1_69' title='bbox 876 1042 893 1071; x_wconf 76' lang='grc' dir='ltr'><strong>ι</strong></span> <span class='ocrx_word' id='word_1_70' title='bbox 928 1029 1023 1074; x_wconf 91' lang='lat' dir='ltr'><strong>aut</strong></span> <span class='ocrx_word' id='word_1_71' title='bbox 1060 1040 1077 1070; x_wconf 75' lang='grc' dir='ltr'><strong>ι</strong></span> <span class='ocrx_word' id='word_1_72' title='bbox 1125 1021 1390 1075; x_wconf 90' lang='lat' dir='ltr'><strong>lndurabo</strong></span> <span class='ocrx_word' id='word_1_73' title='bbox 1431 1036 1525 1074; x_wconf 87' lang='lat' dir='ltr'><strong>cor</strong></span> <span class='ocrx_word' id='word_1_74' title='bbox 1553 1020 1871 1075; x_wconf 71' lang='lat' dir='ltr'><strong>Pharaonis;</strong></span> <span class='ocrx_word' id='word_1_75' title='bbox 1915 1040 1931 1072; x_wconf 76' lang='grc' dir='ltr'><strong>ι</strong></span> <span class='ocrx_word' id='word_1_76' title='bbox 1968 1019 2084 1074; x_wconf 85' lang='lat' dir='ltr'><strong>Non</strong></span> 
     </span>
    </p>
   </div>
   <div class='ocr_carea' id='block_1_11' title="bbox 494 1108 2082 1180">
    <p class='ocr_par' dir='ltr' id='par_1_11' title="bbox 494 1108 2082 1180">
     <span class='ocr_line' id='line_1_11' title="bbox 494 1108 2082 1180; baseline 0.001 -18"><span class='ocrx_word' id='word_1_77' title='bbox 494 1110 643 1163; x_wconf 81' lang='lat' dir='ltr'><strong>enim</strong></span> <span class='ocrx_word' id='word_1_78' title='bbox 668 1119 950 1180; x_wconf 81' lang='lat' dir='ltr'><strong>propterea</strong></span> <span class='ocrx_word' id='word_1_79' title='bbox 983 1109 1095 1180; x_wconf 87' lang='lat' dir='ltr'><strong>ipse</strong></span> <span class='ocrx_word' id='word_1_80' title='bbox 1118 1108 1329 1163; x_wconf 91' lang='lat' dir='ltr'><strong>Pharao</strong></span> <span class='ocrx_word' id='word_1_81' title='bbox 1353 1125 1455 1163; x_wconf 92' lang='lat' dir='ltr'><strong>non</strong></span> <span class='ocrx_word' id='word_1_82' title='bbox 1492 1110 1761 1163; x_wconf 90' lang='lat' dir='ltr'><strong>induravit</strong></span> <span class='ocrx_word' id='word_1_83' title='bbox 1787 1124 1881 1163; x_wconf 91' lang='lat' dir='ltr'><strong>cor</strong></span> <span class='ocrx_word' id='word_1_84' title='bbox 1903 1125 2082 1164; x_wconf 91' lang='lat' dir='ltr'><strong>suum.</strong></span> 
     </span>
    </p>
   </div>
   <div class='ocr_carea' id='block_1_12' title="bbox 497 1197 2087 1270">
    <p class='ocr_par' dir='ltr' id='par_1_12' title="bbox 497 1197 2087 1270">
     <span class='ocr_line' id='line_1_12' title="bbox 497 1197 2087 1270; baseline 0.001 -17"><span class='ocrx_word' id='word_1_85' title='bbox 497 1197 632 1253; x_wconf 83' lang='lat' dir='ltr'><strong>Nam</strong></span> <span class='ocrx_word' id='word_1_86' title='bbox 679 1208 731 1254; x_wconf 90' lang='lat' dir='ltr'><strong>et</strong></span> <span class='ocrx_word' id='word_1_87' title='bbox 783 1201 887 1256; x_wconf 93' lang='lat' dir='ltr'><strong>hoc</strong></span> <span class='ocrx_word' id='word_1_88' title='bbox 917 1200 983 1254; x_wconf 88' lang='lat' dir='ltr'><strong>de</strong></span> <span class='ocrx_word' id='word_1_89' title='bbox 1022 1199 1113 1254; x_wconf 91' lang='lat' dir='ltr'><strong>illo</strong></span> <span class='ocrx_word' id='word_1_90' title='bbox 1156 1200 1372 1270; x_wconf 82' lang='lat' dir='ltr'><strong>legitur,</strong></span> <span class='ocrx_word' id='word_1_91' title='bbox 1420 1201 1635 1269; x_wconf 83' lang='lat' dir='ltr'><strong>quando</strong></span> <span class='ocrx_word' id='word_1_92' title='bbox 1674 1200 1851 1255; x_wconf 87' lang='lat' dir='ltr'><strong>ablata</strong></span> <span class='ocrx_word' id='word_1_93' title='bbox 1899 1209 1982 1255; x_wconf 90' lang='lat' dir='ltr'><strong>est</strong></span> <span class='ocrx_word' id='word_1_94' title='bbox 2020 1201 2087 1255; x_wconf 87' lang='lat' dir='ltr'><strong>de</strong></span> 
     </span>
    </p>
   </div>
   <div class='ocr_carea' id='block_1_13' title="bbox 496 1288 2087 1361">
    <p class='ocr_par' dir='ltr' id='par_1_13' title="bbox 496 1288 2087 1361">
     <span class='ocr_line' id='line_1_13' title="bbox 496 1288 2087 1361; baseline 0 -16"><span class='ocrx_word' id='word_1_95' title='bbox 496 1288 729 1360; x_wconf 54' lang='lat' dir='ltr'><strong>(Egypto</strong></span> <span class='ocrx_word' id='word_1_96' title='bbox 756 1290 1063 1361; x_wconf 87' lang='lat' dir='ltr'><strong>cynomyia,</strong></span> <span class='ocrx_word' id='word_1_97' title='bbox 1087 1290 1300 1344; x_wconf 86' lang='lat' dir='ltr'><strong>dicente</strong></span> <span class='ocrx_word' id='word_1_98' title='bbox 1327 1288 1633 1359; x_wconf 88' lang='lat' dir='ltr'><strong>Scriptura:</strong></span> <span class='ocrx_word' id='word_1_99' title='bbox 1659 1308 1678 1340; x_wconf 74' lang='grc' dir='ltr'><strong>ι</strong></span> <span class='ocrx_word' id='word_1_100' title='bbox 1704 1290 1765 1343; x_wconf 85' lang='lat' dir='ltr'><strong>Et</strong></span> <span class='ocrx_word' id='word_1_101' title='bbox 1783 1290 2087 1360; x_wconf 81' lang='lat' dir='ltr'><strong>ingravavit</strong></span> 
     </span>
    </p>
   </div>
   <div class='ocr_carea' id='block_1_14' title="bbox 501 1379 2087 1449">
    <p class='ocr_par' dir='ltr' id='par_1_14' title="bbox 501 1379 2087 1449">
     <span class='ocr_line' id='line_1_14' title="bbox 501 1379 2087 1449; baseline 0.001 -17"><span class='ocrx_word' id='word_1_102' title='bbox 501 1397 521 1432; x_wconf 73' lang='grc' dir='ltr'><strong>ι</strong></span> <span class='ocrx_word' id='word_1_103' title='bbox 558 1379 773 1434; x_wconf 86' lang='lat' dir='ltr'><strong>Pharao</strong></span> <span class='ocrx_word' id='word_1_104' title='bbox 797 1395 891 1435; x_wconf 88' lang='lat' dir='ltr'><strong>cor</strong></span> <span class='ocrx_word' id='word_1_105' title='bbox 917 1395 1075 1434; x_wconf 91' lang='lat' dir='ltr'><strong>suum</strong></span> <span class='ocrx_word' id='word_1_106' title='bbox 1104 1381 1155 1434; x_wconf 92' lang='lat' dir='ltr'><strong>in</strong></span> <span class='ocrx_word' id='word_1_107' title='bbox 1193 1379 1297 1433; x_wconf 84' lang='lat' dir='ltr'><strong>isto</strong></span> <span class='ocrx_word' id='word_1_108' title='bbox 1326 1387 1589 1449; x_wconf 89' lang='lat' dir='ltr'><strong>tempore,</strong></span> <span class='ocrx_word' id='word_1_109' title='bbox 1618 1387 1674 1434; x_wconf 90' lang='lat' dir='ltr'><strong>et</strong></span> <span class='ocrx_word' id='word_1_110' title='bbox 1705 1380 1880 1435; x_wconf 87' lang='lat' dir='ltr'><strong>noluit</strong></span> <span class='ocrx_word' id='word_1_111' title='bbox 1908 1381 2087 1435; x_wconf 88' lang='lat' dir='ltr'><strong>dimit-</strong></span> 
     </span>
    </p>
   </div>
   <div class='ocr_carea' id='block_1_15' title="bbox 503 1470 2085 1542">
    <p class='ocr_par' dir='ltr' id='par_1_15' title="bbox 503 1470 2085 1542">
     <span class='ocr_line' id='line_1_15' title="bbox 503 1470 2085 1542; baseline 0.004 -20"><span class='ocrx_word' id='word_1_112' title='bbox 503 1488 523 1521; x_wconf 77' lang='grc' dir='ltr'><strong>ι</strong></span> <span class='ocrx_word' id='word_1_113' title='bbox 560 1478 675 1523; x_wconf 89' lang='lat' dir='ltr'><strong>tere</strong></span> <span class='ocrx_word' id='word_1_114' title='bbox 713 1470 964 1539; x_wconf 90' lang='lat' dir='ltr'><strong>populum</strong></span> <span class='ocrx_word' id='word_1_115' title='bbox 998 1470 1195 1542; x_wconf 71' lang='lat' dir='ltr'><strong>(Exod.</strong></span> <span class='ocrx_word' id='word_1_116' title='bbox 1236 1470 1375 1540; x_wconf 86' lang='lat' dir='ltr'><strong>vm).</strong></span> <span class='ocrx_word' id='word_1_117' title='bbox 1416 1489 1435 1522; x_wconf 76' lang='grc' dir='ltr'><strong>ι</strong></span> <span class='ocrx_word' id='word_1_118' title='bbox 1493 1470 1568 1526; x_wconf 86' lang='lat' dir='ltr'><strong>Ac</strong></span> <span class='ocrx_word' id='word_1_119' title='bbox 1604 1488 1702 1542; x_wconf 91' lang='lat' dir='ltr'><strong>per</strong></span> <span class='ocrx_word' id='word_1_120' title='bbox 1737 1473 1839 1527; x_wconf 92' lang='lat' dir='ltr'><strong>hoc</strong></span> <span class='ocrx_word' id='word_1_121' title='bbox 1861 1480 1915 1526; x_wconf 93' lang='lat' dir='ltr'><strong>et</strong></span> <span class='ocrx_word' id='word_1_122' title='bbox 1944 1473 2085 1528; x_wconf 90' lang='lat' dir='ltr'><strong>Deus</strong></span> 
     </span>
    </p>
   </div>
   <div class='ocr_carea' id='block_1_16' title="bbox 495 1559 2087 1636">
    <p class='ocr_par' dir='ltr' id='par_1_16' title="bbox 495 1559 2087 1636">
     <span class='ocr_line' id='line_1_16' title="bbox 495 1559 2087 1636; baseline 0.004 -21"><span class='ocrx_word' id='word_1_123' title='bbox 495 1559 775 1617; x_wconf 84' lang='lat' dir='ltr'><strong>induravit</strong></span> <span class='ocrx_word' id='word_1_124' title='bbox 815 1561 1141 1633; x_wconf 81' lang='lat' dir='ltr'><strong>pet-justum</strong></span> <span class='ocrx_word' id='word_1_125' title='bbox 1176 1564 1463 1634; x_wconf 87' lang='lat' dir='ltr'><strong>judicium,</strong></span> <span class='ocrx_word' id='word_1_126' title='bbox 1499 1573 1555 1619; x_wconf 91' lang='lat' dir='ltr'><strong>et</strong></span> <span class='ocrx_word' id='word_1_127' title='bbox 1586 1565 1702 1634; x_wconf 90' lang='lat' dir='ltr'><strong>ipse</strong></span> <span class='ocrx_word' id='word_1_128' title='bbox 1737 1565 1945 1621; x_wconf 84' lang='lat' dir='ltr'><strong>Pharao</strong></span> <span class='ocrx_word' id='word_1_129' title='bbox 1987 1581 2087 1636; x_wconf 90' lang='lat' dir='ltr'><strong>per</strong></span> 
     </span>
    </p>
   </div>
   <div class='ocr_carea' id='block_1_17' title="bbox 495 1650 1053 1707">
    <p class='ocr_par' dir='ltr' id='par_1_17' title="bbox 495 1650 1053 1707">
     <span class='ocr_line' id='line_1_17' title="bbox 495 1650 1053 1707; baseline 0.004 -2"><span class='ocrx_word' id='word_1_130' title='bbox 495 1650 725 1706; x_wconf 90' lang='lat' dir='ltr'><strong>liberum</strong></span> <span class='ocrx_word' id='word_1_131' title='bbox 750 1654 1053 1707; x_wconf 87' lang='lat' dir='ltr'><strong>arbitrium.</strong></span> 
     </span>
    </p>
   </div>
   <div class='ocr_carea' id='block_1_18' title="bbox 492 1762 2086 1839">
    <p class='ocr_par' dir='ltr' id='par_1_18' title="bbox 492 1762 2086 1839">
     <span class='ocr_line' id='line_1_18' title="bbox 492 1762 2086 1839; baseline 0.008 -24"><span class='ocrx_word' id='word_1_132' title='bbox 492 1782 495 1785; x_wconf 93' lang='grc'><strong>·</strong></span> <span class='ocrx_word' id='word_1_133' title='bbox 567 1762 756 1817; x_wconf 70' lang='lat' dir='ltr'><strong>XXXI.</strong></span> <span class='ocrx_word' id='word_1_134' title='bbox 784 1763 934 1835; x_wconf 90' lang='lat' dir='ltr'><strong>(Cap.</strong></span> <span class='ocrx_word' id='word_1_135' title='bbox 961 1765 1075 1836; x_wconf 71' lang='lat'><strong>2&#39;5).</strong></span> <span class='ocrx_word' id='word_1_136' title='bbox 1105 1764 1251 1821; x_wconf 87' lang='lat' dir='ltr'><strong>Certi</strong></span> <span class='ocrx_word' id='word_1_137' title='bbox 1279 1774 1450 1823; x_wconf 86' lang='lat' dir='ltr'><strong>estote</strong></span> <span class='ocrx_word' id='word_1_138' title='bbox 1476 1769 1602 1839; x_wconf 88' lang='lat' dir='ltr'><strong>quia</strong></span> <span class='ocrx_word' id='word_1_139' title='bbox 1630 1786 1736 1825; x_wconf 92' lang='lat' dir='ltr'><strong>non</strong></span> <span class='ocrx_word' id='word_1_140' title='bbox 1764 1770 1869 1826; x_wconf 92' lang='lat' dir='ltr'><strong>erit</strong></span> <span class='ocrx_word' id='word_1_141' title='bbox 1909 1771 2086 1827; x_wconf 89' lang='lat' dir='ltr'><strong>inanis</strong></span> 
     </span>
    </p>
   </div>
   <div class='ocr_carea' id='block_1_19' title="bbox 495 1854 2084 1933">
    <p class='ocr_par' dir='ltr' id='par_1_19' title="bbox 495 1854 2084 1933">
     <span class='ocr_line' id='line_1_19' title="bbox 495 1854 2084 1933; baseline 0.006 -25"><span class='ocrx_word' id='word_1_142' title='bbox 495 1854 649 1911; x_wconf 87' lang='lat' dir='ltr'><strong>labor</strong></span> <span class='ocrx_word' id='word_1_143' title='bbox 673 1867 869 1924; x_wconf 88' lang='lat' dir='ltr'><strong>vester,</strong></span> <span class='ocrx_word' id='word_1_144' title='bbox 895 1858 939 1914; x_wconf 86' lang='lat' dir='ltr'><strong>si</strong></span> <span class='ocrx_word' id='word_1_145' title='bbox 968 1860 1021 1913; x_wconf 94' lang='lat' dir='ltr'><strong>in</strong></span> <span class='ocrx_word' id='word_1_146' title='bbox 1049 1861 1189 1915; x_wconf 91' lang='lat' dir='ltr'><strong>bono</strong></span> <span class='ocrx_word' id='word_1_147' title='bbox 1215 1862 1503 1930; x_wconf 83' lang='lat' dir='ltr'><strong>proposito</strong></span> <span class='ocrx_word' id='word_1_148' title='bbox 1525 1863 1873 1933; x_wconf 91' lang='lat' dir='ltr'><strong>proﬁcientes</strong></span> <span class='ocrx_word' id='word_1_149' title='bbox 1902 1879 2084 1933; x_wconf 71' lang='lat' dir='ltr'><strong>perse-</strong></span> 
     </span>
    </p>
   </div>
   <div class='ocr_carea' id='block_1_20' title="bbox 494 1948 2085 2023">
    <p class='ocr_par' dir='ltr' id='par_1_20' title="bbox 494 1948 2085 2023">
     <span class='ocr_line' id='line_1_20' title="bbox 494 1948 2085 2023; baseline 0.005 -23"><span class='ocrx_word' id='word_1_150' title='bbox 494 1948 696 2003; x_wconf 89' lang='lat' dir='ltr'><strong>veretis</strong></span> <span class='ocrx_word' id='word_1_151' title='bbox 734 1964 905 2017; x_wconf 89' lang='lat' dir='ltr'><strong>usque</strong></span> <span class='ocrx_word' id='word_1_152' title='bbox 950 1950 1004 2005; x_wconf 91' lang='lat' dir='ltr'><strong>in</strong></span> <span class='ocrx_word' id='word_1_153' title='bbox 1052 1949 1232 2005; x_wconf 89' lang='lat' dir='ltr'><strong>ﬁnem.</strong></span> <span class='ocrx_word' id='word_1_154' title='bbox 1270 1952 1411 2006; x_wconf 91' lang='lat' dir='ltr'><strong>Deus</strong></span> <span class='ocrx_word' id='word_1_155' title='bbox 1441 1953 1608 2019; x_wconf 87' lang='lat' dir='ltr'><strong>enim,</strong></span> <span class='ocrx_word' id='word_1_156' title='bbox 1653 1954 1741 2023; x_wconf 91' lang='lat' dir='ltr'><strong>qui</strong></span> <span class='ocrx_word' id='word_1_157' title='bbox 1776 1953 1935 2008; x_wconf 89' lang='lat' dir='ltr'><strong>modo</strong></span> <span class='ocrx_word' id='word_1_158' title='bbox 1981 1953 2085 2008; x_wconf 91' lang='lat' dir='ltr'><strong>illis</strong></span> 
     </span>
    </p>
   </div>
   <div class='ocr_carea' id='block_1_21' title="bbox 494 2039 2089 2117">
    <p class='ocr_par' dir='ltr' id='par_1_21' title="bbox 494 2039 2089 2117">
     <span class='ocr_line' id='line_1_21' title="bbox 494 2039 2089 2117; baseline 0.008 -27"><span class='ocrx_word' id='word_1_159' title='bbox 494 2053 634 2107; x_wconf 90' lang='lat' dir='ltr'><strong>quos</strong></span> <span class='ocrx_word' id='word_1_160' title='bbox 658 2039 852 2095; x_wconf 88' lang='lat' dir='ltr'><strong>liberat</strong></span> <span class='ocrx_word' id='word_1_161' title='bbox 875 2056 983 2096; x_wconf 92' lang='lat' dir='ltr'><strong>non</strong></span> <span class='ocrx_word' id='word_1_162' title='bbox 1010 2044 1188 2097; x_wconf 88' lang='lat' dir='ltr'><strong>reddit</strong></span> <span class='ocrx_word' id='word_1_163' title='bbox 1209 2046 1506 2099; x_wconf 89' lang='lat' dir='ltr'><strong>secundum</strong></span> <span class='ocrx_word' id='word_1_164' title='bbox 1529 2062 1694 2117; x_wconf 84' lang='lat' dir='ltr'><strong>opera</strong></span> <span class='ocrx_word' id='word_1_165' title='bbox 1718 2063 1931 2112; x_wconf 91' lang='lat' dir='ltr'><strong>eorum,</strong></span> <span class='ocrx_word' id='word_1_166' title='bbox 1957 2058 2089 2103; x_wconf 90' lang='lat' dir='ltr'><strong>tunc</strong></span> 
     </span>
    </p>
   </div>
   <div class='ocr_carea' id='block_1_22' title="bbox 494 2130 2083 2208">
    <p class='ocr_par' dir='ltr' id='par_1_22' title="bbox 494 2130 2083 2208">
     <span class='ocr_line' id='line_1_22' title="bbox 494 2130 2083 2208; baseline 0.006 -25"><span class='ocrx_word' id='word_1_167' title='bbox 494 2130 688 2185; x_wconf 84' lang='lat' dir='ltr'><strong>reddet</strong></span> <span class='ocrx_word' id='word_1_168' title='bbox 717 2133 1005 2202; x_wconf 90' lang='lat' dir='ltr'><strong>unicuique</strong></span> <span class='ocrx_word' id='word_1_169' title='bbox 1036 2136 1332 2190; x_wconf 87' lang='lat' dir='ltr'><strong>secundum</strong></span> <span class='ocrx_word' id='word_1_170' title='bbox 1371 2151 1535 2207; x_wconf 80' lang='lat' dir='ltr'><strong>Opera</strong></span> <span class='ocrx_word' id='word_1_171' title='bbox 1559 2138 1694 2208; x_wconf 89' lang='lat' dir='ltr'><strong>ejus.</strong></span> <span class='ocrx_word' id='word_1_172' title='bbox 1729 2138 1937 2194; x_wconf 75' lang='lat' dir='ltr'><strong>Reddet</strong></span> <span class='ocrx_word' id='word_1_173' title='bbox 1965 2153 2083 2193; x_wconf 90' lang='lat' dir='ltr'><strong>om-</strong></span> 
     </span>
    </p>
   </div>
   <div class='ocr_carea' id='block_1_23' title="bbox 493 2220 2085 2300">
    <p class='ocr_par' dir='ltr' id='par_1_23' title="bbox 493 2220 2085 2300">
     <span class='ocr_line' id='line_1_23' title="bbox 493 2220 2085 2300; baseline 0.009 -28"><span class='ocrx_word' id='word_1_174' title='bbox 493 2220 626 2276; x_wconf 89' lang='lat' dir='ltr'><strong>nino</strong></span> <span class='ocrx_word' id='word_1_175' title='bbox 652 2223 792 2278; x_wconf 88' lang='lat' dir='ltr'><strong>Deus</strong></span> <span class='ocrx_word' id='word_1_176' title='bbox 818 2233 872 2278; x_wconf 91' lang='lat' dir='ltr'><strong>et</strong></span> <span class='ocrx_word' id='word_1_177' title='bbox 898 2226 1037 2280; x_wconf 90' lang='lat' dir='ltr'><strong>mala</strong></span> <span class='ocrx_word' id='word_1_178' title='bbox 1070 2243 1167 2296; x_wconf 90' lang='lat' dir='ltr'><strong>pro</strong></span> <span class='ocrx_word' id='word_1_179' title='bbox 1201 2228 1377 2295; x_wconf 87' lang='lat' dir='ltr'><strong>malis,</strong></span> <span class='ocrx_word' id='word_1_180' title='bbox 1403 2231 1657 2300; x_wconf 88' lang='lat' dir='ltr'><strong>quoniam</strong></span> <span class='ocrx_word' id='word_1_181' title='bbox 1682 2230 1866 2299; x_wconf 84' lang='lat' dir='ltr'><strong>justus</strong></span> <span class='ocrx_word' id='word_1_182' title='bbox 1898 2239 2003 2298; x_wconf 89' lang='lat' dir='ltr'><strong>est,</strong></span> <span class='ocrx_word' id='word_1_183' title='bbox 2029 2240 2085 2287; x_wconf 91' lang='lat' dir='ltr'><strong>et</strong></span> 
     </span>
    </p>
   </div>
   <div class='ocr_carea' id='block_1_24' title="bbox 492 2308 2084 2391">
    <p class='ocr_par' dir='ltr' id='par_1_24' title="bbox 492 2308 2084 2391">
     <span class='ocr_line' id='line_1_24' title="bbox 492 2308 2084 2391; baseline 0.008 -28"><span class='ocrx_word' id='word_1_184' title='bbox 492 2308 634 2365; x_wconf 88' lang='lat' dir='ltr'><strong>bona</strong></span> <span class='ocrx_word' id='word_1_185' title='bbox 673 2326 772 2380; x_wconf 91' lang='lat' dir='ltr'><strong>pro</strong></span> <span class='ocrx_word' id='word_1_186' title='bbox 801 2313 991 2380; x_wconf 88' lang='lat' dir='ltr'><strong>malis,</strong></span> <span class='ocrx_word' id='word_1_187' title='bbox 1024 2316 1280 2385; x_wconf 88' lang='lat' dir='ltr'><strong>quoniam</strong></span> <span class='ocrx_word' id='word_1_188' title='bbox 1324 2318 1495 2374; x_wconf 91' lang='lat' dir='ltr'><strong>bonus</strong></span> <span class='ocrx_word' id='word_1_189' title='bbox 1541 2328 1644 2385; x_wconf 87' lang='lat' dir='ltr'><strong>est,</strong></span> <span class='ocrx_word' id='word_1_190' title='bbox 1694 2328 1748 2374; x_wconf 90' lang='lat' dir='ltr'><strong>et</strong></span> <span class='ocrx_word' id='word_1_191' title='bbox 1795 2319 1933 2375; x_wconf 90' lang='lat' dir='ltr'><strong>bona</strong></span> <span class='ocrx_word' id='word_1_192' title='bbox 1985 2337 2084 2391; x_wconf 92' lang='lat' dir='ltr'><strong>pro</strong></span> 
     </span>
    </p>
   </div>
   <div class='ocr_carea' id='block_1_25' title="bbox 493 2399 2085 2479">
    <p class='ocr_par' dir='ltr' id='par_1_25' title="bbox 493 2399 2085 2479">
     <span class='ocr_line' id='line_1_25' title="bbox 493 2399 2085 2479; baseline 0.008 -24"><span class='ocrx_word' id='word_1_193' title='bbox 493 2399 673 2467; x_wconf 81' lang='lat' dir='ltr'><strong>bonis,</strong></span> <span class='ocrx_word' id='word_1_194' title='bbox 705 2406 962 2473; x_wconf 88' lang='lat' dir='ltr'><strong>quoniam</strong></span> <span class='ocrx_word' id='word_1_195' title='bbox 1009 2406 1182 2461; x_wconf 87' lang='lat' dir='ltr'><strong>bonus</strong></span> <span class='ocrx_word' id='word_1_196' title='bbox 1222 2416 1276 2462; x_wconf 92' lang='lat' dir='ltr'><strong>et</strong></span> <span class='ocrx_word' id='word_1_197' title='bbox 1312 2408 1496 2479; x_wconf 86' lang='lat' dir='ltr'><strong>justus</strong></span> <span class='ocrx_word' id='word_1_198' title='bbox 1527 2421 1631 2466; x_wconf 91' lang='lat' dir='ltr'><strong>est.</strong></span> <span class='ocrx_word' id='word_1_199' title='bbox 1684 2411 2085 2467; x_wconf 87' lang='lat' dir='ltr'><strong>Tantummodo</strong></span> 
     </span>
    </p>
   </div>
   <div class='ocr_carea' id='block_1_26' title="bbox 492 2492 2085 2573">
    <p class='ocr_par' dir='ltr' id='par_1_26' title="bbox 492 2492 2085 2573">
     <span class='ocr_line' id='line_1_26' title="bbox 492 2492 2085 2573; baseline 0.008 -26"><span class='ocrx_word' id='word_1_200' title='bbox 492 2492 635 2547; x_wconf 86' lang='lat' dir='ltr'><strong>mala</strong></span> <span class='ocrx_word' id='word_1_201' title='bbox 676 2510 777 2563; x_wconf 87' lang='lat' dir='ltr'><strong>pro</strong></span> <span class='ocrx_word' id='word_1_202' title='bbox 823 2495 980 2551; x_wconf 90' lang='lat' dir='ltr'><strong>bonis</strong></span> <span class='ocrx_word' id='word_1_203' title='bbox 1023 2513 1131 2553; x_wconf 92' lang='lat' dir='ltr'><strong>non</strong></span> <span class='ocrx_word' id='word_1_204' title='bbox 1175 2499 1383 2564; x_wconf 87' lang='lat' dir='ltr'><strong>reddet,</strong></span> <span class='ocrx_word' id='word_1_205' title='bbox 1414 2502 1670 2569; x_wconf 89' lang='lat' dir='ltr'><strong>quoniam</strong></span> <span class='ocrx_word' id='word_1_206' title='bbox 1715 2503 1949 2573; x_wconf 89' lang='lat' dir='ltr'><strong>injustus</strong></span> <span class='ocrx_word' id='word_1_207' title='bbox 1980 2521 2085 2559; x_wconf 91' lang='lat' dir='ltr'><strong>non</strong></span> 
     </span>
    </p>
   </div>
   <div class='ocr_carea' id='block_1_27' title="bbox 492 2585 2085 2668">
    <p class='ocr_par' dir='ltr' id='par_1_27' title="bbox 492 2585 2085 2668">
     <span class='ocr_line' id='line_1_27' title="bbox 492 2585 2085 2668; baseline 0.008 -29"><span class='ocrx_word' id='word_1_208' title='bbox 492 2592 596 2640; x_wconf 89' lang='lat' dir='ltr'><strong>est.</strong></span> <span class='ocrx_word' id='word_1_209' title='bbox 627 2585 833 2643; x_wconf 81' lang='lat' dir='ltr'><strong>Reddet</strong></span> <span class='ocrx_word' id='word_1_210' title='bbox 859 2605 991 2660; x_wconf 89' lang='lat' dir='ltr'><strong>ergo</strong></span> <span class='ocrx_word' id='word_1_211' title='bbox 1030 2590 1173 2644; x_wconf 89' lang='lat' dir='ltr'><strong>mala</strong></span> <span class='ocrx_word' id='word_1_212' title='bbox 1212 2607 1315 2662; x_wconf 83' lang='lat' dir='ltr'><strong>pro</strong></span> <span class='ocrx_word' id='word_1_213' title='bbox 1342 2593 1523 2656; x_wconf 82' lang='lat' dir='ltr'><strong>malis,</strong></span> <span class='ocrx_word' id='word_1_214' title='bbox 1554 2609 1772 2663; x_wconf 64' lang='lat' dir='ltr'><strong>pinnam</strong></span> <span class='ocrx_word' id='word_1_215' title='bbox 1815 2611 1914 2665; x_wconf 90' lang='lat' dir='ltr'><strong>pro</strong></span> <span class='ocrx_word' id='word_1_216' title='bbox 1945 2596 2085 2668; x_wconf 85' lang='lat' dir='ltr'><strong>inju-</strong></span> 
     </span>
    </p>
   </div>
   <div class='ocr_carea' id='block_1_28' title="bbox 490 2675 2087 2757">
    <p class='ocr_par' dir='ltr' id='par_1_28' title="bbox 490 2675 2087 2757">
     <span class='ocr_line' id='line_1_28' title="bbox 490 2675 2087 2757; baseline 0.007 -26"><span class='ocrx_word' id='word_1_217' title='bbox 490 2675 662 2741; x_wconf 85' lang='lat' dir='ltr'><strong>stitia,</strong></span> <span class='ocrx_word' id='word_1_218' title='bbox 703 2686 758 2732; x_wconf 92' lang='lat' dir='ltr'><strong>et</strong></span> <span class='ocrx_word' id='word_1_219' title='bbox 806 2681 984 2734; x_wconf 82' lang='lat' dir='ltr'><strong>reddit</strong></span> <span class='ocrx_word' id='word_1_220' title='bbox 1014 2681 1155 2735; x_wconf 88' lang='lat' dir='ltr'><strong>bona</strong></span> <span class='ocrx_word' id='word_1_221' title='bbox 1204 2698 1304 2752; x_wconf 90' lang='lat' dir='ltr'><strong>pro</strong></span> <span class='ocrx_word' id='word_1_222' title='bbox 1341 2682 1518 2750; x_wconf 85' lang='lat' dir='ltr'><strong>malis,</strong></span> <span class='ocrx_word' id='word_1_223' title='bbox 1545 2678 1777 2754; x_wconf 83' lang='lat' dir='ltr'><strong>gratiam</strong></span> <span class='ocrx_word' id='word_1_224' title='bbox 1810 2703 1907 2757; x_wconf 91' lang='lat' dir='ltr'><strong>pro</strong></span> <span class='ocrx_word' id='word_1_225' title='bbox 1952 2688 2087 2757; x_wconf 91' lang='lat' dir='ltr'><strong>inju-</strong></span> 
     </span>
    </p>
   </div>
   <div class='ocr_carea' id='block_1_29' title="bbox 489 2767 2082 2850">
    <p class='ocr_par' dir='ltr' id='par_1_29' title="bbox 489 2767 2082 2850">
     <span class='ocr_line' id='line_1_29' title="bbox 489 2767 2082 2850; baseline 0.007 -28"><span class='ocrx_word' id='word_1_226' title='bbox 489 2767 662 2850; x_wconf 79' lang='lat' dir='ltr'><strong>stitia,</strong></span> <span class='ocrx_word' id='word_1_227' title='bbox 690 2778 745 2825; x_wconf 90' lang='lat' dir='ltr'><strong>et</strong></span> <span class='ocrx_word' id='word_1_228' title='bbox 771 2769 961 2826; x_wconf 87' lang='lat' dir='ltr'><strong>reddet</strong></span> <span class='ocrx_word' id='word_1_229' title='bbox 994 2771 1137 2826; x_wconf 88' lang='lat' dir='ltr'><strong>bona</strong></span> <span class='ocrx_word' id='word_1_230' title='bbox 1175 2788 1274 2842; x_wconf 88' lang='lat' dir='ltr'><strong>pro</strong></span> <span class='ocrx_word' id='word_1_231' title='bbox 1298 2774 1476 2841; x_wconf 89' lang='lat' dir='ltr'><strong>bonis,</strong></span> <span class='ocrx_word' id='word_1_232' title='bbox 1504 2776 1736 2846; x_wconf 79' lang='lat' dir='ltr'><strong>gratiam</strong></span> <span class='ocrx_word' id='word_1_233' title='bbox 1760 2792 1862 2847; x_wconf 89' lang='lat' dir='ltr'><strong>pro</strong></span> <span class='ocrx_word' id='word_1_234' title='bbox 1883 2778 2082 2849; x_wconf 85' lang='lat' dir='ltr'><strong>gratia.</strong></span> 
     </span>
    </p>
   </div>
   <div class='ocr_carea' id='block_1_30' title="bbox 1112 2947 1470 3005">
    <p class='ocr_par' dir='ltr' id='par_1_30' title="bbox 1112 2947 1470 3005">
     <span class='ocr_line' id='line_1_30' title="bbox 1112 2947 1470 3005; baseline 0.003 -1"><span class='ocrx_word' id='word_1_235' title='bbox 1112 2947 1341 3005; x_wconf 87' lang='lat' dir='ltr'><strong>CAPUT</strong></span> <span class='ocrx_word' id='word_1_236' title='bbox 1382 2949 1470 3005; x_wconf 79' lang='lat' dir='ltr'><strong>iV.</strong></span> 
     </span>
    </p>
   </div>
   <div class='ocr_carea' id='block_1_31' title="bbox 498 3077 2084 3207">
    <p class='ocr_par' dir='ltr' id='par_1_31' title="bbox 498 3077 2084 3207">
     <span class='ocr_line' id='line_1_31' title="bbox 498 3077 2084 3207; baseline 0.006 -74"><span class='ocrx_word' id='word_1_237' title='bbox 498 3077 583 3134; x_wconf 80' lang='lat' dir='ltr'><strong>Ea:</strong></span> <span class='ocrx_word' id='word_1_238' title='bbox 635 3080 766 3137; x_wconf 85' lang='lat' dir='ltr'><strong>libro</strong></span> <span class='ocrx_word' id='word_1_239' title='bbox 818 3083 882 3137; x_wconf 85' lang='lat' dir='ltr'><strong>de</strong></span> <span class='ocrx_word' id='word_1_240' title='bbox 929 3080 1358 3207; x_wconf 46' lang='lat' dir='ltr'><strong>Correp‘l’iolnetet</strong></span> <span class='ocrx_word' id='word_1_241' title='bbox 1413 3083 1636 3152; x_wconf 80' lang='lat' dir='ltr'><strong>Gratia,</strong></span> <span class='ocrx_word' id='word_1_242' title='bbox 1685 3087 1755 3141; x_wconf 80' lang='lat' dir='ltr'><strong>ad</strong></span> <span class='ocrx_word' id='word_1_243' title='bbox 1804 3088 2084 3158; x_wconf 71' lang='lat' dir='ltr'><strong>prmfatum</strong></span> 
     </span>
     <span class='ocr_line' id='line_1_32' title="bbox 1156 3170 1647 3207; baseline 0.002 -1"><span class='ocrx_word' id='word_1_244' title='bbox 1156 3170 1187 3206; x_wconf 92' lang='lat' dir='ltr'><strong>a</strong></span> <span class='ocrx_word' id='word_1_245' title='bbox 1211 3170 1273 3207; x_wconf 83' lang='lat' dir='ltr'><strong>en</strong></span> <span class='ocrx_word' id='word_1_246' title='bbox 1301 3172 1465 3207; x_wconf 85' lang='lat' dir='ltr'><strong>mum.</strong></span> <span class='ocrx_word' id='word_1_247' title='bbox 1642 3202 1647 3207; x_wconf 89' lang='lat'><strong>.</strong></span> 
     </span>
    </p>
   </div>
   <div class='ocr_carea' id='block_1_32' title="bbox 1156 3170 1465 3210">
    <p class='ocr_par' dir='ltr' id='par_1_32' title="bbox 1156 3170 1465 3210">
     <span class='ocr_line' id='line_1_33' title="bbox 1156 3170 1465 3210; baseline 0.016 -5"><span class='ocrx_word' id='word_1_248' title='bbox 1156 3170 1465 3210; x_wconf 81' lang='lat' dir='ltr'><strong>atentmum.</strong></span> 
     </span>
    </p>
   </div>
   <div class='ocr_carea' id='block_1_33' title="bbox 571 3302 2083 3378">
    <p class='ocr_par' dir='ltr' id='par_1_33' title="bbox 571 3302 2083 3378">
     <span class='ocr_line' id='line_1_34' title="bbox 571 3302 2083 3378; baseline 0.009 -21"><span class='ocrx_word' id='word_1_249' title='bbox 571 3302 887 3359; x_wconf 68' lang='lat' dir='ltr'><strong>SENTENTIA</strong></span> <span class='ocrx_word' id='word_1_250' title='bbox 911 3304 952 3359; x_wconf 88' lang='grc' dir='ltr'><strong>Ι.</strong></span> <span class='ocrx_word' id='word_1_251' title='bbox 973 3303 1125 3377; x_wconf 86' lang='lat' dir='ltr'><strong>(Cap.</strong></span> <span class='ocrx_word' id='word_1_252' title='bbox 1148 3306 1223 3378; x_wconf 81' lang='lat' dir='ltr'><strong>i.)</strong></span> <span class='ocrx_word' id='word_1_253' title='bbox 1242 3306 1503 3365; x_wconf 87' lang='lat' dir='ltr'><strong>Dominus</strong></span> <span class='ocrx_word' id='word_1_254' title='bbox 1526 3326 1633 3367; x_wconf 91' lang='lat' dir='ltr'><strong>non</strong></span> <span class='ocrx_word' id='word_1_255' title='bbox 1656 3313 1826 3369; x_wconf 91' lang='lat' dir='ltr'><strong>solum</strong></span> <span class='ocrx_word' id='word_1_256' title='bbox 1848 3315 2083 3371; x_wconf 87' lang='lat' dir='ltr'><strong>ostendit</strong></span> 
     </span>
    </p>
   </div>
   <div class='ocr_carea' id='block_1_34' title="bbox 494 3393 2080 3473">
    <p class='ocr_par' dir='ltr' id='par_1_34' title="bbox 494 3393 2080 3473">
     <span class='ocr_line' id='line_1_35' title="bbox 494 3393 2080 3473; baseline 0.008 -23"><span class='ocrx_word' id='word_1_257' title='bbox 494 3393 652 3450; x_wconf 91' lang='lat' dir='ltr'><strong>nobis</strong></span> <span class='ocrx_word' id='word_1_258' title='bbox 665 3409 694 3447; x_wconf 92' lang='lat' dir='ltr'><strong>a</strong></span> <span class='ocrx_word' id='word_1_259' title='bbox 716 3409 822 3462; x_wconf 89' lang='lat' dir='ltr'><strong>quo</strong></span> <span class='ocrx_word' id='word_1_260' title='bbox 838 3395 980 3451; x_wconf 91' lang='lat' dir='ltr'><strong>malo</strong></span> <span class='ocrx_word' id='word_1_261' title='bbox 993 3397 1408 3464; x_wconf 86' lang='lat' dir='ltr'><strong>declinemus,et</strong></span> <span class='ocrx_word' id='word_1_262' title='bbox 1422 3403 1564 3470; x_wconf 92' lang='lat' dir='ltr'><strong>quod</strong></span> <span class='ocrx_word' id='word_1_263' title='bbox 1580 3404 1719 3459; x_wconf 88' lang='lat' dir='ltr'><strong>bonu</strong></span> <span class='ocrx_word' id='word_1_264' title='bbox 1728 3422 1777 3459; x_wconf 82' lang='grc' dir='ltr'><strong>ιιι</strong></span> <span class='ocrx_word' id='word_1_265' title='bbox 1799 3405 2080 3473; x_wconf 81' lang='lat' dir='ltr'><strong>faciamus,</strong></span> 
     </span>
    </p>
   </div>
   <div class='ocr_carea' id='block_1_35' title="bbox 491 3485 2080 3564">
    <p class='ocr_par' dir='ltr' id='par_1_35' title="bbox 491 3485 2080 3564">
     <span class='ocr_line' id='line_1_36' title="bbox 491 3485 2080 3564; baseline 0.008 -26"><span class='ocrx_word' id='word_1_266' title='bbox 491 3485 637 3557; x_wconf 89' lang='lat' dir='ltr'><strong>quod</strong></span> <span class='ocrx_word' id='word_1_267' title='bbox 658 3485 831 3540; x_wconf 90' lang='lat' dir='ltr'><strong>solum</strong></span> <span class='ocrx_word' id='word_1_268' title='bbox 862 3494 1042 3556; x_wconf 89' lang='lat' dir='ltr'><strong>potest</strong></span> <span class='ocrx_word' id='word_1_269' title='bbox 1066 3488 1198 3559; x_wconf 89' lang='lat' dir='ltr'><strong>legis</strong></span> <span class='ocrx_word' id='word_1_270' title='bbox 1221 3488 1425 3556; x_wconf 89' lang='lat' dir='ltr'><strong>littera,</strong></span> <span class='ocrx_word' id='word_1_271' title='bbox 1455 3507 1644 3547; x_wconf 88' lang='lat' dir='ltr'><strong>verum</strong></span> <span class='ocrx_word' id='word_1_272' title='bbox 1672 3496 1835 3550; x_wconf 89' lang='lat' dir='ltr'><strong>etiam</strong></span> <span class='ocrx_word' id='word_1_273' title='bbox 1858 3494 2080 3564; x_wconf 80' lang='lat' dir='ltr'><strong>adjuvat</strong></span> 
     </span>
    </p>
   </div>
   <div class='ocr_carea' id='block_1_36' title="bbox 490 3575 2072 3657">
    <p class='ocr_par' dir='ltr' id='par_1_36' title="bbox 490 3575 2072 3657">
     <span class='ocr_line' id='line_1_37' title="bbox 490 3575 2072 3657; baseline 0.008 -27"><span class='ocrx_word' id='word_1_274' title='bbox 490 3589 614 3640; x_wconf 82' lang='lat' dir='ltr'><strong>nos,</strong></span> <span class='ocrx_word' id='word_1_275' title='bbox 635 3584 697 3630; x_wconf 92' lang='lat' dir='ltr'><strong>ut</strong></span> <span class='ocrx_word' id='word_1_276' title='bbox 723 3575 1056 3633; x_wconf 89' lang='lat' dir='ltr'><strong>declinemus</strong></span> <span class='ocrx_word' id='word_1_277' title='bbox 1083 3594 1112 3632; x_wconf 91' lang='lat' dir='ltr'><strong>a</strong></span> <span class='ocrx_word' id='word_1_278' title='bbox 1133 3579 1297 3646; x_wconf 89' lang='lat' dir='ltr'><strong>malo,</strong></span> <span class='ocrx_word' id='word_1_279' title='bbox 1317 3589 1370 3635; x_wconf 91' lang='lat' dir='ltr'><strong>et</strong></span> <span class='ocrx_word' id='word_1_280' title='bbox 1400 3580 1664 3639; x_wconf 84' lang='lat' dir='ltr'><strong>faciamus</strong></span> <span class='ocrx_word' id='word_1_281' title='bbox 1691 3586 1911 3651; x_wconf 91' lang='lat' dir='ltr'><strong>bonum,</strong></span> <span class='ocrx_word' id='word_1_282' title='bbox 1930 3587 2072 3657; x_wconf 89' lang='lat' dir='ltr'><strong>quod</strong></span> 
     </span>
    </p>
   </div>
   <div class='ocr_carea' id='block_1_37' title="bbox 495 3667 2082 3746">
    <p class='ocr_par' dir='ltr' id='par_1_37' title="bbox 495 3667 2082 3746">
     <span class='ocr_line' id='line_1_38' title="bbox 495 3667 2082 3746; baseline 0.009 -23"><span class='ocrx_word' id='word_1_283' title='bbox 495 3667 675 3723; x_wconf 80' lang='lat' dir='ltr'><strong>nullus</strong></span> <span class='ocrx_word' id='word_1_284' title='bbox 691 3671 998 3739; x_wconf 88' lang='lat' dir='ltr'><strong>potestsine</strong></span> <span class='ocrx_word' id='word_1_285' title='bbox 1025 3672 1218 3742; x_wconf 86' lang='lat' dir='ltr'><strong>spiritu</strong></span> <span class='ocrx_word' id='word_1_286' title='bbox 1246 3675 1453 3744; x_wconf 72' lang='lat' dir='ltr'><strong>gratiae.</strong></span> <span class='ocrx_word' id='word_1_287' title='bbox 1475 3675 1663 3743; x_wconf 67' lang='grc' dir='ltr'><strong>Ουτεεί</strong></span> <span class='ocrx_word' id='word_1_288' title='bbox 1688 3680 1848 3746; x_wconf 87' lang='lat' dir='ltr'><strong>desit,</strong></span> <span class='ocrx_word' id='word_1_289' title='bbox 1881 3681 1948 3737; x_wconf 90' lang='lat' dir='ltr'><strong>ad</strong></span> <span class='ocrx_word' id='word_1_290' title='bbox 1979 3683 2082 3739; x_wconf 92' lang='lat' dir='ltr'><strong>hoc</strong></span> 
     </span>
    </p>
   </div>
   <div class='ocr_carea' id='block_1_38' title="bbox 490 3755 2078 3843">
    <p class='ocr_par' dir='ltr' id='par_1_38' title="bbox 490 3755 2078 3843">
     <span class='ocr_line' id='line_1_39' title="bbox 490 3755 2078 3843; baseline 0.011 -31"><span class='ocrx_word' id='word_1_291' title='bbox 490 3755 578 3814; x_wconf 80' lang='lat' dir='ltr'><strong>lex</strong></span> <span class='ocrx_word' id='word_1_292' title='bbox 603 3760 778 3826; x_wconf 88' lang='lat' dir='ltr'><strong>adest,</strong></span> <span class='ocrx_word' id='word_1_293' title='bbox 827 3770 887 3816; x_wconf 92' lang='lat' dir='ltr'><strong>ut</strong></span> <span class='ocrx_word' id='word_1_294' title='bbox 924 3778 1048 3819; x_wconf 89' lang='lat' dir='ltr'><strong>reos</strong></span> <span class='ocrx_word' id='word_1_295' title='bbox 1081 3764 1244 3820; x_wconf 87' lang='lat' dir='ltr'><strong>faciat</strong></span> <span class='ocrx_word' id='word_1_296' title='bbox 1292 3774 1343 3821; x_wconf 93' lang='lat' dir='ltr'><strong>et</strong></span> <span class='ocrx_word' id='word_1_297' title='bbox 1375 3768 1609 3825; x_wconf 85' lang='lat' dir='ltr'><strong>occidat.</strong></span> <span class='ocrx_word' id='word_1_298' title='bbox 1660 3771 1888 3843; x_wconf 85' lang='lat' dir='ltr'><strong>Propter</strong></span> <span class='ocrx_word' id='word_1_299' title='bbox 1932 3773 2078 3843; x_wconf 77' lang='lat' dir='ltr'><strong>quo-1</strong></span> 
     </span>
    </p>
   </div>
   <div class='ocr_carea' id='block_1_39' title="bbox 488 3849 2077 3930">
    <p class='ocr_par' dir='ltr' id='par_1_39' title="bbox 488 3849 2077 3930">
     <span class='ocr_line' id='line_1_40' title="bbox 488 3849 2077 3930; baseline 0.008 -25"><span class='ocrx_word' id='word_1_300' title='bbox 488 3849 623 3906; x_wconf 89' lang='lat' dir='ltr'><strong>dicit</strong></span> <span class='ocrx_word' id='word_1_301' title='bbox 644 3849 931 3922; x_wconf 86' lang='lat' dir='ltr'><strong>Apostolus</strong></span> <span class='ocrx_word' id='word_1_302' title='bbox 965 3873 976 3907; x_wconf 94' lang='lat'>:</span> <span class='ocrx_word' id='word_1_303' title='bbox 1012 3872 1029 3905; x_wconf 81' lang='grc' dir='ltr'><strong>ι</strong></span> <span class='ocrx_word' id='word_1_304' title='bbox 1065 3855 1271 3910; x_wconf 85' lang='lat' dir='ltr'><strong>Littera</strong></span> <span class='ocrx_word' id='word_1_305' title='bbox 1300 3859 1518 3923; x_wconf 90' lang='lat' dir='ltr'><strong>occidit,</strong></span> <span class='ocrx_word' id='word_1_306' title='bbox 1537 3862 1759 3930; x_wconf 84' lang='lat' dir='ltr'><strong>spiritus</strong></span> <span class='ocrx_word' id='word_1_307' title='bbox 1784 3873 1963 3917; x_wconf 90' lang='lat' dir='ltr'><strong>autem</strong></span> <span class='ocrx_word' id='word_1_308' title='bbox 1992 3865 2077 3925; x_wconf 89' lang='lat' dir='ltr'><strong>vi-_</strong></span> 
     </span>
    </p>
   </div>
   <div class='ocr_carea' id='block_1_40' title="bbox 494 3943 2077 4019">
    <p class='ocr_par' dir='ltr' id='par_1_40' title="bbox 494 3943 2077 4019">
     <span class='ocr_line' id='line_1_41' title="bbox 494 3943 2077 4019; baseline 0.009 -24"><span class='ocrx_word' id='word_1_309' title='bbox 494 3961 513 3995; x_wconf 75' lang='grc' dir='ltr'><strong>ι</strong></span> <span class='ocrx_word' id='word_1_310' title='bbox 553 3943 757 3997; x_wconf 83' lang='lat' dir='ltr'><strong>viﬁcat.</strong></span> <span class='ocrx_word' id='word_1_311' title='bbox 794 3964 812 3995; x_wconf 78' lang='grc' dir='ltr'><strong>ι</strong></span> <span class='ocrx_word' id='word_1_312' title='bbox 845 3944 947 4011; x_wconf 85' lang='lat' dir='ltr'><strong>Qui</strong></span> <span class='ocrx_word' id='word_1_313' title='bbox 978 3960 1108 4015; x_wconf 91' lang='lat' dir='ltr'><strong>ergo</strong></span> <span class='ocrx_word' id='word_1_314' title='bbox 1142 3946 1383 4017; x_wconf 87' lang='lat' dir='ltr'><strong>legitime</strong></span> <span class='ocrx_word' id='word_1_315' title='bbox 1408 3948 1526 4019; x_wconf 85' lang='lat' dir='ltr'><strong>lege</strong></span> <span class='ocrx_word' id='word_1_316' title='bbox 1554 3951 1745 4018; x_wconf 88' lang='lat' dir='ltr'><strong>utitur,</strong></span> <span class='ocrx_word' id='word_1_317' title='bbox 1770 3953 1902 4007; x_wconf 88' lang='lat' dir='ltr'><strong>dicit</strong></span> <span class='ocrx_word' id='word_1_318' title='bbox 1938 3954 1989 4008; x_wconf 91' lang='lat' dir='ltr'><strong>in</strong></span> <span class='ocrx_word' id='word_1_319' title='bbox 2016 3970 2077 4010; x_wconf 88' lang='lat' dir='ltr'><strong>ea</strong></span> 
     </span>
    </p>
   </div>
   <div class='ocr_carea' id='block_1_41' title="bbox 490 4034 2075 4111">
    <p class='ocr_par' dir='ltr' id='par_1_41' title="bbox 490 4034 2075 4111">
     <span class='ocr_line' id='line_1_42' title="bbox 490 4034 2075 4111; baseline 0.009 -22"><span class='ocrx_word' id='word_1_320' title='bbox 490 4034 690 4090; x_wconf 88' lang='lat' dir='ltr'><strong>bonum</strong></span> <span class='ocrx_word' id='word_1_321' title='bbox 711 4045 765 4090; x_wconf 91' lang='lat' dir='ltr'><strong>et</strong></span> <span class='ocrx_word' id='word_1_322' title='bbox 797 4035 1030 4103; x_wconf 87' lang='lat' dir='ltr'><strong>malum;</strong></span> <span class='ocrx_word' id='word_1_323' title='bbox 1069 4047 1124 4092; x_wconf 91' lang='lat' dir='ltr'><strong>et</strong></span> <span class='ocrx_word' id='word_1_324' title='bbox 1162 4054 1266 4094; x_wconf 93' lang='lat' dir='ltr'><strong>non</strong></span> <span class='ocrx_word' id='word_1_325' title='bbox 1311 4041 1592 4098; x_wconf 89' lang='lat' dir='ltr'><strong>conﬁdens</strong></span> <span class='ocrx_word' id='word_1_326' title='bbox 1624 4043 1679 4098; x_wconf 92' lang='lat' dir='ltr'><strong>in</strong></span> <span class='ocrx_word' id='word_1_327' title='bbox 1722 4046 1925 4102; x_wconf 89' lang='lat' dir='ltr'><strong>virtute</strong></span> <span class='ocrx_word' id='word_1_328' title='bbox 1958 4064 2075 4111; x_wconf 90' lang='lat' dir='ltr'><strong>sua,</strong></span> 
     </span>
    </p>
   </div>
   <div class='ocr_carea' id='block_1_42' title="bbox 484 4123 2077 4202">
    <p class='ocr_par' dir='ltr' id='par_1_42' title="bbox 484 4123 2077 4202">
     <span class='ocr_line' id='line_1_43' title="bbox 484 4123 2077 4202; baseline 0.009 -23"><span class='ocrx_word' id='word_1_329' title='bbox 484 4123 732 4196; x_wconf 72' lang='lat' dir='ltr'><strong>confugit</strong></span> <span class='ocrx_word' id='word_1_330' title='bbox 766 4127 834 4181; x_wconf 90' lang='lat' dir='ltr'><strong>ad</strong></span> <span class='ocrx_word' id='word_1_331' title='bbox 877 4126 969 4181; x_wconf 90' lang='lat' dir='ltr'><strong>Dei</strong></span> <span class='ocrx_word' id='word_1_332' title='bbox 1019 4130 1274 4199; x_wconf 87' lang='lat' dir='ltr'><strong>gratiam,</strong></span> <span class='ocrx_word' id='word_1_333' title='bbox 1314 4147 1419 4202; x_wconf 90' lang='lat' dir='ltr'><strong>qua</strong></span> <span class='ocrx_word' id='word_1_334' title='bbox 1462 4142 1755 4201; x_wconf 82' lang='lat' dir='ltr'><strong>praestante</strong></span> <span class='ocrx_word' id='word_1_335' title='bbox 1780 4137 2016 4192; x_wconf 87' lang='lat' dir='ltr'><strong>declinet</strong></span> <span class='ocrx_word' id='word_1_336' title='bbox 2046 4156 2077 4194; x_wconf 92' lang='lat' dir='ltr'><strong>a</strong></span> 
     </span>
    </p>
   </div>
   <div class='ocr_carea' id='block_1_43' title="bbox 493 4214 2078 4298">
    <p class='ocr_par' dir='ltr' id='par_1_43' title="bbox 493 4214 2078 4298">
     <span class='ocr_line' id='line_1_44' title="bbox 493 4214 2078 4298; baseline 0.008 -29"><span class='ocrx_word' id='word_1_337' title='bbox 493 4214 659 4280; x_wconf 88' lang='lat' dir='ltr'><strong>malo,</strong></span> <span class='ocrx_word' id='word_1_338' title='bbox 687 4224 742 4270; x_wconf 91' lang='lat' dir='ltr'><strong>et</strong></span> <span class='ocrx_word' id='word_1_339' title='bbox 782 4214 946 4271; x_wconf 88' lang='lat' dir='ltr'><strong>faciat</strong></span> <span class='ocrx_word' id='word_1_340' title='bbox 968 4217 1189 4273; x_wconf 91' lang='lat' dir='ltr'><strong>bonum.</strong></span> <span class='ocrx_word' id='word_1_341' title='bbox 1223 4219 1355 4287; x_wconf 85' lang='lat' dir='ltr'><strong>Quis</strong></span> <span class='ocrx_word' id='word_1_342' title='bbox 1383 4231 1563 4277; x_wconf 91' lang='lat' dir='ltr'><strong>autem</strong></span> <span class='ocrx_word' id='word_1_343' title='bbox 1596 4222 1839 4294; x_wconf 83' lang='lat' dir='ltr'><strong>confugit</strong></span> <span class='ocrx_word' id='word_1_344' title='bbox 1867 4227 1935 4280; x_wconf 91' lang='lat' dir='ltr'><strong>ad</strong></span> <span class='ocrx_word' id='word_1_345' title='bbox 1961 4238 2078 4298; x_wconf 86' lang='lat' dir='ltr'><strong>gra-</strong></span> 
     </span>
    </p>
   </div>
   <div class='ocr_carea' id='block_1_44' title="bbox 491 4303 2075 4388">
    <p class='ocr_par' dir='ltr' id='par_1_44' title="bbox 491 4303 2075 4388">
     <span class='ocr_line' id='line_1_45' title="bbox 491 4303 2075 4388; baseline 0.009 -30"><span class='ocrx_word' id='word_1_346' title='bbox 491 4303 649 4369; x_wconf 84' lang='lat' dir='ltr'><strong>tiam,</strong></span> <span class='ocrx_word' id='word_1_347' title='bbox 675 4305 776 4361; x_wconf 85' lang='lat' dir='ltr'><strong>nisi</strong></span> <span class='ocrx_word' id='word_1_348' title='bbox 801 4322 923 4362; x_wconf 93' lang='lat' dir='ltr'><strong>cum</strong></span> <span class='ocrx_word' id='word_1_349' title='bbox 945 4323 975 4362; x_wconf 91' lang='lat' dir='ltr'><strong>a</strong></span> <span class='ocrx_word' id='word_1_350' title='bbox 999 4308 1227 4364; x_wconf 91' lang='lat' dir='ltr'><strong>Domino</strong></span> <span class='ocrx_word' id='word_1_351' title='bbox 1252 4326 1469 4380; x_wconf 85' lang='lat' dir='ltr'><strong>gressus</strong></span> <span class='ocrx_word' id='word_1_352' title='bbox 1491 4314 1727 4369; x_wconf 90' lang='lat' dir='ltr'><strong>hominis</strong></span> <span class='ocrx_word' id='word_1_353' title='bbox 1749 4316 2075 4388; x_wconf 88' lang='lat' dir='ltr'><strong>diriguntur,</strong></span> 
     </span>
    </p>
   </div>
   <div class='ocr_carea' id='block_1_45' title="bbox 486 4395 2077 4472">
    <p class='ocr_par' dir='ltr' id='par_1_45' title="bbox 486 4395 2077 4472">
     <span class='ocr_line' id='line_1_46' title="bbox 486 4395 2077 4472; baseline 0.006 -19"><span class='ocrx_word' id='word_1_354' title='bbox 486 4403 549 4454; x_wconf 85' lang='lat' dir='ltr'><strong>et</strong></span> <span class='ocrx_word' id='word_1_355' title='bbox 574 4396 717 4451; x_wconf 88' lang='lat' dir='ltr'><strong>viam</strong></span> <span class='ocrx_word' id='word_1_356' title='bbox 759 4395 875 4465; x_wconf 89' lang='lat' dir='ltr'><strong>ejus</strong></span> <span class='ocrx_word' id='word_1_357' title='bbox 922 4399 1107 4454; x_wconf 90' lang='lat' dir='ltr'><strong>volet?</strong></span> <span class='ocrx_word' id='word_1_358' title='bbox 1132 4415 1196 4456; x_wconf 90' lang='lat' dir='ltr'><strong>ac</strong></span> <span class='ocrx_word' id='word_1_359' title='bbox 1236 4418 1334 4472; x_wconf 88' lang='lat' dir='ltr'><strong>per</strong></span> <span class='ocrx_word' id='word_1_360' title='bbox 1374 4403 1476 4457; x_wconf 93' lang='lat' dir='ltr'><strong>hoc</strong></span> <span class='ocrx_word' id='word_1_361' title='bbox 1505 4412 1560 4458; x_wconf 91' lang='lat' dir='ltr'><strong>et</strong></span> <span class='ocrx_word' id='word_1_362' title='bbox 1588 4405 1897 4461; x_wconf 87' lang='lat' dir='ltr'><strong>desiderare</strong></span> <span class='ocrx_word' id='word_1_363' title='bbox 1924 4409 2077 4462; x_wconf 74' lang='lat' dir='ltr'><strong>auxi-</strong></span> 
     </span>
    </p>
   </div>
   <div class='ocr_carea' id='block_1_46' title="bbox 488 4484 2068 4567">
    <p class='ocr_par' dir='ltr' id='par_1_46' title="bbox 488 4484 2068 4567">
     <span class='ocr_line' id='line_1_47' title="bbox 488 4484 2068 4567; baseline 0.005 -23"><span class='ocrx_word' id='word_1_364' title='bbox 488 4484 623 4544; x_wconf 79' lang='lat' dir='ltr'><strong>lium</strong></span> <span class='ocrx_word' id='word_1_365' title='bbox 670 4489 877 4559; x_wconf 77' lang='lat' dir='ltr'><strong>gratiae,</strong></span> <span class='ocrx_word' id='word_1_366' title='bbox 930 4489 1142 4545; x_wconf 89' lang='lat' dir='ltr'><strong>initium</strong></span> <span class='ocrx_word' id='word_1_367' title='bbox 1187 4493 1374 4563; x_wconf 80' lang='lat' dir='ltr'><strong>gratize</strong></span> <span class='ocrx_word' id='word_1_368' title='bbox 1400 4502 1505 4559; x_wconf 90' lang='lat' dir='ltr'><strong>est,</strong></span> <span class='ocrx_word' id='word_1_369' title='bbox 1551 4495 1616 4550; x_wconf 91' lang='lat' dir='ltr'><strong>de</strong></span> <span class='ocrx_word' id='word_1_370' title='bbox 1664 4511 1771 4567; x_wconf 91' lang='lat' dir='ltr'><strong>quo</strong></span> <span class='ocrx_word' id='word_1_371' title='bbox 1812 4496 1889 4552; x_wconf 91' lang='lat' dir='ltr'><strong>ait</strong></span> <span class='ocrx_word' id='word_1_372' title='bbox 1937 4497 2068 4552; x_wconf 89' lang='lat' dir='ltr'><strong>ille:</strong></span> 
     </span>
    </p>
   </div>
   <div class='ocr_carea' id='block_1_47' title="bbox 2197 562 3785 635">
    <p class='ocr_par' dir='ltr' id='par_1_47' title="bbox 2197 562 3785 635">
     <span class='ocr_line' id='line_1_48' title="bbox 2197 562 3785 635; baseline 0.001 -19"><span class='ocrx_word' id='word_1_373' title='bbox 2197 564 2348 617; x_wconf 92' lang='lat' dir='ltr'><strong>nobis</strong></span> <span class='ocrx_word' id='word_1_374' title='bbox 2393 565 2716 632; x_wconf 81' lang='lat' dir='ltr'><strong>praedicatur</strong></span> <span class='ocrx_word' id='word_1_375' title='bbox 2749 572 2912 633; x_wconf 88' lang='lat' dir='ltr'><strong>atque</strong></span> <span class='ocrx_word' id='word_1_376' title='bbox 2949 563 3261 635; x_wconf 76' lang='lat' dir='ltr'><strong>przecipitur</strong></span> <span class='ocrx_word' id='word_1_377' title='bbox 3290 570 3351 618; x_wconf 90' lang='lat' dir='ltr'><strong>ut</strong></span> <span class='ocrx_word' id='word_1_378' title='bbox 3376 562 3717 619; x_wconf 88' lang='lat' dir='ltr'><strong>declihemus</strong></span> <span class='ocrx_word' id='word_1_379' title='bbox 3748 580 3785 618; x_wconf 68' lang='grc' dir='ltr'><strong>ιι</strong></span> 
     </span>
    </p>
   </div>
   <div class='ocr_carea' id='block_1_48' title="bbox 2140 654 3783 725">
    <p class='ocr_par' dir='ltr' id='par_1_48' title="bbox 2140 654 3783 725">
     <span class='ocr_line' id='line_1_49' title="bbox 2140 654 3783 725; baseline 0 -16"><span class='ocrx_word' id='word_1_380' title='bbox 2140 654 2145 659; x_wconf 83' lang='grc'><em>’</em></span> <span class='ocrx_word' id='word_1_381' title='bbox 2190 655 2333 709; x_wconf 89' lang='lat' dir='ltr'><strong>malo</strong></span> <span class='ocrx_word' id='word_1_382' title='bbox 2358 664 2412 710; x_wconf 91' lang='lat' dir='ltr'><strong>et</strong></span> <span class='ocrx_word' id='word_1_383' title='bbox 2441 656 2704 710; x_wconf 85' lang='lat' dir='ltr'><strong>faciamus</strong></span> <span class='ocrx_word' id='word_1_384' title='bbox 2731 657 2954 721; x_wconf 90' lang='lat' dir='ltr'><strong>bonum,</strong></span> <span class='ocrx_word' id='word_1_385' title='bbox 2984 655 3027 711; x_wconf 91' lang='lat' dir='ltr'><strong>si</strong></span> <span class='ocrx_word' id='word_1_386' title='bbox 3053 656 3153 709; x_wconf 91' lang='lat' dir='ltr'><strong>hoc</strong></span> <span class='ocrx_word' id='word_1_387' title='bbox 3178 670 3276 708; x_wconf 92' lang='lat' dir='ltr'><strong>nos</strong></span> <span class='ocrx_word' id='word_1_388' title='bbox 3292 670 3396 708; x_wconf 89' lang='lat' dir='ltr'><strong>non</strong></span> <span class='ocrx_word' id='word_1_389' title='bbox 3420 654 3653 725; x_wconf 86' lang='lat' dir='ltr'><strong>agimus,</strong></span> <span class='ocrx_word' id='word_1_390' title='bbox 3678 654 3783 709; x_wconf 84' lang='lat' dir='ltr'><strong>sed</strong></span> 
     </span>
    </p>
   </div>
   <div class='ocr_carea' id='block_1_49' title="bbox 2188 742 3785 815">
    <p class='ocr_par' dir='ltr' id='par_1_49' title="bbox 2188 742 3785 815">
     <span class='ocr_line' id='line_1_50' title="bbox 2188 742 3785 815; baseline 0 -17"><span class='ocrx_word' id='word_1_391' title='bbox 2188 745 2243 798; x_wconf 90' lang='lat' dir='ltr'><strong>id</strong></span> <span class='ocrx_word' id='word_1_392' title='bbox 2269 746 2404 799; x_wconf 90' lang='lat' dir='ltr'><strong>velle</strong></span> <span class='ocrx_word' id='word_1_393' title='bbox 2419 753 2472 798; x_wconf 92' lang='lat' dir='ltr'><strong>et</strong></span> <span class='ocrx_word' id='word_1_394' title='bbox 2488 745 2697 815; x_wconf 90' lang='lat' dir='ltr'><strong>operari</strong></span> <span class='ocrx_word' id='word_1_395' title='bbox 2728 745 3133 813; x_wconf 88' lang='lat' dir='ltr'><strong>Deus0peratur</strong></span> <span class='ocrx_word' id='word_1_396' title='bbox 3165 745 3215 797; x_wconf 91' lang='lat' dir='ltr'><strong>in</strong></span> <span class='ocrx_word' id='word_1_397' title='bbox 3234 744 3426 799; x_wconf 87' lang='lat' dir='ltr'><strong>nobis?</strong></span> <span class='ocrx_word' id='word_1_398' title='bbox 3452 742 3563 799; x_wconf 90' lang='lat' dir='ltr'><strong>Sed</strong></span> <span class='ocrx_word' id='word_1_399' title='bbox 3590 744 3785 813; x_wconf 86' lang='lat' dir='ltr'><strong>potius</strong></span> 
     </span>
    </p>
   </div>
   <div class='ocr_carea' id='block_1_50' title="bbox 2190 835 3785 906">
    <p class='ocr_par' dir='ltr' id='par_1_50' title="bbox 2190 835 3785 906">
     <span class='ocr_line' id='line_1_51' title="bbox 2190 835 3785 906; baseline -0.001 -18"><span class='ocrx_word' id='word_1_400' title='bbox 2190 835 2513 906; x_wconf 65' lang='lat' dir='ltr'><strong>intelligant,</strong></span> <span class='ocrx_word' id='word_1_401' title='bbox 2545 836 2588 890; x_wconf 88' lang='lat' dir='ltr'><strong>si</strong></span> <span class='ocrx_word' id='word_1_402' title='bbox 2637 835 2728 889; x_wconf 87' lang='lat' dir='ltr'><strong>lilii</strong></span> <span class='ocrx_word' id='word_1_403' title='bbox 2769 836 2860 889; x_wconf 84' lang='lat' dir='ltr'><strong>Dei</strong></span> <span class='ocrx_word' id='word_1_404' title='bbox 2906 844 3050 900; x_wconf 90' lang='lat' dir='ltr'><strong>sunt,</strong></span> <span class='ocrx_word' id='word_1_405' title='bbox 3091 837 3283 905; x_wconf 86' lang='lat' dir='ltr'><strong>spiritu</strong></span> <span class='ocrx_word' id='word_1_406' title='bbox 3332 836 3426 890; x_wconf 85' lang='lat' dir='ltr'><strong>Dei</strong></span> <span class='ocrx_word' id='word_1_407' title='bbox 3476 852 3536 890; x_wconf 90' lang='lat' dir='ltr'><strong>se</strong></span> <span class='ocrx_word' id='word_1_408' title='bbox 3576 836 3686 906; x_wconf 82' lang='lat' dir='ltr'><strong>agi,</strong></span> <span class='ocrx_word' id='word_1_409' title='bbox 3716 844 3785 888; x_wconf 84' lang='lat' dir='ltr'><strong>ut</strong></span> 
     </span>
    </p>
   </div>
   <div class='ocr_carea' id='block_1_51' title="bbox 2188 927 3803 998">
    <p class='ocr_par' dir='ltr' id='par_1_51' title="bbox 2188 927 3803 998">
     <span class='ocr_line' id='line_1_52' title="bbox 2188 927 3803 998; baseline 0.002 -20"><span class='ocrx_word' id='word_1_410' title='bbox 2188 928 2329 995; x_wconf 88' lang='lat' dir='ltr'><strong>quod</strong></span> <span class='ocrx_word' id='word_1_411' title='bbox 2358 928 2619 997; x_wconf 88' lang='lat' dir='ltr'><strong>agendqu</strong></span> <span class='ocrx_word' id='word_1_412' title='bbox 2650 937 2730 981; x_wconf 88' lang='lat' dir='ltr'><strong>est</strong></span> <span class='ocrx_word' id='word_1_413' title='bbox 2761 936 2954 998; x_wconf 90' lang='lat' dir='ltr'><strong>agant;</strong></span> <span class='ocrx_word' id='word_1_414' title='bbox 2989 936 3042 982; x_wconf 90' lang='lat' dir='ltr'><strong>et</strong></span> <span class='ocrx_word' id='word_1_415' title='bbox 3078 944 3199 982; x_wconf 91' lang='lat' dir='ltr'><strong>cum</strong></span> <span class='ocrx_word' id='word_1_416' title='bbox 3240 930 3471 997; x_wconf 82' lang='lat' dir='ltr'><strong>egerint,</strong></span> <span class='ocrx_word' id='word_1_417' title='bbox 3508 927 3637 981; x_wconf 88' lang='lat' dir='ltr'><strong>illia</strong></span> <span class='ocrx_word' id='word_1_418' title='bbox 3670 944 3803 995; x_wconf 57' lang='lat' dir='ltr'><strong>quor</strong></span> 
     </span>
    </p>
   </div>
   <div class='ocr_carea' id='block_1_52' title="bbox 2188 1019 3784 1090">
    <p class='ocr_par' dir='ltr' id='par_1_52' title="bbox 2188 1019 3784 1090">
     <span class='ocr_line' id='line_1_53' title="bbox 2188 1019 3784 1090; baseline 0.003 -21"><span class='ocrx_word' id='word_1_419' title='bbox 2188 1029 2424 1088; x_wconf 87' lang='lat' dir='ltr'><strong>aguntur</strong></span> <span class='ocrx_word' id='word_1_420' title='bbox 2449 1020 2650 1090; x_wconf 84' lang='lat' dir='ltr'><strong>gratias</strong></span> <span class='ocrx_word' id='word_1_421' title='bbox 2677 1028 2858 1087; x_wconf 85' lang='lat' dir='ltr'><strong>agant.</strong></span> <span class='ocrx_word' id='word_1_422' title='bbox 2906 1019 3153 1090; x_wconf 85' lang='lat' dir='ltr'><strong>Aguntur</strong></span> <span class='ocrx_word' id='word_1_423' title='bbox 3194 1020 3339 1073; x_wconf 87' lang='lat' dir='ltr'><strong>enim</strong></span> <span class='ocrx_word' id='word_1_424' title='bbox 3367 1028 3425 1072; x_wconf 92' lang='lat' dir='ltr'><strong>ut</strong></span> <span class='ocrx_word' id='word_1_425' title='bbox 3452 1028 3636 1090; x_wconf 88' lang='lat' dir='ltr'><strong>agant,</strong></span> <span class='ocrx_word' id='word_1_426' title='bbox 3670 1036 3784 1074; x_wconf 84' lang='lat' dir='ltr'><strong>non</strong></span> 
     </span>
    </p>
   </div>
   <div class='ocr_carea' id='block_1_53' title="bbox 2185 1107 3782 1179">
    <p class='ocr_par' dir='ltr' id='par_1_53' title="bbox 2185 1107 3782 1179">
     <span class='ocr_line' id='line_1_54' title="bbox 2185 1107 3782 1179; baseline 0.003 -19"><span class='ocrx_word' id='word_1_427' title='bbox 2185 1117 2247 1161; x_wconf 92' lang='lat' dir='ltr'><strong>ut</strong></span> <span class='ocrx_word' id='word_1_428' title='bbox 2291 1107 2393 1176; x_wconf 84' lang='lat' dir='ltr'><strong>ipsi</strong></span> <span class='ocrx_word' id='word_1_429' title='bbox 2434 1109 2568 1162; x_wconf 87' lang='lat' dir='ltr'><strong>nihil</strong></span> <span class='ocrx_word' id='word_1_430' title='bbox 2609 1118 2791 1179; x_wconf 85' lang='lat' dir='ltr'><strong>agant,</strong></span> <span class='ocrx_word' id='word_1_431' title='bbox 2839 1118 2893 1163; x_wconf 91' lang='lat' dir='ltr'><strong>et</strong></span> <span class='ocrx_word' id='word_1_432' title='bbox 2940 1111 3007 1163; x_wconf 89' lang='lat' dir='ltr'><strong>ad</strong></span> <span class='ocrx_word' id='word_1_433' title='bbox 3052 1110 3155 1165; x_wconf 91' lang='lat' dir='ltr'><strong>hoc</strong></span> <span class='ocrx_word' id='word_1_434' title='bbox 3197 1111 3277 1164; x_wconf 91' lang='lat' dir='ltr'><strong>eis</strong></span> <span class='ocrx_word' id='word_1_435' title='bbox 3307 1110 3618 1164; x_wconf 88' lang='lat' dir='ltr'><strong>ostenditur</strong></span> <span class='ocrx_word' id='word_1_436' title='bbox 3642 1111 3782 1178; x_wconf 80' lang='lat' dir='ltr'><strong>quid</strong></span> 
     </span>
    </p>
   </div>
   <div class='ocr_carea' id='block_1_54' title="bbox 2188 1197 3785 1268">
    <p class='ocr_par' dir='ltr' id='par_1_54' title="bbox 2188 1197 3785 1268">
     <span class='ocr_line' id='line_1_55' title="bbox 2188 1197 3785 1268; baseline 0.003 -19"><span class='ocrx_word' id='word_1_437' title='bbox 2188 1212 2350 1267; x_wconf 89' lang='lat' dir='ltr'><strong>agere</strong></span> <span class='ocrx_word' id='word_1_438' title='bbox 2376 1197 2627 1261; x_wconf 86' lang='lat' dir='ltr'><strong>debeant,</strong></span> <span class='ocrx_word' id='word_1_439' title='bbox 2669 1207 2733 1252; x_wconf 85' lang='lat' dir='ltr'><strong>ut</strong></span> <span class='ocrx_word' id='word_1_440' title='bbox 2763 1200 2979 1267; x_wconf 87' lang='lat' dir='ltr'><strong>quando</strong></span> <span class='ocrx_word' id='word_1_441' title='bbox 3012 1198 3065 1253; x_wconf 86' lang='lat' dir='ltr'><strong>id</strong></span> <span class='ocrx_word' id='word_1_442' title='bbox 3108 1208 3275 1268; x_wconf 88' lang='lat' dir='ltr'><strong>agunt</strong></span> <span class='ocrx_word' id='word_1_443' title='bbox 3316 1199 3459 1253; x_wconf 88' lang='lat' dir='ltr'><strong>sicut</strong></span> <span class='ocrx_word' id='word_1_444' title='bbox 3505 1199 3785 1268; x_wconf 85' lang='lat' dir='ltr'><strong>agendum</strong></span> 
     </span>
    </p>
   </div>
   <div class='ocr_carea' id='block_1_55' title="bbox 2186 1287 3783 1358">
    <p class='ocr_par' dir='ltr' id='par_1_55' title="bbox 2186 1287 3783 1358">
     <span class='ocr_line' id='line_1_56' title="bbox 2186 1287 3783 1358; baseline 0.003 -18"><span class='ocrx_word' id='word_1_445' title='bbox 2186 1296 2289 1351; x_wconf 90' lang='lat' dir='ltr'><strong>est,</strong></span> <span class='ocrx_word' id='word_1_446' title='bbox 2332 1287 2385 1341; x_wconf 93' lang='lat' dir='ltr'><strong>id</strong></span> <span class='ocrx_word' id='word_1_447' title='bbox 2431 1295 2533 1353; x_wconf 89' lang='lat' dir='ltr'><strong>est,</strong></span> <span class='ocrx_word' id='word_1_448' title='bbox 2569 1303 2690 1342; x_wconf 89' lang='lat' dir='ltr'><strong>cum</strong></span> <span class='ocrx_word' id='word_1_449' title='bbox 2731 1290 3019 1344; x_wconf 79' lang='lat' dir='ltr'><strong>diicctione</strong></span> <span class='ocrx_word' id='word_1_450' title='bbox 3057 1297 3111 1342; x_wconf 88' lang='lat' dir='ltr'><strong>et</strong></span> <span class='ocrx_word' id='word_1_451' title='bbox 3134 1288 3493 1344; x_wconf 86' lang='lat' dir='ltr'><strong>delectatione</strong></span> <span class='ocrx_word' id='word_1_452' title='bbox 3522 1289 3783 1358; x_wconf 76' lang='lat' dir='ltr'><strong>justitize,</strong></span> 
     </span>
    </p>
   </div>
   <div class='ocr_carea' id='block_1_56' title="bbox 2186 1379 3785 1453">
    <p class='ocr_par' dir='ltr' id='par_1_56' title="bbox 2186 1379 3785 1453">
     <span class='ocr_line' id='line_1_57' title="bbox 2186 1379 3785 1453; baseline 0.004 -20"><span class='ocrx_word' id='word_1_453' title='bbox 2186 1379 2505 1434; x_wconf 76' lang='lat' dir='ltr'><strong>suavitatem</strong></span> <span class='ocrx_word' id='word_1_454' title='bbox 2538 1397 2699 1451; x_wconf 89' lang='lat' dir='ltr'><strong>quam</strong></span> <span class='ocrx_word' id='word_1_455' title='bbox 2730 1382 2875 1437; x_wconf 90' lang='lat' dir='ltr'><strong>dedit</strong></span> <span class='ocrx_word' id='word_1_456' title='bbox 2915 1382 3193 1448; x_wconf 83' lang='lat' dir='ltr'><strong>Dominus,</strong></span> <span class='ocrx_word' id='word_1_457' title='bbox 3221 1392 3281 1437; x_wconf 89' lang='lat' dir='ltr'><strong>ut</strong></span> <span class='ocrx_word' id='word_1_458' title='bbox 3303 1392 3447 1438; x_wconf 86' lang='lat' dir='ltr'><strong>terra</strong></span> <span class='ocrx_word' id='word_1_459' title='bbox 3477 1383 3597 1453; x_wconf 91' lang='lat' dir='ltr'><strong>ejus</strong></span> <span class='ocrx_word' id='word_1_460' title='bbox 3622 1385 3785 1439; x_wconf 60' lang='lat' dir='ltr'><strong>dare:</strong></span> 
     </span>
    </p>
   </div>
   <div class='ocr_carea' id='block_1_57' title="bbox 2187 1469 3789 1544">
    <p class='ocr_par' dir='ltr' id='par_1_57' title="bbox 2187 1469 3789 1544">
     <span class='ocr_line' id='line_1_58' title="bbox 2187 1469 3789 1544; baseline 0.004 -21"><span class='ocrx_word' id='word_1_461' title='bbox 2187 1469 2424 1524; x_wconf 87' lang='lat' dir='ltr'><strong>fructum</strong></span> <span class='ocrx_word' id='word_1_462' title='bbox 2465 1487 2644 1535; x_wconf 87' lang='lat' dir='ltr'><strong>suum,</strong></span> <span class='ocrx_word' id='word_1_463' title='bbox 2674 1474 2949 1541; x_wconf 86' lang='lat' dir='ltr'><strong>accepisse</strong></span> <span class='ocrx_word' id='word_1_464' title='bbox 2986 1488 3045 1526; x_wconf 90' lang='lat' dir='ltr'><strong>se</strong></span> <span class='ocrx_word' id='word_1_465' title='bbox 3088 1474 3389 1542; x_wconf 83' lang='lat' dir='ltr'><strong>gaudeant;</strong></span> <span class='ocrx_word' id='word_1_466' title='bbox 3436 1475 3657 1544; x_wconf 84' lang='lat' dir='ltr'><strong>quando</strong></span> <span class='ocrx_word' id='word_1_467' title='bbox 3688 1490 3789 1529; x_wconf 54' lang='lat' dir='ltr'><strong>aus</strong></span> 
     </span>
    </p>
   </div>
   <div class='ocr_carea' id='block_1_58' title="bbox 2188 1562 3784 1631">
    <p class='ocr_par' dir='ltr' id='par_1_58' title="bbox 2188 1562 3784 1631">
     <span class='ocr_line' id='line_1_59' title="bbox 2188 1562 3784 1631; baseline 0.004 -18"><span class='ocrx_word' id='word_1_468' title='bbox 2188 1566 2295 1614; x_wconf 89' lang='lat' dir='ltr'><strong>tem</strong></span> <span class='ocrx_word' id='word_1_469' title='bbox 2325 1574 2430 1614; x_wconf 91' lang='lat' dir='ltr'><strong>non</strong></span> <span class='ocrx_word' id='word_1_470' title='bbox 2457 1570 2643 1631; x_wconf 88' lang='lat' dir='ltr'><strong>agunt,</strong></span> <span class='ocrx_word' id='word_1_471' title='bbox 2675 1563 2785 1615; x_wconf 86' lang='lat' dir='ltr'><strong>sive</strong></span> <span class='ocrx_word' id='word_1_472' title='bbox 2810 1563 3031 1617; x_wconf 90' lang='lat' dir='ltr'><strong>omnino</strong></span> <span class='ocrx_word' id='word_1_473' title='bbox 3064 1577 3168 1617; x_wconf 88' lang='lat' dir='ltr'><strong>non</strong></span> <span class='ocrx_word' id='word_1_474' title='bbox 3212 1562 3484 1627; x_wconf 87' lang='lat' dir='ltr'><strong>faciendo,</strong></span> <span class='ocrx_word' id='word_1_475' title='bbox 3517 1565 3634 1618; x_wconf 84' lang='lat' dir='ltr'><strong>sive</strong></span> <span class='ocrx_word' id='word_1_476' title='bbox 3670 1580 3784 1619; x_wconf 88' lang='lat' dir='ltr'><strong>non</strong></span> 
     </span>
    </p>
   </div>
   <div class='ocr_carea' id='block_1_59' title="bbox 2186 1651 3788 1723">
    <p class='ocr_par' dir='ltr' id='par_1_59' title="bbox 2186 1651 3788 1723">
     <span class='ocr_line' id='line_1_60' title="bbox 2186 1651 3788 1723; baseline 0.002 -17"><span class='ocrx_word' id='word_1_477' title='bbox 2186 1666 2252 1706; x_wconf 82' lang='lat' dir='ltr'><strong>ex</strong></span> <span class='ocrx_word' id='word_1_478' title='bbox 2285 1653 2549 1707; x_wconf 89' lang='lat' dir='ltr'><strong>charitate</strong></span> <span class='ocrx_word' id='word_1_479' title='bbox 2576 1651 2845 1717; x_wconf 87' lang='lat' dir='ltr'><strong>faciendo,</strong></span> <span class='ocrx_word' id='word_1_480' title='bbox 2869 1662 3023 1707; x_wconf 91' lang='lat' dir='ltr'><strong>orent</strong></span> <span class='ocrx_word' id='word_1_481' title='bbox 3047 1662 3108 1707; x_wconf 90' lang='lat' dir='ltr'><strong>ut</strong></span> <span class='ocrx_word' id='word_1_482' title='bbox 3135 1654 3276 1723; x_wconf 88' lang='lat' dir='ltr'><strong>quod</strong></span> <span class='ocrx_word' id='word_1_483' title='bbox 3304 1653 3544 1707; x_wconf 81' lang='lat' dir='ltr'><strong>nondum</strong></span> <span class='ocrx_word' id='word_1_484' title='bbox 3576 1654 3788 1709; x_wconf 84' lang='lat' dir='ltr'><strong>habent</strong></span> 
     </span>
    </p>
   </div>
   <div class='ocr_carea' id='block_1_60' title="bbox 2187 1742 3785 1816">
    <p class='ocr_par' dir='ltr' id='par_1_60' title="bbox 2187 1742 3785 1816">
     <span class='ocr_line' id='line_1_61' title="bbox 2187 1742 3785 1816; baseline 0.004 -21"><span class='ocrx_word' id='word_1_485' title='bbox 2187 1743 2475 1812; x_wconf 89' lang='lat' dir='ltr'><strong>accipiant.</strong></span> <span class='ocrx_word' id='word_1_486' title='bbox 2506 1742 2645 1810; x_wconf 85' lang='lat' dir='ltr'><strong>Quid</strong></span> <span class='ocrx_word' id='word_1_487' title='bbox 2692 1744 2837 1799; x_wconf 89' lang='lat' dir='ltr'><strong>enim</strong></span> <span class='ocrx_word' id='word_1_488' title='bbox 2868 1744 3144 1798; x_wconf 91' lang='lat' dir='ltr'><strong>habebunt</strong></span> <span class='ocrx_word' id='word_1_489' title='bbox 3171 1743 3314 1814; x_wconf 91' lang='lat' dir='ltr'><strong>quod</strong></span> <span class='ocrx_word' id='word_1_490' title='bbox 3353 1761 3461 1799; x_wconf 90' lang='lat' dir='ltr'><strong>non</strong></span> <span class='ocrx_word' id='word_1_491' title='bbox 3496 1748 3785 1816; x_wconf 86' lang='lat' dir='ltr'><strong>accepturi</strong></span> 
     </span>
    </p>
   </div>
   <div class='ocr_carea' id='block_1_61' title="bbox 2114 1825 3578 1905">
    <p class='ocr_par' dir='ltr' id='par_1_61' title="bbox 2114 1825 3578 1905">
     <span class='ocr_line' id='line_1_62' title="bbox 2114 1825 3578 1905; baseline 0.005 -22"><span class='ocrx_word' id='word_1_492' title='bbox 2114 1825 2162 1883; x_wconf 89' lang='lat' dir='ltr'><strong>B</strong></span> <span class='ocrx_word' id='word_1_493' title='bbox 2188 1843 2335 1899; x_wconf 90' lang='lat' dir='ltr'><strong>sunt,</strong></span> <span class='ocrx_word' id='word_1_494' title='bbox 2362 1844 2456 1889; x_wconf 86' lang='lat' dir='ltr'><strong>aut</strong></span> <span class='ocrx_word' id='word_1_495' title='bbox 2489 1835 2617 1905; x_wconf 90' lang='lat' dir='ltr'><strong>quid</strong></span> <span class='ocrx_word' id='word_1_496' title='bbox 2649 1835 2871 1901; x_wconf 87' lang='lat' dir='ltr'><strong>habent,</strong></span> <span class='ocrx_word' id='word_1_497' title='bbox 2892 1836 3033 1904; x_wconf 86' lang='lat' dir='ltr'><strong>quod</strong></span> <span class='ocrx_word' id='word_1_498' title='bbox 3061 1852 3168 1889; x_wconf 90' lang='lat' dir='ltr'><strong>non</strong></span> <span class='ocrx_word' id='word_1_499' title='bbox 3201 1837 3578 1905; x_wconf 48' lang='lat' dir='ltr'><strong>acceperunt&quot;!</strong></span> 
     </span>
    </p>
   </div>
   <div class='ocr_carea' id='block_1_62' title="bbox 2259 1924 3787 1997">
    <p class='ocr_par' dir='ltr' id='par_1_62' title="bbox 2259 1924 3787 1997">
     <span class='ocr_line' id='line_1_63' title="bbox 2259 1924 3787 1997; baseline 0.002 -17"><span class='ocrx_word' id='word_1_500' title='bbox 2259 1924 2347 1980; x_wconf 84' lang='lat' dir='ltr'><strong>IV.</strong></span> <span class='ocrx_word' id='word_1_501' title='bbox 2383 1925 2535 1997; x_wconf 88' lang='lat' dir='ltr'><strong>(Cap.</strong></span> <span class='ocrx_word' id='word_1_502' title='bbox 2577 1926 2656 1997; x_wconf 84' lang='lat'><strong>&#39;5.)</strong></span> <span class='ocrx_word' id='word_1_503' title='bbox 2700 1926 2959 1982; x_wconf 89' lang='lat' dir='ltr'><strong>Doctores</strong></span> <span class='ocrx_word' id='word_1_504' title='bbox 2994 1926 3357 1981; x_wconf 86' lang='lat' dir='ltr'><strong>Ecclesiarum</strong></span> <span class='ocrx_word' id='word_1_505' title='bbox 3396 1927 3627 1996; x_wconf 85' lang='lat' dir='ltr'><strong>apostoli</strong></span> <span class='ocrx_word' id='word_1_506' title='bbox 3664 1944 3787 1983; x_wconf 85' lang='lat' dir='ltr'><strong>om-</strong></span> 
     </span>
    </p>
   </div>
   <div class='ocr_carea' id='block_1_63' title="bbox 2187 2016 3784 2088">
    <p class='ocr_par' dir='ltr' id='par_1_63' title="bbox 2187 2016 3784 2088">
     <span class='ocr_line' id='line_1_64' title="bbox 2187 2016 3784 2088; baseline 0.003 -18"><span class='ocrx_word' id='word_1_507' title='bbox 2187 2016 2279 2071; x_wconf 83' lang='lat' dir='ltr'><strong>nia</strong></span> <span class='ocrx_word' id='word_1_508' title='bbox 2312 2016 2583 2071; x_wconf 84' lang='lat' dir='ltr'><strong>faciebant</strong></span> <span class='ocrx_word' id='word_1_509' title='bbox 2621 2024 2677 2073; x_wconf 91' lang='lat' dir='ltr'><strong>et</strong></span> <span class='ocrx_word' id='word_1_510' title='bbox 2708 2017 3097 2088; x_wconf 65' lang='lat' dir='ltr'><strong>prrecipiebant</strong></span> <span class='ocrx_word' id='word_1_511' title='bbox 3127 2034 3246 2088; x_wconf 76' lang='lat' dir='ltr'><strong>qua:</strong></span> <span class='ocrx_word' id='word_1_512' title='bbox 3277 2019 3490 2084; x_wconf 88' lang='lat' dir='ltr'><strong>ﬁerent,</strong></span> <span class='ocrx_word' id='word_1_513' title='bbox 3530 2028 3584 2075; x_wconf 87' lang='lat' dir='ltr'><strong>et</strong></span> <span class='ocrx_word' id='word_1_514' title='bbox 3608 2023 3784 2075; x_wconf 85' lang='lat' dir='ltr'><strong>corri—</strong></span> 
     </span>
    </p>
   </div>
   <div class='ocr_carea' id='block_1_64' title="bbox 2186 2108 3787 2177">
    <p class='ocr_par' dir='ltr' id='par_1_64' title="bbox 2186 2108 3787 2177">
     <span class='ocr_line' id='line_1_65' title="bbox 2186 2108 3787 2177; baseline 0.005 -17"><span class='ocrx_word' id='word_1_515' title='bbox 2186 2108 2411 2177; x_wconf 89' lang='lat' dir='ltr'><strong>piebant</strong></span> <span class='ocrx_word' id='word_1_516' title='bbox 2448 2109 2490 2162; x_wconf 88' lang='lat' dir='ltr'><strong>si</strong></span> <span class='ocrx_word' id='word_1_517' title='bbox 2518 2124 2626 2163; x_wconf 88' lang='lat' dir='ltr'><strong>non</strong></span> <span class='ocrx_word' id='word_1_518' title='bbox 2657 2110 2870 2174; x_wconf 89' lang='lat' dir='ltr'><strong>ﬁerent,</strong></span> <span class='ocrx_word' id='word_1_519' title='bbox 2895 2117 2951 2164; x_wconf 90' lang='lat' dir='ltr'><strong>et</strong></span> <span class='ocrx_word' id='word_1_520' title='bbox 2973 2108 3204 2164; x_wconf 88' lang='lat' dir='ltr'><strong>orabant</strong></span> <span class='ocrx_word' id='word_1_521' title='bbox 3236 2117 3295 2163; x_wconf 90' lang='lat' dir='ltr'><strong>ut</strong></span> <span class='ocrx_word' id='word_1_522' title='bbox 3327 2110 3539 2166; x_wconf 88' lang='lat' dir='ltr'><strong>ﬁerent.</strong></span> <span class='ocrx_word' id='word_1_523' title='bbox 3566 2111 3787 2168; x_wconf 69' lang='lat' dir='ltr'><strong>Praece-</strong></span> 
     </span>
    </p>
   </div>
   <div class='ocr_carea' id='block_1_65' title="bbox 2186 2198 3784 2268">
    <p class='ocr_par' dir='ltr' id='par_1_65' title="bbox 2186 2198 3784 2268">
     <span class='ocr_line' id='line_1_66' title="bbox 2186 2198 3784 2268; baseline 0.004 -16"><span class='ocrx_word' id='word_1_524' title='bbox 2186 2199 2268 2268; x_wconf 89' lang='lat' dir='ltr'><strong>pit</strong></span> <span class='ocrx_word' id='word_1_525' title='bbox 2310 2198 2601 2268; x_wconf 82' lang='lat' dir='ltr'><strong>Apostolus</strong></span> <span class='ocrx_word' id='word_1_526' title='bbox 2628 2199 2857 2254; x_wconf 89' lang='lat' dir='ltr'><strong>dicens:</strong></span> <span class='ocrx_word' id='word_1_527' title='bbox 2899 2220 2919 2251; x_wconf 75' lang='grc' dir='ltr'><strong>ε</strong></span> <span class='ocrx_word' id='word_1_528' title='bbox 2960 2199 3153 2255; x_wconf 84' lang='lat' dir='ltr'><strong>Omnia</strong></span> <span class='ocrx_word' id='word_1_529' title='bbox 3193 2211 3373 2257; x_wconf 86' lang='lat' dir='ltr'><strong>vestra</strong></span> <span class='ocrx_word' id='word_1_530' title='bbox 3404 2203 3457 2257; x_wconf 89' lang='lat' dir='ltr'><strong>in</strong></span> <span class='ocrx_word' id='word_1_531' title='bbox 3505 2204 3784 2259; x_wconf 84' lang='lat' dir='ltr'><strong>charitate</strong></span> 
     </span>
    </p>
   </div>
   <div class='ocr_carea' id='block_1_66' title="bbox 2192 2288 3784 2364">
    <p class='ocr_par' dir='ltr' id='par_1_66' title="bbox 2192 2288 3784 2364">
     <span class='ocr_line' id='line_1_67' title="bbox 2192 2288 3784 2364; baseline 0.005 -24"><span class='ocrx_word' id='word_1_532' title='bbox 2192 2308 2211 2340; x_wconf 75' lang='grc' dir='ltr'><strong>ι</strong></span> <span class='ocrx_word' id='word_1_533' title='bbox 2245 2288 2379 2343; x_wconf 86' lang='lat' dir='ltr'><strong>ﬁant</strong></span> <span class='ocrx_word' id='word_1_534' title='bbox 2406 2289 2457 2361; x_wconf 93' lang='lat' dir='ltr'><strong>(I</strong></span> <span class='ocrx_word' id='word_1_535' title='bbox 2496 2290 2619 2344; x_wconf 87' lang='lat' dir='ltr'><strong>Cor.</strong></span> <span class='ocrx_word' id='word_1_536' title='bbox 2659 2290 2792 2359; x_wconf 71' lang='lat' dir='ltr'><strong>xvr).</strong></span> <span class='ocrx_word' id='word_1_537' title='bbox 2831 2308 2855 2341; x_wconf 70' lang='grc' dir='ltr'><strong>ι</strong></span> <span class='ocrx_word' id='word_1_538' title='bbox 2888 2289 3123 2359; x_wconf 83' lang='lat' dir='ltr'><strong>Corripit</strong></span> <span class='ocrx_word' id='word_1_539' title='bbox 3178 2292 3365 2346; x_wconf 87' lang='lat' dir='ltr'><strong>dicens</strong></span> <span class='ocrx_word' id='word_1_540' title='bbox 3395 2311 3407 2346; x_wconf 89' lang='lat'>:</span> <span class='ocrx_word' id='word_1_541' title='bbox 3453 2312 3471 2343; x_wconf 76' lang='grc' dir='ltr'><strong>ι</strong></span> <span class='ocrx_word' id='word_1_542' title='bbox 3508 2291 3629 2347; x_wconf 81' lang='lat' dir='ltr'><strong>1am</strong></span> <span class='ocrx_word' id='word_1_543' title='bbox 3656 2296 3784 2364; x_wconf 83' lang='lat' dir='ltr'><strong>qui-</strong></span> 
     </span>
    </p>
   </div>
   <div class='ocr_carea' id='block_1_67' title="bbox 2192 2370 3781 2455">
    <p class='ocr_par' dir='ltr' id='par_1_67' title="bbox 2192 2370 3781 2455">
     <span class='ocr_line' id='line_1_68' title="bbox 2192 2370 3781 2455; baseline 0.005 -22"><span class='ocrx_word' id='word_1_544' title='bbox 2192 2400 2210 2433; x_wconf 80' lang='grc' dir='ltr'><strong>ι</strong></span> <span class='ocrx_word' id='word_1_545' title='bbox 2254 2382 2374 2437; x_wconf 90' lang='lat' dir='ltr'><strong>dem</strong></span> <span class='ocrx_word' id='word_1_546' title='bbox 2401 2381 2631 2437; x_wconf 86' lang='lat' dir='ltr'><strong>omnino</strong></span> <span class='ocrx_word' id='word_1_547' title='bbox 2671 2370 2927 2437; x_wconf 81' lang='lat' dir='ltr'><strong>delictum</strong></span> <span class='ocrx_word' id='word_1_548' title='bbox 2965 2392 3048 2437; x_wconf 90' lang='lat' dir='ltr'><strong>est</strong></span> <span class='ocrx_word' id='word_1_549' title='bbox 3086 2384 3138 2437; x_wconf 93' lang='lat' dir='ltr'><strong>in</strong></span> <span class='ocrx_word' id='word_1_550' title='bbox 3173 2383 3348 2450; x_wconf 91' lang='lat' dir='ltr'><strong>vobis,</strong></span> <span class='ocrx_word' id='word_1_551' title='bbox 3394 2384 3524 2454; x_wconf 88' lang='lat' dir='ltr'><strong>quia</strong></span> <span class='ocrx_word' id='word_1_552' title='bbox 3567 2385 3781 2455; x_wconf 83' lang='lat' dir='ltr'><strong>judicia</strong></span> 
     </span>
    </p>
   </div>
   <div class='ocr_carea' id='block_1_68' title="bbox 2192 2472 3784 2548">
    <p class='ocr_par' dir='ltr' id='par_1_68' title="bbox 2192 2472 3784 2548">
     <span class='ocr_line' id='line_1_69' title="bbox 2192 2472 3784 2548; baseline 0.005 -24"><span class='ocrx_word' id='word_1_553' title='bbox 2192 2492 2213 2524; x_wconf 74' lang='grc' dir='ltr'><strong>ι</strong></span> <span class='ocrx_word' id='word_1_554' title='bbox 2260 2472 2471 2527; x_wconf 87' lang='lat' dir='ltr'><strong>habetis</strong></span> <span class='ocrx_word' id='word_1_555' title='bbox 2495 2472 2796 2527; x_wconf 89' lang='lat' dir='ltr'><strong>vobiscum.</strong></span> <span class='ocrx_word' id='word_1_556' title='bbox 2839 2474 3018 2540; x_wconf 87' lang='lat' dir='ltr'><strong>Quare</strong></span> <span class='ocrx_word' id='word_1_557' title='bbox 3052 2475 3198 2529; x_wconf 86' lang='lat' dir='ltr'><strong>enim</strong></span> <span class='ocrx_word' id='word_1_558' title='bbox 3227 2491 3333 2530; x_wconf 92' lang='lat' dir='ltr'><strong>non</strong></span> <span class='ocrx_word' id='word_1_559' title='bbox 3377 2477 3547 2546; x_wconf 88' lang='lat' dir='ltr'><strong>magis</strong></span> <span class='ocrx_word' id='word_1_560' title='bbox 3577 2477 3784 2548; x_wconf 85' lang='lat' dir='ltr'><strong>iniqui-</strong></span> 
     </span>
    </p>
   </div>
   <div class='ocr_carea' id='block_1_69' title="bbox 2194 2566 3781 2636">
    <p class='ocr_par' dir='ltr' id='par_1_69' title="bbox 2194 2566 3781 2636">
     <span class='ocr_line' id='line_1_70' title="bbox 2194 2566 3781 2636; baseline 0.004 -21"><span class='ocrx_word' id='word_1_561' title='bbox 2194 2583 2213 2615; x_wconf 79' lang='grc' dir='ltr'><strong>ι</strong></span> <span class='ocrx_word' id='word_1_562' title='bbox 2262 2573 2425 2620; x_wconf 90' lang='lat' dir='ltr'><strong>tatem</strong></span> <span class='ocrx_word' id='word_1_563' title='bbox 2478 2566 2763 2634; x_wconf 87' lang='lat' dir='ltr'><strong>patimini?</strong></span> <span class='ocrx_word' id='word_1_564' title='bbox 2804 2580 2973 2636; x_wconf 89' lang='lat' dir='ltr'><strong>quare</strong></span> <span class='ocrx_word' id='word_1_565' title='bbox 3021 2582 3129 2620; x_wconf 88' lang='lat' dir='ltr'><strong>non</strong></span> <span class='ocrx_word' id='word_1_566' title='bbox 3180 2566 3361 2635; x_wconf 91' lang='lat' dir='ltr'><strong>potius</strong></span> <span class='ocrx_word' id='word_1_567' title='bbox 3404 2566 3781 2621; x_wconf 84' lang='lat' dir='ltr'><strong>fraudamiui?</strong></span> 
     </span>
    </p>
   </div>
   <div class='ocr_carea' id='block_1_70' title="bbox 2193 2657 3779 2727">
    <p class='ocr_par' dir='ltr' id='par_1_70' title="bbox 2193 2657 3779 2727">
     <span class='ocr_line' id='line_1_71' title="bbox 2193 2657 3779 2727; baseline 0.003 -17"><span class='ocrx_word' id='word_1_568' title='bbox 2193 2676 2213 2710; x_wconf 77' lang='grc' dir='ltr'><strong>ι</strong></span> <span class='ocrx_word' id='word_1_569' title='bbox 2263 2657 2368 2713; x_wconf 90' lang='lat' dir='ltr'><strong>Sed</strong></span> <span class='ocrx_word' id='word_1_570' title='bbox 2410 2673 2505 2713; x_wconf 90' lang='lat' dir='ltr'><strong>vos</strong></span> <span class='ocrx_word' id='word_1_571' title='bbox 2541 2658 2880 2727; x_wconf 86' lang='lat' dir='ltr'><strong>iniquitatem</strong></span> <span class='ocrx_word' id='word_1_572' title='bbox 2926 2658 3131 2724; x_wconf 90' lang='lat' dir='ltr'><strong>facitis,</strong></span> <span class='ocrx_word' id='word_1_573' title='bbox 3168 2668 3224 2714; x_wconf 89' lang='lat' dir='ltr'><strong>et</strong></span> <span class='ocrx_word' id='word_1_574' title='bbox 3262 2658 3547 2723; x_wconf 85' lang='lat' dir='ltr'><strong>fraudatis,</strong></span> <span class='ocrx_word' id='word_1_575' title='bbox 3588 2668 3647 2714; x_wconf 91' lang='lat' dir='ltr'><strong>et</strong></span> <span class='ocrx_word' id='word_1_576' title='bbox 3673 2660 3779 2715; x_wconf 89' lang='lat' dir='ltr'><strong>hoc</strong></span> 
     </span>
    </p>
   </div>
   <div class='ocr_carea' id='block_1_71' title="bbox 2190 2749 3777 2823">
    <p class='ocr_par' dir='ltr' id='par_1_71' title="bbox 2190 2749 3777 2823">
     <span class='ocr_line' id='line_1_72' title="bbox 2190 2749 3777 2823; baseline 0.005 -22"><span class='ocrx_word' id='word_1_577' title='bbox 2190 2768 2214 2801; x_wconf 69' lang='grc' dir='ltr'><strong>ι</strong></span> <span class='ocrx_word' id='word_1_578' title='bbox 2261 2749 2475 2805; x_wconf 87' lang='lat' dir='ltr'><strong>fratres.</strong></span> <span class='ocrx_word' id='word_1_579' title='bbox 2507 2750 2587 2804; x_wconf 89' lang='lat' dir='ltr'><strong>An</strong></span> <span class='ocrx_word' id='word_1_580' title='bbox 2624 2751 2847 2806; x_wconf 88' lang='lat' dir='ltr'><strong>nescitis</strong></span> <span class='ocrx_word' id='word_1_581' title='bbox 2877 2751 3003 2821; x_wconf 89' lang='lat' dir='ltr'><strong>quia</strong></span> <span class='ocrx_word' id='word_1_582' title='bbox 3050 2751 3232 2820; x_wconf 89' lang='lat' dir='ltr'><strong>injusti</strong></span> <span class='ocrx_word' id='word_1_583' title='bbox 3280 2768 3504 2823; x_wconf 83' lang='lat' dir='ltr'><strong>regnum</strong></span> <span class='ocrx_word' id='word_1_584' title='bbox 3542 2753 3637 2807; x_wconf 90' lang='lat' dir='ltr'><strong>Dei</strong></span> <span class='ocrx_word' id='word_1_585' title='bbox 3668 2769 3777 2810; x_wconf 87' lang='lat' dir='ltr'><strong>non</strong></span> 
     </span>
    </p>
   </div>
   <div class='ocr_carea' id='block_1_72' title="bbox 2193 2842 3777 2914">
    <p class='ocr_par' dir='ltr' id='par_1_72' title="bbox 2193 2842 3777 2914">
     <span class='ocr_line' id='line_1_73' title="bbox 2193 2842 3777 2914; baseline 0.004 -21"><span class='ocrx_word' id='word_1_586' title='bbox 2193 2860 2213 2893; x_wconf 75' lang='grc' dir='ltr'><strong>ι</strong></span> <span class='ocrx_word' id='word_1_587' title='bbox 2260 2842 2691 2911; x_wconf 65' lang='lat' dir='ltr'><strong>possidebunt?»</strong></span> <span class='ocrx_word' id='word_1_588' title='bbox 2719 2842 2769 2913; x_wconf 91' lang='lat' dir='ltr'><strong>(I</strong></span> <span class='ocrx_word' id='word_1_589' title='bbox 2796 2842 2918 2896; x_wconf 87' lang='lat' dir='ltr'><strong>Cor.</strong></span> <span class='ocrx_word' id='word_1_590' title='bbox 2945 2842 3044 2914; x_wconf 73' lang='lat' dir='ltr'><strong>vx.)</strong></span> <span class='ocrx_word' id='word_1_591' title='bbox 3069 2843 3364 2899; x_wconf 80' lang='lat' dir='ltr'><strong>Audiamus</strong></span> <span class='ocrx_word' id='word_1_592' title='bbox 3391 2853 3447 2899; x_wconf 88' lang='lat' dir='ltr'><strong>et</strong></span> <span class='ocrx_word' id='word_1_593' title='bbox 3481 2856 3728 2901; x_wconf 89' lang='lat' dir='ltr'><strong>orantem</strong></span> <span class='ocrx_word' id='word_1_594' title='bbox 3759 2865 3777 2900; x_wconf 86' lang='lat'><strong>:</strong></span> 
     </span>
    </p>
   </div>
   <div class='ocr_carea' id='block_1_73' title="bbox 2195 2932 3777 3004">
    <p class='ocr_par' dir='ltr' id='par_1_73' title="bbox 2195 2932 3777 3004">
     <span class='ocr_line' id='line_1_74' title="bbox 2195 2932 3777 3004; baseline 0.003 -21"><span class='ocrx_word' id='word_1_595' title='bbox 2195 2950 2214 2983; x_wconf 76' lang='grc' dir='ltr'><strong>ι</strong></span> <span class='ocrx_word' id='word_1_596' title='bbox 2258 2932 2369 2988; x_wconf 78' lang='lat' dir='ltr'><strong>Vos</strong></span> <span class='ocrx_word' id='word_1_597' title='bbox 2396 2941 2597 2997; x_wconf 89' lang='lat' dir='ltr'><strong>autem,</strong></span> <span class='ocrx_word' id='word_1_598' title='bbox 2626 2932 2824 3001; x_wconf 91' lang='lat' dir='ltr'><strong>inquit,</strong></span> <span class='ocrx_word' id='word_1_599' title='bbox 2849 2932 3109 2988; x_wconf 89' lang='lat' dir='ltr'><strong>Dominus</strong></span> <span class='ocrx_word' id='word_1_600' title='bbox 3151 2934 3489 3004; x_wconf 88' lang='lat' dir='ltr'><strong>multiplicet,</strong></span> <span class='ocrx_word' id='word_1_601' title='bbox 3518 2943 3579 2988; x_wconf 89' lang='lat' dir='ltr'><strong>ut</strong></span> <span class='ocrx_word' id='word_1_602' title='bbox 3601 2935 3777 2989; x_wconf 81' lang='lat' dir='ltr'><strong>abun-</strong></span> 
     </span>
    </p>
   </div>
   <div class='ocr_carea' id='block_1_74' title="bbox 2196 3025 3776 3084">
    <p class='ocr_par' dir='ltr' id='par_1_74' title="bbox 2196 3025 3776 3084">
     <span class='ocr_line' id='line_1_75' title="bbox 2196 3025 3776 3084; baseline 0.005 -8"><span class='ocrx_word' id='word_1_603' title='bbox 2196 3044 2216 3076; x_wconf 73' lang='grc' dir='ltr'><strong><em>ο</em></strong></span> <span class='ocrx_word' id='word_1_604' title='bbox 2263 3025 2391 3080; x_wconf 89' lang='lat' dir='ltr'><strong>dare</strong></span> <span class='ocrx_word' id='word_1_605' title='bbox 2435 3025 2599 3080; x_wconf 86' lang='lat' dir='ltr'><strong>faciat</strong></span> <span class='ocrx_word' id='word_1_606' title='bbox 2640 3026 2694 3080; x_wconf 92' lang='lat' dir='ltr'><strong>in</strong></span> <span class='ocrx_word' id='word_1_607' title='bbox 2738 3025 3006 3080; x_wconf 87' lang='lat' dir='ltr'><strong>charitate</strong></span> <span class='ocrx_word' id='word_1_608' title='bbox 3040 3026 3094 3079; x_wconf 90' lang='lat' dir='ltr'><strong>in</strong></span> <span class='ocrx_word' id='word_1_609' title='bbox 3132 3026 3364 3081; x_wconf 87' lang='lat' dir='ltr'><strong>invicem</strong></span> <span class='ocrx_word' id='word_1_610' title='bbox 3414 3033 3467 3081; x_wconf 89' lang='lat' dir='ltr'><strong>et</strong></span> <span class='ocrx_word' id='word_1_611' title='bbox 3497 3027 3553 3081; x_wconf 90' lang='lat' dir='ltr'><strong>in</strong></span> <span class='ocrx_word' id='word_1_612' title='bbox 3581 3040 3776 3084; x_wconf 82' lang='lat' dir='ltr'><strong>omnes</strong></span> 
     </span>
    </p>
   </div>
   <div class='ocr_carea' id='block_1_75' title="bbox 2195 3115 3778 3189">
    <p class='ocr_par' dir='ltr' id='par_1_75' title="bbox 2195 3115 3778 3189">
     <span class='ocr_line' id='line_1_76' title="bbox 2195 3115 3778 3189; baseline 0.003 -22"><span class='ocrx_word' id='word_1_613' title='bbox 2195 3135 2213 3167; x_wconf 79' lang='grc' dir='ltr'><strong>ι</strong></span> <span class='ocrx_word' id='word_1_614' title='bbox 2247 3116 2298 3188; x_wconf 89' lang='grc' dir='ltr'><strong>(Ι</strong></span> <span class='ocrx_word' id='word_1_615' title='bbox 2318 3116 2496 3171; x_wconf 74' lang='lat' dir='ltr'><strong>Thess.</strong></span> <span class='ocrx_word' id='word_1_616' title='bbox 2514 3117 2590 3185; x_wconf 82' lang='lat'><strong>5).</strong></span> <span class='ocrx_word' id='word_1_617' title='bbox 2607 3136 2623 3168; x_wconf 75' lang='grc' dir='ltr'><strong>ι</strong></span> <span class='ocrx_word' id='word_1_618' title='bbox 2644 3116 2894 3186; x_wconf 65' lang='lat' dir='ltr'><strong>Praecipit</strong></span> <span class='ocrx_word' id='word_1_619' title='bbox 2910 3115 3248 3171; x_wconf 86' lang='lat' dir='ltr'><strong>uthabeatur</strong></span> <span class='ocrx_word' id='word_1_620' title='bbox 3268 3118 3778 3189; x_wconf 81' lang='lat' dir='ltr'><strong>charitas,corripit</strong></span> 
     </span>
    </p>
   </div>
   <div class='ocr_carea' id='block_1_76' title="bbox 2112 3188 3775 3275">
    <p class='ocr_par' dir='ltr' id='par_1_76' title="bbox 2112 3188 3775 3275">
     <span class='ocr_line' id='line_1_77' title="bbox 2112 3188 3775 3275; baseline 0.002 -16"><span class='ocrx_word' id='word_1_621' title='bbox 2112 3188 2157 3250; x_wconf 70' lang='grc' dir='ltr'><strong>(ἶ</strong></span> <span class='ocrx_word' id='word_1_622' title='bbox 2188 3207 2313 3275; x_wconf 86' lang='lat' dir='ltr'><strong>quia</strong></span> <span class='ocrx_word' id='word_1_623' title='bbox 2344 3222 2450 3260; x_wconf 89' lang='lat' dir='ltr'><strong>non</strong></span> <span class='ocrx_word' id='word_1_624' title='bbox 2494 3207 2724 3261; x_wconf 68' lang='lat' dir='ltr'><strong>habetur</strong></span> <span class='ocrx_word' id='word_1_625' title='bbox 2761 3207 3016 3271; x_wconf 88' lang='lat' dir='ltr'><strong>charitas,</strong></span> <span class='ocrx_word' id='word_1_626' title='bbox 3058 3215 3179 3261; x_wconf 85' lang='lat' dir='ltr'><strong>orat</strong></span> <span class='ocrx_word' id='word_1_627' title='bbox 3217 3216 3277 3261; x_wconf 92' lang='lat' dir='ltr'><strong>ut</strong></span> <span class='ocrx_word' id='word_1_628' title='bbox 3320 3209 3557 3263; x_wconf 83' lang='lat' dir='ltr'><strong>abundet</strong></span> <span class='ocrx_word' id='word_1_629' title='bbox 3592 3210 3775 3263; x_wconf 74' lang='lat' dir='ltr'><strong>chari~</strong></span> 
     </span>
    </p>
   </div>
   <div class='ocr_carea' id='block_1_77' title="bbox 2182 3295 3777 3368">
    <p class='ocr_par' dir='ltr' id='par_1_77' title="bbox 2182 3295 3777 3368">
     <span class='ocr_line' id='line_1_78' title="bbox 2182 3295 3777 3368; baseline 0.003 -18"><span class='ocrx_word' id='word_1_630' title='bbox 2182 3306 2290 3350; x_wconf 82' lang='lat' dir='ltr'><strong>tas.</strong></span> <span class='ocrx_word' id='word_1_631' title='bbox 2319 3295 2363 3352; x_wconf 92' lang='grc' dir='ltr'>Ο</span> <span class='ocrx_word' id='word_1_632' title='bbox 2394 3296 2579 3361; x_wconf 86' lang='lat' dir='ltr'><strong>homo,</strong></span> <span class='ocrx_word' id='word_1_633' title='bbox 2611 3297 2665 3351; x_wconf 93' lang='lat' dir='ltr'><strong>in</strong></span> <span class='ocrx_word' id='word_1_634' title='bbox 2701 3297 3061 3366; x_wconf 72' lang='lat' dir='ltr'><strong>prmceptione</strong></span> <span class='ocrx_word' id='word_1_635' title='bbox 3104 3311 3370 3367; x_wconf 85' lang='lat' dir='ltr'><strong>cognosce</strong></span> <span class='ocrx_word' id='word_1_636' title='bbox 3410 3298 3538 3368; x_wconf 91' lang='lat' dir='ltr'><strong>quid</strong></span> <span class='ocrx_word' id='word_1_637' title='bbox 3569 3300 3777 3354; x_wconf 82' lang='lat' dir='ltr'><strong>debeas</strong></span> 
     </span>
    </p>
   </div>
   <div class='ocr_carea' id='block_1_78' title="bbox 2187 3388 3774 3459">
    <p class='ocr_par' dir='ltr' id='par_1_78' title="bbox 2187 3388 3774 3459">
     <span class='ocr_line' id='line_1_79' title="bbox 2187 3388 3774 3459; baseline 0.003 -16"><span class='ocrx_word' id='word_1_638' title='bbox 2187 3388 2417 3454; x_wconf 88' lang='lat' dir='ltr'><strong>habere;</strong></span> <span class='ocrx_word' id='word_1_639' title='bbox 2470 3388 2523 3442; x_wconf 91' lang='lat' dir='ltr'><strong>in</strong></span> <span class='ocrx_word' id='word_1_640' title='bbox 2573 3389 2913 3458; x_wconf 81' lang='lat' dir='ltr'><strong>correptione</strong></span> <span class='ocrx_word' id='word_1_641' title='bbox 2956 3404 3221 3459; x_wconf 92' lang='lat' dir='ltr'><strong>cognosce</strong></span> <span class='ocrx_word' id='word_1_642' title='bbox 3265 3399 3355 3445; x_wconf 91' lang='lat' dir='ltr'><strong>tuo</strong></span> <span class='ocrx_word' id='word_1_643' title='bbox 3401 3398 3453 3444; x_wconf 91' lang='lat' dir='ltr'><strong>te</strong></span> <span class='ocrx_word' id='word_1_644' title='bbox 3486 3389 3619 3445; x_wconf 91' lang='lat' dir='ltr'><strong>vitio</strong></span> <span class='ocrx_word' id='word_1_645' title='bbox 3662 3406 3774 3448; x_wconf 86' lang='lat' dir='ltr'><strong>non</strong></span> 
     </span>
    </p>
   </div>
   <div class='ocr_carea' id='block_1_79' title="bbox 2186 3478 3772 3550">
    <p class='ocr_par' dir='ltr' id='par_1_79' title="bbox 2186 3478 3772 3550">
     <span class='ocr_line' id='line_1_80' title="bbox 2186 3478 3772 3550; baseline 0 -14"><span class='ocrx_word' id='word_1_646' title='bbox 2186 3481 2420 3546; x_wconf 88' lang='lat' dir='ltr'><strong>habere;</strong></span> <span class='ocrx_word' id='word_1_647' title='bbox 2474 3480 2526 3533; x_wconf 92' lang='lat' dir='ltr'><strong>in</strong></span> <span class='ocrx_word' id='word_1_648' title='bbox 2575 3479 2823 3534; x_wconf 89' lang='lat' dir='ltr'><strong>oratione</strong></span> <span class='ocrx_word' id='word_1_649' title='bbox 2851 3494 3119 3550; x_wconf 82' lang='lat' dir='ltr'><strong>cognosce</strong></span> <span class='ocrx_word' id='word_1_650' title='bbox 3158 3480 3302 3536; x_wconf 88' lang='lat' dir='ltr'><strong>unde</strong></span> <span class='ocrx_word' id='word_1_651' title='bbox 3337 3478 3573 3548; x_wconf 77' lang='lat' dir='ltr'><strong>accipias</strong></span> <span class='ocrx_word' id='word_1_652' title='bbox 3623 3482 3772 3550; x_wconf 88' lang='lat' dir='ltr'><strong>quod</strong></span> 
     </span>
    </p>
   </div>
   <div class='ocr_carea' id='block_1_80' title="bbox 2185 3572 2517 3627">
    <p class='ocr_par' dir='ltr' id='par_1_80' title="bbox 2185 3572 2517 3627">
     <span class='ocr_line' id='line_1_81' title="bbox 2185 3572 2517 3627; baseline -0.003 -1"><span class='ocrx_word' id='word_1_653' title='bbox 2185 3572 2269 3627; x_wconf 89' lang='lat' dir='ltr'><strong>vis</strong></span> <span class='ocrx_word' id='word_1_654' title='bbox 2298 3572 2517 3627; x_wconf 89' lang='lat' dir='ltr'><strong>habere.</strong></span> 
     </span>
    </p>
   </div>
   <div class='ocr_carea' id='block_1_81' title="bbox 2255 3663 3766 3737">
    <p class='ocr_par' dir='ltr' id='par_1_81' title="bbox 2255 3663 3766 3737">
     <span class='ocr_line' id='line_1_82' title="bbox 2255 3663 3766 3737; baseline 0.001 -16"><span class='ocrx_word' id='word_1_655' title='bbox 2255 3664 2322 3721; x_wconf 69' lang='grc' dir='ltr'><strong>γ’.</strong></span> <span class='ocrx_word' id='word_1_656' title='bbox 2356 3663 2506 3736; x_wconf 86' lang='lat' dir='ltr'><strong>(Cap.</strong></span> <span class='ocrx_word' id='word_1_657' title='bbox 2538 3664 2616 3736; x_wconf 82' lang='lat'><strong>5.)</strong></span> <span class='ocrx_word' id='word_1_658' title='bbox 2648 3664 2803 3732; x_wconf 85' lang='lat' dir='ltr'><strong>Quod</strong></span> <span class='ocrx_word' id='word_1_659' title='bbox 2834 3665 2947 3720; x_wconf 90' lang='lat' dir='ltr'><strong>vult</strong></span> <span class='ocrx_word' id='word_1_660' title='bbox 2968 3681 3064 3737; x_wconf 90' lang='lat' dir='ltr'><strong>pro</strong></span> <span class='ocrx_word' id='word_1_661' title='bbox 3087 3681 3145 3721; x_wconf 91' lang='lat' dir='ltr'><strong>se</strong></span> <span class='ocrx_word' id='word_1_662' title='bbox 3173 3666 3287 3721; x_wconf 88' lang='lat' dir='ltr'><strong>ﬁeri</strong></span> <span class='ocrx_word' id='word_1_663' title='bbox 3321 3666 3412 3735; x_wconf 91' lang='lat' dir='ltr'><strong>qui</strong></span> <span class='ocrx_word' id='word_1_664' title='bbox 3441 3665 3643 3737; x_wconf 84' lang='lat' dir='ltr'><strong>corripi</strong></span> <span class='ocrx_word' id='word_1_665' title='bbox 3660 3681 3766 3722; x_wconf 88' lang='lat' dir='ltr'><strong>non</strong></span> 
     </span>
    </p>
   </div>
   <div class='ocr_carea' id='block_1_82' title="bbox 2184 3754 3761 3825">
    <p class='ocr_par' dir='ltr' id='par_1_82' title="bbox 2184 3754 3761 3825">
     <span class='ocr_line' id='line_1_83' title="bbox 2184 3754 3761 3825; baseline 0.001 -18"><span class='ocrx_word' id='word_1_666' title='bbox 2184 3754 2318 3821; x_wconf 86' lang='lat' dir='ltr'><strong>vult,</strong></span> <span class='ocrx_word' id='word_1_667' title='bbox 2356 3762 2411 3810; x_wconf 93' lang='lat' dir='ltr'><strong>et</strong></span> <span class='ocrx_word' id='word_1_668' title='bbox 2442 3755 2574 3809; x_wconf 90' lang='lat' dir='ltr'><strong>dicit</strong></span> <span class='ocrx_word' id='word_1_669' title='bbox 2599 3773 2611 3809; x_wconf 88' lang='lat'><strong>:</strong></span> <span class='ocrx_word' id='word_1_670' title='bbox 2645 3755 2750 3811; x_wconf 91' lang='lat' dir='ltr'><strong>Ora</strong></span> <span class='ocrx_word' id='word_1_671' title='bbox 2782 3755 2960 3825; x_wconf 86' lang='lat' dir='ltr'><strong>potius</strong></span> <span class='ocrx_word' id='word_1_672' title='bbox 2989 3771 3087 3825; x_wconf 92' lang='lat' dir='ltr'><strong>pro</strong></span> <span class='ocrx_word' id='word_1_673' title='bbox 3114 3771 3220 3818; x_wconf 90' lang='lat' dir='ltr'><strong>me,</strong></span> <span class='ocrx_word' id='word_1_674' title='bbox 3248 3756 3367 3811; x_wconf 86' lang='lat' dir='ltr'><strong>ideo</strong></span> <span class='ocrx_word' id='word_1_675' title='bbox 3395 3756 3761 3824; x_wconf 78' lang='lat' dir='ltr'><strong>corripiendus</strong></span> 
     </span>
    </p>
   </div>
   <div class='ocr_carea' id='block_1_83' title="bbox 2183 3845 3766 3918">
    <p class='ocr_par' dir='ltr' id='par_1_83' title="bbox 2183 3845 3766 3918">
     <span class='ocr_line' id='line_1_84' title="bbox 2183 3845 3766 3918; baseline -0.002 -16"><span class='ocrx_word' id='word_1_676' title='bbox 2183 3856 2284 3912; x_wconf 90' lang='lat' dir='ltr'><strong>est,</strong></span> <span class='ocrx_word' id='word_1_677' title='bbox 2318 3854 2377 3900; x_wconf 92' lang='lat' dir='ltr'><strong>ut</strong></span> <span class='ocrx_word' id='word_1_678' title='bbox 2416 3846 2580 3901; x_wconf 90' lang='lat' dir='ltr'><strong>faciat</strong></span> <span class='ocrx_word' id='word_1_679' title='bbox 2608 3847 2772 3900; x_wconf 86' lang='lat' dir='ltr'><strong>etiam</strong></span> <span class='ocrx_word' id='word_1_680' title='bbox 2820 3846 2935 3916; x_wconf 90' lang='lat' dir='ltr'><strong>ipse</strong></span> <span class='ocrx_word' id='word_1_681' title='bbox 2980 3862 3078 3918; x_wconf 88' lang='lat' dir='ltr'><strong>pro</strong></span> <span class='ocrx_word' id='word_1_682' title='bbox 3123 3863 3200 3903; x_wconf 91' lang='lat' dir='ltr'><strong>se.</strong></span> <span class='ocrx_word' id='word_1_683' title='bbox 3239 3847 3403 3902; x_wconf 91' lang='lat' dir='ltr'><strong>Dolor</strong></span> <span class='ocrx_word' id='word_1_684' title='bbox 3428 3847 3629 3917; x_wconf 90' lang='lat' dir='ltr'><strong>quippe</strong></span> <span class='ocrx_word' id='word_1_685' title='bbox 3656 3845 3766 3911; x_wconf 83' lang='lat' dir='ltr'><strong>ille,</strong></span> 
     </span>
    </p>
   </div>
   <div class='ocr_carea' id='block_1_84' title="bbox 2181 3930 3771 4011">
    <p class='ocr_par' dir='ltr' id='par_1_84' title="bbox 2181 3930 3771 4011">
     <span class='ocr_line' id='line_1_85' title="bbox 2181 3930 3771 4011; baseline -0.002 -17"><span class='ocrx_word' id='word_1_686' title='bbox 2181 3955 2292 4011; x_wconf 88' lang='lat' dir='ltr'><strong>quo</strong></span> <span class='ocrx_word' id='word_1_687' title='bbox 2326 3930 2432 3997; x_wconf 77' lang='lat' dir='ltr'><strong>sibi</strong></span> <span class='ocrx_word' id='word_1_688' title='bbox 2477 3940 2725 4009; x_wconf 85' lang='lat' dir='ltr'><strong>displicet</strong></span> <span class='ocrx_word' id='word_1_689' title='bbox 2765 3940 2983 4010; x_wconf 89' lang='lat' dir='ltr'><strong>quando</strong></span> <span class='ocrx_word' id='word_1_690' title='bbox 3027 3942 3196 3995; x_wconf 90' lang='lat' dir='ltr'><strong>sentit</strong></span> <span class='ocrx_word' id='word_1_691' title='bbox 3234 3940 3593 4010; x_wconf 86' lang='lat' dir='ltr'><strong>correptionis</strong></span> <span class='ocrx_word' id='word_1_692' title='bbox 3644 3954 3771 3992; x_wconf 55' lang='lat' dir='ltr'><strong>acu-</strong></span> 
     </span>
    </p>
   </div>
   <div class='ocr_carea' id='block_1_85' title="bbox 2181 4031 3768 4102">
    <p class='ocr_par' dir='ltr' id='par_1_85' title="bbox 2181 4031 3768 4102">
     <span class='ocr_line' id='line_1_86' title="bbox 2181 4031 3768 4102; baseline -0.002 -17"><span class='ocrx_word' id='word_1_693' title='bbox 2181 4032 2345 4094; x_wconf 89' lang='lat' dir='ltr'><strong>leum,</strong></span> <span class='ocrx_word' id='word_1_694' title='bbox 2381 4032 2727 4086; x_wconf 80' lang='lat' dir='ltr'><strong>excitateum</strong></span> <span class='ocrx_word' id='word_1_695' title='bbox 2758 4033 2810 4086; x_wconf 92' lang='lat' dir='ltr'><strong>in</strong></span> <span class='ocrx_word' id='word_1_696' title='bbox 2837 4033 3055 4102; x_wconf 86' lang='lat' dir='ltr'><strong>majoris</strong></span> <span class='ocrx_word' id='word_1_697' title='bbox 3089 4033 3354 4087; x_wconf 84' lang='lat' dir='ltr'><strong>orationis</strong></span> <span class='ocrx_word' id='word_1_698' title='bbox 3384 4031 3660 4097; x_wconf 77' lang='lat' dir='ltr'><strong>affectum,</strong></span> <span class='ocrx_word' id='word_1_699' title='bbox 3687 4038 3768 4095; x_wconf 89' lang='lat' dir='ltr'><strong>ut,</strong></span> 
     </span>
    </p>
   </div>
   <div class='ocr_carea' id='block_1_86' title="bbox 2182 4119 3771 4188">
    <p class='ocr_par' dir='ltr' id='par_1_86' title="bbox 2182 4119 3771 4188">
     <span class='ocr_line' id='line_1_87' title="bbox 2182 4119 3771 4188; baseline 0 -13"><span class='ocrx_word' id='word_1_700' title='bbox 2182 4121 2293 4176; x_wconf 90' lang='lat' dir='ltr'><strong>Deo</strong></span> <span class='ocrx_word' id='word_1_701' title='bbox 2342 4123 2657 4186; x_wconf 83' lang='lat' dir='ltr'><strong>miserante,</strong></span> <span class='ocrx_word' id='word_1_702' title='bbox 2705 4122 3043 4176; x_wconf 91' lang='lat' dir='ltr'><strong>incremento</strong></span> <span class='ocrx_word' id='word_1_703' title='bbox 3086 4122 3371 4176; x_wconf 86' lang='lat' dir='ltr'><strong>charitatis</strong></span> <span class='ocrx_word' id='word_1_704' title='bbox 3398 4119 3641 4188; x_wconf 87' lang='lat' dir='ltr'><strong>adjutus,</strong></span> <span class='ocrx_word' id='word_1_705' title='bbox 3673 4121 3771 4175; x_wconf 81' lang='lat' dir='ltr'><strong>de-</strong></span> 
     </span>
    </p>
   </div>
   <div class='ocr_carea' id='block_1_87' title="bbox 2176 4211 3771 4283">
    <p class='ocr_par' dir='ltr' id='par_1_87' title="bbox 2176 4211 3771 4283">
     <span class='ocr_line' id='line_1_88' title="bbox 2176 4211 3771 4283; baseline 0.001 -18"><span class='ocrx_word' id='word_1_706' title='bbox 2176 4212 2325 4266; x_wconf 86' lang='lat' dir='ltr'><strong>sinat</strong></span> <span class='ocrx_word' id='word_1_707' title='bbox 2376 4228 2537 4281; x_wconf 87' lang='lat' dir='ltr'><strong>agere</strong></span> <span class='ocrx_word' id='word_1_708' title='bbox 2584 4213 2834 4282; x_wconf 86' lang='lat' dir='ltr'><strong>pudenda</strong></span> <span class='ocrx_word' id='word_1_709' title='bbox 2863 4221 2917 4266; x_wconf 88' lang='lat' dir='ltr'><strong>et</strong></span> <span class='ocrx_word' id='word_1_710' title='bbox 2963 4212 3212 4279; x_wconf 88' lang='lat' dir='ltr'><strong>dolenda,</strong></span> <span class='ocrx_word' id='word_1_711' title='bbox 3244 4221 3300 4266; x_wconf 88' lang='lat' dir='ltr'><strong>ct</strong></span> <span class='ocrx_word' id='word_1_712' title='bbox 3327 4220 3453 4283; x_wconf 88' lang='lat' dir='ltr'><strong>agat</strong></span> <span class='ocrx_word' id='word_1_713' title='bbox 3498 4211 3771 4267; x_wconf 82' lang='lat' dir='ltr'><strong>laudanda</strong></span> 
     </span>
    </p>
   </div>
   <div class='ocr_carea' id='block_1_88' title="bbox 2180 4304 2649 4376">
    <p class='ocr_par' dir='ltr' id='par_1_88' title="bbox 2180 4304 2649 4376">
     <span class='ocr_line' id='line_1_89' title="bbox 2180 4304 2649 4376; baseline 0.004 -19"><span class='ocrx_word' id='word_1_714' title='bbox 2180 4312 2342 4374; x_wconf 86' lang='lat' dir='ltr'><strong>atque</strong></span> <span class='ocrx_word' id='word_1_715' title='bbox 2369 4304 2649 4376; x_wconf 80' lang='lat' dir='ltr'><strong>gratanda.</strong></span> 
     </span>
    </p>
   </div>
   <div class='ocr_carea' id='block_1_89' title="bbox 2252 4394 3769 4467">
    <p class='ocr_par' dir='ltr' id='par_1_89' title="bbox 2252 4394 3769 4467">
     <span class='ocr_line' id='line_1_90' title="bbox 2252 4394 3769 4467; baseline -0.001 -17"><span class='ocrx_word' id='word_1_716' title='bbox 2252 4395 2337 4450; x_wconf 81' lang='lat' dir='ltr'><strong>Vl.</strong></span> <span class='ocrx_word' id='word_1_717' title='bbox 2369 4394 2554 4467; x_wconf 62' lang='lat' dir='ltr'><strong>(Ibid)</strong></span> <span class='ocrx_word' id='word_1_718' title='bbox 2587 4395 2959 4467; x_wconf 86' lang='lat' dir='ltr'><strong>Correptionis</strong></span> <span class='ocrx_word' id='word_1_719' title='bbox 2989 4397 3213 4461; x_wconf 86' lang='lat' dir='ltr'><strong>utilitas,</strong></span> <span class='ocrx_word' id='word_1_720' title='bbox 3241 4412 3363 4467; x_wconf 64' lang='lat' dir='ltr'><strong>qua:</strong></span> <span class='ocrx_word' id='word_1_721' title='bbox 3390 4411 3535 4451; x_wconf 91' lang='lat' dir='ltr'><strong>nunc</strong></span> <span class='ocrx_word' id='word_1_722' title='bbox 3567 4394 3769 4464; x_wconf 88' lang='lat' dir='ltr'><strong>major,</strong></span> 
     </span>
    </p>
   </div>
   <div class='ocr_carea' id='block_1_90' title="bbox 2183 4487 3774 4559">
    <p class='ocr_par' dir='ltr' id='par_1_90' title="bbox 2183 4487 3774 4559">
     <span class='ocr_line' id='line_1_91' title="bbox 2183 4487 3774 4559; baseline 0.001 -18"><span class='ocrx_word' id='word_1_723' title='bbox 2183 4502 2325 4542; x_wconf 89' lang='lat' dir='ltr'><strong>nunc</strong></span> <span class='ocrx_word' id='word_1_724' title='bbox 2366 4487 2563 4553; x_wconf 88' lang='lat' dir='ltr'><strong>minor,</strong></span> <span class='ocrx_word' id='word_1_725' title='bbox 2596 4503 2698 4559; x_wconf 85' lang='lat' dir='ltr'><strong>pro</strong></span> <span class='ocrx_word' id='word_1_726' title='bbox 2740 4497 3090 4557; x_wconf 89' lang='lat' dir='ltr'><strong>peccatorum</strong></span> <span class='ocrx_word' id='word_1_727' title='bbox 3127 4488 3439 4543; x_wconf 86' lang='lat' dir='ltr'><strong>diversitate</strong></span> <span class='ocrx_word' id='word_1_728' title='bbox 3478 4487 3774 4543; x_wconf 83' lang='lat' dir='ltr'><strong>salubriter</strong></span> 
     </span>
    </p>
   </div>
   <div class='ocr_carea' id='block_1_91' title="bbox 495 4562 3771 4652">
    <p class='ocr_par' dir='ltr' id='par_1_91' title="bbox 495 4562 3771 4652">
     <span class='ocr_line' id='line_1_92' title="bbox 495 4562 3771 4652; baseline 0.001 -20"><span class='ocrx_word' id='word_1_729' title='bbox 495 4598 517 4632; x_wconf 70' lang='grc' dir='ltr'><strong>ι</strong></span> <span class='ocrx_word' id='word_1_730' title='bbox 547 4580 614 4634; x_wconf 84' lang='lat' dir='ltr'><strong>Et</strong></span> <span class='ocrx_word' id='word_1_731' title='bbox 667 4581 817 4646; x_wconf 78' lang='lat' dir='ltr'><strong>dixi,</strong></span> <span class='ocrx_word' id='word_1_732' title='bbox 868 4597 1013 4637; x_wconf 88' lang='lat' dir='ltr'><strong>nunc</strong></span> <span class='ocrx_word' id='word_1_733' title='bbox 1063 4562 1227 4652; x_wconf 72' lang='lat' dir='ltr'><strong>ccepi,</strong></span> <span class='ocrx_word' id='word_1_734' title='bbox 1265 4584 1381 4640; x_wconf 55' lang='lat' dir='ltr'><strong>hac</strong></span> <span class='ocrx_word' id='word_1_735' title='bbox 1432 4593 1517 4640; x_wconf 77' lang='lat' dir='ltr'><strong>est</strong></span> <span class='ocrx_word' id='word_1_736' title='bbox 1568 4562 1792 4642; x_wconf 57' lang='lat' dir='ltr'><strong>mutatio</strong></span> <span class='ocrx_word' id='word_1_737' title='bbox 1840 4588 2076 4643; x_wconf 60' lang='lat' dir='ltr'><strong>dexterae</strong></span> <span class='ocrx_word' id='word_1_738' title='bbox 2104 4562 2154 4621; x_wconf 79' lang='lat' dir='ltr'><strong>D</strong></span> <span class='ocrx_word' id='word_1_739' title='bbox 2182 4579 2489 4643; x_wconf 87' lang='lat' dir='ltr'><strong>adhibetur,</strong></span> <span class='ocrx_word' id='word_1_740' title='bbox 2515 4587 2642 4635; x_wconf 92' lang='lat' dir='ltr'><strong>tunc</strong></span> <span class='ocrx_word' id='word_1_741' title='bbox 2682 4589 2768 4635; x_wconf 85' lang='lat' dir='ltr'><strong>est</strong></span> <span class='ocrx_word' id='word_1_742' title='bbox 2801 4581 3056 4647; x_wconf 89' lang='lat' dir='ltr'><strong>salubris,</strong></span> <span class='ocrx_word' id='word_1_743' title='bbox 3087 4582 3305 4651; x_wconf 89' lang='lat' dir='ltr'><strong>quando</strong></span> <span class='ocrx_word' id='word_1_744' title='bbox 3346 4594 3615 4650; x_wconf 86' lang='lat' dir='ltr'><strong>supernus</strong></span> <span class='ocrx_word' id='word_1_745' title='bbox 3651 4596 3771 4635; x_wconf 82' lang='lat' dir='ltr'><strong>me-</strong></span> 
     </span>
    </p>
   </div>
   <div class='ocr_carea' id='block_1_92' title="bbox 486 4672 1257 4746">
    <p class='ocr_par' dir='ltr' id='par_1_92' title="bbox 486 4672 1257 4746">
     <span class='ocr_line' id='line_1_93' title="bbox 486 4672 1257 4746; baseline 0.001 -21"><span class='ocrx_word' id='word_1_746' title='bbox 486 4688 519 4725; x_wconf 57' lang='grc' dir='ltr'><strong>υ(</strong></span> <span class='ocrx_word' id='word_1_747' title='bbox 551 4672 762 4728; x_wconf 85' lang='lat' dir='ltr'><strong>Excelsi</strong></span> <span class='ocrx_word' id='word_1_748' title='bbox 793 4673 964 4744; x_wconf 82' lang='lat' dir='ltr'><strong>(Psal.</strong></span> <span class='ocrx_word' id='word_1_749' title='bbox 995 4675 1204 4746; x_wconf 71' lang='lat' dir='ltr'><strong>LXXVI).</strong></span> <span class='ocrx_word' id='word_1_750' title='bbox 1239 4695 1257 4726; x_wconf 75' lang='grc' dir='ltr'><strong>ι</strong></span> 
     </span>
    </p>
   </div>
   <div class='ocr_carea' id='block_1_93' title="bbox 562 4763 2076 4834">
    <p class='ocr_par' dir='ltr' id='par_1_93' title="bbox 562 4763 2076 4834">
     <span class='ocr_line' id='line_1_94' title="bbox 562 4763 2076 4834; baseline 0.008 -18"><span class='ocrx_word' id='word_1_751' title='bbox 562 4763 626 4818; x_wconf 88' lang='lat' dir='ltr'><strong>ll.</strong></span> <span class='ocrx_word' id='word_1_752' title='bbox 645 4763 834 4834; x_wconf 85' lang='lat' dir='ltr'><strong>(Ibid.)</strong></span> <span class='ocrx_word' id='word_1_753' title='bbox 860 4764 1111 4821; x_wconf 87' lang='lat' dir='ltr'><strong>Liberum</strong></span> <span class='ocrx_word' id='word_1_754' title='bbox 1132 4768 1418 4823; x_wconf 91' lang='lat' dir='ltr'><strong>arbitrium</strong></span> <span class='ocrx_word' id='word_1_755' title='bbox 1441 4770 1573 4825; x_wconf 89' lang='lat' dir='ltr'><strong>etad</strong></span> <span class='ocrx_word' id='word_1_756' title='bbox 1588 4769 1787 4824; x_wconf 90' lang='lat' dir='ltr'><strong>malum</strong></span> <span class='ocrx_word' id='word_1_757' title='bbox 1816 4780 1872 4827; x_wconf 93' lang='lat' dir='ltr'><strong>et</strong></span> <span class='ocrx_word' id='word_1_758' title='bbox 1892 4772 1958 4827; x_wconf 90' lang='lat' dir='ltr'><strong>ad</strong></span> <span class='ocrx_word' id='word_1_759' title='bbox 1987 4773 2076 4828; x_wconf 83' lang='lat' dir='ltr'><strong>ho-</strong></span> 
     </span>
    </p>
   </div>
   <div class='ocr_carea' id='block_1_94' title="bbox 491 4854 2075 4919">
    <p class='ocr_par' dir='ltr' id='par_1_94' title="bbox 491 4854 2075 4919">
     <span class='ocr_line' id='line_1_95' title="bbox 491 4854 2075 4919; baseline 0.006 -9"><span class='ocrx_word' id='word_1_760' title='bbox 491 4869 621 4910; x_wconf 88' lang='lat' dir='ltr'><strong>num</strong></span> <span class='ocrx_word' id='word_1_761' title='bbox 670 4854 973 4910; x_wconf 89' lang='lat' dir='ltr'><strong>faciendum</strong></span> <span class='ocrx_word' id='word_1_762' title='bbox 1021 4855 1389 4913; x_wconf 90' lang='lat' dir='ltr'><strong>conﬁtendum</strong></span> <span class='ocrx_word' id='word_1_763' title='bbox 1434 4870 1517 4915; x_wconf 91' lang='lat' dir='ltr'><strong>est</strong></span> <span class='ocrx_word' id='word_1_764' title='bbox 1548 4876 1644 4916; x_wconf 92' lang='lat' dir='ltr'><strong>nos</strong></span> <span class='ocrx_word' id='word_1_765' title='bbox 1693 4862 1912 4917; x_wconf 87' lang='lat' dir='ltr'><strong>habere.</strong></span> <span class='ocrx_word' id='word_1_766' title='bbox 1964 4862 2075 4919; x_wconf 89' lang='lat' dir='ltr'><strong>Sed</strong></span> 
     </span>
    </p>
   </div>
   <div class='ocr_carea' id='block_1_95' title="bbox 492 4944 2074 5021">
    <p class='ocr_par' dir='ltr' id='par_1_95' title="bbox 492 4944 2074 5021">
     <span class='ocr_line' id='line_1_96' title="bbox 492 4944 2074 5021; baseline 0.004 -19"><span class='ocrx_word' id='word_1_767' title='bbox 492 4944 549 5002; x_wconf 81' lang='lat' dir='ltr'><strong>in</strong></span> <span class='ocrx_word' id='word_1_768' title='bbox 596 4945 735 5000; x_wconf 91' lang='lat' dir='ltr'><strong>malo</strong></span> <span class='ocrx_word' id='word_1_769' title='bbox 764 4944 1007 5001; x_wconf 86' lang='lat' dir='ltr'><strong>faciendo</strong></span> <span class='ocrx_word' id='word_1_770' title='bbox 1038 4946 1172 5002; x_wconf 90' lang='lat' dir='ltr'><strong>liber</strong></span> <span class='ocrx_word' id='word_1_771' title='bbox 1200 4956 1284 5002; x_wconf 86' lang='lat' dir='ltr'><strong>est</strong></span> <span class='ocrx_word' id='word_1_772' title='bbox 1320 4949 1548 5020; x_wconf 90' lang='lat' dir='ltr'><strong>quisque</strong></span> <span class='ocrx_word' id='word_1_773' title='bbox 1581 4950 1829 5021; x_wconf 78' lang='lat' dir='ltr'><strong>justitize,</strong></span> <span class='ocrx_word' id='word_1_774' title='bbox 1860 4967 2074 5008; x_wconf 88' lang='lat' dir='ltr'><strong>servus-</strong></span> 
     </span>
    </p>
   </div>
   <div class='ocr_carea' id='block_1_96' title="bbox 492 5036 2068 5113">
    <p class='ocr_par' dir='ltr' id='par_1_96' title="bbox 492 5036 2068 5113">
     <span class='ocr_line' id='line_1_97' title="bbox 492 5036 2068 5113; baseline 0.007 -24"><span class='ocrx_word' id='word_1_775' title='bbox 492 5050 599 5107; x_wconf 88' lang='lat' dir='ltr'><strong>que</strong></span> <span class='ocrx_word' id='word_1_776' title='bbox 630 5036 867 5106; x_wconf 83' lang='lat' dir='ltr'><strong>peccati;</strong></span> <span class='ocrx_word' id='word_1_777' title='bbox 906 5037 961 5092; x_wconf 91' lang='lat' dir='ltr'><strong>in</strong></span> <span class='ocrx_word' id='word_1_778' title='bbox 983 5038 1125 5093; x_wconf 91' lang='lat' dir='ltr'><strong>bono</strong></span> <span class='ocrx_word' id='word_1_779' title='bbox 1154 5047 1335 5093; x_wconf 90' lang='lat' dir='ltr'><strong>autem</strong></span> <span class='ocrx_word' id='word_1_780' title='bbox 1363 5040 1499 5094; x_wconf 89' lang='lat' dir='ltr'><strong>liber</strong></span> <span class='ocrx_word' id='word_1_781' title='bbox 1524 5054 1642 5096; x_wconf 90' lang='lat' dir='ltr'><strong>esse</strong></span> <span class='ocrx_word' id='word_1_782' title='bbox 1667 5041 1843 5098; x_wconf 90' lang='lat' dir='ltr'><strong>nullus</strong></span> <span class='ocrx_word' id='word_1_783' title='bbox 1866 5052 2068 5113; x_wconf 82' lang='lat' dir='ltr'><strong>potest,</strong></span> 
     </span>
    </p>
   </div>
   <div class='ocr_carea' id='block_1_97' title="bbox 494 5128 2071 5201">
    <p class='ocr_par' dir='ltr' id='par_1_97' title="bbox 494 5128 2071 5201">
     <span class='ocr_line' id='line_1_98' title="bbox 494 5128 2071 5201; baseline 0.004 -18"><span class='ocrx_word' id='word_1_784' title='bbox 494 5128 599 5183; x_wconf 90' lang='lat' dir='ltr'><strong>nisi</strong></span> <span class='ocrx_word' id='word_1_785' title='bbox 628 5128 792 5184; x_wconf 90' lang='lat' dir='ltr'><strong>fuerit</strong></span> <span class='ocrx_word' id='word_1_786' title='bbox 817 5129 1079 5185; x_wconf 79' lang='lat' dir='ltr'><strong>liberat-us</strong></span> <span class='ocrx_word' id='word_1_787' title='bbox 1105 5130 1173 5185; x_wconf 87' lang='lat' dir='ltr'><strong>ab</strong></span> <span class='ocrx_word' id='word_1_788' title='bbox 1200 5146 1266 5186; x_wconf 91' lang='lat' dir='ltr'><strong>eo</strong></span> <span class='ocrx_word' id='word_1_789' title='bbox 1295 5132 1387 5201; x_wconf 90' lang='lat' dir='ltr'><strong>qui</strong></span> <span class='ocrx_word' id='word_1_790' title='bbox 1426 5132 1562 5187; x_wconf 81' lang='lat' dir='ltr'><strong>dixit</strong></span> <span class='ocrx_word' id='word_1_791' title='bbox 1592 5150 1605 5187; x_wconf 94' lang='lat'><strong>:</strong></span> <span class='ocrx_word' id='word_1_792' title='bbox 1646 5152 1663 5184; x_wconf 82' lang='grc' dir='ltr'><strong>ι</strong></span> <span class='ocrx_word' id='word_1_793' title='bbox 1701 5133 1756 5188; x_wconf 92' lang='lat' dir='ltr'><strong>Si</strong></span> <span class='ocrx_word' id='word_1_794' title='bbox 1798 5151 1894 5190; x_wconf 91' lang='lat' dir='ltr'><strong>vos</strong></span> <span class='ocrx_word' id='word_1_795' title='bbox 1931 5135 2071 5191; x_wconf 90' lang='lat' dir='ltr'><strong>ﬁlius</strong></span> 
     </span>
    </p>
   </div>
   <div class='ocr_carea' id='block_1_98' title="bbox 501 5219 2067 5297">
    <p class='ocr_par' dir='ltr' id='par_1_98' title="bbox 501 5219 2067 5297">
     <span class='ocr_line' id='line_1_99' title="bbox 501 5219 2067 5297; baseline 0.004 -25"><span class='ocrx_word' id='word_1_796' title='bbox 501 5219 888 5279; x_wconf 66' lang='lat' dir='ltr'><strong>«liberaverit.</strong></span> <span class='ocrx_word' id='word_1_797' title='bbox 933 5232 1058 5277; x_wconf 90' lang='lat' dir='ltr'><strong>tunc</strong></span> <span class='ocrx_word' id='word_1_798' title='bbox 1104 5239 1229 5279; x_wconf 89' lang='lat' dir='ltr'><strong>vere</strong></span> <span class='ocrx_word' id='word_1_799' title='bbox 1271 5225 1425 5279; x_wconf 89' lang='lat' dir='ltr'><strong>liberi</strong></span> <span class='ocrx_word' id='word_1_800' title='bbox 1469 5225 1624 5281; x_wconf 89' lang='lat' dir='ltr'><strong>eritis</strong></span> <span class='ocrx_word' id='word_1_801' title='bbox 1667 5225 1848 5297; x_wconf 80' lang='lat' dir='ltr'><strong>(Joan.</strong></span> <span class='ocrx_word' id='word_1_802' title='bbox 1893 5226 2013 5295; x_wconf 86' lang='lat' dir='ltr'><strong>vn).</strong></span> <span class='ocrx_word' id='word_1_803' title='bbox 2049 5246 2067 5279; x_wconf 75' lang='grc' dir='ltr'><strong>ι</strong></span> 
     </span>
    </p>
   </div>
   <div class='ocr_carea' id='block_1_99' title="bbox 484 5312 2073 5389">
    <p class='ocr_par' dir='ltr' id='par_1_99' title="bbox 484 5312 2073 5389">
     <span class='ocr_line' id='line_1_100' title="bbox 484 5312 2073 5389; baseline 0.003 -21"><span class='ocrx_word' id='word_1_804' title='bbox 484 5312 606 5370; x_wconf 84' lang='lat' dir='ltr'><strong>&#39;Nec</strong></span> <span class='ocrx_word' id='word_1_805' title='bbox 633 5314 707 5367; x_wconf 88' lang='lat' dir='ltr'><strong>ita</strong></span> <span class='ocrx_word' id='word_1_806' title='bbox 736 5324 793 5368; x_wconf 92' lang='lat' dir='ltr'><strong>ut</strong></span> <span class='ocrx_word' id='word_1_807' title='bbox 826 5330 946 5368; x_wconf 91' lang='lat' dir='ltr'><strong>cum</strong></span> <span class='ocrx_word' id='word_1_808' title='bbox 977 5314 1206 5385; x_wconf 86' lang='lat' dir='ltr'><strong>quisque</strong></span> <span class='ocrx_word' id='word_1_809' title='bbox 1232 5314 1392 5371; x_wconf 88' lang='lat' dir='ltr'><strong>fuerit</strong></span> <span class='ocrx_word' id='word_1_810' title='bbox 1418 5333 1447 5371; x_wconf 91' lang='lat' dir='ltr'><strong>a</strong></span> <span class='ocrx_word' id='word_1_811' title='bbox 1475 5318 1683 5389; x_wconf 87' lang='lat' dir='ltr'><strong>peccati</strong></span> <span class='ocrx_word' id='word_1_812' title='bbox 1707 5317 2073 5372; x_wconf 87' lang='lat' dir='ltr'><strong>dominatione</strong></span> 
     </span>
    </p>
   </div>
   <div class='ocr_carea' id='block_1_100' title="bbox 493 5405 2070 5479">
    <p class='ocr_par' dir='ltr' id='par_1_100' title="bbox 493 5405 2070 5479">
     <span class='ocr_line' id='line_1_101' title="bbox 493 5405 2070 5479; baseline 0.002 -17"><span class='ocrx_word' id='word_1_813' title='bbox 493 5405 776 5472; x_wconf 83' lang='lat' dir='ltr'><strong>liberatus,</strong></span> <span class='ocrx_word' id='word_1_814' title='bbox 819 5406 932 5475; x_wconf 89' lang='lat' dir='ltr'><strong>jam</strong></span> <span class='ocrx_word' id='word_1_815' title='bbox 965 5423 1071 5463; x_wconf 92' lang='lat' dir='ltr'><strong>non</strong></span> <span class='ocrx_word' id='word_1_816' title='bbox 1101 5408 1339 5479; x_wconf 87' lang='lat' dir='ltr'><strong>indigeat</strong></span> <span class='ocrx_word' id='word_1_817' title='bbox 1378 5409 1459 5465; x_wconf 90' lang='lat' dir='ltr'><strong>sui</strong></span> <span class='ocrx_word' id='word_1_818' title='bbox 1488 5409 1794 5465; x_wconf 87' lang='lat' dir='ltr'><strong>liberatoris</strong></span> <span class='ocrx_word' id='word_1_819' title='bbox 1830 5409 2070 5473; x_wconf 77' lang='lat' dir='ltr'><strong>auxilio;</strong></span> 
     </span>
    </p>
   </div>
   <div class='ocr_carea' id='block_1_101' title="bbox 485 5495 2069 5567">
    <p class='ocr_par' dir='ltr' id='par_1_101' title="bbox 485 5495 2069 5567">
     <span class='ocr_line' id='line_1_102' title="bbox 485 5495 2069 5567; baseline 0.001 -15"><span class='ocrx_word' id='word_1_820' title='bbox 485 5495 589 5552; x_wconf 69' lang='lat' dir='ltr'><strong>sed</strong></span> <span class='ocrx_word' id='word_1_821' title='bbox 617 5496 691 5551; x_wconf 88' lang='lat' dir='ltr'><strong>ita</strong></span> <span class='ocrx_word' id='word_1_822' title='bbox 728 5498 932 5567; x_wconf 87' lang='lat' dir='ltr'><strong>potius,</strong></span> <span class='ocrx_word' id='word_1_823' title='bbox 970 5507 1033 5551; x_wconf 89' lang='lat' dir='ltr'><strong>ut</strong></span> <span class='ocrx_word' id='word_1_824' title='bbox 1073 5499 1258 5554; x_wconf 79' lang='lat' dir='ltr'><strong>abillo</strong></span> <span class='ocrx_word' id='word_1_825' title='bbox 1288 5501 1511 5557; x_wconf 88' lang='lat' dir='ltr'><strong>audiens</strong></span> <span class='ocrx_word' id='word_1_826' title='bbox 1543 5520 1556 5555; x_wconf 87' lang='lat'><strong>:</strong></span> <span class='ocrx_word' id='word_1_827' title='bbox 1595 5520 1614 5553; x_wconf 81' lang='grc' dir='ltr'><strong>ι</strong></span> <span class='ocrx_word' id='word_1_828' title='bbox 1648 5499 1779 5557; x_wconf 89' lang='lat' dir='ltr'><strong>Sine</strong></span> <span class='ocrx_word' id='word_1_829' title='bbox 1820 5518 1907 5557; x_wconf 90' lang='lat' dir='ltr'><strong>me</strong></span> <span class='ocrx_word' id='word_1_830' title='bbox 1937 5501 2069 5557; x_wconf 90' lang='lat' dir='ltr'><strong>nihil</strong></span> 
     </span>
    </p>
   </div>
   <div class='ocr_carea' id='block_1_102' title="bbox 498 5588 2069 5663">
    <p class='ocr_par' dir='ltr' id='par_1_102' title="bbox 498 5588 2069 5663">
     <span class='ocr_line' id='line_1_103' title="bbox 498 5588 2069 5663; baseline 0.004 -24"><span class='ocrx_word' id='word_1_831' title='bbox 498 5607 519 5639; x_wconf 70' lang='grc' dir='ltr'>α</span> <span class='ocrx_word' id='word_1_832' title='bbox 552 5589 780 5658; x_wconf 86' lang='lat' dir='ltr'><strong>potestis</strong></span> <span class='ocrx_word' id='word_1_833' title='bbox 828 5588 1007 5645; x_wconf 89' lang='lat' dir='ltr'><strong>facere</strong></span> <span class='ocrx_word' id='word_1_834' title='bbox 1057 5591 1237 5662; x_wconf 81' lang='lat' dir='ltr'><strong>(Joan.</strong></span> <span class='ocrx_word' id='word_1_835' title='bbox 1283 5596 1372 5663; x_wconf 79' lang='lat' dir='ltr'><strong>xv)</strong></span> <span class='ocrx_word' id='word_1_836' title='bbox 1398 5634 1413 5659; x_wconf 95' lang='lat'><strong>,</strong></span> <span class='ocrx_word' id='word_1_837' title='bbox 1455 5612 1473 5645; x_wconf 77' lang='grc' dir='ltr'><strong>ι</strong></span> <span class='ocrx_word' id='word_1_838' title='bbox 1521 5593 1669 5649; x_wconf 88' lang='lat' dir='ltr'><strong>dicat</strong></span> <span class='ocrx_word' id='word_1_839' title='bbox 1713 5595 1763 5649; x_wconf 92' lang='lat' dir='ltr'><strong>ei</strong></span> <span class='ocrx_word' id='word_1_840' title='bbox 1808 5602 1863 5648; x_wconf 89' lang='lat' dir='ltr'><strong>et</strong></span> <span class='ocrx_word' id='word_1_841' title='bbox 1906 5595 2069 5663; x_wconf 80' lang='lat' dir='ltr'><strong>ipse:</strong></span> 
     </span>
    </p>
   </div>
   <div class='ocr_carea' id='block_1_103' title="bbox 501 5682 2066 5759">
    <p class='ocr_par' dir='ltr' id='par_1_103' title="bbox 501 5682 2066 5759">
     <span class='ocr_line' id='line_1_104' title="bbox 501 5682 2066 5759; baseline 0.004 -25"><span class='ocrx_word' id='word_1_842' title='bbox 501 5701 521 5734; x_wconf 77' lang='grc' dir='ltr'><strong>ι</strong></span> <span class='ocrx_word' id='word_1_843' title='bbox 568 5682 793 5753; x_wconf 77' lang='lat' dir='ltr'><strong>Adjutor</strong></span> <span class='ocrx_word' id='word_1_844' title='bbox 838 5700 991 5740; x_wconf 88' lang='lat' dir='ltr'><strong>meus</strong></span> <span class='ocrx_word' id='word_1_845' title='bbox 1040 5694 1177 5755; x_wconf 89' lang='lat' dir='ltr'><strong>esto,</strong></span> <span class='ocrx_word' id='word_1_846' title='bbox 1239 5702 1305 5744; x_wconf 92' lang='lat' dir='ltr'><strong>ne</strong></span> <span class='ocrx_word' id='word_1_847' title='bbox 1351 5687 1695 5759; x_wconf 84' lang='lat' dir='ltr'><strong>derelinquas</strong></span> <span class='ocrx_word' id='word_1_848' title='bbox 1739 5702 1824 5743; x_wconf 90' lang='lat' dir='ltr'><strong>me</strong></span> <span class='ocrx_word' id='word_1_849' title='bbox 1871 5685 2066 5758; x_wconf 68' lang='lat' dir='ltr'><strong>(Paul.</strong></span> 
     </span>
    </p>
   </div>
   <div class='ocr_carea' id='block_1_104' title="bbox 494 5776 1045 5843">
    <p class='ocr_par' dir='ltr' id='par_1_104' title="bbox 494 5776 1045 5843">
     <span class='ocr_line' id='line_1_105' title="bbox 494 5776 1045 5843; baseline 0.011 -14"><span class='ocrx_word' id='word_1_850' title='bbox 494 5776 665 5843; x_wconf 70' lang='lat' dir='ltr'><strong>nvi),</strong></span> <span class='ocrx_word' id='word_1_851' title='bbox 697 5794 714 5828; x_wconf 69' lang='grc' dir='ltr'><strong>ι</strong></span> <span class='ocrx_word' id='word_1_852' title='bbox 750 5784 802 5832; x_wconf 91' lang='lat' dir='ltr'><strong>et</strong></span> <span class='ocrx_word' id='word_1_853' title='bbox 831 5778 1045 5835; x_wconf 82' lang='lat' dir='ltr'><strong>caetera.</strong></span> 
     </span>
    </p>
   </div>
   <div class='ocr_carea' id='block_1_105' title="bbox 2181 4674 3771 4753">
    <p class='ocr_par' dir='ltr' id='par_1_105' title="bbox 2181 4674 3771 4753">
     <span class='ocr_line' id='line_1_106' title="bbox 2181 4674 3771 4753; baseline -0.001 -23"><span class='ocrx_word' id='word_1_854' title='bbox 2181 4675 2333 4753; x_wconf 86' lang='lat' dir='ltr'><strong>dicus</strong></span> <span class='ocrx_word' id='word_1_855' title='bbox 2372 4676 2612 4745; x_wconf 89' lang='lat' dir='ltr'><strong>respicit.</strong></span> <span class='ocrx_word' id='word_1_856' title='bbox 2647 4675 2763 4730; x_wconf 81' lang='lat' dir='ltr'><strong>Non</strong></span> <span class='ocrx_word' id='word_1_857' title='bbox 2806 4676 2951 4731; x_wconf 89' lang='lat' dir='ltr'><strong>enim</strong></span> <span class='ocrx_word' id='word_1_858' title='bbox 2983 4675 3185 4746; x_wconf 84' lang='lat' dir='ltr'><strong>aliquid</strong></span> <span class='ocrx_word' id='word_1_859' title='bbox 3224 4675 3458 4744; x_wconf 86' lang='lat' dir='ltr'><strong>proﬁcit,</strong></span> <span class='ocrx_word' id='word_1_860' title='bbox 3509 4674 3610 4729; x_wconf 88' lang='lat' dir='ltr'><strong>nisi</strong></span> <span class='ocrx_word' id='word_1_861' title='bbox 3643 4690 3771 4729; x_wconf 91' lang='lat' dir='ltr'><strong>cum</strong></span> 
     </span>
    </p>
   </div>
   <div class='ocr_carea' id='block_1_106' title="bbox 2182 4764 3771 4836">
    <p class='ocr_par' dir='ltr' id='par_1_106' title="bbox 2182 4764 3771 4836">
     <span class='ocr_line' id='line_1_107' title="bbox 2182 4764 3771 4836; baseline 0.001 -16"><span class='ocrx_word' id='word_1_862' title='bbox 2182 4764 2310 4820; x_wconf 85' lang='lat' dir='ltr'><strong>fecit</strong></span> <span class='ocrx_word' id='word_1_863' title='bbox 2341 4775 2400 4820; x_wconf 91' lang='lat' dir='ltr'><strong>ut</strong></span> <span class='ocrx_word' id='word_1_864' title='bbox 2425 4767 2633 4836; x_wconf 88' lang='lat' dir='ltr'><strong>peccati</strong></span> <span class='ocrx_word' id='word_1_865' title='bbox 2665 4766 2747 4820; x_wconf 92' lang='lat' dir='ltr'><strong>sui</strong></span> <span class='ocrx_word' id='word_1_866' title='bbox 2794 4782 3063 4836; x_wconf 89' lang='lat' dir='ltr'><strong>quemque</strong></span> <span class='ocrx_word' id='word_1_867' title='bbox 3104 4768 3381 4836; x_wconf 72' lang='lat' dir='ltr'><strong>pmniteat.</strong></span> <span class='ocrx_word' id='word_1_868' title='bbox 3411 4766 3476 4819; x_wconf 88' lang='lat' dir='ltr'><strong>Et</strong></span> <span class='ocrx_word' id='word_1_869' title='bbox 3506 4766 3630 4835; x_wconf 79' lang='lat' dir='ltr'><strong>quis</strong></span> <span class='ocrx_word' id='word_1_870' title='bbox 3662 4766 3771 4822; x_wconf 84' lang='lat' dir='ltr'><strong>hoc</strong></span> 
     </span>
    </p>
   </div>
   <div class='ocr_carea' id='block_1_107' title="bbox 2176 4854 3767 4926">
    <p class='ocr_par' dir='ltr' id='par_1_107' title="bbox 2176 4854 3767 4926">
     <span class='ocr_line' id='line_1_108' title="bbox 2176 4854 3767 4926; baseline -0.001 -17"><span class='ocrx_word' id='word_1_871' title='bbox 2176 4854 2289 4921; x_wconf 89' lang='lat' dir='ltr'><strong>dat,</strong></span> <span class='ocrx_word' id='word_1_872' title='bbox 2336 4856 2439 4911; x_wconf 84' lang='lat' dir='ltr'><strong>nisi</strong></span> <span class='ocrx_word' id='word_1_873' title='bbox 2476 4856 2568 4925; x_wconf 91' lang='lat' dir='ltr'><strong>qui</strong></span> <span class='ocrx_word' id='word_1_874' title='bbox 2618 4857 2854 4926; x_wconf 78' lang='lat' dir='ltr'><strong>respexit</strong></span> <span class='ocrx_word' id='word_1_875' title='bbox 2889 4855 3188 4926; x_wconf 84' lang='lat' dir='ltr'><strong>apostolum</strong></span> <span class='ocrx_word' id='word_1_876' title='bbox 3222 4854 3442 4910; x_wconf 84' lang='lat' dir='ltr'><strong>Petrum</strong></span> <span class='ocrx_word' id='word_1_877' title='bbox 3475 4862 3767 4925; x_wconf 88' lang='lat' dir='ltr'><strong>negantem</strong></span> 
     </span>
    </p>
   </div>
   <div class='ocr_carea' id='block_1_108' title="bbox 2169 4948 2662 5005">
    <p class='ocr_par' dir='ltr' id='par_1_108' title="bbox 2169 4948 2662 5005">
     <span class='ocr_line' id='line_1_109' title="bbox 2169 4948 2662 5005; baseline -0.004 0"><span class='ocrx_word' id='word_1_878' title='bbox 2169 4958 2230 5005; x_wconf 83' lang='lat' dir='ltr'><strong>et</strong></span> <span class='ocrx_word' id='word_1_879' title='bbox 2251 4948 2383 5005; x_wconf 88' lang='lat' dir='ltr'><strong>fecit</strong></span> <span class='ocrx_word' id='word_1_880' title='bbox 2407 4948 2662 5004; x_wconf 84' lang='lat' dir='ltr'><strong>flentem?</strong></span> 
     </span>
    </p>
   </div>
   <div class='ocr_carea' id='block_1_109' title="bbox 2248 5036 3771 5113">
    <p class='ocr_par' dir='ltr' id='par_1_109' title="bbox 2248 5036 3771 5113">
     <span class='ocr_line' id='line_1_110' title="bbox 2248 5036 3771 5113; baseline -0.003 -16"><span class='ocrx_word' id='word_1_881' title='bbox 2248 5041 2358 5097; x_wconf 71' lang='lat' dir='ltr'><strong>Vll.</strong></span> <span class='ocrx_word' id='word_1_882' title='bbox 2402 5041 2587 5113; x_wconf 67' lang='lat' dir='ltr'><strong>(Ibid)</strong></span> <span class='ocrx_word' id='word_1_883' title='bbox 2628 5041 2812 5096; x_wconf 89' lang='lat' dir='ltr'><strong>Potest</strong></span> <span class='ocrx_word' id='word_1_884' title='bbox 2844 5042 2986 5097; x_wconf 90' lang='lat' dir='ltr'><strong>Deus</strong></span> <span class='ocrx_word' id='word_1_885' title='bbox 3033 5056 3193 5112; x_wconf 89' lang='lat' dir='ltr'><strong>quem</strong></span> <span class='ocrx_word' id='word_1_886' title='bbox 3239 5040 3371 5103; x_wconf 89' lang='lat' dir='ltr'><strong>vult,</strong></span> <span class='ocrx_word' id='word_1_887' title='bbox 3418 5039 3583 5095; x_wconf 89' lang='lat' dir='ltr'><strong>etiam</strong></span> <span class='ocrx_word' id='word_1_888' title='bbox 3614 5036 3771 5093; x_wconf 85' lang='lat' dir='ltr'><strong>nullo</strong></span> 
     </span>
    </p>
   </div>
   <div class='ocr_carea' id='block_1_110' title="bbox 2176 5128 3765 5205">
    <p class='ocr_par' dir='ltr' id='par_1_110' title="bbox 2176 5128 3765 5205">
     <span class='ocr_line' id='line_1_111' title="bbox 2176 5128 3765 5205; baseline -0.004 -16"><span class='ocrx_word' id='word_1_889' title='bbox 2176 5133 2396 5189; x_wconf 86' lang='lat' dir='ltr'><strong>homine</strong></span> <span class='ocrx_word' id='word_1_890' title='bbox 2433 5132 2779 5202; x_wconf 89' lang='lat' dir='ltr'><strong>corripiente,</strong></span> <span class='ocrx_word' id='word_1_891' title='bbox 2813 5133 3108 5205; x_wconf 90' lang='lat' dir='ltr'><strong>corrigere,</strong></span> <span class='ocrx_word' id='word_1_892' title='bbox 3137 5141 3189 5188; x_wconf 90' lang='lat' dir='ltr'><strong>et</strong></span> <span class='ocrx_word' id='word_1_893' title='bbox 3222 5132 3288 5186; x_wconf 92' lang='lat' dir='ltr'><strong>ad</strong></span> <span class='ocrx_word' id='word_1_894' title='bbox 3323 5130 3565 5186; x_wconf 89' lang='lat' dir='ltr'><strong>dolorem</strong></span> <span class='ocrx_word' id='word_1_895' title='bbox 3610 5128 3765 5185; x_wconf 86' lang='lat' dir='ltr'><strong>salu-</strong></span> 
     </span>
    </p>
   </div>
   <div class='ocr_carea' id='block_1_111' title="bbox 2177 5221 3769 5294">
    <p class='ocr_par' dir='ltr' id='par_1_111' title="bbox 2177 5221 3769 5294">
     <span class='ocr_line' id='line_1_112' title="bbox 2177 5221 3769 5294; baseline -0.003 -16"><span class='ocrx_word' id='word_1_896' title='bbox 2177 5222 2331 5278; x_wconf 90' lang='lat' dir='ltr'><strong>brem</strong></span> <span class='ocrx_word' id='word_1_897' title='bbox 2361 5222 2694 5294; x_wconf 73' lang='lat' dir='ltr'><strong>ptenitentiae</strong></span> <span class='ocrx_word' id='word_1_898' title='bbox 2740 5222 3107 5278; x_wconf 89' lang='lat' dir='ltr'><strong>occultissima</strong></span> <span class='ocrx_word' id='word_1_899' title='bbox 3152 5231 3207 5277; x_wconf 89' lang='lat' dir='ltr'><strong>et</strong></span> <span class='ocrx_word' id='word_1_900' title='bbox 3236 5221 3608 5292; x_wconf 86' lang='lat' dir='ltr'><strong>potentissima</strong></span> <span class='ocrx_word' id='word_1_901' title='bbox 3649 5234 3769 5274; x_wconf 84' lang='lat' dir='ltr'><strong>me-</strong></span> 
     </span>
    </p>
   </div>
   <div class='ocr_carea' id='block_1_112' title="bbox 2179 5312 3767 5386">
    <p class='ocr_par' dir='ltr' id='par_1_112' title="bbox 2179 5312 3767 5386">
     <span class='ocr_line' id='line_1_113' title="bbox 2179 5312 3767 5386; baseline -0.001 -17"><span class='ocrx_word' id='word_1_902' title='bbox 2179 5314 2373 5370; x_wconf 77' lang='lat' dir='ltr'><strong>dicina:</strong></span> <span class='ocrx_word' id='word_1_903' title='bbox 2401 5331 2511 5371; x_wconf 80' lang='lat' dir='ltr'><strong>sua:</strong></span> <span class='ocrx_word' id='word_1_904' title='bbox 2538 5324 2801 5386; x_wconf 90' lang='lat' dir='ltr'><strong>potestate</strong></span> <span class='ocrx_word' id='word_1_905' title='bbox 2828 5316 3144 5386; x_wconf 81' lang='lat' dir='ltr'><strong>perducere.</strong></span> <span class='ocrx_word' id='word_1_906' title='bbox 3176 5314 3241 5369; x_wconf 86' lang='lat' dir='ltr'><strong>Et</strong></span> <span class='ocrx_word' id='word_1_907' title='bbox 3288 5314 3430 5368; x_wconf 89' lang='lat' dir='ltr'><strong>sicut</strong></span> <span class='ocrx_word' id='word_1_908' title='bbox 3459 5328 3564 5367; x_wconf 91' lang='lat' dir='ltr'><strong>non</strong></span> <span class='ocrx_word' id='word_1_909' title='bbox 3587 5320 3670 5366; x_wconf 74' lang='lat' dir='ltr'><strong>est</strong></span> <span class='ocrx_word' id='word_1_910' title='bbox 3694 5312 3767 5367; x_wconf 83' lang='lat' dir='ltr'><strong>ab</strong></span> 
     </span>
    </p>
   </div>
   <div class='ocr_carea' id='block_1_113' title="bbox 2178 5402 3761 5476">
    <p class='ocr_par' dir='ltr' id='par_1_113' title="bbox 2178 5402 3761 5476">
     <span class='ocr_line' id='line_1_114' title="bbox 2178 5402 3761 5476; baseline -0.004 -14"><span class='ocrx_word' id='word_1_911' title='bbox 2178 5407 2426 5462; x_wconf 87' lang='lat' dir='ltr'><strong>oratione</strong></span> <span class='ocrx_word' id='word_1_912' title='bbox 2453 5408 2775 5462; x_wconf 89' lang='lat' dir='ltr'><strong>cessandum</strong></span> <span class='ocrx_word' id='word_1_913' title='bbox 2808 5421 2905 5476; x_wconf 87' lang='lat' dir='ltr'><strong>pro</strong></span> <span class='ocrx_word' id='word_1_914' title='bbox 2930 5408 3011 5462; x_wconf 89' lang='lat' dir='ltr'><strong>eis</strong></span> <span class='ocrx_word' id='word_1_915' title='bbox 3053 5421 3190 5476; x_wconf 89' lang='lat' dir='ltr'><strong>quos</strong></span> <span class='ocrx_word' id='word_1_916' title='bbox 3237 5404 3437 5475; x_wconf 90' lang='lat' dir='ltr'><strong>corrigi</strong></span> <span class='ocrx_word' id='word_1_917' title='bbox 3488 5402 3761 5466; x_wconf 85' lang='lat' dir='ltr'><strong>volumus,</strong></span> 
     </span>
    </p>
   </div>
   <div class='ocr_carea' id='block_1_114' title="bbox 2179 5495 3765 5567">
    <p class='ocr_par' dir='ltr' id='par_1_114' title="bbox 2179 5495 3765 5567">
     <span class='ocr_line' id='line_1_115' title="bbox 2179 5495 3765 5567; baseline -0.003 -15"><span class='ocrx_word' id='word_1_918' title='bbox 2179 5497 2389 5552; x_wconf 89' lang='lat' dir='ltr'><strong>etiamsi</strong></span> <span class='ocrx_word' id='word_1_919' title='bbox 2420 5497 2567 5551; x_wconf 89' lang='lat' dir='ltr'><strong>nullo</strong></span> <span class='ocrx_word' id='word_1_920' title='bbox 2606 5498 2886 5551; x_wconf 90' lang='lat' dir='ltr'><strong>hominum</strong></span> <span class='ocrx_word' id='word_1_921' title='bbox 2924 5506 3116 5552; x_wconf 90' lang='lat' dir='ltr'><strong>orante</strong></span> <span class='ocrx_word' id='word_1_922' title='bbox 3146 5512 3244 5567; x_wconf 90' lang='lat' dir='ltr'><strong>pro</strong></span> <span class='ocrx_word' id='word_1_923' title='bbox 3284 5496 3466 5561; x_wconf 86' lang='lat' dir='ltr'><strong>Petro,</strong></span> <span class='ocrx_word' id='word_1_924' title='bbox 3499 5495 3765 5553; x_wconf 83' lang='lat' dir='ltr'><strong>Dominus</strong></span> 
     </span>
    </p>
   </div>
   <div class='ocr_carea' id='block_1_115' title="bbox 2178 5586 3761 5659">
    <p class='ocr_par' dir='ltr' id='par_1_115' title="bbox 2178 5586 3761 5659">
     <span class='ocr_line' id='line_1_116' title="bbox 2178 5586 3761 5659; baseline -0.002 -17"><span class='ocrx_word' id='word_1_925' title='bbox 2178 5589 2419 5658; x_wconf 83' lang='lat' dir='ltr'><strong>respexit</strong></span> <span class='ocrx_word' id='word_1_926' title='bbox 2449 5603 2572 5643; x_wconf 90' lang='lat' dir='ltr'><strong>eum</strong></span> <span class='ocrx_word' id='word_1_927' title='bbox 2603 5596 2658 5644; x_wconf 91' lang='lat' dir='ltr'><strong>et</strong></span> <span class='ocrx_word' id='word_1_928' title='bbox 2698 5588 2825 5644; x_wconf 90' lang='lat' dir='ltr'><strong>fecit</strong></span> <span class='ocrx_word' id='word_1_929' title='bbox 2856 5604 2978 5644; x_wconf 90' lang='lat' dir='ltr'><strong>eum</strong></span> <span class='ocrx_word' id='word_1_930' title='bbox 3007 5606 3165 5645; x_wconf 89' lang='lat' dir='ltr'><strong>suum</strong></span> <span class='ocrx_word' id='word_1_931' title='bbox 3201 5588 3330 5644; x_wconf 86' lang='lat' dir='ltr'><strong>ﬁere</strong></span> <span class='ocrx_word' id='word_1_932' title='bbox 3356 5595 3659 5659; x_wconf 86' lang='lat' dir='ltr'><strong>peccatum,</strong></span> <span class='ocrx_word' id='word_1_933' title='bbox 3684 5586 3761 5640; x_wconf 89' lang='lat' dir='ltr'><strong>ita</strong></span> 
     </span>
    </p>
   </div>
   <div class='ocr_carea' id='block_1_116' title="bbox 2179 5678 3763 5751">
    <p class='ocr_par' dir='ltr' id='par_1_116' title="bbox 2179 5678 3763 5751">
     <span class='ocr_line' id='line_1_117' title="bbox 2179 5678 3763 5751; baseline -0.003 -15"><span class='ocrx_word' id='word_1_934' title='bbox 2179 5695 2285 5736; x_wconf 93' lang='lat' dir='ltr'><strong>non</strong></span> <span class='ocrx_word' id='word_1_935' title='bbox 2311 5687 2396 5734; x_wconf 83' lang='lat' dir='ltr'><strong>est</strong></span> <span class='ocrx_word' id='word_1_936' title='bbox 2444 5679 2762 5751; x_wconf 85' lang='lat' dir='ltr'><strong>negligenda</strong></span> <span class='ocrx_word' id='word_1_937' title='bbox 2808 5680 3100 5750; x_wconf 90' lang='lat' dir='ltr'><strong>correptio,</strong></span> <span class='ocrx_word' id='word_1_938' title='bbox 3149 5680 3397 5750; x_wconf 84' lang='lat' dir='ltr'><strong>quamvis</strong></span> <span class='ocrx_word' id='word_1_939' title='bbox 3434 5678 3580 5733; x_wconf 90' lang='lat' dir='ltr'><strong>Deus</strong></span> <span class='ocrx_word' id='word_1_940' title='bbox 3620 5690 3763 5746; x_wconf 82' lang='lat' dir='ltr'><strong>quos</strong></span> 
     </span>
    </p>
   </div>
   <div class='ocr_carea' id='block_1_117' title="bbox 2179 5773 3756 5843">
    <p class='ocr_par' dir='ltr' id='par_1_117' title="bbox 2179 5773 3756 5843">
     <span class='ocr_line' id='line_1_118' title="bbox 2179 5773 3756 5843; baseline -0.004 -12"><span class='ocrx_word' id='word_1_941' title='bbox 2179 5774 2428 5841; x_wconf 87' lang='lat' dir='ltr'><strong>voluerit,</strong></span> <span class='ocrx_word' id='word_1_942' title='bbox 2461 5774 2623 5829; x_wconf 87' lang='lat' dir='ltr'><strong>etiam</strong></span> <span class='ocrx_word' id='word_1_943' title='bbox 2661 5790 2765 5829; x_wconf 89' lang='lat' dir='ltr'><strong>non</strong></span> <span class='ocrx_word' id='word_1_944' title='bbox 2803 5782 3098 5843; x_wconf 88' lang='lat' dir='ltr'><strong>correptos,</strong></span> <span class='ocrx_word' id='word_1_945' title='bbox 3134 5773 3434 5830; x_wconf 87' lang='lat' dir='ltr'><strong>faciatcsse</strong></span> <span class='ocrx_word' id='word_1_946' title='bbox 3458 5779 3756 5829; x_wconf 82' lang='lat' dir='ltr'><strong>correctos.</strong></span> 
     </span>
    </p>
   </div>
  </div>
