4032 6454
283 430 388 492 1Ξ9

1095 427 1187 487 DE
1224 429 1915 500 PREDESTINATIONE,
1957 431 2132 498 ETC.,
2174 432 2267 488 EX
2304 433 2726 492 AL'GCSTINO.

3435 436 3541 494 l50

276 547 433 604 Tunc
455 551 635 601 autem
662 544 1001 616 correptione
1025 546 1238 614 prolicit
1265 545 1448 609 homo,
1481 560 1602 599 cum
1632 543 1855 598 misere-
1887 552 1933 609 Α
1960 543 2339 612 peccatoribus
2385 544 2696 600 cruciﬁxus.
2727 543 2827 610 Qui
2853 544 3099 614 quamvis
3133 543 3218 599 die
3246 544 3410 599 tertio
3448 561 3536 603 rc-

274 644 367 690 tur
403 643 565 705 atque
586 635 802 706 adjuvat
826 633 915 703 qui
940 633 1071 688 facit
1112 649 1249 704 quos
1281 635 1508 690 voluerit
1533 635 1695 689 etiam
1736 634 1853 689 sine

272 726 623 795 correptione
647 725 931 794 proﬁcere.
1032 790 1039 799 _

348 815 478 870 Vill.
534 814 684 885 (Cap.
737 815 814 887 6.)
848 816 1186 887 Corripiatur
1228 832 1357 887 ergo
1387 814 1582 889 [origo]
1628 815 1853 869 damna-

270 907 418 973 bilis,
453 915 511 963 ιιι
537 921 606 961 ex
633 906 817 961 dolore
861 906 1218 977 correptionis
1266 906 1514 961 voluntas
1567 920 1853 977 regenera-

271 997 437 1053 tionis
464 998 695 1062 oriatur,
724 997 768 1052 si
796 1007 975 1051 tamen
1003 997 1093 1066 qui
1124 998 1416 1067 corripitur
1446 995 1588 1051 ﬁlius
1617 1007 1699 1050 est
1726 1012 1853 1065 pro-

271 1086 570 1152 missionis,
601 1096 658 1139 ut
697 1086 923 1155 strepitu
969 1087 1324 1156 correptionis
1367 1085 1667 1141 forinsecus
1709 1086 1853 1143 inso-

272 1185 442 1231 nante
465 1192 529 1232 ac
554 1176 877 1247 ﬁagellante,
910 1177 1051 1231 Deus
1089 1178 1142 1231 in
1173 1178 1262 1232 illo
1291 1179 1618 1234 intrinsecus
1641 1181 1851 1236 occulta

272 1266 625 1338 inspiratione
653 1276 906 1336 operetur
945 1275 1002 1321 et
1041 1266 1197 1323 velle.
1237 1268 1293 1323 Si
1326 1277 1509 1323 autem
1545 1267 1660 1338 jam
1705 1285 1854 1339 rege-

271 1369 503 1433 neratus
524 1358 918 1427 etjustiﬁcatus
945 1361 999 1415 in
1026 1361 1222 1416 malam
1260 1362 1425 1417 vitam
1451 1378 1545 1418 sua
1575 1363 1852 1419 voluntate

269 1450 553 1515 relabitur,
585 1459 733 1504 certe
763 1451 864 1505 iste
900 1465 1005 1504 non
1030 1460 1206 1520 potest
1232 1451 1414 1507 dicere
1443 1470 1455 1506 :
1489 1451 1604 1507 Non
1644 1454 1847 1522 accepi,

269 1540 364 1611 qui
386 1550 661 1610 acceptam
688 1539 784 1595 Dei
810 1541 1042 1611 gratiam
1077 1556 1175 1596 suo
1207 1542 1259 1596 in
1286 1542 1485 1597 malum
1516 1543 1687 1599 libero
1716 1544 1850 1599 ami-

266 1630 342 1686 sit
369 1630 617 1685 arbitrio.
648 1628 749 1696 Qui
785 1631 828 1685 si
869 1632 1209 1701 correptione
1243 1642 1597 1703 compunctus
1620 1634 1849 1689 salubri-

254 1730 354 1778 :ter
375 1721 621 1793 ingemit,
653 1729 707 1777 et
738 1723 805 1776 ad
850 1722 1048 1778 similia
1077 1724 1217 1778 bona
1255 1740 1420 1794 opera
1458 1724 1541 1780 vel
1583 1725 1748 1781 etiam
1779 1726 1847 1781 ad

266 1812 494 1868 meliora
519 1813 872 1879 convertitur,
922 1828 1115 1883 nempe
1157 1814 1245 1869 hic
1274 1816 1614 1884 apertissime
1643 1816 1845 1872 utilitas

1954 634 2193 689 surrexit
2220 648 2493 703 nunquam
2521 636 2815 690 moriturus
2838 633 3331 704 ulterius,'pertulit
3355 645 3537 693 tamen

1952 739 2052 793 pro
2080 724 2397 779 mortalibus
2421 734 2647 780 mortem
2673 745 2685 779 :
2711 728 2803 796 qui
2830 727 3055 781 mortuis
3069 727 3322 796 praestitit
3344 728 3534 795 vitam,

1952 822 2012 869 ut
2059 815 2323 883 redempti
2365 813 2481 883 ejus
2525 816 2809 885 sanguine,
2862 824 3012 871 tanto
3057 831 3120 870 ac
3171 816 3263 870 tali
3310 817 3540 887 pignore

1953 917 2175 978 accepto
2216 908 2501 963 dicerent:
2539 927 2557 959 ι
2600 907 2657 961 Si
2689 909 2829 964 Deus
2864 925 2962 979 pro
2989 908 3161 972 nobis,
3193 909 3315 979 quis
3342 920 3535 964 contra

1958 1014 1977 1048 ι
2026 996 2163 1051 nos?
2192 996 2283 1066 qui
2315 996 2533 1066 proprio
2562 995 2698 1050 Filio
2742 1012 2848 1050 non
2884 998 3148 1067 pepercit,
3185 998 3277 1051 sed
3314 1012 3412 1067 pro
3439 1013 3538 1052 no-

1956 1104 1975 1137 ι
2022 1088 2107 1141 bis
2150 1087 2400 1142 omnibus
2433 1087 2656 1141 tradidit
2686 1102 2838 1153 eum;
2873 1089 3144 1157 quomodo
3169 1104 3275 1144 non
3303 1098 3358 1144 et
3404 1103 3529 1143 cum

1958 1197 1976 1231 ι
2022 1177 2113 1233 illo
2142 1179 2324 1233 omnia
2360 1179 2515 1233 nobis
2542 1179 2799 1234 donavit?
2832 1198 2850 1229 ι
2887 1178 3063 1249 (Rom.
3097 1179 3163 1250 1.)

2021 1268 2159 1324 XlV.
2190 1266 2377 1339 (Ibid.)
2417 1270 2559 1323 Deus
2602 1278 2853 1323 naturam
2896 1278 3160 1334 nostram,
3192 1270 3245 1324 id
3270 1278 3378 1335 est,
3418 1270 3540 1326 ani-

1950 1375 2095 1415 mam
2126 1359 2466 1426 rationalem,
2510 1374 2841 1428 carnemque
2872 1359 3108 1413 hominis
3132 1358 3382 1415 Christus
3411 1376 3534 1415 sus-

1950 1452 2124 1522 cepit,
2170 1452 2513 1522 susceptione
2541 1452 2886 1523 singulariter
2909 1451 3165 1517 mirabili,
3192 1452 3277 1505 vel
3314 1453 3537 1507 mirabi—

1948 1539 2071 1595 liter
2101 1540 2378 1612 singulari,
2435 1549 2493 1594 ut
2522 1539 2682 1595 nullis
2715 1539 2940 1609 justitize
2965 1555 3077 1595 suae
3108 1540 3539 1609 praecedentibus

1949 1634 2179 1699 meritis,
2210 1633 2377 1688 Filius
2407 1633 2501 1687 Dei
2530 1635 2611 1688 sic
2635 1642 2782 1688 esset
2806 1634 2874 1688 ab
2907 1632 3063 1686 initio
3087 1648 3197 1702 quo
3226 1647 3346 1687 esse
3372 1634 3536 1687 homo

1946 1726 2221 1796 cmpisset,
2255 1733 2314 1779 ut
2354 1724 2468 1795 ipse
2506 1735 2561 1779 et
2608 1725 2865 1790 Verbum,
2912 1725 3055 1793 quod
3084 1726 3202 1779 sine
3232 1723 3387 1778 initio
3417 1732 3524 1789 est,

1945 1830 2051 1868 una
2083 1828 2312 1885 persona
2342 1822 2506 1868 esset.
2552 1813 2734 1882 Neque
2771 1814 2915 1868 enim
2946 1815 3234 1883 quisquam
3265 1820 3416 1866 tanta
3455 1813 3535 1869 rei

250 1903 627 1974 «correptionis
673 1912 914 1976 apparet.
966 1904 1072 1959 Sed
1112 1919 1211 1974 per
1239 1905 1508 1960 hominem
1552 1909 1840 1978 correptio,
1872 1894 1920 1954 Β
1944 1903 2106 1974 hujus
2145 1911 2200 1957 et
2230 1902 2350 1958 ﬁdei
2392 1917 2572 1957 ezecus
2601 1912 2686 1957 est
2738 1903 3070 1972 ignorantia,
3114 1911 3173 1957 ut
3208 1904 3403 1957 audeat
3451 1903 3536 1958 di-

249 1997 387 2051 sive
407 2012 474 2051 ex
494 1996 755 2053 charitate
783 1997 872 2061 sit,
901 1997 1014 2052 sive
1044 2012 1149 2052 non
1172 1997 1260 2062 sit,
1295 2006 1474 2053 tamen
1510 2007 1568 2053 ut
1591 2009 1843 2071 correpto

265 2089 465 2158 prosit,
496 2104 599 2143 non
621 2089 722 2145 nisi
761 2104 860 2159 per
888 2087 1059 2142 Deum
1082 2088 1159 2144 ﬁt.

336 2179 432 2235 IX.
460 2181 647 2253 (Ιὸἱά.)
691 2179 749 2235 Si
773 2181 1073 2237 dixerimus
1110 2184 1570 2252 perseverantiam
1597 2192 1705 2239 tam
1732 2170 1877 2240 lau-‘

261 2271 497 2327 debilem
518 2281 741 2343 tamque
778 2271 987 2328 felicem
1018 2274 1097 2329 sic
1126 2288 1245 2330 esse
1288 2275 1545 2342 hominis,
1568 2285 1628 2330 ut
1654 2277 1704 2332 ei
1738 2293 1845 2333 non

257 2365 334 2421 sit
362 2382 432 2422 ex
468 2366 599 2432 Deo,
641 2366 769 2421 illud
808 2366 1061 2437 primitus
1090 2384 1419 2425 evacuamus
1463 2371 1604 2440 quod
1638 2373 1713 2426 ait
1743 2372 1848 2427 Do-

259 2457 446 2511 minus
466 2456 629 2513 Petro
654 2475 668 2510 :
698 2478 716 2508 ι
740 2457 944 2529 Rogavi
973 2474 1073 2528 pro
1109 2468 1182 2525 te,
1212 2475 1280 2515 ne
1319 2461 1532 2517 deficiat
1581 2461 1714 2518 ﬁdes
1756 2470 1846 2518 tua

264 2567 284 2600 ι
309 2548 467 2620 (Luc.
496 2551 687 2620 xm)»
714 2549 853 2617 Quid
871 2551 1016 2605 enim
1039 2551 1088 2605 ei
1116 2553 1343 2624 rogavit,
1367 2552 1469 2608 nisi
1490 2568 1847 2624 perseveran-

259 2641 397 2694 tiam
422 2654 595 2709 usque
646 2640 701 2694 in
746 2640 943 2715 ﬁnem?
974 2640 1103 2709 Quae
1148 2642 1394 2713 profecto
1438 2643 1481 2699 si
1521 2646 1588 2699 ab
1629 2646 1847 2701 homine

257 2733 470 2789 homini
519 2741 686 2798 esset,
724 2748 755 2786 a
804 2733 917 2789 Deo
958 2735 1229 2805 poscenda
1278 2752 1383 2791 non
1426 2750 1588 2794 esset.
1645 2740 1847 2795 Deinde

258 2838 387 2879 cum
405 2822 552 2877 dicat
569 2822 856 2892 Apostolus
884 2840 897 2877 :
938 2841 957 2875 ι
1001 2823 1231 2879 Oramus
1260 2834 1441 2880 autem
1468 2828 1534 2881 ad
1562 2828 1747 2891 Deum,
1779 2846 1847 2885 ne

248 2933 283 2965 1
332 2913 463 2982 quid
512 2911 724 2968 faciatis
764 2913 889 2969 mali
915 2913 999 2986 (II
1034 2914 1154 2969 Cor.
1199 2915 1338 2987 xm),
1380 2937 1398 2968 ι
1446 2918 1633 2988 procul
1682 2919 1846 2977 dubio

255 3005 725 3075 perseverantiam
748 3006 827 3060 eis
851 3013 972 3059 orat
999 3005 1066 3061 ad
1100 3005 1288 3060 Deum.
1321 3006 1506 3077 Neque
1532 3009 1676 3063 enim
1708 3010 1846 3064 nihil

255 3094 392 3149 mali
446 3093 577 3150 facit
622 3096 714 3164 qui
763 3096 962 3150 bonum
1013 3095 1232 3162 deserit,
1263 3105 1321 3153 et
1366 3114 1397 3152 a
1424 3114 1530 3168 quo
1574 3100 1844 3157 declinare

260 3202 372 3240 non
415 3186 594 3253 debet,
642 3186 936 3241 inclinatur
970 3186 1025 3241 in
1073 3186 1273 3242 malum
1335 3204 1442 3244 non
1487 3205 1843 3260 perseverans

260 3277 319 3332 in
367 3278 529 3334 bono.

332 3371 402 3425 Χ.
435 3372 586 3444 (Cap.
616 3373 691 3443 7.)
720 3373 889 3449 Electi
917 3383 1044 3430 sunt
1070 3375 1161 3445 qui
1191 3376 1486 3431 secundum
1510 3377 1845 3447 prepositum

260 3464 441 3518 vocati
472 3471 617 3518 sunt.
651 3462 995 3532 PrOpositum
1022 3474 1225 3528 autem,
1260 3481 1368 3519 non
1404 3480 1582 3529 suum,
1611 3467 1703 3521 sed
1727 3466 1843 3531 Dei,

266 3554 337 3608 de
362 3567 469 3620 quo
505 3551 631 3605 alibi
660 3551 792 3604 dicit
829 3569 843 3604 :
892 3569 910 3601 ‹
947 3551 1018 3606 Ut
1040 3552 1335 3606 secundum
1374 3553 1692 3607 electionem
1717 3569 1846 3622 pro-

273 3662 293 3696 ι
330 3643 563 3713 positum
594 3644 689 3698 Dei
711 3652 978 3709 maneret,
1007 3658 1113 3697 non
1144 3658 1213 3697 ex
1241 3645 1513 3713 operibus,
1540 3645 1632 3697 sed
1664 3659 1731 3697 ex
1751 3659 1847 3697 vo-

268 3754 290 3785 ε
318 3743 478 3789 caute
516 3734 718 3789 dictum
757 3743 840 3789 est
892 3734 964 3800 ei,
1008 3734 1136 3804 quia
1182 3733 1353 3802 major
1407 3735 1606 3789 serviet
1653 3735 1849 3790 minori

267 3843 292 3876 ε
332 3824 511 3895 (Rom.
535 3824 615 3896 ιιι)
636 3843 651 3892 ;
675 3846 692 3878 ι
721 3833 776 3881 et
796 3825 923 3881 alibi
950 3844 965 3879 :
996 3844 1015 3876 ι
1049 3824 1166 3880 Νοιι
1213 3827 1507 3881 secundum
1539 3843 1699 3897 opera
1754 3843 1850 3882 no-

266 3932 290 3966 ι
317 3923 455 3980 stra,
493 3916 588 3970 sed
639 3915 935 3971 secundum
980 3916 1316 3986 propositum
1350 3932 1508 3971 suum
1536 3928 1589 3971 et
1610 3918 1845 3987 gratiam

266 4024 285 4058 ι
323 4004 406 4074 (ιι
434 4005 568 4059 'I'im.
601 4005 714 4077 1).»

334 4097 425 4152 XI.
469 4095 659 4168 (lbid.)
703 4096 851 4150 Multi
875 4096 1073 4161 vocati,
1116 4096 1275 4167 pauci
1315 4096 1495 4151 electi.
1526 4095 1844 4167 Quicunque

256 4187 412 4244 enim
449 4186 628 4252 electi,
679 4187 795 4242 sine
834 4186 996 4242 dubio
1044 4188 1207 4241 etiam
1261 4187 1458 4247 vocati.
1508 4202 1614 4239 non
1660 4197 1841 4242 autem

258 4280 568 4351 quicunque
600 4279 795 4343 vocati,
827 4288 1223 4348 consequenter
1246 4278 1424 4333 electi.
1454 4277 1533 4332 illi
1579 4294 1708 4349 ergo
1735 4278 1845 4334 ele-

258 4369 360 4435 cli,
391 4379 451 4423 ut
478 4384 621 4438 saepe
654 4369 856 4424 dictum
898 4378 1001 4434 est,
1031 4369 1121 4438 qui
1169 4368 1463 4423 secundum
1501 4372 1840 4438 propesitum

256 4462 465 4527 vocati,
493 4462 583 4531 qui
618 4462 781 4516 etiam
811 4470 933 4516 sunt
966 4460 1335 4530 praedestinati
1381 4469 1542 4529 atque
1580 4461 1837 4529 praesciti.

332 4554 448 4609 XII.
476 4552 626 4624 (Cap.
659 4553 770 4622 12.)
800 4552 858 4607 Si
890 4569 987 4608 nos
1017 4553 1082 4608 de
1118 4552 1413 4621 Scripturis
1449 4554 1651 4607 sanctis
1681 4569 1840 4609 nosse

254 4647 534 4719 potuimus
575 4655 791 4701 sanctos
828 4646 1048 4716 angelos
1086 4645 1199 4715 jam
1245 4644 1418 4698 nullos
1449 4660 1567 4698 esse
1596 4660 1836 4708 casuros,

254 4747 468 4809 quanto
493 4738 664 4807 magis
693 4738 796 4792 hoc
834 4737 932 4807 ipsi
978 4736 1209 4791 revelata
1240 4735 1340 4789 sibi
1384 4733 1665 4789 sublimius
1704 4735 1842 4789 veri-

256 4838 374 4885 tate
421 4829 723 4884 noverunt?
765 4827 926 4882 Nobis
964 4829 1163 4897 quippe
1211 4827 1366 4881 beata
1405 4827 1523 4881 sine
1571 4825 1677 4879 ﬁne
1730 4827 1842 4881 vita

254 4922 526 4995 promissa
572 4929 675 4985 est,
715 4928 769 4973 et
800 4918 1081 4987 :cqualitas
1108 4918 1439 4989 angelorum.
1474 4918 1551 4972 Ex
1587 4934 1691 4987 qua
1719 4934 1844 4988 pro-

257 5015 520 5071 missione
545 5012 681 5067 certi
711 5027 918 5076 sumus,
960 5026 1082 5065 cum
1116 5011 1184 5064 ad
1224 5010 1366 5063 illam
1409 5011 1570 5064 vitam
1600 5018 1721 5080 post
1756 5008 1841 5077 ju-

257 5107 461 5163 dicium
494 5104 823 5168 venerimus,
849 5118 954 5157 non
986 5104 1107 5158 inde
1140 5118 1235 5157 nos
1261 5116 1378 5155 esse
1399 5089 1662 5172 lapsuros.
1689 5102 1841 5169 Quod

258 5200 307 5255 si
343 5199 410 5254 de
433 5197 625 5266 seipsis
654 5195 827 5266 angeli
860 5195 1126 5257 nesciunt,
1161 5209 1267 5248 non
1309 5194 1562 5263 aequales,
1591 5193 1684 5247 sed
1719 5194 1844 5248 bea-

261 5290 429 5346 tiores
468 5289 688 5344 erimus.
718 5285 932 5342 Veritas
963 5295 1143 5340 autem
1190 5285 1345 5339 nobis
1378 5300 1565 5341 eorum
1595 5284 1842 5356 promisit

260 5380 648 5451 aequalitatem.
694 5378 910 5435 Certum
961 5387 1044 5431 est
1093 5376 1259 5447 igitur
1288 5376 1390 5429 hoc
1432 5391 1525 5430 eos
1550 5392 1705 5431 nosse
1743 5392 1841 5447 per

262 5473 526 5543 speciem,
572 5470 715 5541 quod
747 5485 843 5524 nos
886 5484 982 5539 per
1011 5468 1194 5533 ﬁdem,
1248 5467 1447 5520 millam
1486 5467 1695 5522 scilicet
1737 5469 1844 5523 rui-

264 5580 390 5621 nam
422 5563 738 5635 cujusquam
769 5560 940 5616 sancti
966 5560 1140 5631 angeli
1164 5560 1277 5629 jam
1317 5558 1569 5613 futuram.

335 5652 472 5709 Xlll.
500 5652 650 5723 (Cap.
697 5652 817 5725 ll.)
836 5652 928 5706 Dei
956 5652 1261 5722 unigenitus
1286 5650 1475 5718 Filius,
1502 5652 1721 5723 mqualis
1743 5651 1845 5706 Pa-

267 5744 336 5799 tri
368 5753 425 5800 et
453 5750 775 5807 coaeternus,
804 5756 902 5813 pro
931 5742 1084 5796 nobis
1114 5743 1275 5798 homo
1300 5741 1491 5809 factus,
1522 5752 1575 5798 et
1597 5743 1711 5797 sine
1737 5741 1845 5795 ullo

269 5836 404 5893 velle
444 5835 715 5906 originali,
756 5834 839 5891 vel
878 5834 1096 5905 proprio
1139 5844 1381 5904 peccato,
1430 5834 1497 5890 ab
1538 5832 1846 5891 hominibus

1950 2007 2098 2058 cere,
2128 1992 2377 2063 quamvis
2420 1992 2486 2046 de
2533 1990 2737 2061 Spiritu
2790 2002 2977 2047 sancto
3018 2001 3075 2047 et
3126 1993 3333 2063 virgine
3366 1992 3536 2048 Maria

1944 2082 2140 2139 Filium
2170 2083 2406 2138 hominis
2431 2091 2637 2148 natum,
2667 2097 2762 2153 per
2784 2083 3012 2137 liberum
3038 2094 3218 2138 tamen
3247 2083 3535 2139 arbitrium

1945 2174 2083 2230 bene
2112 2174 2339 2231 vivendo
2366 2183 2422 2230 et
2470 2175 2590 2230 sine
2617 2187 2843 2245 peccato
2882 2178 3022 2231 bona
3072 2192 3236 2247 opera
3285 2178 3537 2239 faciendo

1945 2265 2211 2321 memisse
2244 2273 2305 2320 ut
2341 2274 2486 2321 esset
2537 2266 2631 2321 Dei
2680 2267 2864 2330 Filius,
2914 2268 3203 2323 resistente
3241 2268 3534 2341 Evangelio

1947 2365 2111 2425 atque
2130 2357 2345 2412 dicente
2373 2371 2388 2411 :
2415 2376 2434 2408 ‹
2462 2355 2697 2412 Verbum
2724 2373 2854 2413 caro
2879 2358 3076 2414 factum
3095 2360 3378 2431 esti(.loau.
3411 2363 3472 2433 ι).
3508 2383 3530 2418 ι

1946 2445 2082 2500 Nam
2130 2446 2218 2502 ubi
2261 2448 2364 2503 hoc
2410 2448 2611 2502 factum
2654 2457 2758 2516 est,
2802 2450 2907 2504 nisi
2955 2451 3007 2505 in
3057 2461 3215 2507 utero
3261 2446 3533 2524 virginali.

1946 2535 2090 2590 unde
2112 2534 2215 2589 fuit
2252 2536 2465 2591 initium
2504 2538 2739 2593 hominis
2769 2537 3014 2594 Christi?
3053 2540 3294 2612 Itemque
3322 2544 3533 2615 Virgini

1947 2626 2242 2696 requirenti
2279 2628 2551 2697 quomodo
2578 2627 2731 2683 ﬁeret
2747 2630 2900 2698 'quod
2942 2631 2992 2684 ei
3033 2646 3131 2700 per
3149 2633 3397 2704 angelum
3431 2649 3535 2689 an-

1946 2717 2321 2783 nuntiabatur,
2354 2718 2577 2789 angelus
2621 2720 2898 2787 respondit
2926 2738 2938 2773 :
2973 2739 2994 2772 ι
3047 2721 3283 2791 Spiritus
3310 2735 3533 2781 sanctus

1953 2828 1972 2859 ‹
2013 2812 2357 2879 superveniet
2384 2812 2438 2865 in
2469 2822 2542 2878 te,
2586 2820 2641 2868 et
2666 2813 2842 2867 virtus
2889 2814 3151 2870 Altissimi
3189 2818 3536 2875 obumbrabit

1952 2918 1970 2950 ι
2018 2900 2134 2955 tibi.
2163 2885 2458 2971 Propterea
2487 2904 2630 2972 quod
2677 2913 2932 2960 nascetur
2952 2922 3016 2961 ex
3059 2915 3111 2963 te
3136 2920 3404 2975 sanetum,
3437 2929 3530 2967 voc

1952 3007 1970 3039 ι
2014 2989 2228 3044 cabitur
2262 2990 2431 3047 Filius
2485 2991 2578 3046 Dei
2617 2992 2768 3064 (Luc.
2809 2996 2871 3065 ι).
2914 3014 2932 3046 ι
2968 2992 3282 3064 Propterea,
3330 2999 3528 3068 inquit,

1946 3095 2052 3134 non
2099 3092 2322 3151 propter
2361 3097 2527 3152 opera
2568 3099 2689 3152 qua:
2728 3085 2965 3138 nondum
3004 3086 3117 3140 nati
3163 3088 3349 3158 utique
3379 3090 3528 3145 nulla

1948 3180 2094 3237 sunt,
2153 3174 2249 3228 sed
2295 3182 2584 3243 propterea
2634 3175 2760 3244 quia
2808 3176 3042 3245 Spiritus
3074 3186 3297 3233 sanctus
3342 3196 3534 3250 super-
3622 3238 3631 3245 _

1871 3234 1915 3297 (δ
1947 3264 2130 3320 veniet
2180 3265 2236 3319 in
2284 3273 2355 3331 te,
2389 3274 2445 3321 et
2491 3266 2662 3321 virtus
2699 3234 2966 3322 Altissimi
3016 3269 3359 3324 obumbrabit
3407 3234 3534 3338 libi,

1947 3357 2093 3426 quod
2157 3366 2412 3412 nascetur
2460 3372 2528 3412 ex
2585 3369 2637 3413 te
2691 3368 2981 3426 sanctum,
3034 3362 3318 3415 vocabitur
3365 3362 3536 3418 Filius

1950 3449 2063 3504 Dei.
2116 3450 2224 3505 lsta
2277 3450 2532 3506 nativitas
2586 3450 2828 3521 profecto
2871 3453 3104 3523 gratuita
3154 3454 3434 3524 conjunxit
3479 3455 3534 3511 in

1946 3542 2211 3598 unitatem
2246 3558 2493 3611 personm
2542 3543 2816 3598 hominem
2870 3545 3002 3611 Deo,
3055 3561 3274 3602 carnem
3334 3548 3531 3603 Verbo.

1949 3633 2113 3686 Istam
2166 3634 2501 3688 nativitatem
2566 3636 2706 3688 bona
2760 3650 2924 3704 Opera
2983 3646 3168 3691 secuta
3215 3646 3370 3701 sunt,
3425 3653 3534 3693 nou

1950 3723 2089 3777 bona
2137 3738 2301 3793 opera
2359 3734 2693 3778 meruerunt.
2744 3724 2927 3794 Neque
2979 3728 3123 3780 enim
3188 3730 3534 3783 metuendum

1949 3821 2087 3876 erat,
2135 3827 2203 3866 ne
2244 3812 2350 3867 isto
2402 3810 2655 3866 ineffabili
2704 3813 2864 3867 modo
2895 3814 2948 3868 in
2980 3816 3240 3869 unitatem
3289 3831 3536 3885 persona:

1949 3919 1980 3958 a
2013 3903 2190 3959 Verbo
2240 3903 2350 3957 Deo
2392 3912 2584 3957 natura
2628 3903 2862 3957 humana
2916 3913 3162 3973 suscepta
3190 3945 3204 3970 ,
3252 3921 3352 3975 per
3404 3907 3537 3963 libe-

1947 4010 2067 4050 rum
2092 3996 2384 4049 voluntatis
2405 4004 2653 4064 peccaret
2682 3996 2991 4059 arbitrium,
3022 4012 3144 4050 cum
3189 3997 3303 4066 ipsa
3349 4013 3535 4054 susce-

1945 4088 2057 4158 ptio
2084 4089 2210 4143 talis
2234 4095 2398 4149 esset,
2444 4097 2505 4141 ut
2552 4097 2744 4140 natura
2792 4086 3026 4141 hominis
3068 4103 3096 4140 a
3144 4087 3252 4142 Deo
3294 4089 3366 4143 ita
3416 4106 3535 4146 sus-

1945 4180 2105 4248 cepti.
2135 4178 2339 4233 nullum
2365 4178 2417 4232 in
2441 4193 2500 4232 se
2525 4186 2725 4230 motum
2753 4176 2903 4230 male
2952 4177 3244 4239 voluntatis
3270 4180 3525 4235 admitte-

1945 4282 2045 4327 ret.
2076 4272 2180 4325 Per
2216 4272 2359 4325 hunc
2404 4255 2756 4323 mediatorem
2807 4270 2949 4324 Deus
2992 4271 3228 4324 ostendit
3257 4287 3350 4325 eos
3379 4288 3518 4342 quos

1944 4363 2062 4432 ejus
2097 4364 2356 4432 sanguine
2405 4362 2623 4416 redimit
2658 4360 2835 4415 facere
2867 4377 2922 4414 se
2966 4378 3030 4415 ex
3062 4362 3219 4416 malis
3270 4364 3529 4433 deinceps

1945 4458 2000 4512 in
2023 4466 2282 4510 aeternum
2310 4456 2497 4508 bonos.
2540 4453 2711 4521 Quem
2743 4455 2820 4507 sic
2850 4455 3105 4523 suscepit,
3156 4463 3217 4508 ut
3258 4471 3534 4524 nunquam

1947 4558 2091 4603 esset
2116 4546 2309 4609 malus,
2344 4561 2441 4599 nec
2470 4560 2534 4597 ex
2566 4543 2704 4597 malo
2734 4542 2909 4597 fartus
2935 4559 3147 4615 semper
3171 4555 3315 4598 esset
3336 4546 3529 4601 bonus.

2023 4644 2136 4700 XV.
2179 4644 2367 4715 (Ibid.)
2407 4644 2511 4698 Nec
2543 4645 2715 4713 ipsum
2747 4643 2891 4696 Deus
2934 4659 3053 4698 esse
3082 4643 3245 4697 voluit
3275 4644 3392 4697 sine
3431 4660 3529 4700 sua

1950 4739 2143 4805 gratia,
2162 4751 2319 4804 quem
2339 4735 2552 4803 reliquit
2576 4735 2627 4787 in
2655 4734 2770 4803 ejus
2798 4734 2969 4787 libero
2997 4734 3245 4798 arbitrio,
3271 4736 3526 4803 quaniam

1949 4828 2177 4882 liberum
2208 4826 2489 4880 arbitrium
2525 4825 2589 4877 ad
2625 4824 2823 4877 malum
2854 4824 3067 4888 sullicit,
3100 4827 3165 4879 ad
3201 4825 3398 4879 bonum
3432 4842 3532 4879 au-

1950 4928 2054 4973 tem
2083 4934 2269 4989 parum
2303 4926 2416 4979 est,
2451 4917 2551 4970 nisi
2580 4916 2862 4986 adjuvetur
2889 4918 2955 4971 ab
2985 4918 3339 4986 omnipotenti
3367 4919 3528 4973 bono.

1949 5010 2102 5075 Qqu
2137 5008 2459 5077 adjutorium
2498 5007 2541 5059 si
2583 5005 2741 5060 homo
2782 5006 2868 5060 ille
2898 5021 2994 5075 per
3035 5006 3261 5061 liberum
3291 5022 3393 5061 non
3438 5007 3533 5060 dc—

1949 5100 2207 5155 seruisset
2251 5097 2557 5162 arbitrium,
2589 5112 2803 5166 semper
2845 5109 2988 5152 esset
3034 5098 3228 5151 bonus.
3280 5098 3404 5152 llaec
3446 5105 3530 5151 est

1947 5191 2122 5261 prima
2164 5191 2334 5259 gratia
2367 5202 2486 5260 qua:
2529 5189 2653 5242 data
2696 5196 2779 5241 est
2825 5188 2999 5257 primo
3046 5188 3244 5252 Adam;
3287 5188 3382 5242 sed
3429 5188 3531 5242 hac

1949 5281 2220 5350 potentior
2245 5288 2323 5334 est
2365 5281 2418 5333 in
2469 5280 2706 5333 secundo
2753 5279 2943 5331 Adam.
2992 5277 3171 5331 Prima
3227 5286 3310 5333 est
3361 5276 3527 5340 enim,

1947 5387 2054 5441 qua
2088 5371 2146 5424 ﬁt
2174 5378 2230 5423 ut
2260 5369 2456 5426 habeat
2482 5369 2647 5423 homo
2668 5366 2931 5435 justitiam
2955 5407 2969 5432 ,
3012 5368 3056 5421 si
3084 5367 3234 5421 velit.
3282 5365 3534 5421 Secunda

1949 5477 2079 5533 ergo
2100 5462 2219 5532 plus
2260 5470 2456 5530 potest,
2488 5476 2593 5530 qua
2624 5460 2789 5514 etiam
2826 5460 2885 5511 tit
2928 5468 2989 5512 ut
3028 5456 3175 5519 velit,
3221 5465 3277 5511 et
3325 5464 3531 5509 tantum

1950 5554 2099 5618 velit,
2136 5560 2392 5622 tantoque
2425 5551 2621 5606 ardore
2655 5551 2861 5621 diligat,
2892 5558 2949 5603 ut
2990 5548 3170 5602 carnis
3200 5546 3532 5604 voluntatem

1950 5643 2223 5697 contraria
2262 5642 2731 5711 concupiscentem
2757 5639 3034 5694 voluntate
3073 5637 3293 5706 spiritus
3327 5639 3528 5694 vincat.

1952 5733 2062 5790 Nec
2091 5734 2178 5789 illa
2208 5734 2425 5805 quidem
2473 5748 2640 5803 parva
2682 5740 2818 5795 erat,
2869 5744 2989 5797 (jus;
3035 5727 3404 5792 demonstrata
3450 5738 3533 5784 est

1952 5829 2115 5883 etiam
2154 5827 2390 5898 potentia
2425 5826 2578 5881 liberi
2625 5822 2855 5887 arbitrii,
2891 5821 3144 5891 quoniam
3185 5821 3263 5878 sic
3306 5821 3529 5891 adjuvit-
