4032 6450
498 371 589 427 151

1688 367 2046 431 ΑιιυιιοΝιε
2085 371 2298 429 EPISC.
2342 362 2551 430 LUGD.

3671 356 3793 425 132

490 486 674 551 batur,
702 483 897 540 utsine
916 480 1020 564 hoc
1039 482 1307 553 adjutorio
1334 476 1389 539 in
1410 482 1553 539 bono
1573 499 1680 541 non
1701 494 1968 552 maneret,
1982 484 2077 541 sed
2105 490 2154 549 Α
2182 485 2284 540 hac
2306 501 2511 548 eremo,
2551 491 2611 538 ut
2652 497 2719 538 ex
2764 497 2831 539 eo
2860 472 3015 553 quasi
3060 480 3229 553 guttis
3272 479 3602 552 quihusdam
3633 484 3795 541 irro-

490 577 596 633 hoc
646 574 973 645 adjutorium
1021 575 1066 630 si
1103 574 1295 640 vellet,
1351 574 1649 632 desereret.
1719 576 1846 633 Haac
1894 586 2074 632 autem

490 675 643 724 tanto
682 665 859 736 major
896 672 1021 731 est,
1063 674 1123 719 ut
1172 680 1366 737 parum
1412 665 1485 721 sit
1529 666 1736 722 homini
1788 681 1889 739 per
1926 667 2074 722 illam

486 773 747 829 reparare
786 758 1053 829 perditam
1094 756 1425 822 libertatem,
1469 773 1660 828 parum
1718 760 1791 815 sit
1843 759 2075 830 denique

487 865 598 907 non
642 864 805 919 posse
848 849 965 903 sine
1014 847 1108 903 illa
1156 846 1241 901 vel
1280 849 1688 919 apprehendere
1731 850 1953 915 bonum,
1989 848 2073 903 vel

485 954 808 1012 permanere
844 940 900 995 in
928 940 1091 1003 bono,
1129 938 1179 992 si
1206 938 1361 1005 velit,
1406 940 1510 995 nisi
1538 940 1700 995 etiam
1729 938 1991 995 elliciatur
2014 947 2073 994 ut

484 1030 634 1088 velit.
665 1030 819 1086 Tunc
845 1030 975 1101 ergo
1003 1029 1228 1085 dederat
1252 1030 1397 1087 Deus
1420 1031 1627 1087 homini
1653 1032 1852 1087 bonam
1880 1031 2072 1086 volun-

483 1132 674 1189 tatem,
718 1124 771 1177 in
807 1122 897 1177 illa
941 1123 1141 1194 quippe
1174 1137 1299 1178 eum
1350 1121 1554 1179 fecerat
1598 1124 1691 1194 qui
1743 1122 1949 1178 fecerat
1986 1138 2071 1178 re-

483 1222 659 1280 ctum;
681 1213 906 1269 dederat
925 1212 1277 1281 adjutorium,
1302 1214 1421 1269 sine
1444 1229 1551 1284 quo
1584 1214 1638 1268 in
1660 1229 1724 1269 ea
1754 1229 1864 1270 non
1885 1222 2070 1284 posset

480 1319 802 1377 permanere
846 1306 894 1359 si
924 1304 1108 1371 vellet,
1148 1316 1209 1361 ut
1232 1314 1416 1363 autem
1457 1306 1617 1362 vellet
1645 1306 1700 1362 in
1738 1304 1856 1375 ejus
1897 1306 2069 1362 libero

478 1394 699 1465 reliquit
727 1393 976 1449 arbitrio.
1026 1394 1133 1451 Sed
1180 1395 1307 1465 quia
1356 1396 1529 1451 uoluit
1559 1410 1905 1467 parmanere,
1935 1411 2067 1467 pro-

477 1482 623 1540 fecto
669 1484 789 1555 ejus
825 1492 910 1539 est
938 1484 1097 1554 culpa
1131 1484 1289 1555 cujus
1330 1486 1584 1541 meritum
1617 1485 1813 1542 fuisset
1854 1486 1900 1541 si
1937 1502 2063 1557 per-

476 1588 701 1630 manere
721 1573 1008 1641 voluisset;
1035 1575 1177 1630 sicut
1218 1575 1464 1632 fecerunt
1499 1575 1676 1647 angeli
1716 1576 1913 1643 sancti,
1948 1576 2064 1647 qui,

478 1662 798 1718 cadentibus
843 1662 964 1718 aliis
996 1677 1093 1734 per
1140 1662 1372 1719 liberum
1417 1663 1730 1730 arbitrium,
1776 1678 1877 1735 per
1918 1662 2063 1720 idem

477 1752 711 1810 liberum
760 1755 1048 1810 arbitrium
1093 1763 1364 1812 steterunt
1390 1756 1521 1827 ipsi,
1549 1767 1606 1812 et
1634 1756 1798 1826 hujus
1826 1758 2065 1813 mansio-

2181 577 2286 631 rati
2313 592 2418 633 non
2451 574 2769 632 deficiamus
2791 575 2845 630 in
2873 576 2978 630 via.

2806 710 3035 767 CAPUT
3068 709 3136 767 v.
3682 786 3685 791 ἱ

2232 829 2320 884 Ex
2345 845 2584 884 sermone
2624 829 2685 883 5|
2718 828 3060 953 expgsitiouis
3100 827 3378 901 Evangelii
3406 828 3704 884 secundum

2869 915 3110 953 oannem.

2869 915 3110 954 oannem.

2246 1011 2557 1068 SENTENTIA
2598 1012 2638 1068 I.
2680 1012 2965 1067 Dominum
2995 1012 3283 1083 praescium
3322 1012 3636 1070 futurorum
3677 1030 3785 1086 per

2171 1107 2491 1176 prophetam
2520 1107 2836 1176 praedixisse
2860 1105 3234 1162 infidelitatem
3255 1106 3589 1172 Iudaeorum,
3626 1123 3787 1179 prae-

2172 1197 2374 1252 dixisse
2422 1206 2600 1252 tamen
2630 1237 2645 1263 ,
2692 1212 2799 1252 non
2841 1197 3055 1252 fecisse.
3108 1196 3228 1254 Non
3272 1199 3418 1254 enim
3477 1209 3782 1271 propterea

2172 1303 2500 1358 queinquam
2569 1289 2714 1344 Deus
2812 1290 2959 1364 cogit
3033 1291 3104 1345 ad
3183 1282 3515 1361 peccandum
3545 1332 3562 1357 ,
3643 1293 3779 1362 quia

2169 1376 2348 1434 futura
2421 1379 2704 1433 hominum
2781 1388 3008 1450 peccata
3065 1380 3181 1450 jam
3249 1384 3422 1438 novit.
3515 1382 3776 1455 Ipsorum

2168 1469 2313 1525 enim
2355 1470 2633 1541 prazscivit
2680 1480 2925 1541 peccata,
2967 1487 3074 1527 non
3116 1488 3249 1538 sua;
3288 1488 3397 1528 non
3444 1473 3781 1544 cujusquam

2168 1561 2413 1629 alterius,
2466 1563 2561 1618 sed
2608 1562 2871 1635 ipsorum.
2921 1563 3265 1635 Quapropter
3314 1566 3361 1620 si
3404 1579 3469 1620 ea
3513 1580 3637 1634 qua:
3683 1565 3778 1621 ille

2166 1654 2439 1726 praescivit
2467 1654 2735 1725 ipsorum,
2779 1672 2886 1711 non
2915 1664 3041 1712 sunt
3074 1657 3338 1728 ipsorum,
3378 1672 3490 1713 non
3522 1672 3657 1713 vere
3680 1656 3778 1713 illa

2166 1746 2457 1817 praescivit.
2487 1746 2592 1804 Sed
2617 1748 2743 1819 quia
2773 1748 2918 1804 illius
2958 1750 3303 1819 praescientia
3341 1747 3455 1803 falli
3494 1764 3606 1804 non
3644 1756 3778 1819 pot-

478 1845 565 1901 nis
592 1844 829 1902 debitam
872 1847 1181 1905 mercedem
1221 1848 1467 1917 recipere
1492 1855 1827 1916 meruerunt,
1859 1856 2056 1904 tantam

2166 1848 2268 1901 est,
2301 1839 2419 1894 sine
2460 1839 2622 1894 dubio
2668 1855 2778 1895 non
2828 1840 2985 1905 alius,
3035 1841 3130 1897 sed
3177 1840 3279 1911 ipsi
3326 1850 3576 1913 peccant,
3628 1857 3777 1911 quos

476 1939 685 1998 scilicet
721 1940 1073 1998 beatitudinis
1113 1942 1526 2014 plenitudinem,
1569 1957 1678 2012 qua
1706 1943 1789 1999 eis
1829 1944 2071 1999 certissi-

476 2045 624 2086 mum
648 2032 720 2086 sit
740 2045 955 2101 semper
975 2046 1035 2087 se
1074 2032 1131 2087 in
1155 2031 1246 2086 illa
1276 2046 1399 2087 esse
1427 2045 1739 2087 mansuros.
1781 2031 1843 2087 Si
1885 2040 2068 2088 autem

475 2124 582 2181 hoc
619 2123 949 2193 adjutorium
995 2124 1081 2180 vel
1123 2124 1338 2195 angelo,
1384 2124 1468 2181 vel
1511 2125 1739 2192 homini,
1789 2138 1914 2180 cum
1956 2126 2070 2197 pri-

474 2232 624 2274 mum
651 2216 779 2272 facti
809 2228 956 2283 sunt,
984 2215 1262 2283 defuisset,
1276 2218 1549 2301 ,quoniam
1575 2234 1682 2274 non
1708 2218 1835 2273 talis
1870 2226 2066 2275 natura

474 2304 618 2361 facta
659 2314 798 2371 erat,
835 2315 896 2361 ut
935 2308 1054 2362 sine
1097 2308 1282 2363 divino
1324 2308 1594 2379 adjutorio
1634 2318 1818 2379 posset
1844 2323 2067 2364 manere

474 2396 521 2453 si
548 2396 727 2464 vellet,
758 2413 865 2453 non
894 2399 1083 2467 utique
1118 2414 1212 2454 sua
1255 2399 1413 2469 culpa
1449 2399 1802 2455 cecidissent.
1833 2398 2067 2469 Adjuto—

473 2487 615 2542 rium
640 2489 837 2559 quippe
860 2488 1141 2554 defuisset,
1170 2490 1288 2544 sine
1313 2505 1421 2560 quo
1445 2506 1669 2546 manere
1684 2505 1791 2546 non
1815 2499 2061 2561 possent.

473 2577 628 2635 Nunc
655 2589 835 2636 autem
857 2581 1057 2651 quibus
1095 2581 1249 2636 deest
1293 2580 1399 2635 tale
1433 2579 1787 2648 adjutorium,
1811 2581 1925 2651 jam
1955 2595 2067 2652 pte-

473 2686 545 2727 na
573 2673 782 2741 peccati
836 2680 955 2739 est;
1016 2671 1213 2741 quibus
1272 2679 1455 2727 autem
1530 2671 1711 2737 datur,
1767 2673 2064 2729 secundum

474 2762 703 2833 gratiam
760 2763 934 2825 datur,
982 2778 1090 2818 non
1140 2762 1437 2818 secundum
1487 2762 1757 2828 debitum,
1810 2772 1866 2819 et
1915 2773 2065 2820 tanto

474 2850 705 2920 amplius
748 2851 910 2906 datur
932 2867 1030 2922 per
1055 2850 1244 2908 Jesum
1294 2851 1574 2908 Christum
1623 2853 1914 2909 Dominum
1966 2871 2066 2910 no-

474 2954 671 3012 strum,
692 2947 889 3017 quibus
903 2946 956 3001 id
978 2946 1110 3002 dare
1126 2946 1237 3002 Deo
1260 2945 1485 3017 placuit,
1500 2955 1560 3002 ut
1578 2962 1684 3003 non
1704 2947 1878 3002 solum
1900 2948 2061 3013 adsit,

472 3041 593 3095 sine
613 3055 720 3110 quo
743 3054 1064 3109 permanere
1084 3055 1191 3094 non
1220 3054 1534 3109 possumus,
1564 3040 1780 3095 etiamsi
1810 3040 2058 3103 velimus,

470 3144 660 3185 verum
713 3130 879 3184 etiam
929 3136 1139 3183 tantum
1182 3143 1246 3186 ac
1301 3129 1408 3184 tale
1454 3131 1528 3185 sit
1574 3139 1636 3184 ut
1672 3130 1922 3185 velimus.
1975 3130 2064 3185 Fit

2168 1926 2313 1984 Deus
2344 1937 2662 1999 peccaturos
2686 1943 2808 1985 esse
2834 1930 3128 2001 praescivit.
3160 1929 3432 1986 Fecerunt
3459 1946 3592 2004 ergo
3616 1946 3769 2007 .pec-

2167 2027 2348 2076 catum
2398 2018 2595 2088 Judaei,
2644 2021 2788 2092 quod
2843 2037 2939 2077 eos
2976 2020 3158 2078 facere
3206 2037 3314 2077 non
3367 2023 3634 2093 compulit
3679 2023 3773 2079 cui

2165 2121 2449 2185 peccatum
2492 2128 2602 2170 non
2650 2113 2847 2184 placet,
2896 2114 2993 2171 sed
3051 2114 3293 2170 facturos
3337 2129 3459 2170 esse
3511 2113 3777 2184 prtedixit

2164 2220 2327 2275 quem
2356 2204 2490 2260 nihil
2518 2204 2667 2259 latet.
2705 2204 2773 2259 Et
2804 2205 2926 2259 ideo
2954 2205 2999 2259 si
3035 2220 3144 2259 non
3179 2204 3405 2270 malum,
3434 2206 3531 2260 sed
3559 2204 3772 2259 bonum

2165 2294 2348 2351 facere
2383 2294 2701 2360 voluissent,
2727 2310 2833 2349 non
2866 2295 3312 2364 prohiberentur,
3342 2305 3398 2350 et
3430 2296 3534 2351 hoc
3561 2294 3770 2349 facturi

2164 2386 2594 2456 praeviderentur
2616 2387 2683 2440 ab
2708 2400 2775 2441 eo
2798 2387 2890 2457 qui
2917 2387 3067 2442 novit
3086 2386 3215 2458 quid
3241 2388 3312 2442 sit
3332 2388 3565 2458 quisque
3587 2386 3773 2442 factu-

2166 2491 2280 2540 rus,
2310 2484 2365 2530 et
2395 2475 2523 2544 quid
2546 2475 2594 2529 ei
2625 2475 2697 2529 sit
2722 2490 2821 2545 pro
2861 2474 2977 2545 ejus
3014 2491 3179 2545 opere
3206 2476 3535 2532 redditurus.

2236 2565 2298 2619 II.
2341 2564 2535 2619 Malam
2581 2562 2891 2620 Iudaeorum
2932 2566 3271 2621 voluntatem
3319 2566 3567 2637 praevidit
3596 2566 3768 2634 Deus,

2165 2665 2222 2711 et
2269 2672 2369 2726 per
2418 2657 2741 2726 prophetam
2787 2657 3178 2726 praenuntiavit
3221 2656 3310 2713 ille
3360 2657 3448 2713 cui
3501 2656 3769 2713 abscondi

2166 2751 2345 2806 futura
2378 2766 2484 2806 non
2514 2760 2758 2822 possunt.
2789 2751 2897 2807 Sed
2940 2751 3101 2806 aliam
3132 2767 3379 2817 causam,
3425 2751 3630 2820 inquis,
3674 2751 3770 2806 di-

2165 2844 2239 2899 cit
2260 2844 2540 2914 propheta,
2586 2858 2695 2898 nou
2735 2842 3030 2899 voluntatis
3065 2843 3300 2898 illorum.
3333 2844 3505 2909 Quam
3533 2857 3760 2897 causam

2163 2936 2296 2991 dicit
2318 2936 2619 3006 propheta?
2648 2955 2665 2986 ‹
2702 2934 2838 3002 Quia
2865 2936 3011 2991 dedit
3042 2936 3117 2990 illi
3145 2936 3288 2992 Deus
3317 2936 3565 3008 spiritum
3610 2949 3765 2993 com-

2170 3048 2189 3079 ‹
2218 3029 2547 3100 punctionis,
2571 3028 2759 3085 oculos
2787 3037 2847 3083 ut
2876 3044 2983 3083 non
3012 3029 3253 3096 videant,
3288 3040 3342 3087 et
3374 3048 3537 3089 aures
3560 3043 3619 3089 ut
3647 3052 3761 3091 non

2171 3138 2191 3171 ι
2228 3121 2468 3185 audiant,
2494 3129 2549 3176 et
2571 3121 2870 3177 excaecavit
2902 3120 3090 3177 oculos
3129 3137 3341 3188 eorum,
3372 3134 3429 3179 et
3462 3126 3757 3183 obduravit

469 3221 667 3292 quippe
695 3220 750 3275 in
775 3219 930 3275 nobis
956 3235 1053 3290 per
1083 3209 1233 3275 hanc'
1253 3221 1346 3275 Dei
1385 3221 1615 3290 gratiam
1657 3221 1711 3275 in
1741 3222 1882 3277 bono
1911 3223 2056 3278 reci-
2089 3212 2135 3276 C
2171 3235 2189 3267 ι
2221 3230 2318 3271 cor
2339 3230 2526 3270 eorum
2561 3214 2732 3288 (Rom.
2766 3214 2867 3285 XI).
2897 3236 2916 3269 ι
2950 3216 3126 3271 Etiam
3159 3217 3261 3272 hoc
3284 3232 3474 3272 eorum
3504 3220 3760 3274 volunta-

468 3317 666 3388 piendo
710 3325 768 3371 et
806 3324 1220 3387 perseveranter
1247 3316 1501 3379 tenendo,
1549 3332 1656 3371 non
1687 3316 1860 3371 solum
1896 3331 2056 3387 posse

468 3406 610 3476 quod
641 3406 909 3471 volumus,
938 3420 1128 3460 verum
1154 3406 1318 3461 etiam
1348 3406 1485 3462 velle
1508 3408 1651 3476 quod
1676 3423 1981 3478 possumus.

538 3519 680 3575 XVI.
742 3517 894 3591 (Cap.
953 3518 1066 3591 12.)
1119 3518 1301 3573 Prima
1345 3518 1571 3575 libertas
1618 3520 1909 3576 voluntatis
1936 3530 2055 3577 erat

465 3624 626 3681 posse
674 3624 781 3664 non
834 3622 1103 3679 peccare:
1157 3609 1451 3664 novissima
1495 3611 1601 3665 erit
1641 3611 1811 3665 multo
1859 3612 2049 3682 major,

465 3718 572 3758 non
608 3717 769 3773 posse
791 3715 1039 3770 peccare.
1083 3701 1265 3755 Prima
1295 3702 1675 3757 immortalitas
1734 3712 1855 3758 erat
1893 3718 2053 3774 posse

462 3809 571 3849 non
596 3795 776 3850 mori:
807 3795 1100 3850 novissima
1140 3796 1246 3850 erit
1283 3795 1454 3851 multo
1507 3795 1701 3864 major,
1743 3812 1849 3851 non
1892 3811 2053 3866 posse

460 3888 618 3941 mori.
674 3886 852 3942 Prima
906 3895 1025 3940 erat
1072 3888 1492 3955 perseverantiae
1540 3896 1804 3956 potestas,
1848 3888 2049 3941 bonum

461 3993 623 4048 posse
669 3993 777 4031 non
810 3977 1099 4032 deserere:
1143 3978 1441 4032 novissima
1492 3979 1599 4034 erit
1632 3980 2052 4049 perseverantiae

461 4069 720 4134 felicitas,
747 4069 954 4124 bonum
982 4084 1089 4123 non
1116 4082 1275 4139 posse
1317 4056 1591 4124 deserere.
1640 4067 1892 4138 Nunquid
1921 4070 2051 4139 quia

460 4168 625 4215 erunt
671 4161 813 4215 bona
855 4159 1151 4214 novissima
1188 4160 1400 4229 potiora
1430 4169 1596 4230 atque
1634 4159 1882 4225 meliora,
1927 4160 2049 4215 ideo

458 4256 683 4313 fuerunt
707 4257 792 4311 illa
828 4257 1004 4327 prima
1025 4256 1111 4312 vel
1144 4257 1291 4311 nulla
1318 4256 1401 4312 vel
1426 4258 1633 4327 parva?

531 4364 693 4420 XVII.
736 4363 889 4437 (Cap.
928 4366 1041 4436 M.)
1082 4365 1217 4421 Cum
1246 4366 1495 4421 homines
1517 4382 1618 4437 per
1646 4366 2048 4438 correptionem

461 4455 516 4511 in
542 4456 683 4510 viam
705 4455 933 4525 justitize
956 4472 1051 4511 seu
1086 4456 1330 4519 veniunt,
1373 4472 1465 4511 seu
1511 4466 1878 4523 revertuntur,
1925 4457 2046 4527 quis

460 4556 717 4615 operatur
742 4546 795 4600 iu
825 4547 1078 4601 cordibus
1127 4561 1317 4601 eorum
1366 4548 1615 4613 salutem,
1668 4548 1771 4603 nisi
1817 4549 1905 4604 ille
1952 4549 2042 4616 qui

458 4637 697 4707 quolibet
726 4638 1002 4715 plantante
1046 4648 1101 4693 et
1143 4638 1374 4710 rigante,
1419 4649 1475 4694 et
1517 4640 1761 4710 quolibet
1804 4640 1857 4694 iu
1899 4640 2045 4711 agris

462 4727 544 4782 vel
570 4727 871 4782 arbusculis
899 4736 1177 4796 operante,
1202 4729 1293 4783 dat
1323 4729 1714 4785 incrementum
1739 4728 1912 4784 Deus?

530 4835 714 4891 XVIII.
754 4833 906 4907 (Cap.
950 4836 1061 4907 16.)
1102 4834 1212 4891 Nec
1254 4838 1427 4907 gratia
1457 4837 1707 4907 prohibet
1745 4836 2044 4905 correptio-

459 4946 604 4993 nem,
633 4942 733 4982 nec
756 4929 1029 4998 correptio
1042 4928 1463 4998 negatgratiam.
1497 4928 1562 4981 Et
1583 4928 1701 4981 ideo
1726 4927 1805 4983 sic
1818 4937 2047 4997 estprae-

458 5020 703 5090 eipienda
738 5019 969 5088 justitia,
997 5026 1057 5072 ut
1091 5033 1121 5072 a
1151 5019 1259 5072 Deo
1292 5018 1485 5087 gratia,
1519 5034 1626 5088 qua
1658 5017 1712 5072 id
1743 5018 1883 5087 quod
1911 5033 2049 5088 prte—

457 5112 657 5180 cipitur
684 5109 797 5175 ﬁat,
831 5110 973 5165 fideli
1000 5110 1249 5166 oratione
1286 5119 1574 5181 poscatur;
1609 5119 1664 5166 et
1704 5112 1809 5167 hoc
1831 5120 2044 5165 utrum-

458 5215 565 5269 que
618 5199 693 5253 ita
742 5200 1050 5255 faciendum
1093 5210 1199 5266 est,
1253 5210 1314 5255 ut
1363 5215 1537 5270 neque
1577 5200 1725 5269 justa
1772 5203 2044 5273 correptio

457 5290 783 5361 negligatur.
833 5290 1027 5346 Omnia
1076 5304 1202 5345 vero
1248 5293 1363 5346 haec
1406 5308 1527 5347 cum
1576 5293 1841 5350 charitate
1887 5294 2042 5361 ﬁant,

457 5383 715 5450 quoniam
763 5384 1002 5437 charitas
1043 5398 1145 5438 nec
1180 5382 1309 5438 facit
1342 5394 1644 5456 peccatum,
1694 5395 1749 5442 et
1795 5388 2042 5458 cooperit

458 5476 858 5534 multitudinem
889 5487 1257 5550 peccatorum.

530 5587 674 5642 XIX.
710 5588 881 5645 Nemo
905 5589 1069 5645 habet
1095 5590 1163 5646 de
1193 5606 1292 5646 suo
1318 5591 1420 5649 nisi
1452 5592 1790 5648 mendacium
1831 5602 1888 5648 et
1916 5608 2043 5663 pec—

460 5689 666 5736 catum.
712 5680 772 5737 Si
802 5683 931 5753 quid
960 5691 1141 5739 autem
1185 5684 1348 5739 habet
1392 5686 1555 5741 homo
1586 5686 1834 5742 veritatis
1882 5696 2044 5757 atque

460 5772 707 5845 iustitiae.
734 5777 802 5834 ab
831 5776 922 5833 illo
945 5776 1092 5835 fonte
1135 5787 1218 5835 est
1266 5792 1428 5850 quem
1475 5779 1736 5835 debemus
1791 5779 1944 5835 sitire
1990 5781 2044 5834 in

2162 3316 2272 3362 tem
2303 3309 2565 3363 meruisse
2593 3309 2912 3379 respondeo.
2940 3308 3031 3364 Sic
3074 3309 3221 3363 enim
3257 3318 3519 3373 excazcat,
3554 3311 3635 3366 sic
3660 3313 3761 3366 ob-

2157 3400 2319 3455 durat
2340 3400 2504 3466 Deus,
2529 3399 2852 3464 deserendo,
2890 3407 2944 3453 et
2974 3416 3079 3454 non
3107 3399 3436 3470 adjuvando,
3470 3401 3616 3470 quod
3647 3416 3749 3457 oc-

2156 3491 2302 3546 culto
2328 3489 2533 3562 judicio
2562 3489 2741 3545 facere
2784 3498 2983 3561 potest,
3016 3490 3203 3560 iniquo
3241 3506 3349 3545 non
3396 3499 3599 3561 potest.
3632 3490 3750 3547 Hoc

2153 3582 2374 3637 omnino
2416 3581 2588 3652 pietas
2629 3581 3001 3652 religiosorum
3040 3581 3421 3635 inconcussum
3454 3582 3616 3637 debet
3662 3584 3750 3637 in-

2153 3674 2521 3744 violatumque
2550 3688 2789 3728 servare.
2821 3672 2975 3727 Sicut
2996 3670 3309 3741 Apostolus,
3343 3688 3468 3727 cum
3497 3674 3746 3729 eamdem

2155 3768 2326 3838 ipsam
2374 3774 2642 3822 tractaret
2692 3764 3063 3820 difficillimam
3114 3765 3510 3836 quaastionem:
3545 3766 3744 3835 “Quid

2160 3878 2178 3908 ε
2223 3872 2353 3925 ergo
2397 3857 2659 3919 dicemus,
2719 3856 2915 3926 inquit,
2990 3838 3236 3926 nunquid
3292 3856 3561 3927 iniquitas
3609 3857 3745 3928 apud

2159 3966 2177 3999 ‹
2207 3946 2410 4001 Deum?
2444 3946 2601 4001 A’bsit
2637 3945 2816 4017 (Rom.
2858 3945 2957 4016 Ix).
2995 3966 3011 3999 ι
3066 3946 3156 4001 Sic
3204 3962 3334 4017 ergo
3374 3948 3516 4002 absit
3568 3960 3629 4002 ut
3678 3951 3750 4005 sit

2153 4039 2413 4108 iniquitas
2441 4038 2581 4109 apud
2612 4038 2801 4093 Deum.
2849 4038 2977 4093 Sive
3005 4039 3220 4109 quando
3257 4040 3494 4110 adjuvat,
3529 4042 3750 4096 miseri-

2152 4132 2388 4188 corditer
2416 4131 2572 4197 facit;
2601 4132 2714 4187 sive
2749 4133 2965 4201 quando
2998 4148 3103 4187 non
3142 4131 3379 4200 adjuvat,
3414 4132 3566 4202 juste
3591 4134 3747 4202 facit,

2152 4224 2278 4295 quia
2305 4225 2491 4278 omnia
2521 4240 2628 4279 non
2658 4224 2985 4287 temeritate,
3013 4224 3107 4279 sed
3138 4224 3347 4294 judicio
3379 4224 3528 4279 facit.

2223 4317 2307 4372 Ill.
2350 4316 2407 4372 Si
2437 4316 2640 4386 judicia
2681 4328 2996 4372 sanctorum
3032 4316 3183 4386 justa
3216 4327 3365 4383 sunt,
3393 4326 3599 4387 quanto
3626 4335 3747 4374 ma-

2150 4409 2232 4479 gis
2275 4408 2625 4478 justilirantis
2674 4416 2729 4465 et
2781 4408 3171 4464 sanctificautis
3207 4408 3343 4463 Dei?
3396 4407 3550 4465 Justa
3608 4426 3741 4481 ergo

2150 4508 2295 4564 sunt,
2343 4499 2436 4554 sed
2476 4499 2706 4554 occulta.
2747 4498 2872 4553 Ideo
2903 4514 3023 4552 cum
3071 4500 3400 4569 quaestiones
3432 4499 3745 4571 huiusmodi

2073 4598 2123 4658 Ῑ)
2149 4589 2203 4643 ἱιι
2227 4588 2460 4643 medium
2493 4589 2760 4653 venerint,
2785 4604 2954 4659 quare
2978 4588 3115 4643 alius
3138 4589 3243 4655 sic,
3265 4590 3404 4645 alius
3426 4598 3609 4644 autem
3641 4591 3745 4656 sic,

2147 4696 2316 4752 quare
2343 4680 2450 4746 ille,
2481 4681 2590 4735 Deo
2619 4681 2925 4745 deserente,
2957 4689 3284 4747 excmcetur,
3313 4682 3421 4746 ille,
3452 4680 3565 4737 Deo
3589 4681 3745 4751 adju-

2147 4781 2328 4839 vante,
2355 4771 2710 4836 illuminetur,
2727 4787 2833 4826 non
2859 4771 3291 4839 nobisjudicium
3309 4772 3588 4842 dejudicio
3605 4772 3743 4826 tanti

2140 4861 2340 4933 judicis
2375 4878 2722 4933 usurpemus,
2748 4863 2841 4918 sed
2863 4864 3345 4918 contremiscentes
3373 4863 3747 4920 exclamemus

2149 4973 2274 5013 cum
2301 4956 2559 5026 Apostolo
2601 4973 2615 5010 :
2665 4976 2684 5007 ί
2715 4954 2759 5012 Ο
2778 4957 3003 5011 altitudo
3041 4957 3352 5011 divitiarum
3381 4956 3663 5026 sapientia:
3686 4964 3747 5013 et

2153 5069 2173 5101 ι
2196 5048 2438 5103 scientia:
2454 5048 2577 5102 Dei!
2597 5063 2760 5117 quam
2777 5048 3143 5102 inscrutabilia
3169 5054 3296 5102 sunt
3307 5045 3510 5116 judicia
3526 5047 3668 5118 ejus,
3685 5053 3745 5102 et

2155 5160 2173 5192 ι
2211 5139 2724 5210 investigabilesvitc
2750 5138 2867 5207 ejus
2897 5138 3075 5210 (Rom.
3104 5140 3184 5212 χι)
3209 5143 3221 5194 !
3248 5161 3266 5193 ι
3295 5140 3450 5196 Unde
3465 5139 3669 5195 dictum
3685 5148 3744 5195 et

2148 5233 2204 5288 in
2237 5231 2477 5302 psalmo:
2514 5250 2531 5282 ι
2568 5229 2776 5286 Iudicia
2803 5238 2894 5284 tua
2920 5229 3062 5285 sicut
3092 5231 3319 5301 abyssus
3346 5230 3516 5286 multa
3550 5229 3739 5303 ,(Psal.

2153 5342 2172 5376 ι
2214 5321 2405 5393 xxxv).
2443 5341 2462 5372 ι

2217 5412 2305 5469 IV.
2344 5412 2645 5468 Audiamus
2669 5413 3050 5469 admonentem
3079 5412 3421 5484 Scripturam
3452 5420 3616 5483 atque
3649 5410 3738 5469 di-

2143 5514 2353 5561 centem
2382 5522 2394 5557 :
2449 5523 2467 5555 c
2494 5503 2702 5558 Altiora
2741 5512 2794 5559 te
2829 5519 2896 5559 ne
2919 5503 3221 5574 qumsicris,
3251 5512 3307 5559 et
3334 5503 3560 5559 fortiora
3584 5512 3639 5559 te
3668 5518 3738 5559 ne

2143 5605 2417 5657 scrutatus
2429 5595 2595 5652 fueris
2610 5595 2802 5669 (Eccli.
2820 5598 2924 5668 ιιι).
2953 5616 2972 5650 ι
2993 5595 3111 5652 Non
3136 5597 3261 5667 quia
3285 5597 3387 5652 ista
3402 5604 3596 5664 negata
3612 5605 3743 5652 sunt

2144 5689 2321 5754 nobis,
2344 5703 2469 5744 cum
2500 5686 2914 5760 Deusmagister
2934 5688 3078 5742 dicat
3111 5705 3167 5743 ει
3191 5686 3336 5742 Nihil
3360 5696 3445 5741 est
3464 5686 3759 5742 occultum“

2151 5802 2169 5835 ι
2200 5782 2341 5853 quod
2368 5797 2476 5837 non
2506 5781 2778 5838 reveletur
2808 5780 2939 5851 (an
2969 5780 3111 5852 vni).
3144 5800 3161 5832 ι
3207 5780 3315 5836 Sed
3348 5781 3392 5835 si
3430 5800 3449 5831 ι
3506 5779 3559 5834 in
3591 5778 3738 5850 quod
