4032 6454
182 404 316 485 ἠδ

216 563 236 600 ι
270 538 620 616 pervenimus
660 534 718 593 in
769 547 836 592 eo
889 529 1226 588 ambulemus
1262 524 1429 600 (Phil.
1458 524 1567 595 ιιι),
1603 542 1622 577 ι
1657 521 1800 578 sicut
1824 525 1878 585 Α

211 613 344 694 dicit
366 630 679 705 Apostolus,
700 643 808 685 non
830 626 1005 685 solum
1033 623 1179 695 quod
1202 620 1477 678 nescimus
1488 624 1542 673 et
1557 613 1804 671 scirede-

209 726 427 792 bemus,
455 725 550 781 sed
563 724 725 779 etiam
761 739 780 774 ι
818 720 863 777 si
891 718 1019 792 quid
1050 717 1207 773 aliter
1228 713 1488 785 sapimus,
1520 709 1573 764 id
1587 720 1804 779 quoque

218 838 239 872 ι
273 816 434 874 nobis
463 815 606 871 Deus
629 811 907 870 revelavit.
939 829 957 862 ι
991 807 1349 865 Pervenimus
1380 813 1560 860 autem
1592 801 1646 855 in
1660 799 1802 854 viam

213 907 366 975 ﬁdei,
393 907 533 962 hunc
560 901 1101 974 perseverantissime
1126 908 1425 954 teneamus.
1455 895 1576 965 Ipsa
1603 891 1804 963 perdu-

212 1000 289 1057 cit
319 996 387 1053 ad
415 994 723 1052 cubiculum
750 993 937 1065 Regis,
972 1013 992 1044 ι
1019 992 1073 1047 in
1100 1004 1208 1062 quo
1223 1003 1412 1044 omnes
1426 981 1805 1043 suntthesauri

218 1105 239 1144 ι
268 1087 547 1162 sapientia:
585 1094 641 1142 et
688 1084 931 1141 scientiae
974 1080 1296 1138 absconditi.
1351 1098 1370 1132 ι
1405 1073 1805 1133 Ambulandum

212 1188 320 1248 est,
341 1177 738 1251 proﬁciendum
763 1184 868 1241 est,
902 1171 1255 1230 crescendum
1280 1179 1385 1237 est,
1414 1178 1475 1225 ut
1503 1168 1610 1224 sint
1640 1164 1806 1223 corda

213 1278 402 1328 nostra
439 1268 656 1339 capacia
678 1282 865 1323 earum
901 1279 1082 1319 rerum
1109 1278 1244 1334 quas
1264 1276 1458 1334 capere
1501 1260 1659 1317 modo
1698 1273 1805 1314 non

213 1378 525 1437 possumus.
549 1361 704 1430 Quod
738 1361 784 1416 si
825 1375 925 1415 nos
949 1358 1171 1413 ultimus
1197 1357 1313 1413 dies
1356 1355 1705 1428 proﬁcientes
1724 1355 1807 1409 in-

214 1455 447 1522 venerit,
490 1454 564 1511 ibi
585 1453 843 1511 discimus
873 1452 1016 1523 quod
1046 1451 1135 1507 hic
1162 1465 1269 1506 non
1298 1450 1591 1521 potuimus.

289 1571 357 1628 ν.
407 1569 487 1627 Ne
517 1572 718 1627 audeat
770 1570 1062 1641 quisquam
1102 1566 1335 1626 liberum
1387 1566 1676 1623 arbitrium
1727 1566 1808 1623 sic

217 1666 526 1733 defendere,
556 1673 618 1722 ut
650 1666 807 1722 nobis
853 1665 1156 1721 orationem
1202 1677 1311 1734 qua
1364 1662 1615 1728 dicimus,
1653 1678 1672 1712 ι
1728 1658 1808 1716 Ne

222 1781 242 1815 ι
269 1776 372 1817 nos
418 1758 621 1816 inferas
667 1760 725 1815 in
778 1757 1156 1823 tentationem,
1213 1774 1232 1809 ι
1282 1763 1514 1812 conetur
1563 1751 1801 1809 auferre.

215 1852 429 1909 Rursus
466 1866 537 1908 ne
581 1850 871 1923 quisquam
913 1856 1078 1919 neget
1098 1846 1394 1903 voluntatis
1429 1844 1713 1902 arbitrium
1751 1848 1807 1898 et

216 1946 421 2001 audeat
474 1958 737 2000 excusare
781 1948 1084 2013 peccatum.
1140 1938 1248 1995 Sed
1290 1937 1571 1994 audiamus
1612 1934 1802 1991 Domi-

215 2051 378 2122 rium,
408 2042 466 2091 et
504 2033 929 2107 pmcipientem,
954 2039 1011 2087 et
1034 2027 1415 2099 opitulantem,
1444 2034 1502 2082 et
1521 2025 1804 2098 iubentem

217 2116 355 2198 quid
376 2124 552 2183 facere
563 2125 874 2191 debeamus,
898 2128 954 2179 et
972 2121 1319 2193 adiuvantem
1344 2126 1402 2174 ut
1433 2116 1659 2189 implere
1681 2129 1806 2186 pos—

214 2234 412 2278 ειωιιε.

286 2333 380 2389 Vl.
419 2331 691 2400 Quosdam
719 2330 884 2387 nimia
911 2345 1024 2386 sua:
1060 2326 1355 2385 voluntatis
1388 2325 1585 2381 fiducia
1615 2324 1809 2381 extulit

214 2426 271 2482 in
303 2424 636 2496 superbiam,
667 2432 722 2479 et
748 2423 1009 2493 quosdam
1049 2421 1217 2476 nimia
1245 2433 1357 2474 suae
1389 2416 1682 2474 voluntatis
1709 2415 1810 2471 dif-

214 2517 444 2575 ﬁdentia
467 2516 664 2588 deiecit
702 2516 758 2571 in
786 2513 1191 2586 negligentiam.
1216 2511 1296 2566 Illi
1323 2509 1542 2566 dicunt:
1576 2508 1651 2564 Ut
1678 2505 1808 2577 quid

214 2626 479 2684 rogamus
507 2609 677 2665 Deum
712 2624 783 2665 ne
804 2609 1090 2663 vincamur
1111 2602 1431 2670 tentatione,
1461 2602 1603 2674 quod
1630 2602 1684 2656 in
1707 2616 1807 2657 no-

213 2713 337 2762 stra
371 2710 458 2757 est
501 2700 810 2771 potestate?
851 2698 948 2754 Isti
994 2698 1221 2754 dicunt:
1275 2696 1347 2752 Ut
1375 2695 1505 2766 quid
1549 2707 1812 2752 cOnamur

212 2794 361 2851 bene
383 2793 587 2858 vivere,
620 2793 765 2863 quod
807 2791 862 2846 in
890 2789 987 2846 Dei
1015 2797 1101 2845 est
1122 2786 1432 2860 potestate?
1476 2785 1521 2841 Ο
1560 2783 1808 2851 Domine,

212 2900 246 2941 ο
277 2893 441 2956 pater
468 2884 561 2955 qui
589 2898 650 2939 es
680 2882 735 2938 in
772 2881 949 2947 caelis,
978 2895 1048 2936 ne
1072 2894 1173 2935 nos
1204 2877 1407 2933 inferas
1434 2878 1491 2932 in
1517 2874 1817 2946 quamlibet

213 2979 452 3035 istarum
494 2976 877 3041 tentationum,
908 2974 1003 3030 sed
1030 2972 1200 3029 libera
1226 2985 1327 3027 nos
1367 2985 1397 3024 a
1423 2969 1585 3025 malo.
1614 2966 1814 3023 Audia-

216 3087 351 3129 mus
372 3069 662 3126 Dominum
684 3068 956 3124 dicentem
986 3084 1000 3120 :
1030 3084 1049 3118 ι
1078 3063 1281 3136 Rogavi
1307 3077 1407 3133 pro
1431 3070 1503 3129 te,
1532 3061 1713 3126 Petre,
1745 3073 1817 3115 ne

219 3180 243 3215 ι
276 3160 497 3217 deficiat
527 3159 663 3215 fides
689 3167 779 3214 tua
806 3157 958 3229 (Luc.
995 3154 1158 3227 xm),
1196 3175 1221 3206 ι
1244 3168 1314 3209 ne
1335 3153 1415 3208 sic
1440 3150 1815 3208 existimemus

1029 412 1118 473 DE
1153 405 1847 475 PREDESTINATIONE,
1886 402 2066 471 ETC.,
2103 400 2197 458 EX
2235 396 2660 459 AUGUSTINO.

3391 394 3494 452 134

2515 506 2746 566 CAPUT
2795 503 2884 561 Vl.

1905 608 1993 665 Ea:
2037 606 2168 661 libra
2197 605 2263 659 de
2290 580 2764 659 Prwdestinatione
2801 599 3398 670 sanctorum,__itemque
3427 598 3494 655 de

1976 678 2115 732 dono
2142 674 2563 747 perseverantia,
2598 672 2669 726 ad
2699 671 3014 742 Prosperum
3045 678 3094 723 et
3128 668 3420 724 Hilarium.

1924 822 1929 827 ι
1978 786 2291 843 SENTENTIA
2328 783 2372 838 Ι.
2400 780 2558 855 (Cap.
2591 782 2705 854 10.)
2742 782 2891 837 Inter
2918 780 3149 853 gratiam
3184 788 3241 836 et
3283 780 3492 853 praede-

1903 877 2252 934 stinationem
2284 876 2388 931 hoc
2428 882 2637 929 tantum
2672 872 2920 939 interest,
2964 871 3107 943 quod
3142 871 3496 942 prmdestina—

1907 968 1983 1024 tio
2015 974 2100 1024 est
2128 965 2315 1038 gratiae
2332 963 2673 1035 praeparatio,
2700 963 2874 1033 gratia
2903 979 3033 1019 vero
3053 961 3166 1032 iam
3190 962 3305 1032 ipsa
3325 963 3495 1019 dona-

1907 1059 2002 1115 tio.
2047 1057 2201 1126 Quod
2246 1057 2431 1126 itaque
2469 1055 2546 1109 ait
2568 1054 2883 1124 Apostolus,
2913 1074 2932 1108 ι
2967 1054 3086 1111 Νοιι
3120 1071 3188 1111 ex
3217 1055 3497 1125 operibus,

1915 1168 1935 1203 ι
1967 1164 2036 1205 ne
2082 1149 2225 1205 forte
2265 1147 2387 1218 quis
2433 1145 2741 1211 extollatur,
2791 1145 2964 1216 ipsius
3007 1146 3153 1201 enim
3197 1162 3387 1202 sumus
3426 1143 3499 1203 ﬂ»

1912 1259 1933 1294 ι
1968 1248 2274 1314 gmentum,
2305 1238 2473 1295 creati
2503 1237 2559 1293 in
2591 1236 2810 1293 Christo
2853 1236 2980 1293 Jesu
3024 1237 3080 1291 in
3114 1239 3369 1307 operibus
3399 1240 3500 1296 bo-

1912 1351 1931 1384 ι
1961 1331 2047 1387 nis
2076 1329 2402 1403 (Ep/195.11),
2438 1347 2458 1382 ι
2488 1328 2663 1400 gratia
2685 1337 2788 1384 est.
2822 1326 2978 1396 Quod
3006 1336 3186 1383 autem
3217 1330 3502 1400 sequitur:

1911 1440 1932 1474 ι
1972 1438 2094 1493 quae
2142 1420 2471 1493 praeparavit
2516 1419 2661 1475 Deus
2713 1427 2775 1474 ut
2826 1410 2888 1474 in
2927 1419 3035 1474 illis
3072 1419 3443 1487 ambulemus,
3473 1436 3496 1474 ι

1904 1511 2314 1584 ριωὰθειὶιιιιιίο
2338 1520 2445 1579 est,
2476 1526 2597 1583 qua:
2621 1511 2739 1567 sine
2789 1514 3135 1585 praescientia
3183 1529 3290 1569 non
3319 1520 3503 1585 potest

1904 1616 2047 1670 esse,
2095 1608 2273 1672 potest
2314 1609 2498 1657 autem
2538 1615 2659 1656 esse
2699 1602 2816 1658 sine
2860 1604 3333 1675 praedestinationc
3363 1618 3503 1673 pne-

1905 1694 2150 1751 scientia.
2183 1692 2667 1749 Prmdestinatione
2703 1692 2903 1764 quippe
2947 1694 3089 1749 Deus
3121 1692 3502 1764 eaprzescivit

1905 1803 2028 1859 qua;
2062 1787 2239 1842 fuerat
2263 1786 2381 1857 ipse
2418 1785 2685 1841 facturus.
2719 1784 2875 1841 Unde
2896 1785 3101 1840 dictum
3137 1792 3223 1840 est
3250 1802 3263 1839 :
3296 1802 3315 1836 ι
3347 1782 3503 1839 Fecit

1833 1874 1881 1934 B
1912 1899 1932 1932 ι
1959 1894 2080 1950 quae
2106 1878 2286 1933 futura
2312 1885 2441 1934 sunt
2472 1875 2606 1948 (Isa.
2634 1876 2783 1949 ην).
2817 1896 2836 1929 ι
2868 1876 3133 1933 Praescire
3163 1884 3346 1932 autem
3394 1889 3494 1946 po-

1905 1977 2016 2025 test
2032 1967 2198 2024 etiam
2224 1967 2339 2038 ipse
2369 1981 2491 2039 quae
2520 1981 2629 2021 non
2654 1964 2803 2032 facit,
2829 1966 2971 2022 sicut
2998 1979 3336 2036 quaecunque
3370 1978 3500 2034 pec-

1905 2070 2047 2130 cata,
2079 2063 2206 2133 quia
2237 2061 2341 2118 etsi
2364 2066 2491 2116 sunt
2531 2057 2799 2128 quaedam,
2827 2071 2949 2126 qua:
2977 2055 3051 2111 ita
3081 2062 3307 2125 peccata
3351 2062 3501 2117 sunt,

1905 2164 1966 2212 ut
1989 2169 2165 2228 pcena:
2203 2154 2314 2211 sint
2336 2153 2504 2209 etiam
2531 2160 2908 2221 peccatorum,
2944 2146 3089 2204 unde
3121 2148 3328 2204 dictum
3372 2155 3497 2203 est:

1915 2266 1935 2300 σ
1965 2247 2213 2304 Tradidit
2250 2245 2372 2301 illos
2412 2245 2557 2300 Deus
2600 2244 2656 2299 in
2701 2241 2992 2311 reprobam
3036 2248 3296 2304 mentem,
3325 2245 3387 2293 ut
3412 2235 3499 2292 fa-

1915 2361 1933 2396 ι
1963 2343 2111 2399 ciant
2132 2356 2254 2411 qua:
2284 2355 2395 2396 non
2431 2337 2761 2394 conveniunt
2791 2333 2970 2406 (Rom.
2997 2334 3061 2406 1),
3089 2352 3109 2386 ι
3141 2348 3247 2388 non
3271 2331 3344 2386 ibi
3369 2344 3504 2401 pee-

1908 2439 2093 2488 catum
2116 2429 2213 2485 Dei
2239 2437 2342 2495 est,
2370 2427 2464 2483 sed
2482 2426 2768 2498 judicium.
2796 2423 3064 2491 Quocirca
3095 2418 3500 2492 praedestinatio

1908 2521 2029 2588 Dei,
2055 2535 2175 2590 qum
2204 2520 2261 2575 in
2297 2519 2439 2575 bono
2477 2526 2581 2583 est,
2614 2516 2806 2587 gratia:
2845 2521 2951 2579 est,
2975 2520 3038 2568 ut
3063 2513 3197 2577 dixi,
3226 2524 3500 2582 praepara-

1911 2611 2007 2678 tio,
2037 2588 2214 2684 gratia
2242 2623 2375 2665 vero
2412 2614 2497 2663 est
2522 2606 2692 2677 ipsius
2717 2601 3211 2674 praedestinationis
3249 2588 3497 2657 ell'ectus.

1980 2706 2045 2761 ll.
2088 2702 2242 2777 (Cap.
2292 2701 2406 2773 11.)
2455 2699 2591 2756 Cum
2634 2697 2924 2768 Apostolus
2968 2696 3152 2751 dicat:
3200 2712 3220 2746 ι
3251 2692 3377 2748 Ideo
3427 2704 3500 2747 ex

1919 2820 1938 2855 ι
1986 2799 2114 2865 ﬁde,
2161 2805 2222 2852 ut
2272 2793 2571 2852 secundum
2616 2791 2850 2863 gratiam
2902 2790 3059 2843 ﬁrma
3105 2786 3177 2843 sit
3219 2784 3513 2857 promissio

1919 2915 1938 2948 ι
1974 2894 2152 2968 (Rom.
2197 2893 2295 2959 iv),
2335 2910 2354 2943 ι
2398 2888 2599 2945 mirum
2641 2895 2728 2943 est
2771 2886 3020 2942 homines
3046 2879 3355 2938 inﬁrmitati
3398 2893 3511 2934 sum

1914 3002 1975 3043 se
2010 2984 2172 3040 malle
2220 2980 2582 3044 committere,
2634 2991 2799 3048 quam
2843 2973 3091 3030 ﬁrmitati
3130 2967 3512 3042 promissionis

1915 3077 2033 3133 Dei.
2059 3074 2168 3131 Sed
2210 3074 2418 3129 incerta
2456 3079 2541 3127 est
2564 3068 2717 3133 mihi,
2743 3065 2947 3137 inquis,
2986 3064 3053 3119 de
3086 3056 3292 3131 meipso
3321 3058 3512 3114 volun-

1919 3179 2005 3226 tas
2017 3168 2131 3224 Dei.
2148 3166 2289 3235 Quid
2302 3164 2468 3236 ergo?
2482 3162 2668 3218 Tuane
2688 3160 2787 3215 tibi
2799 3158 3049 3214 voluntas
3078 3156 3146 3211 de
3158 3155 3340 3225 teipse
3361 3161 3511 3208 certa

216 3253 388 3309 ﬁdem
409 3260 653 3308 nostram
679 3264 802 3306 esse
833 3250 889 3304 in
917 3247 1090 3303 libero
1119 3244 1365 3310 arbitrio,
1394 3251 1457 3297 ut
1483 3242 1669 3297 divino
1706 3255 1814 3297 non
1843 3243 1888 3306 ρ
1918 3270 2024 3327 est,
2051 3275 2153 3316 nec
2183 3257 2378 3313 times?
2421 3275 2439 3307 ε
2491 3254 2592 3322 Qui
2630 3253 2844 3307 videtur
2892 3259 3065 3313 mare,
3091 3246 3279 3300 videat
3321 3258 3391 3298 ne
3417 3256 3513 3299 ca.

218 3351 383 3416 egeat
398 3342 687 3414 adiutorio.
709 3341 1005 3395 Audiamus
1018 3345 1073 3393 ct
1092 3335 1482 3407 evangelistam
1505 3333 1773 3388 dicentem
1798 3348 1811 3385 :

226 3453 247 3488 ι
283 3435 447 3492 Dedit
473 3435 554 3490 eis
589 3440 915 3505 potestatem
955 3430 1094 3484 ﬁlios
1128 3428 1222 3483 Dei
1269 3426 1388 3481 fieri
1435 3423 1617 3497 (Joan.
1650 3422 1758 3494 ιιι),
1790 3441 1809 3475 ι

214 3543 295 3585 ne
353 3527 581 3583 omnino
637 3523 1013 3578 existimemus
1054 3521 1109 3574 in
1161 3528 1349 3575 nostra
1390 3525 1658 3588 potestate
1708 3531 1818 3570 non

215 3631 356 3675 esse
399 3614 545 3684 quod
588 3612 882 3667 credimus.
927 3611 1313 3664 Verumtamen
1358 3606 1414 3660 in
1456 3614 1688 3673 utroque
1748 3601 1817 3655 il-

213 3708 336 3763 lius
390 3703 656 3761 beneficia
699 3715 1110 3773 cognoscamus.
1161 3697 1296 3752 Nam
1331 3704 1386 3751 et
1432 3694 1652 3767 agendae
1695 3701 1822 3747 sunt

216 3796 441 3869 gratim,
477 3794 606 3865 quia
631 3794 756 3849 data
782 3798 869 3847 est
900 3797 1162 3859 potestas,
1189 3795 1245 3844 et
1271 3786 1559 3849 orandum,
1591 3797 1661 3838 ne
1693 3795 1821 3837 suc-

219 3885 453 3944 cumbat
479 3881 787 3938 inﬁrmitas.
821 3879 940 3951 Ipsa
979 3885 1064 3933 est
1102 3877 1261 3942 ﬁdes,
1291 3890 1412 3945 quae
1436 3888 1534 3945 per
1572 3870 1822 3927 dilectio-

220 3991 356 4034 nem
387 3984 664 4047 operatur,
692 3973 834 4029 sicut
857 3970 977 4040 eius
998 3981 1310 4026 mensuram
1338 3965 1599 4023 Dominus
1622 3962 1821 4033 cuique

221 4068 465 4143 partitus
483 4075 588 4134 est,
619 4075 680 4122 ut
718 4065 812 4138 qui
838 4065 1118 4138 gloriatur,
1150 4077 1258 4119 non
1298 4062 1353 4117 in
1379 4061 1581 4130 seipso,
1625 4055 1720 4114 sed
1763 4057 1821 4112 in

224 4160 466 4219 Domino
488 4158 770 4229 glorietur.

298 4275 417 4333 VII.
453 4276 729 4346 Quotquot
765 4282 875 4329 tam
900 4271 1130 4343 superbe
1150 4269 1381 4342 sapiunt,
1410 4275 1612 4323 utsum
1629 4263 1820 4321 volun-

223 4371 367 4429 tatis
392 4368 597 4425 viribus
638 4375 844 4422 tantum
870 4364 1182 4421 existiment
1211 4376 1333 4418 esse
1361 4360 1724 4423 tribuendum,
1761 4363 1823 4411 ut

226 4470 436 4535 negent
463 4460 564 4517 sibi
589 4458 956 4515 necessarium
974 4456 1217 4510 divinum
1240 4453 1566 4524 adiutorium
1593 4451 1661 4505 ad
1684 4448 1821 4504 bene

225 4553 551 4619 vivendum,
578 4567 686 4607 non
732 4556 960 4621 possunt
1002 4548 1223 4603 credere
1263 4546 1319 4600 in
1363 4544 1657 4600 Christum.
1700 4540 1817 4596 Non

1925 3370 1945 3404 ι
1975 3352 2068 3407 dat
2096 3348 2147 3419 (Ι
2179 3346 2304 3402 Cor.
2348 3345 2428 3417 x).
2467 3362 2487 3395 ι
2522 3342 2657 3397 Cum
2687 3341 2853 3410 igitur
2892 3346 3122 3407 utraque
3158 3335 3369 3389 incerta
3413 3330 3509 3398 sit,

1918 3462 2018 3503 cur
2052 3460 2160 3500 non
2199 3443 2362 3497 homo
2393 3435 2620 3492 ﬁrmiori
2651 3433 2812 3489 fidem
2852 3446 3031 3497 suam,
3052 3442 3235 3499 spem,
3277 3424 3510 3480 charita-

1920 3548 2139 3607 temque
2163 3529 2505 3589 committit?

1992 3625 2080 3678 Ill.
2126 3620 2281 3694 (Cap.
2334 3619 2450 3690 15.)
2491 3618 2589 3672 Est
2615 3615 2782 3670 etiam
2820 3609 3296 3683 praeclarissimum
3327 3606 3510 3661 lumen

1922 3708 2413 3784 praedestinationis
2443 3715 2499 3761 et
2539 3705 2726 3775 gratiae
2778 3704 2893 3771 ipse
2930 3701 3189 3763 salvator,
3229 3702 3346 3767 ipse
3397 3710 3513 3751 me-

1924 3806 2101 3862 diator
2141 3802 2240 3859 Dei
2268 3809 2325 3856 et
2368 3799 2649 3856 hominum
2696 3796 2860 3851 homo
2907 3789 3158 3846 Christus
3196 3785 3374 3841 Jesus.
3418 3785 3514 3841 ille

1921 3898 2066 3955 enim
2093 3898 2276 3960 homo,
2310 3901 2371 3948 ut
2406 3907 2439 3947 a
2464 3889 2643 3946 Verbo
2668 3885 2817 3942 Patri
2857 3891 3130 3939 coactcrno
3164 3880 3216 3933 in
3251 3878 3514 3932 unitatem

1920 4002 2170 4061 persona:
2200 3991 2512 4055 assumptus
2531 3979 2701 4034 Filius
2725 3976 2821 4032 Dci
2844 3971 3155 4045 unigenitus
3182 3976 3347 4033 esset,
3375 3968 3520 4047 unde

1921 4082 2026 4137 hoc
2048 4077 2282 4136 meruit?
2316 4075 2459 4146 quod
2495 4073 2613 4143 eius
2634 4072 2836 4127 bonum
2879 4065 3255 4138 qualecunque
3282 4075 3516 4133 praeces-
3588 4100 3595 4105 .

1922 4175 2017 4241 sit,
2052 4179 2114 4228 ut
2137 4169 2208 4226 ad
2236 4169 2378 4224 hanc
2409 4162 2737 4221 ineffabilem
2757 4156 3135 4215 excellentiam
3163 4150 3516 4225 perveniret?

1920 4264 2179 4321 Faciente
2206 4276 2270 4315 ac
2315 4257 2650 4328 suscipiente
2694 4250 2890 4317 Verbo,
2940 4250 3055 4320 ipse
3097 4247 3278 4311 homo,
3309 4260 3377 4300 ex
3408 4258 3517 4313 quo

1921 4370 2043 4412 esse
2066 4352 2251 4424 cmpit,
2278 4350 2446 4405 Filius
2476 4347 2573 4403 Dei
2597 4345 2790 4400 unicus
2824 4356 2943 4397 esse
2971 4339 3152 4409 coepit.
3187 4336 3382 4391 Filium
3417 4336 3514 4390 Dei

1921 4450 2139 4505 unicum
2178 4444 2376 4500 femina
2400 4441 2489 4496 illa
2515 4438 2688 4511 gratia
2715 4436 2985 4503 concepit.
3018 4432 3095 4486 De
3140 4429 3345 4499 Spiritu
3388 4442 3517 4482 san-

1924 4553 2012 4600 eto
2054 4550 2110 4597 et
2146 4539 2356 4609 virgine
2394 4533 2562 4588 Maria
2605 4531 2700 4585 Dei
2745 4527 2914 4582 Filius
2960 4524 3151 4579 unicus
3196 4530 3353 4575 natus
3388 4530 3511 4585 est;

237 4599 686 4619 .............-,-.---
735 4599 957 4621 ru"---
1266 4599 1295 4600 η
1937 4599 1947 4600 ί
1995 4599 1999 4600 ν
2234 4599 2263 4609 υ

228 4648 384 4705 enim
436 4645 638 4715 aliquid
682 4652 910 4715 prosunt
954 4640 1172 4712 syllabae
1210 4638 1446 4693 nominis
1493 4634 1715 4698 Christi,
1766 4599 2032 4691 etDnon
2053 4631 2235 4689 carnis
2273 4626 2547 4697 cupidine,
2594 4621 2689 4677 sed
2736 4619 2851 4675 solo
2878 4618 2972 4673 Dei
3021 4630 3264 4670 munere.
3311 4610 3511 4666 Libera

230 4712 581 4796 sacramenta
609 4712 831 4797 Christi,
877 4731 969 4787 ubi
998 4729 1272 4785 resistitur
1298 4726 1418 4781 ﬁdei
1461 4723 1681 4779 Christi.
1727 4722 1824 4777 Fi-
1928 4729 1983 4784 in
2014 4727 2107 4782 illo
2131 4723 2385 4779 voluntas
2410 4726 2550 4782 erat,
2574 4732 2638 4771 ac
2661 4723 2811 4770 tanto
2827 4712 2999 4782 magis
3026 4717 3161 4770 erat,
3187 4714 3392 4776 quanto
3409 4720 3517 4759 ηιει.

231 4829 333 4886 des
370 4834 549 4882 autem
580 4823 781 4880 Christi
812 4829 897 4877 est
922 4820 1146 4876 credere
1176 4818 1231 4872 in
1276 4832 1396 4872 eum
1429 4814 1520 4886 qui
1558 4812 1827 4883 iustificat
1926 4821 2009 4892 gis
2030 4817 2235 4875 servire
2266 4819 2491 4884 peccato
2518 4823 2622 4863 non
2671 4813 2902 4876 poterat.
2939 4803 3176 4872 Apparet
3209 4800 3391 4869 itaque
3419 4812 3518 4853 no-

232 4920 497 4992 impium;
546 4916 769 4971 credere
794 4914 848 4968 in
888 4910 1262 4973 mediatorem,
1310 4908 1427 4963 sine
1456 4920 1563 4976 quo
1593 4905 1830 4975 interpo-

1926 4890 2011 4967 bis
2036 4911 2090 4965 in
2112 4917 2298 4977 nostro
2323 4903 2498 4974 capite
2530 4901 2646 4970 ipse
2672 4898 2793 4953 fons
2815 4895 3021 4968 gratiae,
3050 4893 3192 4947 unde
3212 4890 3513 4946 secundum

234 5012 346 5069 site
379 5026 486 5066 non
513 5006 929 5065 reconciliantur
949 5004 1098 5069 Deo;
1127 5000 1350 5057 credere
1378 5000 1431 5054 in
1464 4997 1827 5063 Salvatorem,

1931 5000 2355 5069 uniuscuiusque
2388 5007 2702 5050 mensuram
2741 5006 2801 5045 se
2837 5004 2936 5060 per
2966 4995 3159 5042 cuncta
3198 4984 3316 5054 eius
3351 4996 3521 5038 mem-

237 5105 331 5176 qui
362 5103 512 5159 venit
540 5100 682 5172 quod
704 5098 941 5170 perierat
967 5108 1210 5165 quaerere
1249 5101 1412 5162 atque
1439 5091 1683 5153 salvere;
1714 5105 1834 5145 cre-
1934 5093 2035 5151 bra
2064 5089 2333 5150 diffundit.
2361 5086 2439 5141 Ea
2482 5084 2656 5155 gratia
2687 5082 2746 5136 fit
2773 5082 2840 5136 ab
2869 5080 3024 5135 initio
3053 5078 3176 5133 fidei
3221 5091 3332 5132 suae
3357 5076 3522 5130 homo

239 5166 375 5253 dere
400 5195 456 5249 in
483 5166 607 5249 eum
632 5166 725 5263 qui
761 5190 896 5246 dixit
925 5207 938 5243 :
974 5206 993 5239 ι
1046 5186 1178 5242 Sine
1219 5201 1308 5240 me
1342 5183 1475 5239 nihil
1503 5183 1731 5254 potestis
1756 5183 1835 5236 fa-
1935 5185 2246 5256 quicunque
2271 5177 2639 5241 Christianus,
2676 5189 2782 5244 qua
2806 5172 2979 5244 gratia
3010 5171 3173 5225 homo
3199 5169 3289 5224 ille
3315 5169 3384 5222 ab
3411 5166 3518 5221 ini-

248 5310 268 5343 ι
310 5303 440 5347 cere
469 5286 523 5360 (Ι
554 5287 713 5342 Joan.
742 5284 855 5355 xv).
906 5302 926 5335 ι
960 5281 1063 5350 Qui
1092 5295 1221 5353 ergo
1270 5278 1527 5350 ignorans
1550 5275 1645 5330 Dei
1675 5275 1836 5346 iusti-

246 5383 400 5448 tiam,
431 5394 537 5451 qua
559 5376 891 5449 iustificatur
912 5373 1130 5444 impius,
1155 5385 1311 5428 suam
1341 5369 1455 5424 vult
1481 5367 1831 5434 constituere,

247 5488 356 5544 qua
398 5469 756 5527 convincatur
795 5466 1080 5536 superbus,
1112 5464 1167 5518 in
1198 5463 1341 5517 hanc
1367 5475 1473 5515 non
1514 5466 1693 5530 potest
1716 5472 1838 5513 cre-

250 5565 405 5630 dere,
428 5576 538 5618 non
570 5562 696 5632 quia
726 5558 925 5616 mutari
969 5556 1220 5613 homines
1264 5554 1320 5609 in
1365 5552 1559 5607 melius
1587 5565 1694 5606 non
1717 5565 1843 5623 pos-

253 5663 404 5720 sunt,
433 5654 528 5710 sed
555 5652 791 5724 qnandiu
815 5650 944 5706 talia
967 5647 1203 5720 sapiunt,
1229 5660 1335 5701 non
1355 5651 1581 5717 possunt
1598 5644 1840 5700 credere.

254 5746 396 5804 Hinc
436 5752 779 5802 excaecantur
797 5749 852 5798 et
880 5742 1220 5805 indurantur,
1252 5736 1379 5808 quia
1422 5734 1669 5808 negando
1707 5734 1843 5793 divi-

258 5858 387 5898 num
416 5840 741 5914 adiutorium
767 5852 872 5894 non
903 5834 1249 5908 adiuvantur.

1938 5280 2014 5335 tio
2040 5291 2138 5333 suo
2161 5276 2336 5331 factus
2355 5280 2442 5328 est
2465 5270 2736 5333 Christus,
2761 5267 2827 5322 de
2850 5266 2966 5336 ipso
3004 5263 3209 5334 Spiritu
3234 5270 3291 5316 et
3323 5260 3410 5314 hic
3434 5274 3522 5312 re-

1940 5377 2119 5433 natus,
2147 5367 2214 5422 de
2238 5380 2345 5435 quo
2395 5370 2479 5418 est
2529 5359 2619 5416 ille
2659 5365 2840 5423 natus,
2878 5355 3068 5411 eodem
3110 5352 3315 5423 Spiritu
3359 5348 3421 5402 fit
3464 5348 3521 5403 in

1939 5462 2096 5519 nobis
2126 5457 2375 5516 remissio
2416 5461 2781 5525 peccatorum,
2809 5464 2916 5520 quo
2955 5446 3159 5516 Spiritu
3198 5442 3408 5497 factum
3437 5448 3524 5497 est

1939 5563 2000 5609 ut
2023 5551 2229 5608 nullum
2267 5549 2496 5605 haberet
2522 5545 2610 5601 ille
2636 5551 2938 5615 peccatum.
2974 5538 3099 5593 Haec
3140 5551 3200 5591 se
3233 5534 3373 5589 Deus
3401 5549 3525 5590 esse

1941 5642 2209 5698 facturum
2245 5638 2491 5711 profecto
2519 5630 2812 5709 praescivit.
2843 5629 2961 5698 lpsa
3004 5634 3086 5681 est
3122 5625 3291 5697 igitur
3319 5626 3527 5695 praede-

1941 5735 2163 5792 stinatio
2190 5742 2523 5798 sanctorum,
2555 5743 2678 5801 qum
2720 5725 2775 5780 in
2817 5720 3018 5777 Sancto
3056 5726 3368 5775 sanctorum
3409 5731 3525 5771 ma-

1942 5829 2086 5884 xime
2111 5826 2324 5883 claruit.
