4032 6484
497 369 598 423 153
1703 366 2059 425 AMIJLONIS

2203 366 2315 427 LSC.
2357 367 2566 425 LUGD.
3677 375 3795 440 £56

922 478 997 534 De
1048 479 1184 532 dono
1237 476 1653 548 perseverantitv.
2108 484 2160 541 Α
2186 477 2421 546 aequales
2458 480 2666 550 angelis
2697 477 2827 547 Dei,
2855 482 3095 537 nondum
3123 496 3253 556 ergo
3288 483 3430 541 sicut
3458 486 3517 541 in
3545 486 3690 543 caelo
3732 489 3796 544 in

568 591 657 647 ιν.
698 589 850 662 (Cap.
896 591 973 662 l.)
1026 592 1231 646 Donum
1278 588 1374 643 Dei
1418 604 1542 644 esse
1601 590 2082 658 perseverantiam,
2188 570 2276 662 eis
2307 569 2367 624 fit
2402 571 2652 627 voluntas
2690 572 2807 627 Dei.
2844 593 2862 625 ι
2894 575 3096 630 Panem
3128 585 3373 632 nostrum
3401 579 3796 649 quotidianum

498 696 604 750 qua
648 659 818 751 usque
848 680 902 734 in
947 659 1106 734 ﬁnem
1135 685 1519 749 perseveratur
1559 679 1612 733 in
1644 678 1879 744 Christo,
1924 679 2085 735 ﬁnem
2194 678 2211 710 ί
2246 659 2311 713 d3
2338 662 2495 716 "Obis
2520 663 2697 717 h0die-
2731 683 2749 717 ι
2771 662 2922 736 (Cap.
2949 664 3029 737 4.)
3058 665 3213 723 Hunc
3240 684 3432 739 panem
3456 680 3639 726 autem
3659 672 3794 729 dari

500 784 822 844 autermquo
849 773 1083 834 vitatista
1121 770 1327 834 ﬁnitur,
1361 770 1413 824 in
1456 786 1561 840 qua
1593 773 1967 826 tantummodo
1996 787 2088 841 pe—

2201 751 2343 807 iobis
2373 754 2614 822 quotidie
2643 756 3003 825 postulamus,
3028 772 3094 812 ne
3120 760 3212 829 qui
3238 761 3294 814 in
3322 759 3541 817 Christo
3567 778 3793 832 sumus,

501 840 841 917 γίευιυηίοει
880 876 947 915 ne
979 860 1222 915 cadat”.
1265 858 1454 929 itaque
1496 871 1677 914 unum
1715 860 1945 930 quisque
1984 840 2101 916 hoc.
2188 850 2244 930 et
2267 840 2665 898 Eucliaristiam
2688 846 2932 915 quotidie
2957 848 3023 902 ad
3050 849 3230 903 cibum
3262 850 3424 905 saluti
3454 853 3797 924 accipimus,

502 968 698 1007 munus
737 951 1026 1021 acceperit,
1057 949 1299 1019 quandi“
1340 950 1480 1004 hanc
1506 950 1672 1004 vitam
1697 929 1865 1015 dum"
1911 950 2090 1006 incer,
2188 929 2557 987 intercedente
2585 932 2765 1004 aliquo
2791 935 3043 1005 graviore
3066 937 3285 1004 delicto,
3307 940 3433 994 dum
3465 942 3702 998 abstenti
3732 956 3794 1000 et

501 1050 616 1096 mm
644 1048 745 1095 εει,
791 1040 849 1093 Si
878 1039 1023 1094 enim
1073 1038 1392 1109 priusquam
1441 1040 1707 1094 moriatur
1752 1040 1930 1105 cadat,
1980 1057 2088 1096 ηοη
2190 1038 2296 1078 non
2335 1025 2799 1082 communicantes
2826 1042 2857 1081 a
2896 1029 3108 1084 caelesti
3151 1046 3292 1101 pane
3333 1034 3714 1102 prohibemur,
3756 1053 3795 1095 a

501 1144 876 1201 perseverasse
922 1130 1111 1199 utique
1170 1128 1390 1194 dicitur,
1441 1140 1497 1184 et
1544 1130 1825 1186 verissime
1865 1132 2085 1187 dicitur.
2189 1114 2392 1171 Chris“
2440 1133 2671 1187 corpore
2712 1135 3048 1190 εθβπθωυτο
3085 1141 3106 1174 ί
3142 1125 3362 1180 Dimitte
3403 1127 3563 1183 nobis
3598 1128 3795 1186 debila

500 1223 781 1290 Quomodo
807 1237 939 1293 ergo
968 1221 1431 1292 perseverantiam
1456 1222 1549 1292 qui
1572 1238 1679 1277 ηοη
1718 1224 2090 1292 perseveravit
2196 1226 2216 1261 ι
2248 1217 2434 1265 nostra
2458 1250 2473 1271 ,
2503 1211 2645 1266 sicut
2669 1220 2724 1267 et
2738 1227 2834 1269 nos
2848 1213 3151 1270 dimittibus
3166 1217 3501 1274 debitoribus
3516 1222 3790 1277 nostris.»

498 1317 774 1387 accepisse
798 1316 884 1371 γε]
924 1315 1184 1370 habuisse
1208 1315 1471 1370 dicendus
1499 1317 1620 1371 est?
2191 1298 2344 1371 (Cap.
2372 1300 2452 1373 5.)
2470 1300 2643 1368 Quam
2674 1304 2982 1360 necessarie
3012 1315 3213 1370 autem,
3243 1324 3406 1379 quam
3430 1299 3793 1380 providenter

571 1407 643 1465 v.
671 1406 864 1479 (lbid.)
906 1404 964 1460 Si
989 1406 1187 1459 habent
1222 1405 1417 1475 aliquis
1463 1406 1878 1471 continentiam,
1923 1415 1980 1462 et
2018 1408 2088 1462 ab
2189 1399 2246 1445 et
2291 1391 2582 1447 salubriter
2610 1393 2967 1450 admonemur
3013 1398 3155 1467 quod
3198 1407 3515 1468 peccatores
3556 1417 3788 1467 sumus.

498 1496 799 1553 eadecidat
822 1502 985 1563 atque
1005 1494 1351 1549 incontinens
1389 1494 1502 1559 ﬁat,
1547 1496 1595 1549 si
1626 1496 1894 1565 justitiam
1935 1498 2087 1551 simi-

2199 1479 2282 1551 ιιιιί
2312 1495 2410 1550 pro
2436 1483 2679 1552 peccatis
2709 1498 2899 1553 rogare
2922 1486 3334 1555 compellimur?
3363 1501 3422 1543 ut
3443 1490 3571 1544 dum
3602 1491 3791 1547 indul-

498 1588 644 1653 liter,
677 1587 723 1641 si
752 1586 1092 1656 patientiam,
1142 1586 1188 1640 si
1243 1586 1414 1656 ipsam
1464 1587 1645 1653 ﬁdem,
1690 1597 1837 1643 recte
1888 1588 2088 1644 dicitur

2196 1573 2371 1643 gentia
2408 1574 2477 1629 de
2506 1575 2618 1629 Deo
2649 1576 2874 1645 petitur,
2904 1578 3254 1634 conscientiae
3296 1595 3408 1635 suae
3444 1581 3664 1638 animus
3690 1598 3788 1640 re-

498 1677 756 1733 babuisse
784 1683 838 1733 et
875 1692 982 1732 non
1030 1678 1252 1732 habere.
1299 1676 1595 1734 Continens
1639 1680 1785 1733 enim
1833 1676 1952 1745 fuit,
2004 1680 2088 1736 vel

2198 1664 2464 1719 cordetur.
2495 1664 2574 1720 Ne
2602 1666 2725 1735 quis
2747 1667 2851 1722 sibi
2876 1668 3033 1737 quasi
3058 1668 3319 1727 innocens
3354 1671 3599 1741 placeat,
3633 1683 3693 1729 et
3724 1690 3790 1731 se

494 1770 677 1840 justus
698 1767 819 1835 fuit,
847 1768 931 1823 vel
959 1768 1193 1838 patiens,
1224 1768 1309 1823 vel
1349 1767 1525 1824 ﬁdelis
1555 1766 1657 1822 fuit
1681 1770 1922 1839 quandiu
1949 1769 2083 1835 fuit;

2197 1754 2497 1811 extollendo
2514 1756 2637 1827 plus
2664 1767 2883 1827 pereat,
2908 1758 3197 1815 instruitur
3223 1771 3279 1817 et
3302 1762 3528 1819 docetur
3553 1778 3789 1835 peccare

499 1874 625 1914 cum
645 1873 774 1914 vero
800 1872 921 1913 esse
946 1858 1174 1923 destitit,
1217 1872 1327 1912 non
1352 1865 1436 1912 est
1475 1858 1621 1926 quod
1662 1856 1785 1912 fuit.
1830 1858 1932 1925 Qui
1953 1873 2083 1914 vero
2115 1841 2163 1903 Β
2188 1860 2245 1901 se
2268 1847 2529 1916 (Ιιιοῑίάίθν
2548 1848 2674 1903 dum
2695 1851 2935 1919 (ιιιοιίάίθ
2956 1866 3057 1921 Pro
3083 1853 3322 1921 Ρεεεειιίε
3343 1852 3570 1922 inbelli?
3596 1870 3786 1912 0mm-

497 1965 607 2006 non
636 1952 1085 2020 perseveraverit,
1117 1949 1388 2018 quomodo
1407 1964 1767 2018 perseverans
1788 1949 1912 2015 fuit,
1958 1965 2084 2007 cum
2187 1937 2278 1993 Sic
2304 1937 2538 2009 denique
2565 1948 2622 1995 et
2648 1937 2887 1996 Joannes
2912 1941 2966 1995 in
2990 1941 3233 2013 Epistola
3255 1959 3351 1999 sua
3374 1961 3583 2015 ponens
3604 1948 3784 2003 dixit:

497 2042 897 2115 perseverando
916 2042 1147 2112 quisque
1162 2040 1413 2097 ostendat
1436 2041 1916 2111 perseverantem?
1940 2043 2085 2113 quod
2193 2048 2211 2081 ί
2249 2028 2308 2085 δῖ
2349 2030 2649 2087 dixerimus
2691 2032 2817 2102 (Ιυίει
2858 2042 3141 2102 Peccatum
3191 2050 3299 2090 που
3341 2037 3636 2107 habemus.
3683 2054 3787 2097 00$

498 2132 605 2190 iste
630 2149 737 2189 non
764 2132 916 2188 fecit.
2196 2138 2214 2172 ι
2253 2121 2400 2191 ipsos
2453 2122 2792 2191 seducimus,
2845 2133 2902 2179 et
2954 2126 3160 2181 veritas
3207 2127 3263 2181 in
3311 2129 3471 2184 nobis
3529 2146 3638 2186 non
3698 2140 3789 2187 est

569 2226 658 2282 γι,
693 2225 884 2299 (Μία.)
912 2227 1405 2294 perseverantiam.
1435 2244 1542 2299 qua
1573 2229 1631 2285 in
1655 2229 1874 2287 Christo
1899 2245 2086 2302 perse_
2192 2231 2211 2263 ι
2251 2211 2299 2283 (Ι
2322 2210 2484 2267 Joan.
2512 2212 2576 2284 1).
2607 2233 2627 2266 ι
2654 2211 2771 2268 Jam
2791 2228 2920 2270 vero
2940 2230 3063 2270 cum
3084 2216 3272 2272 dicunt
3288 2219 3458 2275 sancti
3487 2237 3501 2274 :
3532 2238 3552 2271 ε
3577 2218 3658 2275 Ne
3682 2235 3787 2277 nos

496 2326 721 2374 veram,
762 2332 932 2387 usque
980 2319 1035 2373 in
1068 2319 1252 2384 ﬁnem,
1299 2320 1445 2375 ηυιιο
1496 2323 1657 2377 modo
1703 2323 1957 2381 habuisse
2005 2326 2087 2381 ἀί,
2202 2323 2221 2355 ι
2260 2305 2527 2361 inlerasin
2546 2306 3028 2373 tentationem,sed
3052 2307 3222 2364 libera
3247 2326 3392 2366 nosa
3417 2312 3581 2379 malo,
3606 2313 3787 2383 tquid

497 2409 729 2465 cendum
764 2420 869 2474 est,
918 2409 1009 2479 qui
1050 2425 1160 2465 non
1202 2413 1577 2479 perseveravit
1618 2429 1789 2485 usque
1814 2417 1868 2470 in
1898 2416 2083 2484 ﬁnem,

2193 2396 2333 2451 aliud
2375 2413 2539 2466 quam
2579 2407 2639 2451 ut
2669 2398 2724 2453 in
2760 2400 3049 2455 sanctitate
3072 2412 3423 2471 perseverent
3446 2407 3785 2474 precantur?

495 2503 784 2573 potiusque
822 2503 961 2558 hanc
989 2504 1178 2558 habuit
1221 2505 1383 2559 unius
1426 2506 1555 2559 anni
1591 2506 1785 2571 fidelis,
1833 2516 1889 2562 et
1916 2523 2087 2577 quan-

2192 2486 2322 2540 Nam
2352 2486 2596 2557 profecto
2624 2503 2885 2546 concesso
2913 2491 3017 2547 sibi
3043 2491 3148 2547 isto
3168 2491 3263 2548 Dei
3290 2494 3454 2560 dono,
3480 2496 3627 2566 quod
3656 2510 3784 2553 esse

497 2604 612 2649 tum
644 2592 786 2648 infra
814 2594 1041 2664 cogitari
1082 2601 1281 2662 potest,
1311 2593 1357 2647 si
1386 2593 1557 2647 donec
1586 2604 1891 2650 moreretur
1916 2596 2088 2652 fideli-

2194 2578 2283 2634 Dei
2336 2579 2536 2634 donum
2580 2596 2705 2636 cum
2751 2584 2820 2638 ab
2868 2583 2958 2640 illo
3007 2585 3249 2655 poscitur
3298 2587 3432 2643 satis
3482 2598 3786 2661 aperteque

497 2693 584 2741 ter
631 2686 788 2751 vixit,
842 2700 1007 2753 quam
1062 2684 1353 2737 multorum
1405 2699 1690 2750 annorum,
1742 2686 1788 2741 si
1832 2687 2086 2759 exiguum
2185 2681 2552 2739 monstratur;
2603 2674 2709 2729 isto
2754 2689 2884 2745 ergo
2935 2692 3193 2733 concesso
3244 2680 3348 2735 sibi
3395 2679 3489 2736 Dei
3531 2682 3679 2737 dono
3713 2698 3787 2739 ne

382 2782 405 2791 -
497 2776 759 2845 ιεωρονίδ
782 2782 907 2828 an“,
935 2782 1163 2827 mortem
1193 2788 1222 2826 ε
1250 2774 1374 2829 ﬁdei
1408 2774 1704 2831 stabilitate
1724 2775 1944 2832 άεςεείι,
2185 2761 2489 2819 inferantur
2509 2765 2564 2820 in
2586 2766 3137 2834 tentationem,nemo
3160 2781 3471 2826 sanctorum
3498 2787 3609 2827 non
3634 2783 3787 2829 tenet

570 2863 680 2921 V11.
718 2862 871 2935 (Cap.
903 2864 983 2933 2.)
1024 2861 1211 2918 Oratio
1251 2878 1371 2933 quae
1401 2864 1680 2921 Dominica
1722 2876 2082 2937 nuncupatur,
2184 2868 2356 2924 usque
2395 2856 2447 2910 in
2508 2856 2670 2913 ﬁnem
2714 2860 3170 2927 perseverantiam
3220 2862 3546 2919 sanctitatis.
3592 2864 3787 2935 Neque

499 2957 626 3027 quia
664 2971 785 3011 eam
812 2956 1072 3011 Dominus
1094 2956 1299 3022 docuit,
1329 2957 1547 3027 quando
1572 2969 1762 3013 oratur
1797 2977 1827 3014 a
1858 2962 2080 3026 sanctis,

2191 2944 2640 3015 enimquisquam
2680 2946 2733 3001 in
2765 2948 3043 3017 proposito
3079 2949 3388 3006 Christiano
3422 2967 3783 3023 perseverare

499 3048 632 3103 nihil
670 3063 807 3117 pene
835 3046 980 3100 aliud
1009 3061 1171 3115 quam
1212 3050 1615 3117 perseverantia
1646 3051 1796 3119 posci
1824 3051 2083 3122 intelligi-

2190 3033 2429 3102 desistit,
2459 3036 2564 3119 nisi
2614 3038 2670 3091 in
2720 3039 3078 3095 tentationem
3107 3041 3359 3111 primitus
3396 3043 3689 3103 inferatur.
3721 3045 3782 3103 Si

499 3147 607 3194 tur.
651 3136 914 3209 [Dicimus
938 3138 1121 3191 enim:
1158 3154 1178 3188 ‹
1212 3136 1595 3194 Sanctiﬁcetur
1619 3154 1815 3194 nomen
1854 3148 2025 3205 tuum,
2057 3160 2075 3193 ι
2118 3199 2153 3209 _
2184 3138 2314 3197 θτεο
2366 3128 2700 3184 concedat“?
2746 3130 2799 3184 ei
2857 3132 2999 3201 (μιοά
3055 3141 3204 3199 01⁸³1»
3242 3143 3305 3191 Ill
3342 3150 3449 3190 ηοῐι
3488 3136 3779 3207 inferatur.

498 3245 608 3286 non
634 3199 779 3299 quod
816 3235 1067 3298 optemus
1096 3228 1205 3283 Deo
1232 3236 1292 3282 ut
1336 3229 1706 3285 sanctiﬁcetur
1739 3231 2079 3287 orationibus

2193 3214 2374 3284 utique
2410 3219 2468 3270 in
2502 3199 2933 3275 sanctiﬁcatione
2968 3236 3164 3291 quam,
3206 3220 3317 3279 Deo
3356 3216 3627 3293 donante,
3658 3199 3785 3299 per;

498 3320 726 3384 nostris,
755 3319 851 3374 sed
880 3316 1024 3388 quod
1067 3327 1318 3386 petamus
1366 3320 1434 3374 ab
1487 3335 1553 3374 eo
1602 3329 1661 3374 ut
1711 3335 1908 3375 nomen
1963 3320 2080 3389 ejus

1487 3335 1553 3374 θο
1602 3329 1661 3374 ιιι
1711 3335 1908 3375 nomen
1963 3320 2080 3389 ejus
2186 3306 2348 3375 cepit,
2379 3305 2491 3363 Deo
2520 3308 2775 3374 donante,
2804 3310 3064 3380 persistit.

497 3410 870 3468 sanctiﬁcetur
908 3411 963 3464 in
986 3410 1160 3465 nobis.
1191 3408 1457 3465 Caeterum
1481 3426 1511 3464 a
1534 3427 1641 3481 quo
1663 3412 1808 3467 Deus
1835 3411 2080 3467 sanctiﬁ-

2258 3394 2390 3450 V’lll.
2420 3396 2572 3469 (Cap.
2599 3399 2678 3470 6.)
2699 3398 2815 3456 Non
2843 3400 3029 3459 dicant
3048 3404 3293 3463 homines
3312 3412 3779 3479 perseverantiam

496 3514 673 3569 catur,
720 3503 814 3572 qui
867 3502 981 3571 ipsc
1034 3501 1377 3557 sanctiﬁcat?
1426 3500 1534 3557 Sed
1575 3503 1703 3572 quia
1748 3504 1863 3573 ipse
1900 3504 2078 3559 dixit:
2186 3490 2443 3562 cuiquam
2471 3492 2653 3547 datam
2671 3508 2841 3564 usque
2869 3495 2923 3552 in
2946 3497 3131 3561 tinem.
3150 3500 3252 3556 nisi
3282 3514 3403 3556 cum
3427 3503 3545 3572 ipse
3565 3506 3781 3560 venerit

502 3611 524 3646 ι
559 3592 741 3649 Sancti
781 3600 973 3657 estote,
1004 3592 1260 3662 quoniam
1299 3601 1355 3647 et
1394 3606 1494 3664 ego
1528 3600 1751 3649 sanctus
1786 3609 1927 3660 sum,
1968 3614 1986 3645 ι
2028 3595 2082 3650 id

2186 3582 2342 3648 ﬁnis,
2372 3591 2427 3638 et
2450 3598 2830 3655 perseverasse
2869 3588 2957 3644 cui
3005 3590 3131 3645 data
3176 3600 3293 3657 est,
3333 3603 3583 3662 repertus
3614 3594 3778 3651 fuerit

496 3686 731 3757 petimus
752 3692 807 3739 et
842 3700 1116 3754 rogamus,
1155 3693 1214 3739 ut
1245 3684 1339 3754 qui
1384 3685 1438 3739 in
1464 3686 1734 3755 baptismo
1760 3687 2083 3742 sanctiﬁcati

2187 3691 2358 3746 usque
2383 3676 2438 3732 in
2469 3677 2654 3733 ﬁnem.
2683 3678 2924 3736 Dicimus
2953 3683 3152 3753 quippe
3179 3694 3387 3740 castum
3423 3701 3588 3756 quem
3618 3688 3773 3743 novi-

496 3792 703 3841 sumus,
727 3776 782 3829 in
805 3790 873 3830 eo
898 3776 1040 3844 quod
1067 3791 1191 3830 esse
1214 3774 1480 3845 coepimus
1501 3790 1929 3845 perseveremus.
1956 3776 2083 3832 Haec
2186 3781 2307 3820 mus
2335 3776 2563 3833 castum,
2599 3768 2713 3824 Sive
2735 3768 2826 3836 Sit.
2857 3770 2971 3825 Sive
2997 3786 3105 3827 non
3129 3774 3202 3828 sit
3225 3774 3281 3829 in
3310 3774 3498 3830 eadem
3520 3775 3766 3831 castitate

496 3868 680 3938 itaque
728 3866 1090 3922 sanctiﬁcatio
1140 3874 1200 3920 ut
1246 3866 1302 3919 in
1361 3866 1519 3919 nobis
1570 3874 1787 3919 maneat
1840 3881 2080 3921 oramus.
2186 3874 2505 3923 “tonsuras.
2542 3871 2598 3915 et
2629 3861 2849 3931 siquid
2879 3864 3023 3919 aliud
3055 3865 3221 3922 divini
3266 3869 3512 3925 muneris
3552 3871 3770 3937 habeat,

496 3958 565 4013 Et
588 3958 715 4027 quia
742 3957 1001 4011 Dominus
1025 3965 1081 4010 et
1112 3955 1280 4023 judex
1315 3964 1500 4009 noster
1527 3965 1720 4010 sanato
1760 3972 1789 4010 a
1834 3973 1892 4012 se
1916 3966 1971 4012 et
1999 3958 2083 4013 vi-
2186 3949 2329 4018 (Ιυοά
2360 3952 2532 4006 teneri
2572 3962 2627 4006 et
2662 3954 2839 4008 amitti
2879 3965 3087 4027 potest,
3124 3959 3355 4016 dicimus
3396 3976 3521 4016 eum
3574 3963 3776 4019 habere

496 4049 716 4103 viﬁcato
763 4048 1147 4111 comminatur,
1194 4062 1301 4100 non
1354 4046 1691 4116 delinquere,
1748 4063 1816 4102 ne
1859 4050 1989 4118 quid
2033 4050 2085 4104 ei
2186 4044 2643 4115 qllandiuwnque
2691 4048 2883 4115 habet;
2916 4059 2972 4105 et
3018 4052 3065 4105 si
3109 4051 3375 4121 amiserit,
3405 4055 3639 4112 dicimus
3679 4057 3777 4112 ha-

496 4141 738 4195 deterius
798 4139 912 4203 ﬁat,
966 4140 1107 4193 hanc
1151 4138 1423 4193 continuis
1475 4140 1816 4193 orationibus
1864 4156 2082 4211 precem
2184 4134 2389 4189 luisse.
2421 4135 2886 4193 Perseverantiam
2917 4156 3048 4197 vero
3090 4158 3260 4213 usque
3306 4144 3362 4198 in
3408 4144 3605 4212 finem,
3636 4162 3776 4217 quo-

497 4230 752 4296 facimus,
810 4231 912 4285 hoc
954 4231 1144 4284 diebus
1191 4244 1256 4284 ac
1304 4231 1557 4285 noctibus
1614 4231 1970 4301 postulamus,
2026 4242 2088 4288 ut
2186 4226 2331 4283 niam
2363 4244 2469 4283 non
2496 4230 2660 4286 habet
2694 4233 2979 4302 quisquam
3010 4234 3112 4288 nisi
3141 4236 3233 4306 qui
3261 4246 3576 4306 perseveret
3601 4253 3775 4310 usque

498 4323 856 4379 sanctiﬁcatio
912 4331 967 4377 et
1029 4321 1321 4376 viviﬁcatio
1354 4362 1368 4387 ,
1427 4338 1548 4391 quae
1615 4324 1681 4377 de
1748 4323 1843 4377 Dci
1910 4326 2087 4396 gratia
2186 4318 2242 4372 in
2265 4318 2450 4387 ﬁnem,
2476 4322 2631 4377 multi
2657 4339 2776 4378 eam
2799 4333 3026 4393 possunt
3049 4326 3275 4395 habere,
3296 4329 3776 4388 nullusamittere.

497 4418 752 4482 sumitur,
813 4416 983 4487 ipsius
1029 4416 1365 4485 protectione
1431 4415 1726 4486 servetur.]
1770 4418 1909 4484 Quid
1957 4434 2083 4473 cum
2188 4409 2373 4480 Neque
2393 4414 2536 4468 enim
2558 4419 2906 4472 metuendum
2934 4427 3038 4485 est,
3056 4437 3123 4475 ne
3149 4420 3287 4478 forte
3309 4438 3429 4477 cum
3452 4438 3776 4492 persevera-

496 4504 749 4571 dicimus,
801 4526 819 4558 ι
854 4507 1123 4560 Adveniat
1172 4522 1399 4576 regnum
1452 4515 1624 4571 tuum,
1685 4526 1704 4559 ι
1762 4523 1891 4562 num
1939 4507 2086 4562 aliud
2116 4555 2163 4583 ἢ
2187 4504 2327 4556 verit
2355 4503 2517 4559 homo
2546 4522 2715 4576 usque
2736 4508 2791 4562 in
2819 4509 2999 4576 ﬁnem,
3029 4511 3205 4583 aliqua
3235 4514 3290 4569 in
3319 4530 3386 4569 eo
3416 4516 3558 4571 maia
3585 4515 3779 4573 volun—

501 4555 749 4571 ηψπ-.
807 4555 817 4558 -
854 4555 1120 4560 --------η-
1172 4555 1399 4576 na”---
1455 4555 1624 4571 -ﬁ_---,
1685 4555 1699 4559 -
1762 4555 1891 4562 η..-
1940 4555 2086 4562 π--
2315 4555 2319 4556 ν
2550 4555 2791 4576 --τ-----
2819 4555 2999 4576 --..ν...,
3029 4555 3205 4583 .....,....
3320 4555 3386 4569 νυ
3416 4555 3558 4571 .........
3595 4555 3777 4573 πω...-

496 4599 773 4667 poscimus
812 4596 916 4651 nisi
954 4604 1011 4648 ut
1055 4595 1237 4649 veniat
1282 4604 1337 4649 et
1380 4595 1555 4661 nobis,
1601 4596 1742 4665 quod
1791 4611 1913 4650 csse
1954 4613 2083 4651 ven-
2111 4555 2163 4615 Β
2191 4603 2273 4648 tas
2299 4596 2525 4660 oriatur,
2560 4615 2628 4652 ne
2655 4611 2965 4669 perseveret
2991 4618 3160 4673 usque
3188 4605 3243 4663 in
3280 4604 3461 4660 ﬁnem.
3506 4606 3621 4663 Hoc
3645 4622 3779 4679 ergo

498 4696 680 4742 turum
750 4703 855 4742 non
914 4687 1220 4742 dubitamus
1287 4686 1540 4741 omnibus
1613 4687 1872 4741 sanctis?
1938 4686 2081 4757 Ergo
2186 4688 2281 4742 Dei
2303 4688 2499 4743 donum
2521 4692 2832 4761 suppliciter
2853 4696 3082 4748 emereri
3113 4699 3417 4764 potest,scd
3437 4714 3564 4753 cum
3587 4700 3776 4755 datum

497 4788 555 4834 et
579 4780 655 4843 hi,
685 4779 776 4848 qui
813 4779 924 4848 jam
953 4778 1122 4831 sancti
1165 4786 1321 4842 sunt,
1373 4777 1503 4847 quid
1545 4786 1738 4842 orant,
1778 4778 1882 4833 nisi
1916 4787 1974 4831 ut
2024 4779 2078 4832 in
2182 4776 2377 4843 fuerit.
2416 4780 2590 4834 amitti
2632 4783 3024 4837 contumaciter
3054 4799 3162 4838 non
3204 4795 3401 4855 potest.
3434 4786 3570 4842 Cum
3622 4788 3769 4843 enim

496 4887 562 4929 ea
584 4873 871 4927 sanctitate
895 4886 1016 4939 qum
1040 4870 1144 4924 illis
1165 4870 1288 4924 data
1330 4881 1417 4924 est
1459 4872 1851 4940 perseverent?
1892 4869 2078 4940 Neque
2180 4879 2492 4939 perseveret
2524 4871 2752 4941 quisque
2783 4888 2951 4941 usque
2989 4874 3042 4927 in
3085 4874 3248 4928 ﬁnem
3269 4915 3281 4937 ,
3313 4891 3489 4945 neque
3518 4877 3625 4932 hoc
3674 4878 3773 4932 do-

496 4965 641 5021 enim
680 4963 839 5017 aliter
891 4963 1072 5016 veniet
1119 4977 1344 5032 regnum
1390 4961 1519 5028 Dei,
1571 4964 1715 5031 quod
1770 4979 1876 5017 non
1916 4962 2072 5028 aliis,
2181 4975 2310 5013 num
2334 4967 2512 5029 potest
2534 4960 2804 5028 amittere,
2821 4978 2920 5018 nec
2939 4963 3046 5016 alia
3068 4978 3188 5033 qua:
3207 4973 3418 5033 poterat
3437 4974 3564 5021 ante
3587 4965 3773 5022 ﬁnem.

493 5058 593 5117 sed
645 5057 733 5111 his
781 5055 874 5126 qui
920 5064 1275 5145 PGI‘SBVCI‘t‘m
1319 5069 1490 5123 υειιιιε
1545 5055 1597 5109 in
1660 5054 1822 5110 ﬁnem
1869 5064 2078 5110 εθΐιυιῐι
2260 5068 2351 5125 lX.
2380 5070 2668 5141 Imperavit
2697 5073 2859 5137 Deus,
2889 5082 2950 5128 ut
2972 5075 3020 5129 ei
3052 5077 3224 5131 sancti
3251 5074 3368 5145 ejus
3403 5078 3585 5133 dicant
3613 5093 3779 5136 oran-

496 5159 582 5205 ρει
628 5163 747 5203 esse
805 5156 1114 5203 venturum.
1146 5143 1299 5219 (Cap.
1349 5149 1430 5219 5.)
1464 5167 1483 5199 t
1525 5148 1649 5203 Fiat
1685 5149 1934 5204 voluntas
1988 5158 2079 5241 tua
2189 5170 2273 5217 tes
2305 5179 2357 5215 τι
2394 5161 2473 5217 Ne
2499 5179 2599 5218 nos
2628 5163 2834 5220 inferas
2863 5165 2916 5219 in
2943 5143 3319 5224 tentationern.
3356 5169 3581 5241 »(Ιὺὶά.)
3616 5170 3779 5237 Quis-

503 5260 523 5293 ί
556 5242 610 5296 in
648 5240 786 5295 οωίο
820 5248 875 5294 ει
908 5242 960 5295 in
995 5249 1169 5304 ίθντίιι
1209 5258 1226 5291 ³
1258 5240 1343 5295 νει
1373 5241 1516 5310 (ἰυοά
1547 5241 1601 5295 in
1641 5241 1912 5311 ριθνῐειιυο
1939 5240 2087 5296 θοάί’
2187 5252 2310 5322 quis
2351 5252 2515 5323 igitur
2558 5255 2845 5309 exauditur
2884 5257 2990 5312 hoc
3023 5272 3274 5327 poscens,
3306 5275 3414 5314 non
3445 5261 3679 5316 infertur
3721 5263 3777 5315 in

498 5333 653 5388 cibus
696 5333 909 5404 legitur,
949 5333 1227 5402 magisque
1264 5332 1332 5387 ab
1369 5335 1650 5389 orantibus
1687 5334 2080 5404 frequentatur,

2188 5346 2541 5400 contumacia:
2587 5348 2972 5413 tcntationem,
3013 5365 3118 5419 qua
3146 5352 3317 5420 possit
3356 5353 3442 5407 vel
3480 5354 3676 5423 dignus
3704 5356 3775 5409 sit

501 5442 525 5478 ι
557 5427 699 5482 sicut
731 5425 784 5480 in
814 5425 955 5481 cmlo
979 5433 1035 5479 et
1072 5426 1125 5481 in
1169 5436 1333 5481 terra.
1381 5447 1399 5479 ι
1439 5427 1594 5495 Quod
1641 5428 1883 5498 plerique
1920 5427 2083 5481 intel-

2187 5439 2644 5506 perseverantiam
2678 5441 2989 5495 sanctitatis
3012 5443 3279 5498 amittere.
3310 5445 3382 5498 At
3405 5446 3553 5499 enim
3584 5447 3775 5501 vblnn-

497 5512 848 5584 ligunt,sicut
868 5515 1040 5570 sancti
1056 5515 1253 5585 angeli,
1274 5526 1329 5572 et
1345 5533 1442 5572 nos
1467 5517 1729 5573 faciamus
1754 5518 2083 5572 voluntatem
2187 5537 2300 5585 ιαιθ
2325 5547 2421 5587 sua
2446 5532 2679 5603 quisque
2702 5533 2905 5588 deserit
2932 5533 3099 5588 Deum
3122 5574 3137 5597 ,
3167 5544 3226 5589 ιη
3262 5536 3455 5589 mel-im
3491 5536 3773 5591 deseram:

499 5615 684 5673 tuam,
713 5617 772 5662 ut
818 5617 960 5664 terra
1002 5609 1209 5664 scilicet
1240 5610 1482 5665 imitetur
1515 5610 1745 5674 caelum,
1780 5611 1833 5663 itl
1877 5620 1991 5673 est,
2024 5620 2085 5664 ut
2188 5632 2218 5672 a
2260 5619 2405 5685 Deo,
2433 5622 2555 5689 quis
2600 5622 2703 5677 hoc
2745 5622 3057 5693 negaverit?
3106 5622 3213 5676 Sed
3259 5623 3380 5678 ideo
3428 5626 3665 5694 petimus
3702 5640 3771 5681 ne

499 5699 663 5752 homo
717 5700 996 5770 angelum,
1048 5702 1133 5756 vel
1180 5701 1413 5757 infidelis
1454 5701 1688 5756 ﬁdelem.
1735 5702 2083 5768 Quantalibet
2186 5709 2483 5765 iuferamur
2529 5712 2582 5766 in
2643 5715 3025 5775 tcntationem,
3059 5722 3117 5766 ut
3164 5713 3265 5768 hoc
3314 5731 3417 5769 non
3473 5716 3586 5771 ﬁat.
3631 5714 3769 5771 Etsi

497 5790 642 5847 enim
682 5792 899 5849 homine
938 5796 1224 5852 sanctitate
1264 5796 1644 5867 praepolleant,
1679 5798 1914 5853 nondum
1954 5807 2082 5855 sunt
2189 5803 2528 5869 cxaudimur,
2558 5804 2743 5874 utique
2774 5819 2878 5859 non
2920 5804 3010 5870 ﬁt,
3036 5804 3161 5873 quia
3192 5804 3335 5861 Deus
3368 5821 3472 5860 non
3503 5806 3771 5876 permittit
