4032 6440
260 442 362 497 157

1077 439 1164 495 DE
1202 436 1898 519 PBIEDESTINATIONE,
1940 436 2120 508 ETC.,
2161 436 2254 497 EX
2288 441 2707 499 AUGUSTINO.

3410 448 3511 504 158

256 566 313 612 ιιι
337 556 448 611 ﬁat.
480 553 679 623 Potens
701 555 844 609 enim
868 562 969 620 est,
997 564 1056 610 et
1076 571 1108 608 a
1136 555 1277 611 malo
1303 556 1358 611 in
1391 557 1589 612 bonum
1614 554 1832 611 ﬂectere
1860 562 1905 617 Α
2007 554 2120 612 XV.
2145 552 2297 627 (Cap.
2327 554 2443 628 21.)
2473 556 2702 612 Interest
2731 564 2987 626 quantum
3017 566 3073 614 et
3102 559 3158 614 in
3196 560 3392 631 quibus
3421 576 3510 617 re-

253 646 591 710 voluntates,
616 654 672 699 et
708 644 761 699 in
803 645 1012 715 lapsum
1033 661 1232 715 pronas
1264 655 1581 703 convertere
1607 663 1672 702 ac
1699 646 1831 702 diri-

252 754 383 808 gere
410 737 463 792 in
494 736 596 792 sibi
622 736 879 808 placitum
908 752 1175 808 gressum,
1208 739 1296 793 cui
1327 754 1434 794 non
1464 738 1665 794 frustra
1701 740 1834 795 dici-

252 838 342 883 tur
380 848 393 883 :
447 847 467 882 t
514 829 674 894 Deus,
708 838 765 883 ιιι
808 837 1127 885 convertens
1164 828 1461 887 viviﬁcabis
1519 846 1620 886 nos
1656 828 1829 901 (l’sal.

249 920 471 993 Lxxxtv)
490 936 519 994 ;!
540 935 647 975 non
687 919 860 975 fustra
888 920 1085 976 dicitur
1128 938 1143 975 :
1180 940 1199 973 ι
1238 920 1316 976 Ne
1362 922 1458 977 des
1505 921 1574 977 ad
1612 937 1834 977 moven-

247 1013 377 1067 dum
419 1012 612 1084 pedem
649 1026 831 1077 meum
876 1010 1051 1084 (Paul.
1084 1012 1242 1085 cxx);
1281 1031 1299 1064 ι
1347 1029 1455 1070 non
1486 1014 1661 1070 fustra
1702 1015 1833 1070 dici-

248 1111 339 1155 tur
388 1119 402 1157 :
451 1121 470 1153 ‹
509 1100 589 1156 Ne
632 1101 814 1157 tradas
860 1117 989 1170 me,
1034 1102 1291 1169 Domine,
1336 1119 1365 1157 a
1402 1103 1671 1160 desiderio
1710 1120 1833 1161 meo

250 1210 269 1243 σ
303 1192 573 1262 peccatori
603 1188 776 1264 (Psal.
807 1191 1061 1264 cxxxxx);
1099 1211 1117 1244 ι
1163 1201 1442 1264 postremo
1484 1208 1592 1251 non
1628 1193 1832 1252 frustra

242 1286 479 1340 dicitur:
519 1304 538 1337 ι
584 1284 664 1340 Ne
706 1300 803 1341 nos
856 1284 1057 1342 inferas
1108 1286 1163 1342 in
1211 1288 1587 1345 tentationem.
1639 1310 1659 1342 ι
1695 1288 1831 1345 Nam

241 1378 488 1449 quisquis
518 1378 574 1434 in
617 1379 967 1435 tentationem
999 1393 1107 1434 non
1152 1378 1402 1447 infertur,
1444 1379 1690 1452 profecto
1730 1397 1831 1437 nec

244 1473 299 1523 in
349 1470 701 1525 tentationem
754 1485 867 1525 sua:
914 1471 1069 1524 malae
1115 1469 1407 1526 voluntatis
1463 1470 1721 1537 infertur;
1776 1479 1832 1527 et

238 1562 332 1631 qui
358 1562 410 1615 in
435 1561 791 1616 tentationem
817 1576 928 1617 sua:
952 1559 1109 1616 malae
1132 1559 1428 1616 voluntatis
1449 1575 1557 1616 non
1576 1560 1824 1627 infertur,

241 1653 295 1708 in
329 1653 531 1708 nullam
562 1668 785 1724 prorsus
815 1650 1070 1708 infertur.

315 1743 381 1800 Χ.
400 1744 550 1817 (Cap.
574 1745 652 1818 6.)
676 1745 927 1801 Tutiores
940 1745 1194 1812 vivimus,
1217 1747 1263 1802 si
1286 1755 1456 1802 totum
1477 1745 1589 1803 Deo
1614 1748 1826 1815 damus,

238 1851 349 1892 non
388 1846 567 1892 autem
598 1852 700 1893 nos
738 1836 812 1891 illi
844 1851 910 1891 ex
931 1845 1117 1908 parte,
1146 1846 1200 1892 et
1222 1838 1379 1893 nobis
1400 1853 1465 1893 ex
1499 1846 1652 1909 parte
1678 1854 1827 1893 com-

1932 646 2036 702 bus
2061 655 2293 709 erretur,
2336 656 2392 702 et
2430 662 2591 718 quam
2632 647 2788 703 facile
2815 649 3099 718 quisquam
3133 650 3398 722 corrigat,
3425 652 3512 710 vel

1932 746 2134 807 quanta
2160 736 2461 807 pertinacia
2490 752 2645 792 suum
2675 736 2965 793 defendere
2991 749 3219 796 conetur
3246 757 3510 799 errorem.

1932 829 2094 884 Bome
2117 828 2315 899 quippe
2343 828 2458 897 spei
2485 838 2568 883 est
2587 829 2748 883 homo
2765 869 2780 894 ,
2817 829 2862 884 si
2883 843 3007 885 eum
3034 832 3114 887 sic
3136 834 3513 903 proficientem

1933 919 2051 975 dies
2078 919 2302 975 ultimus
2330 919 2455 974 vitae
2497 918 2657 989 hujus
2691 919 2985 988 invenerit,
3019 930 3078 976 ut
3115 923 3437 994 adjiciantur
3460 926 3513 980 ei

1933 1027 2052 1082 qua:
2093 1012 2399 1082 proﬁcienti
2449 1012 2781 1079 defuerunt,
2836 1021 2891 1068 et
2944 1014 3307 1084 perﬁciendus
3349 1002 3515 1089 quam

1930 1102 2235 1176 puniendus
2254 1106 2435 1177 potius
2457 1107 2751 1179 judicetur.

2004 1178 2142 1253 XVI.
2176 1198 2365 1271 (Ibid.)
2395 1178 2651 1270 Quisquis
2696 1200 2878 1257 dicere
2913 1202 3145 1271 gratiam
3183 1204 3283 1261 Dei
3320 1219 3517 1261 secun-

1933 1289 2061 1344 dum
2108 1291 2304 1345 merita
2359 1301 2548 1347 nostra
2600 1291 2755 1360 dari,
2805 1294 2946 1349 sicut
2995 1295 3293 1352 catholicus
3342 1297 3519 1354 ﬁdelis

1932 1380 2218 1449 exhorret,
2266 1398 2369 1439 nec
2407 1384 2581 1454 ipsam
2627 1384 2791 1441 fidem
2838 1386 3126 1442 subtrahat
3168 1387 3261 1443 Dei
3307 1390 3517 1461 gratim,

1918 1472 2059 1540 'quia
2086 1472 2518 1531 misericordiam
2554 1484 2878 1533 consecutus
2916 1486 3003 1534 est
3042 1487 3102 1533 ut
3144 1477 3319 1535 ﬁdelis
3349 1490 3516 1537 esset.

1932 1564 2011 1619 Ac
2034 1580 2133 1635 per
2161 1566 2265 1622 hoc
2306 1567 2495 1639 gratiae
2527 1568 2621 1622 Dei
2652 1568 2856 1624 tribuat
2890 1572 3350 1639 perseverantiam
3379 1589 3489 1644 quo
3514 1607 3521 1615 ο

1930 1670 2037 1725 que
2060 1670 2231 1726 usque
2257 1657 2312 1711 in
2335 1656 2523 1723 ﬁnem,
2544 1658 2669 1726 quia
2692 1658 3119 1716 misericordiam
3143 1664 3518 1732 consequitur,

1930 1763 2092 1818 quam
2123 1750 2299 1820 poscit
2327 1750 2588 1820 quotidie,
2635 1765 2704 1805 ne
2745 1750 3012 1806 inferatur
3051 1752 3107 1808 in
3143 1754 3516 1811 tentationem.

1930 1839 2077 1896 Inter
2102 1842 2315 1897 initium
2343 1851 2522 1897 autem
2571 1841 2730 1909 ﬁdei,
2772 1852 2828 1899 et
2853 1843 3237 1915 perfectionem
3261 1859 3518 1917 perseve-

236 1929 521 1985 mittimus.
550 1927 775 1997 Quando
800 1929 947 1985 enim
983 1945 1238 1999 rogamus
1279 1945 1348 1984 ne
1378 1929 1431 1984 in
1464 1930 1819 1984 tentationem
1851 1922 1895 1981 Β
1924 1932 2133 1997 rantiae,
2163 1932 2337 1988 media
2384 1940 2515 1987 sunt
2551 1932 2643 1988 illa
2674 1931 2869 2004 quibus
2914 1944 3060 1990 recte
3105 1935 3358 1992 vivimus.
3392 1935 3521 1993 Haec

236 2020 553 2086 veniamus,
583 2021 934 2076 admonemur
971 2020 1302 2076 inﬁrmitatis
1343 2028 1398 2076 et
1440 2020 1824 2077 imbecillitatis

237 2118 464 2177 nostrae,
510 2110 633 2165 dum
676 2111 757 2167 sic
811 2126 1094 2182 rogamus,
1145 2123 1213 2165 ne
1256 2111 1378 2181 quis
1420 2126 1481 2166 se
1530 2111 1824 2166 insolenter

232 2200 487 2266 extollat,
519 2217 585 2258 ne
608 2201 731 2271 quis
765 2200 868 2256 sibi
896 2182 1128 2271 superbe
1150 2207 1245 2255 aut
1274 2210 1595 2273 arroganter
1622 2201 1825 2271 aliquid

231 2300 498 2359 assumat,
527 2308 597 2348 ne
628 2292 752 2363 quis
777 2300 870 2346 aut
896 2291 1256 2348 confessionis
1292 2301 1385 2347 aut
1416 2293 1686 2363 passionis
1713 2291 1826 2363 glo-

230 2386 375 2441 riam
414 2401 565 2441 suam
609 2386 788 2452 dicat,
816 2369 939 2442 cum
989 2385 1252 2442 Dominus
1294 2387 1410 2456 ipse
1464 2386 1822 2441 humilitatem

229 2477 439 2533 docens
484 2476 727 2532 dixerit:
767 2494 786 2527 ι
819 2474 1050 2549 Vigilate
1079 2487 1136 2530 et
1157 2484 1330 2542 orate,
1378 2490 1447 2531 ne
1493 2476 1724 2531 veniatis
1768 2476 1821 2531 in

233 2587 251 2619 ι
294 2568 673 2624 tentationem.
717 2566 953 2638 Spiritus
995 2568 1212 2638 quidem
1242 2575 1522 2639 promptus
1549 2574 1663 2633 est,
1695 2582 1823 2622 caro

233 2679 252 2712 ι
291 2669 477 2717 autem
527 2660 743 2716 inﬁrma
781 2660 998 2732 (Matth.
1043 2661 1217 2733 xxvn),
1257 2681 1275 2713 ι
1310 2669 1371 2714 ιιι
1400 2661 1527 2715 dum
1570 2661 1826 2730 praecedit

226 2750 457 2807 humilis
499 2759 557 2806 et
599 2750 866 2806 submissa
894 2750 1186 2816 confessio,
1219 2757 1277 2807 et
1317 2750 1479 2803 datur
1516 2756 1685 2805 totum
1713 2750 1824 2806 Deo

226 2842 496 2913 quidquid
542 2841 858 2914 suppliciter
898 2856 1022 2897 cum
1061 2841 1257 2898 timore
1278 2840 1374 2896 Dei
1406 2840 1627 2911 petitur,
1656 2841 1825 2912 ipsius

224 2936 443 3005 pietate
471 2942 781 3005 praestetur.

300 3026 399 3081 XI.
430 3025 583 3097 (Cap.
621 3024 699 3098 7.)
739 3024 867 3081 Post
909 3040 1096 3081 casum
1140 3023 1398 3093 hominis,
1449 3039 1558 3081 non
1602 3023 1708 3080 nisi
1756 3026 1826 3080 ad

223 3120 465 3191 gratiam
495 3134 647 3175 suam
674 3120 816 3175 Deus
849 3118 1022 3174 voluit
1057 3118 1352 3189 pertinere,
1385 3126 1444 3173 ut
1474 3120 1636 3174 homo
1668 3132 1822 3173 acce-

222 3213 325 3268 dat
349 3214 418 3268 ad
445 3229 600 3278 emn;
627 3228 802 3284 neque
832 3214 937 3269 nisi
959 3213 1026 3269 ad
1050 3213 1282 3284 gratiam
1318 3228 1472 3268 suam
1502 3211 1672 3267 voluit
1696 3226 1821 3279 per-

227 3306 428 3371 tinere,
461 3314 519 3361 ut
549 3283 849 3362 homoinon
892 3283 1111 3361 recedat
1148 3306 1217 3360 ab
1264 3319 1348 3359 eo.
1394 3302 1547 3358 Hanc
1592 3302 1821 3374 gratiam
1851 3283 1895 3346 C

222 3399 415 3471 posuit
442 3399 499 3455 in
539 3399 629 3454 illo
670 3400 727 3455 in
767 3414 879 3470 quo
912 3406 1112 3453 sortem
1139 3396 1415 3452 consecuti
1444 3410 1662 3461 sumus,
1689 3409 1825 3463 prae-

225 3491 495 3546 destinati
541 3490 838 3545 secundum
892 3488 1228 3559 propositum
1283 3488 1400 3558 ejus
1438 3487 1532 3556 qui
1572 3485 1825 3540 universa

223 3591 527 3653 operatur;
558 3598 623 3637 ac
646 3597 747 3651 per
776 3582 882 3635 hoc
913 3580 1058 3634 sicut
1095 3586 1353 3648 operatur
1380 3586 1441 3632 ut
1481 3577 1823 3641 accedamus,

227 3673 322 3728 sic
344 3680 604 3742 operatur
629 3686 697 3727 ne
718 3668 1084 3725 discedamus.

310 3763 426 3820 XII.
454 3764 474 3835 (
478 3762 504 3817 l
511 3763 645 3833 bid.)
673 3762 905 3816 Prorsus
930 3760 986 3815 in
1013 3760 1118 3814 hac
1141 3773 1200 3814 re
1221 3774 1330 3814 non
1354 3772 1611 3830 operosas
1638 3758 1826 3829 dispu-

228 3854 471 3913 tationes
516 3860 735 3923 expetat
778 3850 1051 3916 Ecclesia,
1080 3851 1176 3905 sed
1218 3849 1828 3920 attendatquotidianas

225 3947 513 4004 orationes
534 3961 682 4001 suas.
714 3943 850 4000 Orat
873 3953 933 3997 ut
962 3942 1226 4020 increduli
1251 3943 1497 4007 credant,
1525 3941 1669 3997 Deus
1696 3957 1826 4013 ergo

229 4039 506 4097 convertit
534 4039 603 4093 ad
641 4038 823 4093 ﬁdem.
864 4035 1000 4092 Orat
1033 4044 1094 4090 ut
1132 4036 1416 4091 credentes
1450 4044 1822 4106 perseverent,

232 4132 387 4188 Deus
432 4145 565 4203 ergo
614 4130 778 4186 donat
822 4127 1283 4200 perseverantiam
1327 4140 1500 4196 usque
1540 4125 1595 4179 in
1638 4125 1820 4180 ﬁnem.
1857 4186 1865 4193 ,

232 4226 368 4282 Haec
388 4224 534 4280 Deus
575 4237 634 4279 se
670 4222 941 4277 facturum
969 4235 1090 4276 esse
1115 4217 1406 4290 praescivit.
1435 4216 1554 4287 Ipsa
1580 4222 1665 4271 est
1688 4228 1826 4285 prte-

232 4315 530 4373 destinatio
575 4323 884 4370 sanctorum
911 4353 926 4378 ,
968 4327 1104 4382 quos
1151 4310 1314 4381 elegit
1349 4308 1406 4364 in
1443 4306 1661 4364 Christo
1699 4314 1824 4365 ante

231 4407 682 4466 constitutionem
711 4405 919 4461 mundi.

303 4500 448 4556 XIII.
475 4498 630 4571 (Cap.
645 4497 759 4571 16.)
784 4498 921 4553 Cum
941 4506 1155 4554 constet
1178 4497 1284 4553 alia
1309 4497 1480 4552 Deum
1506 4495 1636 4550 dare
1659 4493 1825 4549 etiam

231 4606 353 4649 non
402 4588 714 4655 orantibus,
760 4588 903 4644 sicut
948 4587 1162 4643 initium
1210 4586 1368 4651 ﬁdei,
1407 4585 1514 4639 alia
1567 4600 1674 4639 non
1721 4583 1824 4638 nisi

1927 2022 2112 2093 itaque
2140 2023 2346 2086 omnia,
2374 2023 2588 2077 initium
2617 2022 2825 2078 scilicet
2850 2023 3009 2089 ﬁdei,
3035 2033 3091 2080 et
3117 2032 3313 2081 caetera
3346 2041 3521 2096 usque

1927 2113 1981 2167 in
2024 2112 2207 2181 ﬁnem,
2236 2115 2377 2170 dona
2411 2129 2508 2170 sua
2539 2114 2683 2170 Deus
2710 2113 3032 2186 largiturum
3078 2129 3139 2171 se
3175 2117 3381 2173 vocatis
3404 2118 3520 2175 suis

1928 2218 2051 2259 esse
2079 2206 2375 2274 praescivit.

1998 2294 2161 2350 XVII.
2185 2294 2337 2367 (Cap.
2361 2296 2476 2367 22.)
2502 2296 2585 2353 An
2607 2313 2737 2354 vero
2763 2297 3064 2354 timendum
3090 2308 3174 2356 est
3195 2314 3264 2355 ne
3298 2308 3428 2357 tunc
3450 2299 3521 2357 de

1926 2401 1985 2441 se
2036 2387 2198 2442 homo
2227 2388 2497 2459 desperet,
2547 2388 2763 2460 quando
2793 2405 2918 2460 spes
2961 2389 3078 2458 ejus
3131 2393 3382 2462 ponenda
3421 2393 3519 2450 de-

1927 2486 2264 2533 monstratur
2306 2479 2360 2534 in
2406 2480 2538 2546 Deo,
2575 2495 2682 2535 non
2712 2490 2894 2535 autem
2922 2480 3264 2552 desperaret,
3312 2484 3360 2539 si
3397 2498 3522 2539 eam

1926 2571 1982 2626 in
2016 2572 2196 2641 seipse
2240 2571 2662 2641 superbissimus
2707 2580 2764 2627 et
2814 2572 3221 2630 infelicissimus
3259 2575 3522 2646 poneret?

1926 2659 2079 2733 (Cap.
2111 2659 2228 2732 25.)
2251 2663 2429 2732 Atque
2458 2663 2666 2717 utinam
2691 2663 2829 2718 tardi
2864 2664 3031 2719 corde
3072 2674 3128 2720 et
3159 2665 3383 2733 inﬁrmi,
3425 2667 3522 2737 qui

1924 2770 2034 2809 non
2074 2765 2305 2824 possunt
2356 2754 2440 2810 vel
2492 2756 2731 2811 nondum
2777 2765 3004 2827 possunt
3048 2757 3359 2828 Scripturas
3414 2775 3521 2818 nec

1925 2863 2115 2903 earum
2145 2847 2514 2918 expositiones
2549 2848 2880 2918 intelligere,
2910 2849 2991 2904 si‘c
3017 2850 3266 2905 audirent
3294 2852 3377 2907 vel
3409 2867 3522 2907 non

1926 2941 2179 2997 audirent
2207 2941 2263 2996 in
2292 2940 2397 2996 hac
2423 2941 2721 3011 quaestione
2750 2942 3147 3013 disputationes
3188 2954 3427 3010 nostras,
3461 2953 3521 3001 ut

1926 3033 2100 3102 magis
2125 3032 2465 3087 intuerentur
2480 3033 2758 3089 orationes
2773 3048 2922 3100 suas,
2941 3050 3078 3104 quas
3093 3050 3307 3106 semper
3329 3035 3522 3092 habuit

1925 3132 1981 3179 et
2026 3123 2246 3178 habebit
2270 3123 2516 3179 Ecclesia
2543 3124 2613 3179 ab
2649 3124 2888 3181 exordiis
2930 3125 3042 3180 suis
3086 3127 3257 3182 donec
3296 3128 3521 3184 ﬁniatur

1926 3217 2029 3271 hoc
2072 3216 2349 3272 saeculum.
2375 3217 2602 3283 Quando
2644 3217 2790 3271 enim
2834 3232 2941 3272 non
2983 3227 3197 3274 oratum
3226 3228 3310 3275 est
3337 3220 3391 3275 in
3417 3220 3519 3276 Ec-

1928 3309 2092 3365 clesia
2121 3326 2220 3379 pro
2265 3310 2572 3366 inﬁdelibus
2598 3319 2761 3382 atque
2789 3311 3027 3368 inimicis
3055 3312 3194 3383 ejus,
3224 3322 3286 3369 ut
3324 3316 3517 3370 crede—

1926 3403 2085 3459 rent?
2115 3404 2343 3472 Quando
2366 3404 2541 3461 ﬁdelis
2570 3405 2855 3475 quisquam
2882 3395 3155 3474 amicum,
3183 3408 3516 3478 proximum,

1927 3495 2214 3567 conjugem
2255 3496 2445 3551 habuit
2475 3496 2748 3552 inﬁdelem
2767 3536 2783 3562 ,
2805 3505 2861 3551 et
2884 3512 2990 3553 non
3020 3499 3071 3553 ei
3111 3499 3302 3567 petivit
3344 3513 3376 3553 a
3406 3498 3517 3555 Do-

1928 3587 2079 3641 mino
2127 3594 2361 3641 mentem
2405 3587 2746 3642 obedientem
2808 3588 2862 3641 in
2910 3587 3275 3644 Christianam
3323 3590 3521 3645 ﬁdem?

1930 3681 2066 3749 Quis
2105 3688 2287 3737 autem
2318 3682 2421 3736 sibi
2452 3697 2690 3751 unquam
2718 3697 2826 3737 non
2856 3684 3061 3750 oravit,
3088 3692 3147 3738 ut
3191 3685 3244 3738 in
3289 3685 3519 3741 Domino

1929 3770 2312 3842 permaneret?
2357 3779 2451 3825 aut
2494 3772 2616 3841 quis
2644 3772 2982 3826 sacerdotem
3009 3787 3173 3841 super
3201 3774 3385 3829 ﬁdeles
3415 3777 3520 3831 Do-

1928 3861 2137 3917 minum
2192 3861 2571 3928 invocantem,
2622 3862 2668 3917 si
2712 3862 2929 3931 quando
2960 3862 3140 3917 dixit:
3186 3881 3205 3914 ι
3258 3865 3335 3919 Da
3381 3864 3520 3933 illis,

1934 3969 1952 4001 ι
1986 3950 2233 4015 Domine,
2263 3949 2316 4004 in
2365 3959 2419 4006 te
2463 3965 2816 4021 perseverare
2847 3967 3017 4022 usque
3046 3954 3100 4007 in
3130 3953 3319 4019 ﬁnem,
3355 3977 3373 4007 ι
3409 3972 3519 4012 non

1926 4040 2099 4096 soium
2132 4053 2264 4096 voce
2293 4054 2458 4096 ausus
2484 4047 2589 4106 est,
2618 4041 2713 4096 sed
2740 4040 2930 4097 saltem
2962 4043 3291 4113 cogitatione
3327 4061 3516 4116 repre-

1926 4132 2186 4198 hendere,
2218 4148 2283 4189 ac
2312 4147 2421 4188 non
2441 4133 2625 4204 potius
2646 4146 2811 4202 super
2838 4130 2955 4201 ejus
2984 4133 3147 4189 talem
3182 4136 3517 4195 benedictio-

1925 4240 2074 4289 nem,
2105 4234 2161 4279 et
2190 4225 2354 4281 corde
2382 4224 2656 4290 credente,
2687 4233 2743 4281 et
2766 4240 2861 4281 ore
2894 4227 3186 4284 conﬁtente
3216 4232 3513 4299 respondit,

1931 4336 1950 4368 ι
1985 4316 2194 4372 Amen?
2229 4336 2249 4368 ι
2282 4331 2405 4371 cum
2428 4316 2572 4371 aliud
2597 4316 2652 4370 in
2682 4315 2800 4387 ipsa
2829 4316 3077 4372 oratione
3106 4319 3383 4375 Dominica
3406 4337 3515 4379 non

1925 4416 2083 4463 orent
2130 4406 2349 4471 ﬁdeles,
2377 4405 2619 4462 dicentes
2659 4407 2896 4462 maxime
2938 4406 3068 4461 illud
3096 4426 3110 4462 :
3141 4426 3160 4459 ι
3193 4408 3272 4465 Ne
3304 4427 3401 4465 nos
3433 4414 3515 4466 in-

1931 4518 1948 4550 ι
1988 4497 2129 4554 feras
2152 4498 2207 4553 in
2234 4497 2611 4561 tentationem,
2645 4516 2664 4549 ι
2697 4496 2800 4551 nisi
2831 4496 2968 4551 utin
2996 4507 3183 4553 sancta
3209 4499 3515 4558 obedientia

1924 4590 2312 4662 perseverent?
2340 4588 2494 4644 Sicut
2526 4603 2656 4660 ergo
2687 4587 2741 4642 in
2766 4587 2852 4643 his
2877 4589 3211 4646 orationibus
3230 4630 3246 4656 ,
3271 4592 3345 4646 ita
3374 4601 3430 4646 et
3460 4593 3513 4649 in

231 4683 525 4741 orantibus
541 4695 893 4752 praeparasse,
920 4680 1061 4735 sicut
1089 4694 1260 4749 usque
1297 4678 1351 4731 in
1378 4676 1541 4731 ﬁnem
1573 4688 1828 4745 perseve-

1931 4684 2032 4738 hac
2079 4682 2182 4738 ﬁde
2208 4690 2332 4737 nata
2360 4689 2443 4736 est
2467 4688 2523 4735 et
2545 4680 2715 4735 crevit
2756 4688 2811 4734 et
2851 4682 3050 4737 crescit
3098 4680 3373 4749 Ecclesia,
3407 4701 3514 4754 qua

234 4775 508 4841 rantiam,
538 4772 780 4845 profecto
808 4772 901 4841 qui
925 4786 994 4827 ex
1031 4771 1208 4841 seipso
1242 4769 1383 4823 hanc
1409 4766 1612 4822 habere
1648 4780 1706 4819 se
1728 4780 1828 4835 pu-

237 4879 359 4935 tat,
387 4882 493 4923 non
528 4875 653 4922 orat
691 4873 752 4920 ut
799 4862 1017 4919 habeat.
1049 4860 1359 4918 Cavendum
1405 4865 1487 4914 est
1528 4856 1710 4929 igitur,
1760 4869 1828 4910 ne

235 4965 376 5019 dum
428 4964 679 5018 timemus
732 4974 800 5014 ne
858 4964 1099 5027 tepescat
1151 4953 1409 5018 hortatio,
1449 4953 1829 5021 exstinguatur

238 5056 445 5121 oratio,
475 5052 804 5110 accendatur
829 5049 1013 5105 elatio.

311 5145 456 5205 XIV.
487 5145 640 5219 (Cap.
669 5143 780 5216 17.)
816 5144 922 5198 Sua
950 5142 1090 5198 dona
1118 5140 1531 5211 quibuscunque
1557 5138 1699 5192 Deus
1724 5137 1809 5192 do-

240 5249 365 5304 nat,
387 5235 742 5309 proculdubio
767 5249 826 5288 se
853 5234 1174 5289 donaturum
1201 5246 1321 5287 esse
1356 5229 1627 5300 praescivit
1644 5269 1658 5294 ,
1688 5236 1745 5284 et
1768 5227 1824 5282 in

244 5346 347 5386 sua
368 5327 705 5401 prmscientia
728 5325 1069 5397 praeparavit.
1087 5323 1233 5391 Quos
1247 5319 1379 5392 ergo
1402 5319 1824 5392 praedestinavit,

248 5423 395 5494 ipsos
420 5430 475 5475 ct
504 5421 735 5486 vocavit,
769 5418 1048 5473 vocatione
1066 5415 1189 5483 illa,
1217 5431 1380 5486 quam
1409 5431 1548 5486 saepe
1582 5430 1821 5471 comme-

247 5527 465 5568 morare
496 5526 602 5566 non
628 5508 802 5581 piget,
833 5507 900 5563 de
927 5521 1034 5577 qua
1057 5504 1263 5561 dictum
1291 5514 1410 5562 est:
1443 5525 1460 5558 ι
1496 5504 1623 5560 Sine
1650 5506 1823 5577 poeni-

254 5623 274 5656 ι
327 5604 493 5660 tentia
555 5610 682 5658 sunt
731 5600 871 5657 dona
912 5609 967 5655 et
1015 5598 1228 5653 vocatio
1276 5597 1369 5653 Dei
1411 5596 1593 5670 (Rom.
1643 5598 1744 5669 xi).
1805 5618 1823 5650 ι

249 5693 497 5764 Namque
543 5693 600 5748 in
645 5707 775 5756 sua,
808 5705 929 5762 quae
979 5688 1088 5745 falli
1132 5688 1440 5760 mutarique
1482 5704 1591 5744 non
1631 5697 1829 5760 potest,

251 5784 619 5856 praescientia,
650 5796 815 5853 opera
836 5796 933 5838 sua
955 5778 1136 5835 futura
1163 5779 1466 5849 disponere,
1498 5780 1552 5836 id
1576 5780 1829 5846 omnino,

255 5895 360 5933 nec
387 5875 530 5932 aliud
552 5876 843 5946 quidquam
873 5883 955 5931 est
983 5874 1384 5944 praedestinare.

448 6028 470 6042 _
536 5969 805 6029 Ρηιιοι..
852 5967 1072 6029 CXVI.

1930 4777 2035 4831 ﬁde
2079 4774 2349 4841 creditur,
2395 4774 2627 4845 gratiam
2671 4771 2768 4827 Dei
2816 4789 2922 4829 non
2970 4774 3265 4830 secundum
3318 4777 3510 4833 merita

1928 4866 2308 4938 accipientium
2361 4866 2499 4921 dari.
2551 4865 2992 4936 Quandoquidem
3040 4882 3146 4921 non
3187 4877 3372 4924 oraret
3413 4868 3514 4925 Ec-

1929 4958 2092 5013 clesia
2136 4966 2198 5013 ut
2237 4958 2458 5012 daretur
2492 4955 2796 5012 inﬁdelibus
2825 4956 2992 5022 ﬁdes,
3034 4957 3137 5013 nisi
3183 4958 3350 5014 Deum
3390 4974 3512 5015 cre-

1930 5052 2080 5106 deret
2103 5060 2160 5107 et
2181 5065 2401 5106 aversas
2430 5057 2486 5105 et
2517 5050 2773 5106 adversas
2799 5050 3077 5107 hominum
3104 5050 3171 5105 ad
3198 5066 3260 5107 se
3286 5067 3515 5107 conver-

1930 5153 2046 5199 tere
2077 5143 2411 5208 voluntates,
2437 5157 2538 5199 nec
2562 5152 2748 5199 oraret
2774 5143 3011 5199 Ecclesia
3038 5151 3099 5198 ut
3141 5156 3516 5215 perseveraret

1928 5235 1982 5289 in
2012 5234 2116 5290 ﬁde
2161 5234 2362 5290 Christi
2409 5249 2515 5289 non
2551 5234 2773 5306 decepta
2805 5234 2888 5289 vel
2934 5233 3077 5290 victa
3127 5236 3512 5293 tentationibus

1928 5323 2146 5389 mundi,
2203 5322 2307 5377 nisi
2361 5322 2607 5378 crederet
2656 5323 2946 5379 Dominum
3002 5324 3083 5379 sic
3138 5325 3193 5379 in
3244 5333 3513 5394 potestate

1927 5415 2129 5471 habere
2151 5429 2247 5471 cor
2271 5420 2536 5476 nostrum,
2553 5421 2612 5467 ut
2638 5413 2838 5469 bonum
2858 5414 3001 5484 quod
3025 5430 3132 5470 non
3148 5424 3395 5473 tenemus
3406 5420 3515 5478 nisi

1930 5507 2147 5580 propria
2168 5504 2467 5571 voluntate,
2492 5520 2598 5561 non
2629 5514 2809 5562 tamen
2846 5515 3128 5563 teneamus
3164 5506 3268 5563 nisi
3297 5507 3413 5577 ipse
3457 5510 3514 5566 in

1932 5600 2091 5656 nobis
2121 5606 2374 5668 operetur
2402 5604 2456 5654 et
2482 5597 2638 5653 velle.
2669 5597 2805 5654 Nam
2834 5600 2881 5655 si
2908 5600 3024 5656 haec
3060 5600 3129 5656 ab
3150 5598 3267 5670 ipso
3292 5600 3513 5671 quidem

1931 5690 2110 5763 poscit
2144 5689 2407 5756 Ecclesia,
2456 5690 2551 5746 sed
2601 5705 2635 5746 a
2663 5690 2842 5762 seipsa
2884 5691 2989 5747 sibi
3035 5689 3154 5746 dari
3207 5698 3378 5761 putat,
3403 5707 3511 5747 non

1932 5796 2120 5847 veras,
2146 5780 2240 5837 sed
2266 5780 2662 5851 perfnnctorias
2690 5781 2967 5838 orationes
2993 5782 3177 5848 habet,
3208 5780 3347 5853 quod
3371 5781 3515 5837 absit

1935 5891 1967 5929 a
1990 5874 2165 5931 nobis.
2196 5871 2329 5940 Quis
2348 5873 2494 5927 enim
2525 5872 2791 5926 veraciter
2814 5883 2996 5942 gemat
3030 5871 3346 5928 desiderans
3371 5873 3509 5927 acci.

2956 5966 2996 6027 ὃ
