4032 6450
563 472 666 531 I39

1748 460 2100 520 AMULONIS
2134 460 2350 517 EPISC.
2391 456 2599 516 LUGD.

3731 456 3843 517 M0

557 604 686 663 pere
710 602 851 660 quoa
880 594 1056 643 orata
1087 582 1334 650 Domino,
1362 581 1409 639 si
1436 582 1540 638 hoc
1570 592 1603 636 a
1635 581 1817 651 seipse
1843 594 1902 636 se
1924 580 2137 636 sumere
2164 579 2217 641 Α
2239 574 2619 646 accipientium
2669 576 2923 663 tauquam
2953 570 3188 627 debitam
3221 572 3393 663 reddi,
3424 574 3521 629 sed
3562 581 3845 646 tanquam

560 682 855 745 existimet,
884 695 989 735 non
1012 678 1079 733 ab
1109 676 1235 731 illo?

626 752 806 829 XVIII.
823 770 975 844 (Cap.
992 768 1107 840 25.)
1127 788 1144 820 ι
1167 766 1306 835 Quid
1329 783 1549 824 oremus
1565 766 1929 836 sicutoportet
1958 764 2122 819 nesci-

562 852 581 916 ἁ
622 859 768 928 mus,
819 861 910 917 sed
952 860 1064 930 ipse
1102 856 1367 928 Spiritus,
1394 857 1471 912 ait
1492 856 1799 927 Apostolus,
1831 852 2139 925 interpellat

560 972 580 1007 ι
617 970 715 1026 pro
739 952 891 1008 nobis
920 949 1210 1021 gemitibus
1236 947 1689 1003 inenarrabilibus
1726 944 1899 1019 (Rom.
1928 947 2069 1017 vui).
2108 963 2127 997 ι

549 1044 690 1113 Quid
715 1053 796 1098 est
823 1061 841 1092 ι
864 1041 979 1111 ipse
1004 1038 1240 1110 Spiritus
1265 1037 1593 1110 interpellat,
1616 1059 1634 1091 ι
1661 1039 1765 1094 nisi
1792 1034 2136 1113 interpellare

553 1134 680 1190 facit
704 1131 996 1205 gemitibus
1022 1129 1495 1195 inenarrahiiibus,
1535 1129 1629 1185 sed
1661 1129 1964 1225 veracibqf,
1997 1141 2131 1196 quo-

547 1227 690 1281 niam
720 1223 920 1280 veritas
950 1231 1034 1278 est
1056 1221 1324 1293 Spiritus?
1348 1221 1468 1291 Ipse
1502 1228 1585 1275 est
1608 1218 1751 1277 enim
1785 1210 1988 1291 dequo
2028 1219 2135 1274 alio

546 1316 665 1373 loco
695 1314 827 1370 dicit
867 1328 879 1365 :
918 1330 937 1365 ι
971 1292 1115 1367 Misit
1144 1302 1284 1367 Deus
1319 1308 1578 1381 Spiritum
1609 1300 1727 1366 Filii
1768 1292 1881 1383 sui}I
1888 1310 1942 1364 in
1970 1304 2133 1364 corda

550 1430 569 1463 ι
608 1418 794 1465 nostra
835 1408 1163 1463 clamantem
1209 1403 1361 1459 Abba
1408 1410 1563 1475 pater
1606 1392 1814 1477 (Galat.
1850 1404 1945 1476 iv).
1995 1422 2013 1455 ι
2066 1400 2135 1469 Et

547 1501 636 1555 hic
663 1496 791 1569 quid
821 1507 904 1552 est
937 1514 957 1549 r
993 1494 1340 1560 clamantem,
1372 1513 1391 1546 ι
1415 1493 1518 1550 nisi
1544 1488 1782 1549 clamare
1808 1491 2134 1548 iacientem?

547 1591 637 1646 ubi
671 1588 1021 1660 intelligimus
1065 1597 1119 1643 et
1150 1589 1253 1643 hoc
1297 1587 1471 1658 ipsum
1513 1603 1632 1644 esse
1666 1580 1866 1644 donum
1908 1587 2041 1653 Dei,
2073 1595 2133 1641 ut

546 1681 726 1738 veraci
747 1680 910 1737 corde
930 1672 986 1735 et
1015 1678 1329 1751 spiritaliter
1363 1680 1658 1736 clamemus
1690 1680 1756 1735 ad
1791 1676 1980 1735 Deum.
2010 1678 2134 1733 Fal-

548 1770 732 1826 luntur
750 1769 932 1841 itaque
959 1768 1049 1839 qui
1072 1776 1261 1840 putant
1279 1784 1401 1825 esse
1425 1785 1454 1824 a
1477 1768 1657 1834 nobis;
1681 1782 1787 1824 non
1809 1766 1927 1823 dari
1954 1767 2129 1834 nobis,

2240 681 2425 724 veram
2471 664 2697 739 gratiam
2733 662 2891 721 nullis
2936 663 3147 721 meritis
3182 660 3615 736 praecedentibus
3656 669 3851 740 gratis

2240 758 2376 815 dari.

2309 842 2471 905 xxu.
2523 846 2711 921 (Ibid.)
2755 834 2972 903 Nullum
3019 838 3105 902 est
3152 836 3416 905 illustl'itis
3474 832 3848 921 praedestina-

2236 940 2399 996 tionis
2423 938 2750 1010 exemplum,
2783 954 2945 1010 quam
2974 935 3089 1009 ipse
3118 934 3399 995 Mediator.
3423 928 3682 1011 Quiséluis
3716 944 3845 999 vult

2235 1046 2357 1087 eam
2381 1028 2556 1087 ﬁdelis
2585 1024 2723 1087 bene
2740 1022 3064 1098 intelligere;
3096 1024 3341 1086 attendat
3365 1022 3559 1103 ipsum,
3578 1026 3750 1105 atque
3784 1036 3843 1092 in

2237 1125 2328 1182 illo
2356 1122 2596 1183 inveniat
2629 1134 2682 1183 et
2716 1124 2972 1198 seip’sum.
3000 1120 3230 1193 Fidelis,
3266 1118 3506 1199 inquam,
3550 1128 3646 1201 qui
3675 1131 3731 1185 in
3773 1135 3845 1188 eo

2234 1232 2421 1273 veram
2470 1227 2724 1273 naturam
2768 1219 2943 1273 credit
2985 1222 3039 1273 et
3086 1216 3374 1273 confitetur
3421 1219 3754 1285 humanam,
3787 1221 3843 1278 id

2235 1318 2339 1378 est,
2365 1321 2637 1377 nostram,
2680 1311 2931 1382 quamvis
2960 1310 3331 1381 singulariter,
3357 1296 3692 1382 suscipiente
3717 1314 3842 1371 Deo

2234 1402 2434 1469 Verbo,
2464 1402 2516 1458 in
2546 1405 2768 1459 [inicum
2796 1401 2889 1458 Dei
2919 1398 3118 1457 Filium
3146 1403 3513 1469 Sublimatam,
3548 1403 3623 1460 ita
3653 1416 3713 1461 ut
3740 1410 3839 1479 qui

2234 1495 2473 1565 suscepit
2517 1502 2572 1549 et
2623 1493 2766 1566 quod
2812 1494 3087 1564 suscepit,
3136 1510 3241 1549 una
3283 1500 3431 1551 esset
3473 1492 3526 1551 in
3559 1495 3841 1557 Trinitate

2234 1601 2484 1657 persona.
2523 1580 2708 1659 Neque
2747 1589 2891 1644 enim
2922 1589 3141 1645 homine
3182 1596 3460 1662 assumpto
3487 1594 3838 1662 quaternitas

2234 1676 2374 1732 facta
2403 1685 2505 1742 est,
2537 1678 2633 1733 sed
2657 1676 2895 1733 Trinitas
2920 1680 3134 1742 mansit,
3169 1680 3537 1750 assumptione
3568 1679 3658 1736 illa
3692 1682 3837 1737 inef-

2235 1768 2471 1825 fabiiiter
2508 1767 2745 1827 faciente
2773 1758 3017 1841 personae
3057 1772 3218 1828 unius
3245 1771 3301 1828 in
3353 1772 3461 1827 Deo
3503 1780 3561 1828 et
3609 1773 3837 1831 homine

545 1868 604 1917 ut
630 1870 908 1934 petamus,
948 1872 1257 1932 qumramns
1290 1869 1452 1932 atque
1491 1859 2129 1932 pulsemus.Accepimus
2231 1860 2536 1916 veritatem.
2595 1860 2863 1930 Quoniam
2930 1879 3036 1918 non
3101 1864 3272 1920 Deum
3327 1866 3537 1920 tantum
3596 1866 3837 1924 dicimus

541 1954 684 2011 enim
711 1954 961 2025 spiritum
993 1950 1297 2025 adoptionis
1319 1937 1587 2019 ﬁliarum,
1612 1953 1667 2007 in
1702 1962 1808 2022 Quo
1835 1950 2133 2007 clamamus
2160 1948 2208 2010 Β
2234 1948 2526 2016 Christum,
2584 1951 2724 2008 sicut
2770 1940 3011 2008 haeretici
3060 1952 3370 2021 Manichaai;
3402 1968 3503 2011 nec
3550 1954 3834 2014 hominem

541 2046 693 2102 Abba
724 2054 898 2117 pater.

613 2137 757 2194 XIX.
791 2137 980 2210 (Ibid.)
1009 2136 1138 2206 Quae
1163 2126 1338 2208 pascit
1364 2146 1396 2193 a
1425 2132 1683 2202 Domino,
1717 2143 1773 2191 et
1817 2150 2032 2206 semper
2058 2149 2127 2191 ex

541 2246 649 2300 quo
695 2245 818 2287 esse
859 2230 1027 2301 cmpit
1057 2230 1304 2301 poposcit
1331 2229 1601 2295 Ecclesia,
1648 2229 1722 2284 ita
1754 2226 1893 2283 Deus
1922 2217 2127 2283 vocatis

540 2322 652 2378 suis
679 2324 929 2377 daturum
961 2337 1020 2378 se
1043 2336 1162 2377 esse
1188 2321 1486 2393 praescivit,
1522 2329 1579 2376 ut
1606 2322 1659 2377 in
1707 2321 1823 2391 ipsa
1850 2321 2128 2391 praedesti-

540 2415 756 2470 natione
772 2413 882 2483 jam
905 2413 1134 2469 dederit.
1160 2408 1312 2480 Quod
1332 2400 1621 2484 Apostolus
1640 2413 1757 2469 sine
1775 2411 2128 2480 ambiguitate

539 2504 797 2563 declarat.
829 2504 1085 2562 SCI‘IIJCIIS
1124 2504 1321 2577 quippe
1364 2505 1433 2560 ad
1475 2503 1859 2561 Timotheum:
1899 2523 1918 2553 ‹
1950 2503 2121 2559 Colla-

544 2617 561 2649 ι
591 2599 748 2663 hora,
795 2596 991 2667 inquit,
1022 2596 1312 2668 Evangelia
1351 2596 1643 2651 secundum
1689 2595 1970 2649 veritatem
2007 2593 2122 2660 Dei,

543 2708 561 2738 ε
594 2689 773 2745 salvos
830 2705 930 2745 nos
987 2688 1234 2744 facientis
1283 2696 1337 2744 et
1391 2688 1633 2744 vocantis
1689 2689 1971 2743 vocatione
2028 2704 2125 2743 sua

544 2798 562 2829 ι
601 2786 811 2844 sancta,
838 2795 943 2834 non
969 2779 1266 2834 secundum
1292 2795 1457 2849 opera
1481 2786 1685 2846 nostra,
1710 2779 1805 2834 sed
1828 2778 2124 2834 secundum

543 2889 561 2921 ι
594 2870 925 2942 propositum
953 2887 1111 2927 suum
1136 2881 1190 2927 et
1219 2872 1445 2941 gratiam
1476 2886 1596 2941 quae
1626 2871 1751 2927 data
1781 2880 1865 2927 est
1891 2871 2045 2926 nobis
2070 2873 2123 2926 in

543 2979 563 3014 ι
602 2961 821 3019 Christo
863 2962 990 3020 Jesu
1042 2950 1168 3021 ante
1217 2974 1460 3034 tempora
1510 2975 1734 3031 aeterna,
1780 2965 2121 3020 manifestata

543 3072 561 3105 ι
595 3062 775 3108 autem
824 3069 969 3110 nunc
1020 3070 1119 3125 per
1168 3057 1461 3109 adventum
1510 3053 1805 3110 Salvatoris
1843 3056 2015 3110 nostri
2068 3055 2124 3110 in

544 3161 562 3195 ι
606 3140 825 3199 Christo
879 3140 1007 3201 Jesu
1059 3138 1154 3217 (11
1204 3144 1338 3200 Tim.
1393 3147 1488 3217 ιι).
1541 3165 1560 3199 ι
1607 3142 1698 3201 Ille
1754 3146 1938 3216 itaque
1980 3146 2124 3202 dicat

539 3228 834 3291 Ecclesiam
872 3237 1161 3308 aliquando
1191 3239 1243 3293 in
1284 3239 1391 3295 ilde
1436 3254 1532 3295 sua
1563 3255 1670 3295 non
1695 3239 1948 3295 habuisse
1978 3241 2121 3295 veri-

2232 2047 2465 2109 tantum,
2493 2042 2634 2097 sicut
2654 2043 2894 2099 haeretici
2924 2043 3263 2111 Photiniani;
3298 2062 3398 2103 nec
3422 2046 3499 2103 ita
3522 2048 3831 2116 hominem,

2231 2142 2288 2190 ut
2311 2134 2513 2206 aliquid
2538 2137 2718 2193 minus
2746 2137 2963 2205 habeat,
2988 2140 3131 2210 quod
3156 2140 3224 2195 ad
3248 2124 3539 2197 humanam
3573 2150 3833 2198 naturam

2229 2228 2503 2297 pertinere
2548 2237 2757 2284 certum
2808 2238 2930 2297 est,
2980 2228 3094 2287 sive
3141 2228 3556 2299 animam,sive
3590 2234 3662 2290 'in
3717 2236 3832 2307 ipsa

2230 2319 2411 2373 anima
2446 2326 2681 2374 mentem
2707 2320 3046 2388 rationalem,
3073 2323 3188 2379 sive
3225 2339 3449 2381 carnem
3480 2320 3588 2381 non
3633 2325 3706 2382 de
3757 2327 3832 2385 fe-

2229 2409 2375 2463 mina
2421 2418 2723 2478 sumptam,
2782 2410 2875 2467 sed
2912 2411 3111 2468 factam
3162 2414 3228 2468 de
3265 2402 3443 2471 Verbo
3496 2414 3547 2470 in
3600 2432 3829 2474 carnem

2229 2511 2493 2553 converso
2525 2507 2690 2569 atque
2712 2508 2942 2567 mutato,
2969 2517 3089 2573 quae.
3109 2494 3291 2558 omnia
3321 2504 3425 2558 tria
3446 2501 3580 2560 falsa
3606 2516 3659 2561 et
3688 2523 3830 2563 vana

2228 2586 2600 2643 haereticorum
2633 2587 3140 2661 Apollinaristarum
3182 2602 3291 2650 tres
3318 2604 3501 2666 partes
3525 2598 3713 2653 varias
3739 2597 3824 2655 di-

2227 2694 2519 2751 versasque
2539 2679 2804 2736 feceruut.
2837 2681 2941 2738 Sed
2961 2683 3192 2740 dicimus
3218 2684 3493 2742 Christum
3533 2690 3709 2744 Deum
3735 2707 3827 2748 ve-

2226 2787 2368 2837 rmn,
2400 2780 2585 2826 natum
2619 2770 2684 2828 de
2715 2774 2823 2828 Deo
2844 2769 3026 2841 Patre,
3060 2775 3177 2833 sine
3205 2777 3311 2833 ullo
3338 2776 3493 2834 initio
3526 2783 3824 2851 temporis,

2225 2862 2581 2931 eamdemque
2636 2860 2910 2919 hominem
2965 2862 3198 2934 verum,
3256 2858 3439 2923 natum
3484 2871 3552 2927 de
3602 2871 3827 2930 homine

2227 2961 2421 3019 matre,
2456 2961 2601 3007 certa
2632 2953 2965 3022 plenitudine
2994 2959 3277 3028 temporis.
3302 2959 3412 3016 Nec
3433 2961 3550 3033 ejus
3569 2962 3825 3019 humani-

2225 3051 2411 3107 tatem,
2448 3060 2552 3116 qua
2599 3044 2776 3100 minor
2825 3056 2907 3101 est
2950 3045 3141 3113 Patre,
3180 3046 3423 3107 minuere
3458 3053 3666 3123 aliquid
3706 3055 3824 3125 ejus

2224 3137 2515 3203 divinitati,
2547 3153 2649 3207 qua
2684 3140 2905 3209 :equalis
2930 3148 3016 3196 est
3049 3140 3217 3197 Patri.
3254 3142 3366 3199 Hoc
3395 3153 3574 3200 autem
3606 3154 3822 3203 utrum-

2224 3222 2329 3297 que
2357 3241 2498 3281 unus
2522 3234 2605 3281 est
2631 3225 2898 3294 Christus,
2930 3231 3021 3301 qui
3043 3240 3099 3287 et
3126 3224 3423 3289 secundum
3450 3234 3625 3292 Deum
3655 3238 3826 3294 veris-

539 3332 704 3381 tatem
736 3326 1227 3397 praedestinationis
1271 3324 1429 3397 hujus
1474 3337 1531 3384 et
1571 3329 1760 3399 gratiae
1800 3330 1891 3400 qui
1939 3331 2117 3386 dicere

2230 3319 2357 3372 sime
2389 3314 2526 3374 dixit
2556 3337 2566 3372 :
2600 3312 2617 3371 ἆ
2649 3320 2760 3392 Ego
2791 3331 2843 3376 et
2864 3318 3027 3377 Pater
3047 3339 3212 3378 unum
3235 3324 3451 3395 sumus,
3489 3347 3509 3381 ι
3543 3336 3599 3383 et
3627 3342 3825 3386 secun.

540 3418 703 3473 audet
744 3418 1034 3489 aliquando
1080 3436 1200 3475 eam
1248 3437 1355 3477 non
1386 3437 1572 3476 orasse
1598 3421 1686 3477 vel
1725 3436 1832 3476 non
1862 3422 2128 3478 veraciter

539 3524 746 3575 orasse,
774 3511 887 3566 sive
915 3522 974 3567 ut
1004 3513 1288 3568 crederent
1329 3512 1573 3569 inﬁdeles
1591 3554 1606 3580 ,
1655 3513 1767 3569 sive
1796 3523 1853 3568 ut
1876 3510 2127 3584 perseve-

540 3611 727 3658 rarent
772 3602 973 3660 ﬁdeles.
1004 3602 1134 3673 Quae
1165 3604 1303 3662 bona
1348 3606 1393 3661 si
1438 3620 1652 3677 semper
1684 3604 1881 3671 oravit,
1913 3602 2127 3678 semper

538 3707 602 3748 ea
638 3693 733 3749 Dei
782 3695 919 3750 dona
964 3709 1084 3751 esse
1130 3696 1317 3767 utique
1361 3696 1621 3763 credidit‘,
1666 3681 1766 3753 nec
1791 3686 1859 3752 ab
1886 3696 1975 3753 illo
2004 3713 2125 3754 esse

538 3785 869 3857 pnecognita
919 3802 1154 3858 unquam
1186 3784 1236 3843 ei
1267 3801 1464 3859 negare
1505 3786 1587 3844 fas
1629 3778 1757 3855 fuit,
1792 3802 1856 3845 ac
1901 3805 1998 3859 per
2021 3789 2127 3845 hoc

539 3875 1036 3945 pradestiuationis
1099 3876 1259 3948 hujus
1314 3879 1476 3934 iidem
1553 3876 1830 3951 nunquam
1884 3872 2126 3936 Ecclesia

537 3963 738 4019 Christi
766 3981 871 4020 non
901 3965 1109 4020 habuit.

610 4051 729 4107 XX.
761 4052 912 4127 (Cap.
944 4054 1060 4128 24.)
1090 4050 1156 4112 Et
1190 4058 1295 4114 hoc
1324 4058 1416 4113 Dei
1442 4052 1769 4130 praeceptum
1799 4068 1912 4127 est,
1946 4070 2000 4117 et
2021 4063 2126 4119 hoc

539 4150 866 4213 praeceptum
909 4145 1225 4202 obedienter
1262 4142 1476 4214 audire,
1521 4143 1575 4204 id
1600 4156 1710 4218 est,
1746 4146 1765 4203 ἐ
1801 4161 1861 4207 ιιι
1888 4154 1978 4224 qui
2006 4153 2122 4224 glo-

545 4256 565 4289 σ
598 4237 770 4292 riatur
798 4236 849 4291 in
882 4230 1109 4295 Domino
1147 4238 1408 4312 glorietur
1436 4240 1497 4315 (I
1527 4241 1648 4299 Cor.
1688 4244 1771 4319 ι),
1811 4264 1830 4299 ι
1875 4245 2125 4302 similiter

540 4332 600 4380 ut
623 4328 814 4381 ctetera
860 4327 953 4383 Dei
980 4328 1179 4384 do‘num
1225 4339 1327 4387 est.
1361 4326 1513 4400 Quod
1542 4330 1739 4388 donum
1763 4332 1852 4405 qui
1884 4352 1988 4390 non
2021 4337 2122 4391 ha-

537 4414 658 4481 bet,
688 4429 795 4471 non
835 4416 1019 4474 dubito
1047 4418 1248 4490 dicere,
1291 4418 1391 4476 alia
1418 4436 1752 4495 quaecunque
1776 4425 1968 4492 habet,
2001 4427 2119 4482 ina-

540 4508 683 4564 niter
709 4509 888 4565 habet.

608 4597 747 4652 XXI.
778 4597 967 4672 (lbid.)
1008 4599 1243 4660 oramus
1295 4612 1355 4659 ut
1406 4600 1548 4661 Deus
1594 4600 1780 4677 gratia:
1824 4602 1919 4685 det
1966 4606 2123 4667 nobis

2224 3409 2350 3465 dum
2394 3411 2666 3467 hominem
2711 3413 2998 3471 veriss'me
3047 3408 3180 3471 dixit
3226 3432 3241 3470 :
3282 3435 3301 3469 ‹
3339 3410 3499 3474 Pater
3531 3421 3710 3491 m-Ajor
3737 3438 3823 3478 me

2232 3517 2249 3549 σ
2285 3506 2367 3553 est
2392 3498 2553 3570 (Joan
2578 3518 2645 3566 κς
2686 3502 2819 3573 xw).
2861 3522 2881 3555 ι
2916 3503 3015 3571 Qu'i
3041 3519 3170 3575 ergo
3194 3506 3339 3563 hunc
3369 3499 3495 3564 fecit
3518 3525 3586 3564 ex
3611 3512 3821 3567 semine

2225 3586 2393 3646 David
2425 3592 2700 3648 hominem
2717 3593 2946 3663 justum,
2977 3598 3068 3667 qui
3098 3594 3377 3670 nunquam
3396 3612 3540 3657 esset
3560 3602 3814 3672 iujustus,

2225 3681 2343 3737 sine
2373 3683 2482 3739 ullo
2511 3685 2707 3741 merito
2729 3687 3085 3757 pnecedentis
3114 3684 3405 3748 voluntatis
3431 3691 3567 3762 ejus,
3599 3690 3713 3767 ipse
3745 3711 3811 3752 ex

2224 3773 2441 3842 iniustis
2469 3775 2595 3830 facit
2620 3774 2799 3845 justos
2821 3778 2937 3834 sine
2966 3780 3076 3836 ullo
3107 3784 3301 3840 merito
3334 3785 3687 3855 praecedentis
3713 3803 3807 3843 vo-

2224 3865 2449 3921 luntatis
2477 3868 2736 3937 ipsorum,
2766 3877 2825 3924 ut
2854 3868 2943 3925 ille
2970 3872 3151 3944 caput,
3189 3874 3242 3931 bi
3274 3870 3515 3933 u'i'embra
3544 3878 3655 3935 sint
3673 3876 3809 3949 ejus.

2225 3954 2325 4021 Qui
2354 3970 2484 4028 ergo
2520 3956 2645 4013 fecit
2671 3956 2818 4023 illum
2860 3960 3133 4020 hominem
3165 3960 3282 4020 sine
3310 3968 3431 4024 ullis
3457 3968 3580 4039 ejus
3607 3972 3815 4029 meritis

2224 4048 2690 4117 praecedentibus,
2742 4050 2945 4108 [iulium
3002 4058 3149 4126 quod
3201 4056 3252 4113 ei
3311 4059 3699 4130 dimitteretur,
3729 4063 3819 4122 vel

2224 4140 2433 4227 origine
2470 4144 2686 4200 trahere
2706 4186 2720 4212 ,
2748 4145 2832 4201 vel
2863 4142 3135 4205 voluntaié
3163 4144 3476 4223 perpetrare
3504 4152 3814 4227 peceatum,

2226 4231 2338 4303 ipse
2389 4226 2551 4291 nullis
2597 4251 2784 4293 eorum
2817 4236 3244 4311 praecedentibus
3274 4238 3481 4303 meritis
3518 4238 3650 4306 facit
3695 4226 3817 4308 cre-

2225 4320 2413 4383 dentes
2443 4324 2496 4383 in
2523 4324 2669 4397 eurh‘,
2696 4325 2892 4403 quibus
2919 4334 3157 4393 dimittat
3184 4354 3344 4395 omne
3375 4332 3680 4411 peccatum.
3710 4332 3817 4414 Qui

2224 4416 2354 4474 fecit
2378 4419 2524 4475 illum
2558 4422 2719 4477 talem
2750 4434 2807 4477 ut
2839 4441 3111 4496 nunquam
3145 4429 3393 4486 h4buerit
3419 4424 3821 4505 habiturusque

2222 4511 2293 4565 sit
2318 4510 2648 4569 voluntatem
2679 4515 2903 4577 malam.
2929 4518 3044 4589 ipse
3068 4519 3196 4575 facit
3225 4521 3278 4577 in
3303 4524 3561 4580 membris
3584 4525 3701 4594 ejus
3741 4543 3818 4587 ex

2223 4602 2364 4658 mala
2394 4603 2669 4661 voluntate
2694 4602 2908 4662 bonam.
2936 4608 3001 4664 Et
3038 4610 3187 4666 illum
3230 4618 3360 4684 ergo
3397 4625 3451 4671 et
3479 4632 3577 4671 nos
3605 4610 3818 4688 praede-

535 4687 835 4761 intelligere
859 4702 916 4746 ct
935 4692 1201 4759 conﬁteri,
1237 4696 1361 4764 post
1390 4690 1663 4766 ingentem
1702 4706 1759 4753 et
1790 4694 2116 4756 ineﬂabilem
2144 4691 2195 4751 D
2221 4697 2463 4765 stinavit,
2493 4701 2621 4770 quia
2651 4708 2705 4757 et
2738 4702 2791 4757 in
2833 4703 2925 4759 illo
2957 4713 3016 4759 ut
3048 4715 3191 4762 esset
3217 4715 3381 4779 caput
3425 4687 3671 4765 nostrum
3694 4754 3709 4777 ,
3754 4721 3817 4770 et

537 4780 768 4847 ruinam,
798 4798 902 4854 qua
931 4784 985 4838 in
1009 4800 1115 4840 uno
1154 4798 1341 4841 omnes
1368 4787 1683 4853 cecidimus,
1712 4789 1983 4845 neminem
2011 4791 2113 4848 nisi

534 4870 629 4929 Dei
677 4874 847 4947 gratia
888 4874 1130 4947 liberari,
1174 4876 1401 4951 eamque
1440 4868 1546 4936 non
1584 4880 1883 4938 secundum
1922 4886 2117 4941 merita

2222 4790 2276 4847 in
2309 4794 2491 4861 nobis,
2526 4803 2585 4848 ut
2629 4794 2746 4866 ejus
2787 4810 2981 4867 corpus
3018 4814 3287 4865 essemus,
3336 4817 3445 4857 non
3472 4792 3815 4874 praecessura

2223 4874 2419 4945 merita
2447 4878 2654 4958 nostra,
2685 4893 2780 4947 sed
2803 4878 2967 4962 opera
2993 4888 3090 4949 sua
3113 4880 3294 4951 futura
3332 4880 3627 4967 praescivit.
