4032 6436
568 475 675 529 N5

1775 457 2127 519 AMULONIS
2166 459 2378 515 EPISC.
2420 457 2628 516 LUGD.

3744 455 3845 510 Hi

561 603 581 634 ς
625 563 958 637 Attenditea
987 581 1138 634 falsis
1161 579 1459 648 prophetis,
1491 577 1584 644 qui
1617 576 1841 629 veniunt
1875 574 1943 628 ad
1966 589 2062 628 vos
2090 573 2144 626 in
2173 575 2225 634 Α
2250 571 2356 641 gio,
2401 578 2456 625 et
2479 569 2595 638 ejus
2624 566 2881 622 Ecclesia
2930 564 3349 622 communicatio
3389 579 3509 636 qua
3563 565 3846 624 catholica

561 692 580 725 ι
621 673 964 728 vestimentis
1017 671 1216 733 ovium,
1263 667 1590 722 intrinsecus
1643 674 1826 720 autem
1877 674 2001 719 sunt
2033 663 2143 732 lupi

561 785 580 817 ι
619 780 844 836 rapaces
875 762 1088 836 (Matth.
1130 776 1228 825 vn,
1269 759 1392 830 15);
1437 779 1456 811 ι
1497 768 1553 812 et
1597 758 1832 812 iterum:
1887 775 1903 805 ι
1943 753 2144 809 Omnes

563 877 581 909 ι
615 862 884 927 quotquot
909 859 1195 916 venerunt,
1229 850 1373 905 fures
1417 857 1544 905 sunt
1577 857 1633 903 et
1659 847 1898 902 latrones
1937 843 2140 915 (Joau.

559 963 613 1011 χ,
643 948 713 1006 8)
745 963 760 1012 ;
799 966 818 998 ι
847 945 990 1015 legat
1013 942 1211 999 librum
1245 941 1388 997 beati
1416 940 1730 1012 Augustini,
1757 947 1949 994 contra
1977 936 2141 1006 quin-

557 1053 662 1107 que
729 1038 962 1091 harescs
1021 1031 1438 1105 pratitulatum;
1495 1031 1548 1086 id
1602 1039 1720 1095 est,
1771 1044 2139 1100 paganorum,

558 1129 888 1192 Judaorum,
926 1125 1371 1187 Manichaorum,
1403 1120 1860 1186 Sabellianorum,
1906 1119 2138 1174 Ariano-

558 1236 718 1276 rum:
755 1228 814 1276 et
860 1217 1140 1275 evidenter
1169 1223 1423 1287 agnoscet
1449 1213 1666 1269 Judaos
1698 1213 1860 1267 falsos
1895 1228 2014 1267 esse
2048 1212 2140 1266 do-

562 1325 766 1378 ctores,
799 1319 854 1368 et
884 1312 1027 1366 inter
1077 1318 1311 1365 caeteros
1361 1306 1644 1363 haereticos
1668 1304 1950 1376 deputari;
1982 1314 2038 1358 ct
2063 1303 2143 1358 id-

552 1403 706 1458 circo
727 1401 781 1454 in
803 1399 951 1454 omni
978 1397 1248 1468 colloquio
1275 1405 1437 1466 atque
1461 1395 1737 1459 convictu,
1770 1409 2032 1450 consessu
2052 1391 2138 1447 vel

553 1508 833 1566 processu,
855 1491 940 1546 vel
961 1491 1147 1546 osculo
1171 1490 1291 1560 (per
1310 1505 1430 1559 qua
1465 1488 1684 1560 plurimi
1717 1489 1797 1543 eis
1827 1487 2138 1558 adulantur)

555 1596 814 1654 tanquam
855 1584 1140 1638 hareticos
1168 1597 1290 1637 esse
1338 1581 1640 1646 cavendos;
1670 1579 1780 1634 imo
1823 1586 1878 1634 el;
1927 1577 2141 1646 pejores

555 1675 824 1732 hareticis
857 1692 869 1727 :
901 1674 1040 1729 sicut
1068 1687 1162 1728 eos
1188 1672 1429 1728 Ecclesia
1459 1670 1726 1726 catholica
1763 1684 1885 1724 esse
1907 1666 2137 1736 judicat,

555 1785 674 1840 qua
707 1769 762 1823 in
789 1767 980 1822 diebus
1006 1765 1299 1820 Dominica
1340 1763 1638 1828 Passionis,
1678 1770 1802 1831 post
1832 1761 2135 1825 hareticos,

565 1869 620 1915 et
644 1857 1043 1921 schismaticos,
1072 1864 1126 1910 et
1165 1869 1330 1925 prope
1370 1868 1610 1925 paganos
1639 1867 1738 1923 pro
1759 1851 1839 1906 eis
1865 1859 2011 1916 orat,
2034 1850 2139 1906 hoc

2249 672 2354 731 est,
2383 672 2438 719 et
2465 661 2730 719 catholica
2788 659 3100 715 nominatur
3148 673 3254 714 non
3296 658 3524 714 soluma
3555 660 3690 726 suis,
3753 675 3849 716 ve-

2249 770 2369 809 rum
2399 753 2564 808 etiam
2593 753 2662 807 ab
2684 750 2939 806 omnibus
2965 749 3216 803 inimicis.

2320 844 2406 898 Vl.
2442 842 2605 898 Juxta
2635 843 2751 898 hac
2792 841 2956 896 verba
3003 840 3177 896 sancti
3223 839 3475 895 Doctoris
3520 849 3576 895 et
3629 837 3844 905 Patris,

2249 933 2565 1004 repudiandi
2589 942 2716 989 sunt
2761 932 2851 988 isti
2899 945 3090 987 omnes
3121 930 3197 1002 (in
3237 930 3457 1000 quibus,
3483 939 3689 986 etcum
3721 933 3851 1002 qui-

2245 1026 2346 1082 bus
2368 1027 2536 1081 etiam
2565 1024 2756 1096 Judai)
2791 1041 2806 1091 ;
2837 1032 2893 1080 et
2924 1025 2996 1078 ita
3022 1025 3396 1079 tantummodo
3419 1024 3624 1080 eisdem
3675 1034 3845 1079 uten-

2244 1119 2373 1175 dum
2400 1129 2487 1176 est
2513 1120 2770 1176 Ecclesia
2802 1120 2920 1185 Dei,
2965 1128 3024 1174 ut
3051 1120 3166 1190 ipsa
3193 1119 3464 1189 proficiat,
3492 1127 3553 1172 ut
3595 1120 3675 1174 illi
3719 1136 3846 1175 cor-

2243 1215 2512 1286 rigantur,
2543 1223 2605 1270 ut
2630 1230 2699 1270 ex
2761 1229 2952 1270 eorum
3009 1213 3417 1284 comparatione
3463 1213 3842 1282 pulchrescat,

2245 1322 2352 1361 non
2389 1321 2457 1360 ex
2487 1321 2674 1361 eorum
2703 1305 2867 1376 (quod
2887 1303 3051 1373 absit)
3084 1304 3502 1375 participatione
3533 1307 3843 1360 sordescat.

2242 1399 2526 1470 Tanquam
2555 1401 2740 1455 hostes
2768 1400 2915 1455 enim
2939 1399 3055 1464 Dei,
3079 1407 3134 1454 et
3182 1399 3388 1454 inimici
3417 1401 3597 1454 crucis
3631 1399 3842 1456 Christi

2240 1491 2445 1546 vitandi
2466 1500 2612 1557 sunt,
2638 1492 2705 1546 de
2727 1490 2926 1560 quibus
2954 1490 3066 1559 ipse
3092 1490 3351 1545 Dominus
3386 1490 3642 1546 Christus
3670 1493 3839 1546 dicit:

2246 1602 2266 1636 ι
2300 1583 2402 1651 Qui
2433 1599 2540 1638 non
2595 1591 2682 1638 est.
2721 1598 2959 1648 mecum,
3008 1590 3196 1636 contra
3251 1598 3339 1638 me
3381 1591 3505 1637 est:
3542 1584 3843 1652 etquinou

2247 1696 2265 1730 ι
2303 1677 2760 1747 colligitmecum,
2785 1675 3048 1746 dispergit
3069 1673 3221 1745 (Luc.
3253 1691 3313 1739 ιι,
3337 1673 3452 1744 25).
3486 1694 3503 1725 ι
3542 1674 3720 1741 Quam
3755 1686 3840 1728 at-

2242 1778 2389 1825 tente
2409 1779 2592 1824 autem
2616 1769 2844 1824 istorum
2869 1769 3142 1824 consortia
3173 1767 3423 1838 fugienda
3455 1768 3587 1834 sint,
3649 1769 3842 1822 beatus

2239 1859 2478 1916 Joannes
2499 1861 2797 1931 apostolus,
2839 1876 2948 1915 non
2993 1860 3166 1915 solum
3195 1860 3378 1914 verbis
3410 1860 3427 1931 (
3446 1871 3506 1913 ut
3535 1875 3705 1928 supra
3743 1878 3840 1931 po-

552 1954 713 2008 modo
740 1958 990 2021 patenter
1018 1948 1312 2003 ostendens
1346 1961 1440 2000 eos
1478 1954 1533 2001 et
1567 1943 1778 2016 pejores
1822 1957 1942 1997 esse
1971 1944 2140 1996 hare-

2246 1953 2494 2022 suimus),
2528 1952 2620 2006 sed
2643 1952 2806 2007 etiam
2858 1951 3120 2020 exemplis
3163 1949 3419 2005 edocuit:
3454 1950 3597 2005 sicut
3646 1952 3841 2007 beatus

552 2046 697 2107 ticis,
727 2053 782 2099 et
808 2043 1087 2112 proximos
1110 2039 1356 2110 paganis.
1389 2038 1527 2106 Quia
1573 2037 1828 2092 videlicet
1860 2035 2141 2106 proprium

552 2152 675 2193 esse
711 2135 849 2190 solet
878 2133 1275 2194 hareticorum,
1318 2131 1385 2186 de
1412 2129 1638 2186 Domino
1661 2127 1787 2182 Jesu
1808 2127 2024 2182 Christo
2046 2126 2142 2180 Dei

553 2229 690 2284 Filio
713 2228 958 2298 quadam
980 2241 1133 2291 vera,
1161 2224 1406 2294 quaedam
1430 2222 1562 2277 falsa
1597 2222 1801 2277 sentire
1825 2239 1838 2274 :
1862 2219 2142 2290 proprium

553 2333 734 2376 autem
753 2319 1083 2383 Judaornm,
1116 2327 1312 2373 cuncta
1339 2317 1407 2371 de
1437 2316 1528 2370 illo
1559 2315 1694 2370 falsa
1721 2314 1984 2380 credere;
2014 2314 2140 2368 dum

552 2413 703 2469 illum
725 2421 782 2468 et
820 2413 985 2467 Deum
1014 2411 1161 2466 nullo
1188 2411 1350 2465 modo
1371 2425 1492 2466 esse
1513 2408 1767 2471 credunt,
1785 2417 1840 2461 et
1865 2406 2142 2462 hominem

550 2517 762 2564 tantum
791 2506 1093 2563 communis
1121 2512 1352 2567 natura,
1382 2503 1434 2557 id
1463 2511 1568 2568 est,
1590 2517 1656 2556 ex
1688 2501 1806 2554 viro
1850 2509 1904 2552 et
1935 2498 2140 2552 femina

549 2606 894 2668 procreatum
921 2596 1098 2650 adhuc
1119 2593 1466 2663 suspicantur
1493 2599 1802 2646 venturum.
1833 2590 1986 2657 Quod
2013 2604 2142 2644 vero

549 2703 720 2744 unum
741 2687 909 2742 Deum
930 2685 1265 2739 conditorem
1286 2683 1529 2739 omnium
1559 2681 1916 2746 confitentur,
1971 2680 2141 2735 etiam

555 2777 820 2834 idolorum
854 2775 1092 2830 cultores
1120 2789 1321 2845 negare
1354 2789 1460 2829 non
1491 2772 1688 2828 solent.

624 2887 692 2943 ν.
730 2885 880 2941 Unde
909 2893 965 2942 et
999 2884 1255 2956 prafatus
1286 2885 1609 2942 venerabilis
1663 2885 1883 2952 Doctor,
1915 2885 2054 2941 libro
2076 2885 2142 2941 de

553 2994 684 3035 vera
723 2978 987 3050 religione
1014 2977 1166 3050 (Cap.
1197 2978 1230 3032 5
1257 2978 1296 3048 ),
1327 2987 1562 3048 quatuor
1585 2979 1806 3034 ordines
1842 2978 2141 3032 errantium

552 3073 803 3130 ordinum
823 3071 1149 3128 omnimodis
1172 3071 1450 3126 cavendos
1475 3072 1528 3125 in
1547 3070 1856 3126 Christiana
1881 3070 2143 3140 religione

554 3164 901 3222 commendat
933 3173 989 3219 et
1017 3163 1272 3229 inculcat,
1306 3164 1492 3220 dicens
1523 3182 1536 3217 :
1572 3182 1590 3216 ι
1621 3162 1806 3234 Neque
1854 3163 1908 3217 in
1957 3161 2141 3218 confu-

555 3257 709 3312 sione
735 3270 1100 3326 paganorum,
1130 3271 1304 3325 neque
1333 3256 1387 3310 in
1431 3256 1804 3326 purgamentis
1853 3254 2139 3310 haretieo-

560 3363 710 3410 rum,
740 3359 914 3414 neque
946 3345 999 3399 in
1040 3345 1296 3414 languore
1337 3346 1830 3412 schismaticorum,
1867 3361 2043 3416 neque
2091 3346 2146 3400 in

561 3438 801 3493 cacitate
835 3435 1142 3492 Judaorum
1179 3437 1467 3507 quarenda
1497 3438 1685 3508 religio
1711 3421 1842 3502 est;
1875 3439 1968 3492 sed
2002 3437 2146 3507 apud

558 3546 654 3586 eos
681 3530 842 3596 solos,
883 3531 972 3598 qui
1013 3529 1324 3595 Christiani,
1373 3530 1650 3593 catholici,
1707 3529 1992 3584 orthodoxi
2052 3545 2148 3585 uo-

561 3620 872 3684 minantur;
907 3621 958 3673 id
997 3629 1100 3685 est,
1173 3620 1499 3689 integritatis
1553 3621 1827 3686 custodes,
1885 3630 1940 3675 et
1995 3631 2147 3678 recta

561 3721 850 3768 sectantes.
905 3730 922 3761 ι
960 3710 1058 3767 Ubi
1099 3711 1264 3767 etiam
1301 3711 1610 3777 ostendens,
1646 3721 1701 3766 et
1749 3713 1953 3768 docens
2001 3712 2147 3782 quod

563 3802 648 3858 his
674 3811 907 3872 quatuor
936 3801 1225 3872 generibus
1275 3801 1556 3856 hominum
1585 3811 1696 3856 tam
1744 3812 1901 3856 caute
1949 3811 2003 3856 et
2058 3804 2146 3872 pie

561 3893 822 3948 utendum
865 3892 937 3945 sit
981 3891 1236 3946 Ecclesia
1266 3891 1383 3955 Dei,
1450 3901 1510 3945 ut
1559 3905 1628 3945 ex
1674 3891 1758 3945 his
1806 3907 1914 3946 non
1970 3892 2146 3947 solum

563 4001 669 4039 non
721 3985 1048 4054 depravetur
1077 4024 1094 4049 ,
1167 3985 1262 4038 sed
1333 3984 1498 4038 etiam
1566 3985 1859 4053 proficiat,
1911 3995 1966 4040 et
2036 3988 2148 4042 eni»

565 4089 737 4136 tescat
784 4080 837 4134 in
863 4079 1076 4144 melius,
1101 4077 1397 4148 subjungit,
1431 4077 1616 4132 dicens
1653 4075 1806 4148 (Cap.
1833 4077 1886 4149 6)
1921 4095 1933 4129 :
1970 4096 1987 4129 ι
2019 4077 2146 4136 Hac

565 4172 710 4226 enim
733 4169 972 4225 Ecclesia
1015 4170 1109 4225 Dei
1139 4169 1427 4234 catholica,
1451 4185 1548 4239 per
1569 4175 1738 4222 totum
1761 4166 1949 4222 orbem
1972 4167 2146 4223 valide

564 4262 782 4332 lateque
810 4261 1024 4328 diffusa,
1063 4261 1314 4316 omnibus
1358 4261 1666 4316 errantibus
1690 4259 1860 4313 utitur
1923 4260 1989 4314 ad
2021 4276 2145 4331 pro-

563 4363 750 4409 vectus
770 4369 916 4413 suos.
945 4362 1000 4408 et
1025 4351 1092 4407 ad
1115 4367 1301 4407 eorum
1321 4352 1712 4408 correctionem
1736 4368 1859 4407 cum
1887 4353 2144 4423 evigilare

562 4444 851 4498 voluerint.
882 4443 1060 4499 Utitur
1085 4442 1230 4497 enim
1257 4442 1507 4514 gentibus
1533 4442 1600 4496 ad
1628 4443 1913 4497 materiam
1953 4459 2143 4514 opera-

562 4535 727 4591 tionis
756 4549 885 4597 sua,
912 4533 1182 4588 hareticis
1220 4533 1286 4586 ad
1314 4533 1689 4603 probationem
1711 4532 1972 4588 doctrina
2007 4550 2140 4597 sua,

562 4624 931 4680 schismaticis
959 4624 1026 4678 ad
1051 4622 1435 4679 documentum
1490 4623 1798 4678 stabilitatis
1854 4641 1996 4690 sua,
2047 4623 2141 4679 Ju-

2242 2045 2480 2100 lrenaus
2505 2043 2752 2098 ecclesia
2780 2041 3159 2113 Lugdunensis
3187 2041 3606 2110 antiquissimus
3656 2043 3838 2111 ponti-

2243 2135 2351 2201 fex,
2382 2146 2436 2191 et
2471 2137 2675 2208 Martyr
2721 2135 3010 2207 gloriosus,
3043 2135 3096 2188 in
3125 2134 3280 2190 libris
3328 2135 3466 2199 suis,
3503 2135 3572 2189 de
3603 2150 3664 2189 se
3698 2136 3832 2204 ipso,

2242 2236 2298 2284 et
2325 2229 2391 2284 de
2412 2229 2572 2283 beato
2601 2227 2898 2298 Polycarpo
2927 2226 3192 2295 discipulo
3217 2225 3335 2294 ejus
3381 2225 3574 2280 scribit
3598 2225 3742 2296 (Lib.
3777 2243 3836 2280 Ill

2243 2320 2362 2375 adv.
2393 2321 2547 2385 han,
2571 2337 2619 2374 c.
2651 2319 2728 2392 5),
2761 2321 2948 2375 dicens
2991 2337 3005 2374 :
3032 2318 3361 2390 Polycarpus
3393 2319 3484 2388 qui
3516 2335 3626 2374 nou
3661 2321 3838 2374 solum

2244 2413 2313 2467 ab
2333 2413 2591 2482 apostolis
2637 2412 2882 2467 eruditus
2924 2420 3030 2478 est,
3083 2420 3137 2466 et
3186 2421 3541 2467 conversatus
3593 2429 3727 2468 cum
3757 2415 3839 2468 his

2245 2503 2334 2572 qui
2359 2503 2644 2557 Dominum
2676 2503 2945 2569 viderant,
2971 2503 3066 2558 sed
3088 2511 3146 2557 et
3170 2503 3238 2557 ab
3266 2502 3397 2573 ipsis
3443 2504 3710 2573 apostolis
3754 2521 3837 2559 or-

2244 2594 2460 2649 dinatus
2477 2603 2564 2649 est
2600 2593 3007 2666 Smyrnaorum
3030 2594 3275 2648 ecclesia
3296 2595 3590 2664 episc0pus
3618 2615 3629 2650 :
3672 2611 3836 2665 quem

2245 2703 2344 2743 nos
2373 2703 2591 2758 quoque
2621 2689 2674 2741 in
2704 2688 2877 2757 prima
2910 2695 3070 2742 atate
3096 2695 3284 2741 nostra
3330 2687 3565 2742 vidimus
3610 2687 3729 2757 (diu
3762 2697 3837 2742 et-

2244 2781 2386 2837 enim
2413 2782 2733 2852 permansit,
2761 2781 2814 2834 in
2835 2781 2948 2835 vita
2969 2789 3024 2834 et
3049 2779 3291 2851 longava
3321 2789 3481 2836 atate
3504 2781 3831 2850 perduratus)

2243 2873 2440 2928 nobilis
2467 2873 2714 2937 vivendo,
2749 2873 2844 2928 sed
2871 2881 2926 2927 et
2963 2872 3247 2927 moriendo
3297 2872 3531 2928 nobilior
3581 2873 3835 2938 exstitit;

2243 2965 2440 3035 quippe
2465 2965 2557 3035 qui
2577 2965 2738 3018 vitam
2766 2964 3028 3034 martyrio
3063 2963 3396 3018 terminavit.
3422 2963 3489 3017 Et
3513 2974 3642 3018 sunt
3666 2973 3836 3019 etiam

2244 3073 2388 3111 nunc
2411 3055 2505 3125 qui
2534 3055 2824 3110 audierunt
2854 3055 2922 3108 ab
2949 3055 3087 3124 ipso,
3115 3056 3258 3124 quod
3306 3054 3546 3110 Joannes
3597 3055 3834 3125 discipu-

2245 3149 2329 3204 lus
2355 3149 2593 3213 Domini,
2639 3147 2780 3218 apud
2833 3148 3105 3218 Ephesum
3166 3164 3289 3204 cum
3342 3149 3565 3204 balneas
3620 3149 3833 3204 lavandi

2244 3241 2420 3314 gratia
2447 3242 2638 3297 fuisset
2685 3242 2982 3312 ingressus,
3010 3250 3066 3296 et
3089 3242 3315 3297 vidisset
3354 3242 3427 3296 ibi
3465 3242 3831 3308 Cerinthum;

2173 3328 2218 3390 C
2250 3333 2561 3389 exsiluisset
2614 3334 2892 3398 continuo,
2933 3341 2986 3388 et
3015 3333 3354 3389 discessisset
3402 3349 3510 3389 non
3557 3334 3728 3398 lotus,
3757 3336 3836 3390 di-

2251 3440 2417 3481 cens:
2449 3423 2742 3494 Fugiamus
2767 3423 2912 3488 hinc,
2941 3437 3010 3478 ne
3055 3431 3111 3478 et
3138 3423 3344 3478 balnea
3373 3423 3503 3494 ipsa
3549 3436 3830 3491 corruant,

2248 3517 2304 3572 in
2335 3516 2530 3586 quibus
2560 3515 2850 3572 Cerinthus
2902 3515 3050 3570 lavat
3096 3517 3348 3572 veritatis
3383 3517 3658 3572 inimicus.
3688 3518 3834 3573 Idem

2247 3609 2410 3666 etiam
2437 3608 2764 3679 Polycarpus
2791 3607 3050 3663 Marcioni
3075 3609 3364 3679 aliquando
3393 3625 3517 3665 cum
3563 3611 3833 3665 occurris-

2247 3711 2349 3768 set,
2376 3702 2575 3758 dieenti
2604 3701 2706 3756 sibi
2737 3719 2750 3755 :
2786 3700 3052 3772 Agnoscis
3074 3717 3188 3767 nos,
3216 3701 3496 3772 respondit
3526 3721 3538 3756 :
3562 3702 3826 3772 Agnosco,

2247 3807 2482 3863 agnosco
2508 3791 2928 3860 primogenitum
2953 3789 3187 3845 Satana.
3211 3790 3383 3846 Tanta
3411 3801 3542 3847 tunc
3569 3790 3819 3860 apostoli,

2248 3892 2410 3952 atque
2436 3897 2623 3937 eorum
2665 3883 2914 3953 discipuli
2946 3883 3000 3938 in
3031 3883 3292 3954 religione
3345 3885 3557 3939 cautela
3605 3885 3828 3939 uteban-

2247 3987 2360 4044 tur,
2385 3986 2446 4032 ut
2475 3994 2544 4033 ne
2572 3979 2721 4035 verbi
2751 3981 2969 4049 quidem
3008 3982 3448 4037 communionem
3495 3997 3618 4037 cum
3652 3982 3834 4052 aliquo

2246 4083 2457 4135 eorum,
2478 4069 2626 4138 quia
2653 4069 2878 4124 veritate
2913 4071 3277 4136 deviaverant,
3325 4073 3529 4127 habere
3575 4083 3833 4143 pateren-

2247 4168 2355 4214 tur.

2314 4249 2396 4304 Ad
2431 4249 2547 4305 hac
2567 4250 2613 4306 si
2641 4250 2780 4307 forte
2809 4250 3004 4322 aliquis
3056 4252 3211 4318 dicit,
3262 4253 3583 4310 Cerinthum
3620 4255 3834 4311 haereti-

2245 4353 2366 4394 cum
2396 4337 2594 4405 fuisse,
2636 4354 2743 4394 non
2773 4339 3016 4395 Judaum
3035 4382 3049 4406 ,
3082 4343 3294 4397 noverit
3324 4343 3662 4412 temporibus
3703 4359 3836 4414 apo-

2245 4428 2503 4484 stolorum
2529 4446 2636 4486 non
2668 4429 2834 4484 fuisse
2855 4431 3140 4486 hareticos
3166 4432 3267 4486 nisi
3298 4447 3366 4487 ex
3389 4430 3592 4487 Judais
3617 4448 3684 4487 ac
3729 4434 3827 4487 Sa-

2243 4521 2544 4586 maritanis,
2574 4521 2716 4575 sicut
2753 4519 2971 4576 fuerunt
3001 4521 3191 4578 Simon
3214 4532 3270 4577 et
3299 4523 3614 4589 Menander,
3656 4525 3831 4580 Ebion

2244 4620 2300 4666 et
2326 4610 2596 4668 Nicolaus.
2629 4611 2735 4668 Sed
2755 4622 2810 4668 et
2837 4629 2903 4669 ex
2929 4615 3207 4671 erroribus
3255 4617 3552 4684 supradicti
3585 4617 3835 4672 Cerinthi

561 4715 692 4770 dais
733 4717 800 4772 ad
842 4715 1301 4784 comparationem
1356 4713 1772 4782 pulchritudinis
1821 4729 1948 4769 suae.
1990 4713 2139 4770 Alios
2165 4693 2216 4753 D
2242 4714 2531 4776 00800803!
2559 4707 2700 4776 (ιιιοά
2728 4708 2907 4761 omnia
2947 4707 3055 4762 sint
3100 4706 3323 4763 Iudaica
3355 4722 3476 4776 quae
3527 4711 3833 4765 astruebat.

561 4819 690 4875 ergo
717 4805 928 4868 invitat,
955 4804 1091 4859 alios
1117 4805 1353 4859 excludit
1381 4821 1396 4869 ;
1420 4804 1554 4859 alios
1585 4804 1860 4874 relinquit,
1885 4805 2018 4860 alios
2045 4821 2138 4861 an-

560 4897 795 4962 tecedit;
843 4897 1092 4952 omnibus
1153 4904 1330 4950 tamen
1373 4895 1558 4966 gratia:
1616 4894 1710 4950 Dei
1755 4897 2138 4966 participanda

559 4989 650 5043 dat
674 4996 1036 5058 potestatem:
1081 4988 1194 5042 sive
1229 4987 1305 5040 illi
1332 4986 1599 5042 formandi
1630 4988 1739 5044 sint
1793 4989 1991 5054 adhuc,
2025 4991 2138 5044 sive

557 5078 912 5140 reformandi,
944 5077 1058 5132 sive
1115 5075 1463 5148 recolligendi
1513 5118 1528 5143 ,
1574 5079 1688 5134 sive
1737 5079 2073 5136 admittendi.
2114 5103 2131 5133 ι

558 5168 625 5224 Ει
656 5178 776 5238 post
813 5167 1088 5236 aliquanta
1125 5167 1322 5220 iterum
1365 5167 1496 5222 dicit
1518 5166 1668 5238 (Cap.
1697 5169 1788 5241 7):
1821 5168 2138 5239 Repudiatis

558 5261 725 5332 igitur
760 5257 1014 5314 omnibus
1031 5260 1124 5328 qui
1155 5273 1330 5329 neque
1375 5259 1428 5313 in
1471 5260 1643 5316 sacris
1670 5261 2138 5330 philosophantur,

557 5365 734 5419 neque
764 5349 816 5402 in
848 5347 1190 5418 philosophia
1241 5358 1672 5415 consecrantur;
1704 5360 1759 5405 et
1808 5350 1892 5404 his
1917 5351 2008 5419 qui
2057 5350 2142 5404 vel

556 5455 722 5511 prava
757 5438 1034 5510 opinione,
1077 5439 1160 5494 vel
1190 5439 1370 5510 aliqua
1423 5440 1696 5495 simultate
1750 5439 2139 5508 superbientes,

556 5547 588 5585 a
615 5530 796 5602 regula
823 5539 878 5586 et
898 5530 1274 5586 communione
1315 5531 1567 5586 Ecclesia
1619 5529 1897 5584 catholica
1955 5530 2135 5586 devia-

558 5631 686 5675 runt
717 5637 731 5685 ;
772 5628 827 5676 et
861 5622 944 5677 his
971 5621 1065 5692 qui
1108 5636 1330 5676 suarum
1380 5619 1785 5689 Scripturarum
1844 5619 2046 5684 lumen,
2079 5630 2134 5676 et

557 5711 813 5781 spiritalis
836 5712 1014 5782 populi
1056 5713 1302 5783 gratiam,
1331 5711 1472 5779 quod
1496 5710 1705 5766 Novum
1730 5709 2131 5767 Testamentum

558 5815 806 5869 vocatur,
827 5804 1027 5860 habere
1058 5804 1362 5865 uoluerunt,
1393 5819 1526 5871 quos
1558 5811 1759 5871 quanta
1780 5804 1925 5874 potui
1958 5805 2131 5858 brevi-

559 5906 672 5956 tate
711 5899 1030 5963 constrinxi,
1075 5898 1301 5952 tenenda
1335 5906 1416 5951 est
1458 5897 1612 5953 nobis
1657 5898 1964 5953 Christiana
1998 5899 2128 5954 reli-

2241 4796 2576 4852 Pradicabat
2615 4797 2899 4851 Dominum
2939 4807 3185 4852 nostrum
3225 4797 3410 4852 Jesum
3433 4798 3712 4854 Christum
3732 4818 3834 4871 pu-

2241 4901 2361 4940 rum
2385 4885 2552 4940 fuisse
2572 4887 2862 4951 hominem,
2887 4903 2987 4942 nec
3019 4888 3417 4954 resurrexisse;
3439 4889 3834 4944 etcircumcidi

2242 4994 2408 5034 carne
2441 4990 2712 5049 oportere.
2755 4977 2882 5034 Post
2913 4980 3393 5046 resurrectionem,
3442 4990 3723 5036 terrenum
3752 4983 3838 5035 di-

2242 5072 2402 5126 eebat
2443 5071 2682 5126 futurmn
2729 5087 2849 5126 esse
2898 5087 3125 5140 regnum
3159 5071 3361 5127 Christi
3388 5073 3442 5126 in
3472 5071 3780 5128 Jerusalem
3820 5091 3832 5126 :

2243 5171 2300 5216 et
2327 5161 2574 5216 homines
2596 5161 2648 5215 in
2679 5177 2844 5216 carne
2900 5162 3095 5218 iterum
3118 5164 3576 5233 concupiscentiis
3603 5173 3660 5220 et
3686 5165 3839 5221 vitiis

2243 5251 2538 5320 subjectam
2567 5253 3038 5308 conversationem
3084 5254 3388 5319 habituros,
3419 5263 3476 5308 et
3515 5255 3720 5326 legales
3761 5258 3841 5311 fe-

2242 5340 2510 5396 stivitates
2551 5357 2765 5395 rursum
2799 5341 3177 5407 celebrandas,
3225 5351 3282 5397 et
3323 5343 3532 5398 hostias
3582 5343 3837 5399 carnales

2244 5437 2438 5491 iterum
2464 5435 2806 5507 jugulandas.

2290 5527 2398 5582 Vll.
2416 5527 2586 5594 Quam
2604 5526 2809 5596 polluta
2820 5526 3019 5583 sithac
3030 5528 3266 5598 pessima
3279 5528 3580 5599 generatio,
3597 5537 3652 5583 et
3665 5545 3835 5596 quam

2241 5632 2368 5672 vere
2395 5615 2586 5671 effecta
2618 5631 2890 5688 synagoga
2923 5617 3159 5682 Satanae,
3211 5619 3376 5673 etiam
3431 5618 3487 5673 in
3529 5618 3835 5691 Evangelio

2240 5711 2498 5766 Dominus
2517 5709 2775 5774 ostendit,
2799 5708 2982 5764 dicens
3009 5727 3022 5765 :
3057 5728 3074 5761 ‹
3105 5710 3238 5765 Cum
3268 5709 3577 5766 immundus
3599 5711 3833 5780 spiritus

2246 5824 2262 5854 ι
2293 5804 2489 5859 exierit
2515 5803 2582 5858 ab
2619 5803 2855 5868 homine,
2888 5802 3127 5858 ambulat
3172 5819 3266 5873 per
3309 5803 3428 5860 loca
3468 5804 3644 5869 arida,
3669 5821 3830 5874 qua-

2245 5917 2262 5950 ι
2294 5912 2419 5953 reus
2442 5897 2705 5967 requiem,
2734 5906 2789 5953 et
2835 5913 2939 5953 non
2970 5897 3172 5953 invenit
3198 5915 3210 5963 ;
3244 5907 3372 5954 tunc
3404 5899 3534 5955 dicit
3566 5917 3579 5953 :
3616 5898 3828 5953 Reser-
