4032 6452
238 439 338 496 H5

1465 416 1594 472 LIB.
1636 410 1914 470 CONTRA
1954 407 2257 465 JUDIEOS.

3378 399 3480 454 ηις

233 572 255 605 ε
289 561 375 607 tar
407 548 463 604 in
483 549 701 603 domum
749 557 922 598 meam
970 539 1111 595 unde
1140 537 1280 594 exivi
1309 555 1320 590 :
1351 545 1404 590 et
1437 533 1658 589 veniens
1683 571 1696 592 ,
1729 529 1807 581 in-
1835 528 1889 587 Α
1910 541 2034 581 cum
2059 535 2356 596 exponeret
2388 540 2508 581 eum
2535 525 2730 589 locum,
2762 524 2854 578 ubi
2907 523 2972 577 de
3022 521 3246 578 Domino
3292 516 3485 590 praedi-

234 666 254 698 c
288 642 437 701 venit
485 645 768 694 vacantem
793 675 810 701 ,
861 632 1038 704 scopis
1107 627 1425 685 mundatam
1460 667 1474 691 ,
1531 631 1586 678 et
1639 634 1803 676 orna-

235 757 256 790 ι
296 745 430 792 tam.
461 729 616 784 Tunc
662 726 827 790 vadit,
877 733 932 780 et
985 721 1214 778 assumit
1270 726 1478 790 septem
1526 714 1660 770 alios
1699 710 1808 780 spi-

236 848 256 882 c
295 829 433 883 ritus
474 837 680 887 secum,
726 819 1018 889 nequiores
1061 830 1158 871 se:
1185 825 1243 870 et
1284 810 1511 883 ingressi
1565 804 1812 861 habitant

239 939 258 971 ι
291 919 365 974 ibi
391 936 405 971 :
436 924 491 971 et
515 913 648 970 ﬁunt
685 888 977 966 novissima
1005 905 1242 962 hominis
1286 901 1432 956 illius
1455 898 1640 970 pejora
1666 888 1845 965 prio-’

238 1028 259 1062 ι
299 1009 446 1064 ribus
466 1004 618 1078 (Luc.
641 1019 718 1068 χι,
742 1001 835 1064 24,
865 999 960 1063 25,
982 997 1095 1069 26).
1133 1016 1152 1050 ι
1179 996 1272 1050 Sic
1297 992 1387 1046 llet
1407 1001 1461 1046 et
1482 984 1815 1062 generationi

232 1101 364 1157 huic
383 1097 651 1168 pessimae.
675 1091 804 1160 Qua:
822 1091 986 1146 verba
1008 1087 1221 1142 Domini
1244 1087 1433 1140 beatus
1456 1081 1817 1149 Hieronymus

233 1192 553 1264 explanans,
591 1187 666 1241 ita
710 1184 884 1240 dicit:
929 1199 948 1233 ι
986 1179 1297 1235 lmmundus
1323 1176 1546 1247 Spiritus
1573 1171 1741 1228 exivit
1785 1183 1817 1222 a

234 1262 457 1347 ludatis,
481 1278 698 1352 quando
718 1281 1043 1345 acceperunt
1064 1272 1237 1342 legem
1274 1287 1286 1323 :
1318 1276 1372 1322 et
1401 1262 1691 1320 ambulavit
1725 1276 1821 1331 per

235 1379 356 1434 loca
380 1375 552 1438 arida,
567 1384 816 1442 quaerens
837 1367 939 1424 sibi
961 1365 1224 1436 requiem.
1245 1381 1265 1414 ι
1291 1359 1558 1431 Expulsus
1572 1354 1826 1411 videlicet

239 1486 270 1524 a
314 1467 530 1528 Iudaeis,
573 1461 864 1518 ambulavit
890 1475 988 1530 per
1021 1457 1260 1530 gentium
1306 1451 1623 1510 solitudines
1657 1467 1670 1503 :
1705 1462 1824 1517 qua:

241 1575 365 1616 cum
394 1565 582 1627 postea
630 1554 860 1610 Domino
907 1551 1283 1614 credidissent,
1316 1547 1407 1602 ille
1456 1561 1562 1601 non
1607 1545 1826 1598 invento

240 1649 360 1704 loco
389 1649 440 1702 in
468 1645 796 1707 nationibus,
822 1643 958 1697 dixit
983 1660 996 1698 :
1022 1641 1286 1696 Revertar
1311 1637 1378 1692 ad
1406 1636 1626 1690 domum
1649 1647 1826 1688 meam

241 1741 528 1814 pristinam
579 1741 720 1793 unde
761 1735 948 1790 exivi:
995 1731 1205 1788 habebo
1249 1729 1462 1784 Judzeos
1517 1740 1650 1796 quos
1704 1732 1828 1778 ante

245 1833 580 1888 dimiseram.
615 1829 684 1884 Et
729 1827 951 1882 veniens
1015 1822 1223 1877 invenit
1262 1821 1480 1875 domum
1521 1823 1823 1878 vacantem,

1909 627 2054 673 ctum
2093 625 2175 672 est
2204 633 2218 670 :
2251 636 2270 668 ‹
2303 617 2356 671 In
2388 615 2616 686 lapidem
2649 624 2824 672 autem
2846 613 3176 678 oﬁ‘ensionis,
3199 620 3256 667 et
3274 620 3489 682 petram

1916 727 1935 760 ‹
1970 706 2211 763 scandali
2261 706 2470 761 duabus
2498 706 2748 762 domibus
2798 704 2981 769 Israel,
3021 723 3039 756 ι
3073 702 3235 758 etiam
3285 699 3494 771 primos

1913 808 2163 855 auctores
2192 797 2378 853 talium
2402 796 2726 863 fabularum,
2747 806 2909 867 atque
2932 794 3296 851 doctrinarum
3324 791 3416 862 qui
3437 798 3495 845 et

1913 893 2130 963 quando
2159 903 2279 946 esse
2307 889 2574 960 coeperint
2597 889 2739 959 apud
2769 888 3016 954 Iudaeos;
3061 895 3115 941 et
3149 885 3349 942 scholm
3396 897 3492 939 eo-

1917 1004 2058 1050 rum.
2087 988 2282 1058 quibus
2312 986 2544 1040 invicem
2595 985 3029 1049 succedentibus,
3064 998 3238 1053 usque
3280 981 3348 1036 ad
3398 992 3498 1033 no-

1920 1080 2196 1136 vissimam
2221 1079 2590 1148 captivitatem
2617 1077 2985 1146 pervenerint,
3015 1075 3102 1130 his
3130 1072 3310 1128 verbis
3339 1085 3502 1141 expo-

1921 1173 2038 1228 nit:
2073 1193 2090 1223 ι
2126 1171 2411 1236 Nazareni,
2449 1170 2540 1240 qui
2567 1171 2641 1224 ita
2668 1169 2935 1239 recipiunt
2959 1167 3259 1232 Christum,
3310 1174 3372 1220 ttt
3405 1165 3502 1219 ob-

1923 1262 2260 1318 servationes
2286 1261 2419 1330 legis
2448 1259 2647 1314 veteris
2678 1275 2783 1314 non
2811 1260 3084 1322 omittant,
3134 1258 3266 1312 duas
3313 1256 3504 1311 domus

1923 1354 2311 1423 interpretatur
2343 1351 2604 1414 Sammai,
2643 1358 2697 1404 et
2722 1349 2888 1415 Ellel;
2923 1365 2991 1403 ex
3015 1349 3213 1418 quibus
3243 1348 3348 1402 orti
3380 1354 3507 1401 sunt

1927 1442 2132 1498 Scriba:
2152 1454 2206 1496 et
2230 1442 2506 1497 Pharisazi.
2535 1441 2774 1509 Quorum
2806 1441 3043 1510 suscepit
3071 1440 3315 1495 scholam
3342 1438 3508 1492 Achi-

1925 1534 2047 1599 bas,
2078 1543 2131 1588 et
2155 1543 2277 1602 post
2303 1548 2425 1587 eum
2466 1531 2661 1597 Mehir,
2694 1531 2778 1586 cui
2816 1531 3081 1586 successit
3127 1527 3410 1584 Johannan
3448 1527 3510 1581 li-

1927 1623 2032 1678 lius
2054 1623 2265 1678 Zachmi
2289 1630 2340 1676 et
2365 1630 2485 1691 post
2507 1637 2628 1676 eum
2656 1621 2885 1685 Eliezer,
2907 1628 2963 1675 et
2979 1635 3078 1690 per
3096 1617 3340 1673 ordinem
3357 1615 3512 1670 Thel-

1929 1718 2097 1786 phon,
2122 1725 2176 1770 et
2199 1730 2413 1770 rursum
2443 1713 2642 1784 Joseph
2667 1699 2941 1777 Galilzeus,
2970 1720 3026 1767 et
3051 1726 3220 1780 usque
3246 1711 3313 1763 ad
3343 1708 3514 1777 capti-

1930 1809 2154 1863 vitatem
2185 1805 2484 1861 Jerusalem
2511 1804 2693 1860 Josue.
2728 1804 2968 1858 Sammai
3017 1802 3202 1874 igitur,
3257 1808 3312 1854 et
3359 1797 3514 1862 Ellel,

245 1925 428 1995 scopis
459 1923 795 1978 mundatam.
843 1917 1084 1973 Vacabat
1121 1914 1262 1969 enim
1319 1910 1580 1980 templum
1617 1881 1904 1963 Iudaeo.B
1932 1917 2038 1956 non
2072 1899 2242 1954 multo
2283 1897 2437 1967 prius
2489 1911 2650 1966 quam
2708 1895 2970 1949 Dominus
3027 1898 3360 1955 nasceretur,
3409 1887 3514 1942 orti

248 2033 394 2080 rum,
421 2024 476 2071 et
498 2013 769 2069 Christum
793 2009 1062 2080 hospitem
1092 2021 1197 2060 non
1232 2003 1486 2067 habebat,
1513 2001 1784 2056 dicentem
1809 2017 1823 2053 :

257 2127 278 2157 α
303 2107 542 2178 Surgite,
564 2120 747 2160 eamus
769 2103 895 2158 hinc
922 2100 1082 2172 (Joan
1106 2113 1215 2162 xiv,
1233 2096 1378 2166 51).)
1397 2094 1465 2148 Et
1486 2093 1538 2147 in
1552 2092 1659 2147 alio
1675 2091 1825 2146 loco:

253 2218 273 2252 α
315 2198 624 2252 Dimittetur
657 2195 810 2250 vobis
840 2194 1032 2248 domus
1058 2198 1238 2244 vestra
1265 2186 1480 2251 deserta
1512 2181 1664 2252 (Luc.
1704 2196 1824 2243 xm,

253 2307 273 2341 ι
302 2287 418 2358 55).
455 2308 474 2339 ι
529 2286 663 2354 Quia
713 2285 875 2356 igitur
931 2292 988 2338 et
1028 2282 1146 2346 Dei,
1172 2286 1228 2334 et
1281 2275 1597 2346 angelorum
1648 2272 1834 2342 praesi-

249 2379 341 2434 dia
383 2395 490 2433 non
520 2379 816 2442 habebant,
844 2383 900 2431 et
955 2372 1134 2428 ornati
1188 2376 1345 2426 erant
1403 2363 1690 2436 superﬂuis
1739 2363 1836 2417 ob-

248 2471 653 2528 servationibus
694 2469 846 2540 legis,
881 2477 938 2522 et
961 2463 1346 2520 traditionibus
1386 2458 1785 2514 Pharisaeorum
1817 2472 1831 2507 :

249 2568 546 2622 revertitur
617 2565 865 2621 diabolus
915 2564 982 2618 ad
1054 2563 1236 2617 sedem
1303 2572 1458 2613 suam
1521 2553 1831 2626 pristinam,

249 2666 308 2712 et
368 2657 680 2727 septenario
731 2654 834 2710 sibi
876 2667 1102 2707 numero
1147 2650 1450 2704 daemonum
1517 2645 1699 2699 addito
1740 2642 1838 2696 ha-

247 2749 392 2805 bitat
446 2748 730 2818 pristinam
765 2747 1019 2807 domum,
1070 2751 1125 2798 et
1174 2741 1310 2796 ﬁunt
1354 2737 1648 2794 novissima
1697 2733 1840 2789 illius

249 2840 441 2912 pejora
473 2841 762 2910 prioribus.
832 2837 998 2892 Multo
1050 2834 1196 2892 enim
1228 2847 1373 2888 nunc
1410 2829 1601 2901 majori
1641 2828 1842 2882 daemo-

250 2947 387 2986 num
432 2946 658 2986 numero
709 2929 1083 3000 possidentur,
1127 2925 1564 2994 blasphemantes
1609 2921 1660 2974 in
1717 2934 1842 2989 syn-

254 3025 445 3096 agogis
483 3023 595 3079 suis
633 3022 905 3078 Christum
935 3019 1139 3084 Jesum,
1183 3033 1344 3088 quam
1364 3016 1423 3071 in
1451 3013 1687 3084 Egypto
1711 3025 1840 3080 pos-

256 3118 397 3173 sessi
452 3115 668 3172 fuerant
701 3125 825 3170 ante
873 3115 1007 3184 legis
1049 3112 1321 3168 notitiam.
1354 3129 1371 3162 ι
1404 3108 1482 3164 De
1502 3107 1618 3162 istis
1654 3119 1843 3160 eorum

1928 2001 2055 2049 sunt
2083 1992 2137 2047 in
2173 1990 2358 2045 Iudaea
2395 2007 2410 2043 :
2443 2003 2674 2059 quorum
2703 1988 2855 2057 prior
2879 1985 3265 2055 interpretatur
3288 1981 3519 2049 dissipa-

1931 2096 2036 2151 tor,
2087 2098 2322 2153 sequens
2376 2079 2678 2150 profanus;
2739 2093 2804 2133 eo
2855 2076 2998 2146 quod
3054 2090 3150 2145 per
3198 2072 3519 2128 traditiones

1933 2179 2316 2254 (δευτερὼσεις)
2343 2189 2490 2240 suas,
2519 2174 2653 2245 legis
2678 2180 2948 2244 praecepta
2975 2167 3378 2239 dissipaverint,
3430 2173 3514 2219 at-

1933 2286 2039 2342 que
2065 2267 2477 2323 maculaverint.
2515 2265 2578 2321 Et
2604 2267 2702 2320 has
2730 2279 2850 2319 esse
2872 2263 3005 2318 duas
3030 2263 3222 2316 domus
3245 2275 3364 2330 quae
3402 2257 3522 2312 Sal-

1932 2371 2180 2418 vatorem
2219 2376 2323 2415 non
2354 2359 2694 2430 receperint;
2728 2355 2821 2427 qui
2851 2353 3028 2411 factus
3055 2354 3126 2409 sit
3175 2353 3257 2409 eis
3295 2353 3352 2407 in
3404 2349 3517 2407 rui-

1932 2470 2086 2520 nam,
2123 2460 2180 2508 et
2207 2452 2264 2508 in
2286 2451 2634 2507 scandalum.
2658 2470 2677 2501 ι

2006 2588 2098 2643 IX.
2138 2586 2299 2642 Tales
2331 2585 2667 2650 Scribarum,
2717 2593 2772 2640 et
2823 2583 3222 2639 Pharisaeorum
3273 2574 3522 2647 magistri

1938 2680 2288 2744 exstiterunt,
2311 2678 2559 2732 doctores
2591 2673 2895 2729 fabularum
2935 2682 2991 2727 et
3034 2667 3520 2740 superstitionum:
3614 2667 3616 2669 ’

1940 2785 2038 2841 pro
2065 2769 2262 2840 quibus
2302 2782 2396 2822 eos
2446 2764 2757 2834 frequenter
2813 2763 2866 2818 in
2918 2758 3211 2830 Evangelia
3263 2755 3528 2810 Dominus

1942 2861 2216 2930 increpat;
2250 2864 2306 2912 et
2330 2855 2602 2927 praecipue
2629 2853 2720 2907 ubi
2745 2867 2938 2906 omnes
2968 2863 3157 2905 eorum
3184 2857 3400 2900 errores
3421 2855 3530 2895 uno

1942 2955 2258 3029 prophetico
2313 2950 2624 3007 testimonio
2663 2947 2913 3012 destruit,
2961 2945 3148 2999 dicens
3179 2959 3191 2994 :
3224 2959 3242 2990 ι
3263 2937 3442 3005 Quare
3475 2944 3533 2989 et

1951 3027 1970 3100 ξ
2002 3027 2098 3104 vos
2127 3043 2568 3116 transgredimini
2612 3040 2864 3095 mandata
2895 3035 2990 3092 Dei
3032 3041 3252 3105 propter
3283 3027 3531 3084 traditio-

1951 3159 1970 3193 ι
2005 3155 2128 3195 nem
2160 3136 2438 3193 vestram?
2481 3154 2499 3186 ι
2557 3119 2772 3203 (Matth.
2813 3145 2908 3195 xv,
2937 3127 3015 3198 5.)
3048 3125 3115 3179 Ει
3165 3131 3288 3194 post
3315 3134 3526 3190 pauca:

255 3209 633 3279 magphemiis’
665 3207 970 3302 “0150?”?
1006 3207 1062 3261 in
1112 3205 1400 3302 90m?“
1450 3200 1632 3302 {‘3st
1662 3196 1846 3302 ,Chri'
1869 3237 1918 3300 ο
1954 3250 1972 3283 ‹
2007 3228 2334 3302 Hypocritze,
2366 3226 2501 3280 bene
2526 3196 2868 3294 prophetavit
2911 3218 2977 3272 de
2999 3196 3176 3270 vobis
3220 3211 3406 3276 lsaias,
3453 3209 3534 3263 di-

258 3311 426 3365 stum,
460 3302 553 3355 sed
577 3309 632 3356 et
667 3301 719 3354 in
751 3299 1046 3354 Ecclesiam
1089 3297 1228 3367 ejus,
1258 3296 1401 3350 idem
1444 3294 1631 3348 doctor
1660 3289 1715 3343 in
1741 3301 1840 3342 ex-

259 3399 576 3472 planatione
602 3397 769 3451 Amos
790 3395 1090 3466 prophetae,
1120 3407 1244 3446 cum
1285 3389 1376 3444 illa
1402 3387 1568 3442 verba
1603 3395 1844 3452 expone-

263 3498 352 3544 ret
376 3508 389 3543 :
429 3507 447 3540 ‹
478 3489 546 3542 Et
567 3487 799 3543 tenuerit
822 3484 966 3538 ultra
995 3483 1234 3536 furorem
1252 3495 1430 3543 suum,
1456 3485 1512 3532 et
1531 3474 1853 3546 indignatio-

275 3596 295 3628 ι
330 3591 455 3630 nem
483 3590 637 3629 suam
670 3572 969 3628 servaverit
992 3583 1164 3637 usque
1189 3569 1243 3622 in
1269 3567 1431 3621 ﬁnem
1460 3565 1640 3635 (Amos
1669 3580 1710 3628 ι,
1733 3563 1846 3630 2),›

273 3668 350 3722 ita
367 3666 444 3720 ait
466 3684 478 3719 :
504 3684 522 3716 ‹
546 3665 949 3733 Antiquumque
973 3659 1212 3714 furorem
1233 3665 1288 3711 et
1307 3654 1642 3710 iracundiam
1664 3661 1852 3705 tenen-

276 3765 358 3812 tes
384 3770 553 3824 usque
573 3755 732 3810 hodie
757 3753 810 3807 in
835 3749 1123 3822 synagogis
1148 3747 1284 3813 suis,
1313 3746 1412 3802 sub
1436 3743 1654 3798 nomine
1681 3740 1858 3794 Naza-

269 3863 527 3904 renorum
554 3845 932 3914 blasphemant
955 3840 1212 3911 populum
1238 3835 1628 3892 Christianum.
1662 3852 1679 3884 ›
1724 3831 1859 3887 Item

271 3941 416 4014 apud
438 3941 684 3995 eumdem
702 3937 1020 4009 prophetam
1038 3946 1314 4004 exponens
1327 3930 1418 3984 illa
1438 3927 1650 3982 Domini
1670 3925 1856 3989 verba,

271 4031 472 4104 quibus
493 4029 730 4100 psalmos
753 4036 806 4082 et
828 4026 1062 4088 cantica,
1103 4039 1225 4093 quae
1267 4019 1521 4074 videntur
1562 4031 1758 4072 canere
1803 4014 1856 4068 in

270 4121 566 4196 synagogis
612 4119 826 4174 Satanze
876 4115 1151 4187 reprobat,
1202 4113 1424 4168 dicens:
1461 4128 1480 4161 ‹
1509 4107 1678 4162 Aufer
1707 4122 1735 4160 a
1773 4120 1860 4161 me

277 4237 298 4270 ι
341 4214 628 4271 tumultum
663 4211 966 4268 carminum
997 4218 1230 4273 tuorum,
1261 4213 1316 4260 et
1345 4203 1554 4259 cantica
1584 4201 1714 4273 lyrae
1756 4207 1860 4253 tua:

279 4330 300 4364 ι
333 4325 441 4366 non
480 4308 696 4362 audiam
732 4305 908 4376 (Amos
932 4319 988 4370 v,
1012 4300 1104 4372 23)
1132 4318 1146 4367 ;
1181 4319 1199 4352 ι
1228 4295 1481 4369 praefatus
1513 4295 1701 4348 doctor
1727 4307 1859 4346 con-

269 4402 507 4474 jungens
560 4414 654 4454 eos
701 4395 995 4458 haereticis,
1060 4392 1137 4447 sic
1194 4389 1466 4459 loquitur:
1502 4403 1520 4435 ‹
1552 4381 1863 4438 Iudaeorum

275 4507 497 4566 quoque
523 4488 764 4556 traditio,
784 4496 838 4544 et
868 4486 1058 4558 psalmi
1081 4499 1216 4554 quos
1246 4483 1300 4536 in
1327 4477 1614 4551 synagogis
1639 4482 1861 4538 canunt,

1956 3341 1976 3374 ι
2014 3337 2182 3378 cens:
2208 3318 2443 3388 Populus
2471 3315 2560 3370 hic
2586 3313 2745 3368 labiis
2784 3325 2874 3366 me
2914 3309 3166 3369 honorat,
3216 3319 3311 3359 cor
3352 3309 3534 3356 autem

1957 3435 1974 3466 ι
2012 3412 2127 3483 ejus
2147 3411 2305 3480 longe
2333 3418 2415 3464 est
2443 3423 2473 3461 a
2503 3421 2609 3461 me.
2643 3403 2772 3460 Sine
2799 3417 2963 3458 causa
2990 3407 3169 3453 autem
3199 3395 3380 3450 colunt
3423 3406 3534 3455 me,

1959 3525 1978 3559 ‹
2016 3507 2271 3561 docentes
2314 3501 2589 3557 doctrinas
2638 3505 2694 3553 et
2750 3493 3003 3552 mandata
3048 3489 3329 3547 hominum
3351 3484 3529 3557 (ibid.,

1961 3618 1979 3648 ι
2014 3614 2144 3651 vers.
2170 3596 2223 3660 7,
2255 3595 2309 3659 8,
2337 3594 2412 3663 9).
2448 3612 2466 3644 ι
2499 3591 2732 3645 Istorum
2760 3588 2925 3658 igitur
2969 3595 3347 3655 perversorum
3376 3586 3538 3647 atque

1959 3687 2246 3755 impiorum
2275 3685 2556 3738 doctorum
2587 3678 2716 3734 ca3ci
2738 3686 2795 3732 et
2832 3675 3079 3730 inﬁdeles
3102 3672 3293 3736 Judaei,
3347 3668 3538 3724 relicta

1958 3777 2188 3831 veritate
2213 3773 2346 3842 legis
2367 3778 2421 3826 et
2440 3770 2848 3840 prephetarum,
2895 3777 3067 3832 usque
3117 3763 3172 3815 in
3216 3758 3540 3813 hodiernum

1961 3864 2103 3920 diem
2128 3863 2420 3918 observant
2461 3856 2797 3919 traditiones,
2845 3860 2900 3907 et
2939 3857 3238 3920 sequuntur
3275 3860 3492 3902 errores
3526 3865 3539 3898 :

1962 3961 2016 4016 in
2046 3961 2132 4014 bis
2160 3957 2402 4029 legendis
2431 3953 2667 4009 maxime
2693 3955 3044 4019 occupantur,
3077 3947 3193 4000 hazc
3213 3943 3356 3998 inter
3380 3955 3438 3996 se
3464 3939 3546 3996 lo-

1962 4059 2189 4124 quentes
2224 4049 2529 4112 conl‘erunt,
2562 4048 2677 4101 haec
2703 4059 2802 4115 per
2841 4039 3053 4112 singula
3086 4038 3310 4094 sabbata
3334 4035 3387 4089 in
3412 4048 3541 4105 syn-

1963 4145 2148 4217 agogis
2171 4143 2386 4198 Satanae
2408 4139 2703 4212 przedicare
2735 4152 2840 4191 non
2871 4138 3104 4188 cessant.
3131 4127 3188 4184 Si
3209 4126 3338 4198 quid
3365 4133 3544 4180 autem

1964 4239 2029 4294 de
2064 4236 2217 4292 libris
2241 4234 2372 4305 legis
2397 4232 2594 4287 divinae
2616 4228 2918 4298 intelligere
2949 4230 3237 4285 conantur,
3263 4218 3416 4289 juxta
3444 4231 3543 4272 cae-

1965 4335 2184 4388 citatem
2213 4344 2400 4384 eorum
2437 4327 2815 4396 depravantes,
2863 4319 3141 4375 cluserunt
3175 4313 3277 4370 sibi
3321 4311 3544 4367 misera-

1964 4425 2149 4482 biliter
2184 4421 2383 4477 ostium
2429 4417 2706 4482 veritatis;
2753 4412 3115 4484 impleturque
3158 4408 3213 4463 in
3259 4405 3340 4460 eis
3373 4403 3550 4458 mani-

1967 4516 2258 4572 festissime
2311 4511 2453 4581 quod
2489 4508 2694 4565 eisdem
2729 4503 3060 4566 doctoribus,
3105 4501 3214 4556 imo
3266 4496 3550 4570 perditori-

275 4595 336 4643 et
364 4584 769 4676 hmrelicomm.
797 4579 1096 4676 COTPOSi.la
1143 4572 1403 4676 laud.alio’
1459 4567 1726 4676 “mult”?
1782 4574 1867 4620 es‘
1892 4613 1945 4676 1)
2326 4567 2586 4657 Dominus
2610 4600 2666 4654 in
2688 4596 2978 4667 Evangelio
3001 4567 3311 4665 exprobrat,
3333 4588 3550 4644 dicens:

276 4679 533 4741 Domino,
562 4683 617 4730 et
642 4675 725 4746 (ut
757 4673 834 4728 ita
861 4669 1057 4740 dicam)
1085 4665 1369 4738 grunnitus
1391 4662 1524 4728 suis,
1562 4668 1620 4716 et
1665 4657 1869 4714 clamor

281 4771 582 4826 asinorum.
607 4788 624 4818 ι

359 4863 492 4922 Vlll.
522 4863 668 4918 Idem
701 4861 864 4917 etiam
900 4859 1088 4914 doctor
1117 4862 1321 4926 quanto
1348 4852 1473 4907 odio
1509 4859 1565 4905 et
1611 4861 1866 4904 exsecra-

283 4959 435 5013 tione
466 4952 765 5010 istiusmodi
786 4951 1250 5020 blaspbematores
1280 4945 1505 5010 Christi,
1533 4951 1588 4998 et
1607 4938 1869 4996 Ecclesiae

285 5049 407 5120 ejus
439 5043 786 5102 abominandi
815 5043 944 5109 sint,
993 5057 1091 5097 suo
1136 5054 1237 5094 nos
1284 5034 1530 5105 exemplo
1585 5031 1865 5096 informat,

287 5140 525 5213 quodam
551 5137 670 5192 loco
699 5135 918 5191 dicens:
953 5151 973 5185 ί
1007 5130 1066 5187 Si
1095 5129 1311 5202 expedit
1360 5128 1538 5183 odisse
1592 5124 1868 5187 homines,

289 5244 348 5290 et
385 5242 599 5304 gentem
627 5229 860 5299 aliquam
892 5224 1166 5288 detestari,
1193 5223 1334 5278 miro
1357 5219 1483 5274 odio
1509 5231 1734 5272 aversor
1764 5214 1872 5268 cir-

292 5323 680 5382 cumcisionem
706 5337 719 5374 :
746 5331 916 5388 usque
932 5315 1088 5371 hodie
1111 5314 1254 5369 enim
1278 5315 1677 5382 persequuntur
1696 5304 1875 5358 Domi-

294 5432 426 5473 num
448 5423 691 5470 nostrum
706 5409 889 5467 Jesum
907 5407 1180 5464 Christum
1204 5405 1256 5458 in
1275 5399 1562 5474 synagogis
1583 5397 1818 5452 Satanze.
1853 5414 1869 5445 ι

295 5507 430 5563 Item
470 5505 596 5560 alibi
643 5503 746 5576 (ep.
780 5499 908 5562 151.
937 5505 1120 5569 quast.
1155 5494 1278 5564 10):
1317 5511 1335 5544 ι
1366 5491 1594 5558 Quanta).
1618 5529 1632 5551 ,
1665 5485 1874 5555 inquit,

297 5599 616 5656 traditiones
670 5592 1082 5653 Pharisaeorum,
1141 5600 1274 5656 quas
1330 5583 1492 5639 hodie
1545 5580 1879 5650 διυτερώσεις

299 5699 518 5753 vocant,
550 5696 606 5744 et
625 5700 786 5758 quam
819 5681 1083 5738 animales
1114 5679 1222 5733 sint
1251 5676 1445 5730 fabulae
1468 5674 1746 5730 revolvere
1779 5683 1878 5724 ne-

304 5799 444 5857 queo
479 5803 491 5837 :
516 5782 774 5854 pleraque
801 5777 944 5834 enim
969 5783 1078 5829 tam
1104 5772 1278 5841 turpia
1303 5777 1451 5835 sunt,
1476 5775 1537 5821 ut
1561 5763 1879 5821 erubescam

308 5853 558 5932 dicere.»
588 5872 647 5928 ln
672 5868 1006 5940 expositione
1035 5876 1248 5936 quoque
1273 5860 1421 5916 Isaiae
1469 5858 1546 5931 (in
1586 5874 1702 5928 cap.
1735 5853 1877 5925 vin),

1977 4723 1996 4756 c
2038 4704 2130 4759 Vae
2153 4700 2336 4764 vobis,
2367 4697 2572 4753 Scribae
2598 4702 2653 4750 et
2683 4691 2943 4748 Pharisaei
2966 4731 2980 4755 ,
3029 4688 3156 4762 quia
3204 4683 3403 4741 tulistis
3445 4681 3555 4738 cla-

1978 4820 1996 4850 ‹
2038 4811 2160 4853 vem
2183 4792 2423 4851 scientiae
2453 4808 2466 4843 :
2495 4788 2596 4859 ipsi
2627 4802 2733 4843 non
2764 4781 3047 4846 introistis,
3073 4788 3129 4837 et
3167 4793 3260 4835 eos
3319 4777 3408 4848 qui
3473 4775 3552 4830 iu-

1974 4911 1990 4941 ι
2039 4887 2277 4943 troibant
2307 4878 2656 4953 prohibuistis
2695 4875 2847 4949 (Luc.
2878 4890 2955 4941 χι,
2976 4871 3089 4945 52).
3119 4890 3139 4925 ι

2041 5018 2108 5072 Χ.
2154 5014 2397 5083 Denique
2445 5009 2632 5064 audiat
2670 5005 2944 5080 paulisper
2995 5000 3247 5072 religiosa
3292 4997 3556 5054 sanctitas

1975 5121 2156 5169 vestra
2179 5122 2342 5181 quam
2375 5102 2636 5164 nefandis,
2669 5108 2831 5170 atque
2867 5095 3127 5152 inauditis
3179 5088 3552 5161 blasphemiis,

1954 5213 2030 5260 σει
2057 5194 2314 5258 convicils
2358 5193 2643 5250 Dominum
2672 5196 2917 5244 nostrum
2957 5184 3142 5242 Jesum
3168 5181 3467 5242 Christum,
3501 5185 3556 5232 et

1979 5292 2346 5352 Christianum
2373 5287 2489 5356 ejus
2507 5283 2766 5356 populum
2791 5280 3060 5336 irrideant
3112 5285 3168 5332 et
3201 5275 3552 5330 subsannent.

1983 5388 2213 5444 Sanctos
2241 5378 2510 5453 apostolos
2536 5375 2697 5446 impie
2734 5375 3016 5430 immutato
3066 5362 3328 5424 vocabulo
3371 5358 3557 5453 appel-

1982 5481 2095 5536 lant
2131 5451 2433 5550 apostatas;
2475 5481 2729 5541 tanquam
2756 5481 2866 5522 non
2896 5462 3092 5520 missos
3113 5474 3144 5513 a
3179 5459 3309 5520 Deo,
3344 5451 3440 5508 sed
3468 5468 3553 5506 re-

1984 5573 2138 5644 fugas
2166 5542 2308 5640 legis
2334 5580 2464 5622 suae.
2491 5559 2861 5630 Evangelium,
2913 5551 3056 5622 quod
3083 5562 3184 5603 nos
3229 5545 3417 5600 Grmco
3446 5542 3558 5597 elo-

1984 5634 2114 5734 quvio
2135 5634 2485 5729 intelligimus
2511 5656 2709 5708 bonum
2736 5645 3006 5706 nuntium,
3049 5638 3150 5710 ipsi
3186 5635 3404 5708 propria
3450 5634 3555 5688 lin-

1986 5771 2088 5829 gua
2117 5748 2538 5808 malitiosissime
2563 5745 2909 5798 immutantes
2923 5741 3122 5790 vocant
3153 5730 3554 5790 HM’ONGALION,

1988 5820 2132 5919 quod
2155 5844 2541 5912 interpretatur
2565 5833 2755 5890 Latine
2783 5823 3086 5897 iniquitatis
3128 5820 3386 5881 revelatio
3421 5835 3435 5872 :
3470 5830 3556 5869 a5«
