4032 6484
479 379 578 436 147

1681 383 2034 442 AMULONIS
2073 385 2288 462 EPISC.
2333 385 2536 440 LUGD.

3631 384 3762 440 148

475 503 718 572 sei-antes
751 495 1002 568 videlicet
1024 499 1166 568 quod
1196 513 1300 552 non
1326 499 1377 549 in
1409 513 1472 552 eo
1500 498 1816 574 mysterium
1863 497 2052 553 salutis
2077 515 2130 574 Α
2227 497 2340 554 ΧΙΙ.
2373 497 2448 558 ita
2479 497 2892 566 procedentibus
2923 498 3276 566 temporibus,
3300 505 3354 552 et
3397 515 3496 570 per
3543 500 3765 572 impie-

476 589 744 654 liumanae,
773 590 866 644 sed
891 589 1146 664 iniquitas
1170 605 1272 662 qua
1305 597 1444 662 totus
1476 591 1710 668 mundus
1733 592 1784 644 in
1807 607 2048 646 errorem

477 681 783 754 mitteretur
821 682 982 736 fuerit
1011 683 1242 736 revelata
1284 701 1295 734 :
1329 684 1638 738 nescientes
1672 683 2052 755 (insai‘iijquod

476 757 639 854 etiam
669 774 808 828 istud
850 776 916 844 ab
945 775 1021 828 eis
1053 773 1338 840 contictum
1388 775 1728 854 vocabulum,
1776 774 2052 846 apertissi-

475 847 622 942 mum
650 869 946 940 iniquitatis
992 885 1178 924 eorum
1232 869 1301 936 sit
1355 859 1724 942 testimonium
1758 888 1769 922 :
1805 869 1944 924 sicut
1994 869 2050 922 in

476 939 613 1012 libro
635 939 836 1028 .lob(iu
861 977 974 1029 cap.
1001 957 1092 1026 xx)
1127 959 1192 1011 de
1219 959 1383 1030 impio
1408 939 1670 1028 scriptum
1719 967 1802 1014 est
1837 974 1850 1012 :
1887 977 1904 1008 ι
1939 958 2048 1010 Re-

482 1067 500 1097 ‹
534 1049 786 1102 velabunt
817 1049 937 1102 caeli
965 1049 1302 1128 iniquitatem
1332 1037 1488 1118 ejus,
1509 1059 1562 1104 et
1591 1059 1732 1128 terra
1765 1057 2051 1118 consurget

482 1159 500 1192 α
535 1143 790 1195 adversus
819 1157 963 1196 eum.
991 1141 1252 1224 Apertum
1283 1144 1388 1220 erit
1414 1158 1632 1212 germen
1662 1141 1854 1196 domus
1877 1141 2044 1196 illius:

477 1251 494 1281 ι
537 1231 849 1308 detrahetur
875 1234 926 1286 in
953 1233 1038 1308 die
1071 1231 1288 1308 furoris.
1328 1254 1343 1286 ι
1379 1233 1445 1288 Et
1487 1234 1538 1288 in
1573 1241 1778 1286 tantum
1838 1231 2049 1286 Domini

467 1301 592 1378 Jesu
616 1305 815 1400 Christi
854 1301 1034 1394 odium
1065 1309 1405 1392 evarscrunt,
1437 1335 1494 1380 ut
1521 1327 1586 1394 ab
1613 1325 1834 1380 Oriente
1879 1337 2048 1392 usque

467 1415 521 1468 in
549 1399 919 1488 Occidentem,
951 1399 1048 1494 per
1069 1433 1257 1494 omnes
1289 1419 1535 1488 regiones
1565 1417 1957 1490 transmarinas
1995 1425 2052 1472 et

466 1503 864 1572 citramarinas,
923 1489 1203 1588 inquibus
1255 1507 1425 1576 Judaei
1469 1509 1734 1580 habitant,
1794 1506 2047 1562 mandata

465 1593 739 1660 miserint,
771 1612 839 1650 ne
883 1595 1151 1692 ullatenus
1197 1599 1248 1654 in
1294 1601 1578 1686 synagogis
1628 1600 1738 1654 suis
1783 1599 2045 1672 psalmum

466 1703 667 1770 nonum
699 1690 1105 1761 decimum,'qui
1139 1695 1238 1772 sub
1267 1694 1444 1772 specie
1491 1693 1752 1750 orationis
1794 1701 1935 1748 totus
1981 1691 2046 1748 de

467 1765 911 1838 manifestissimo
936 1765 1234 1862 Sziltatoris
1264 1765 1496 1848 adventu
1528 1786 1760 1862 scriptus
1805 1794 1905 1850 est,
1953 1783 2045 1838 de-

466 1865 770 1944 cantarent.
799 1873 1065 1932 Videlicet
1091 1853 1163 1954 ἰίε
1187 1877 1324 1952 forte
1359 1879 1618 1950 dicentes,
1654 1879 1793 1940 sicut
1837 1878 1908 1934 ibi
1961 1892 2049 1930 ca-

466 1965 613 2020 nitur
645 1959 656 2018 ὲ
698 1985 716 2016 ι
749 1967 1014 2050 Exaudiat
1046 1976 1096 2046 te
1121 1970 1381 2026 Dominus
1424 1972 1479 2028 in
1525 1971 1610 2032 die
1659 1969 2044 2042 tribulationis,

471 2077 490 2108 α
527 2068 776 2130 protegat
805 2071 854 2114 te
891 2077 1084 2140 nomen
1125 2064 1216 2118 Dei
1247 2062 1412 2118 Jacob
1469 2061 1639 2136 (Paul,
1677 2080 1785 2130 xix,
1815 2063 1892 2132 9.),
1937 2083 1954 2112 ›
1996 2071 2050 2116 et

466 2159 660 2226 caetera
691 2169 810 2224 quae
835 2135 1164 2234 sequuntur;
1200 2166 1252 2212 et
1285 2135 1588 2214 certissime
1618 2156 1682 2210 de
1712 2171 1776 2230 eo
1823 2153 2045 2234 subjun-

465 2251 650 2310 gentes
685 2231 700 2294 τ’
737 2263 754 2294 ‹
789 2243 940 2300 Nunc
965 2231 1190 2318 cognovi
1221 2248 1474 2316 quoniam
1506 2247 1712 2320 salvum
1763 2247 1890 2302 fecit
1936 2231 2048 2302 Do-

469 2349 487 2381 ‹
527 2334 705 2388 minus
736 2333 1012 2390 Christum
1054 2353 1229 2391 suum.
1291 2338 1552 2394 Exaudiet
1607 2339 1752 2396 illum
1807 2339 1872 2394 de
1910 2338 2046 2394 coelo

469 2443 484 2472 ε
523 2434 710 2479 sancto
752 2441 850 2480 suo
885 2443 896 2479 :
928 2427 980 2480 in
1032 2429 1402 2496 potentatibus
1447 2429 1590 2484 salus
1639 2431 1872 2488 dextera:
1929 2429 2048 2497 ejus

469 2532 488 2564 ι
519 2515 673 2585 (vers.
701 2517 774 2588 7).
808 2537 826 2568 ι
857 2517 989 2571 Etin
1017 2517 1120 2572 [ine
1145 2518 1337 2588 psalmi
1371 2537 1382 2572 :
1420 2540 1436 2569 ε
1463 2521 1708 2584 Domine,
1734 2519 1938 2573 salvum
1965 2521 2048 2573 fac

467 2625 484 2657 ι
515 2621 694 2676 regem
727 2649 740 2672 ,
783 2618 836 2662 et
873 2607 1068 2662 exaudi
1101 2623 1198 2662 nos
1238 2609 1292 2662 in
1339 2609 1424 2664 die
1468 2625 1572 2678 qua
1619 2597 2046 2663 invocaverimus

467 2717 484 2749 ε
517 2699 746 2770 tc(uers.
781 2699 913 2768 10):
951 2719 968 2752 ι
1027 2715 1094 2754 ne
1139 2699 1264 2765 ista,
1317 2700 1560 2768 inquam,
1613 2700 1872 2763 dicentes,
1935 2707 2048 2753 tan-

461 2805 624 2860 quam
645 2781 908 2860 praesenti-
925 2789 1247 2846 benedicere
1269 2799 1324 2846 et
1345 2793 1482 2846 bene
1502 2800 1690 2860 optare
1713 2792 2042 2846 viderentur.

457 2883 720 2938 Tulerunt
743 2884 908 2953 igitur
933 2885 1216 2954 psalmum.
1248 2885 1336 2954 qui
1359 2901 1458 2955 per
1485 2893 1562 2938 tot
1589 2883 1784 2938 saecula
1826 2884 1878 2938 in
1913 2901 2045 2938 con—

456 2983 622 3030 ventu
653 2991 938 3047 synagogas
969 2976 1211 3046 quotidie
1237 2977 1378 3030 inter
1405 2985 1632 3030 cmteros
1657 2975 1828 3029 fuerat
1854 2977 2044 3030 decan-

455 3077 619 3132 tatus,
679 3083 910 3138 eumque
961 3057 1131 3140 usque
1163 3069 1213 3123 in
1243 3068 1474 3122 adventu
1525 3068 1724 3124 Christi
1774 3069 1855 3122 sui
1899 3067 2044 3122 omni

457 3161 618 3216 modo
655 3160 920 3215 silendum
949 3175 1068 3215 esse
1101 3145 1483 3224 decreverunt;
1515 3169 1570 3214 et
1599 3159 1958 3230 impleverunt
1989 3160 2040 3212 in

453 3251 652 3322 p0pulo
683 3251 1001 3316 miserabili,
1033 3251 1196 3305 etiam
1227 3252 1278 3304 in
1311 3251 1412 3304 hac
1440 3261 1615 3320 parte,
1648 3253 1793 3322 quod
1828 3251 1908 3306 eis
1943 3267 2042 3321 per

461 3341 738 3397 Michaeam
771 3345 1090 3414 prephetam
1140 3343 1215 3416 (in
1238 3361 1353 3414 cap.
1387 3344 1450 3416 ιι)
1502 3353 1650 3399 tanto
1698 3353 1822 3399 ante
1869 3347 2042 3400 fuerat

452 3438 857 3507 exprobratum,
882 3437 1094 3493 dicente
1121 3437 1348 3492 Domino
1381 3457 1393 3492 :
1427 3459 1444 3490 ι
1479 3437 1584 3494 Eos
1613 3440 1704 3510 qui
1740 3441 2043 3494 transibant

459 3549 476 3578 ι
517 3513 850 3597 simpliciter,
885 3531 1226 3584 convertistis
1247 3531 1299 3585 in
1323 3530 1516 3585 bellum
1547 3550 1559 3582 :
1586 3531 1838 3586 mulieres
1859 3533 2038 3603 pepuli

459 3637 476 3668 ι
517 3617 618 3672 mei
647 3619 884 3688 ejeeistis
912 3621 978 3674 de
1009 3621 1168 3674 domo
1204 3605 1522 3676 deliciarum
1551 3613 1770 3678 suarum
1799 3609 1866 3677 :‘a
1909 3641 2035 3693 par-

460 3729 476 3760 ι
511 3711 646 3764 vulis
674 3727 860 3765 earum
888 3701 1085 3766 tulistis
1111 3709 1322 3767 laudem
1356 3729 1530 3767 meam
1560 3714 1612 3768 in
1639 3721 1974 3784 perpetuum.
2015 3735 2032 3767 ι

455 3801 562 3856 Sed
589 3803 702 3859 haec
733 3815 969 3876 agentes,
993 3817 1048 3860 et
1069 3805 1214 3860 velut
1237 3817 1425 3860 contra
1453 3807 1726 3861 stimulum
1755 3809 2038 3863 calcitran-

453 3905 552 3958 tes,
585 3897 800 3952 sibimet
830 3897 960 3966 ipsis
981 3898 1178 3952 vulnus
1211 3899 1502 3967 impietatis
1530 3900 1873 3954 addiderunt.

521 3985 612 4040 Xl.
645 3986 752 4041 Sed
779 3988 1019 4056 nunquid
1049 3989 1388 4058 prephetiam
1416 3989 1628 4059 psalmi,
1667 3997 1759 4043 aut
1801 4005 2037 4060 praesen—

453 4081 584 4134 tiam
609 4078 810 4134 Christi
835 4095 1098 4135 evacuare
1129 4083 1449 4151 potuerunt?
1475 4099 1633 4152 quem
1683 4085 1756 4139 ita
1791 4083 2036 4138 videmus

451 4173 782 4254 declaratum
812 4173 866 4227 in
901 4173 1168 4244 gentibus,
1196 4184 1255 4230 ut
1285 4177 1567 4254 verissime
1599 4177 1730 4232 illud
1757 4177 2032 4246 impletum

377 4253 388 4262 ’
449 4266 522 4322 sit
545 4266 687 4335 quod
711 4251 767 4320 inv
793 4266 926 4319 lsaia
961 4269 1218 4338 propheta
1247 4251 1312 4323 ad
1363 4271 1536 4340 ipsum
1583 4271 1866 4324 Dominum
1918 4269 2034 4324 Sal-

451 4365 698 4410 vatorem
733 4345 872 4411 Deus
897 4357 1056 4413 Pater
1085 4359 1213 4415 dicit
1240 4379 1252 4414 :
1289 4379 1306 4410 ‹
1339 4361 1496 4416 Posui
1525 4369 1576 4415 te
1603 4362 1654 4415 in
1681 4361 1856 4415 lucem
1906 4374 2034 4430 gen-

455 4467 474 4500 «
509 4449 672 4515 tibus,
707 4435 763 4504 ut
786 4451 860 4506 sis
889 4451 940 4505 in
966 4453 1191 4506 salutem
1217 4469 1385 4523 usque
1419 4453 1486 4508 ad
1526 4463 1828 4508 extremum
1877 4462 2034 4508 terrm

449 4543 585 4616 (ha.
615 4559 761 4608 xux,
791 4545 844 4616 6)
875 4561 889 4610 ;
925 4565 942 4596 ι
978 4555 1030 4601 et
1061 4529 1202 4622 qum]
1235 4531 1378 4622 idem
1409 4547 1668 4616 prepheta
1705 4546 1902 4600 iterum
1950 4545 2030 4598 di-

447 4640 560 4696 cit:
591 4659 610 4691 c
637 4637 856 4694 Paravit
885 4621 1145 4695 Dominus
1169 4637 1448 4695 brachium
1479 4647 1724 4693 sanctum
1771 4656 1926 4694 suum
1975 4639 2028 4693 in

455 4749 472 4782 ι
506 4730 676 4786 oculis
706 4731 946 4785 omnium
971 4731 1231 4802 gentium,
1275 4739 1331 4784 et
1371 4730 1628 4785 videbunt
1672 4746 1860 4810 omnes
1897 4729 2030 4785 fines

451 4844 472 4878 ε
501 4831 662 4879 terra:
693 4823 941 4880 Salutare
971 4823 1065 4896 Dei
1089 4807 1258 4878 nostri
1291 4823 1453 4896 (Ibid.
1483 4839 1575 4888 ιιι,
1617 4807 1731 4894 l0);
1755 4844 1772 4874 ι
1807 4833 1860 4879 et
1887 4825 2030 4894 quod

445 4917 504 4974 in
559 4916 821 4972 Malachia
869 4895 1129 4986 propheta
1189 4895 1446 4970 Dominus
1501 4913 1750 4981 testatur,
1799 4915 2024 4971 dicens:

449 5032 472 5067 α
507 5013 592 5070 Ab
621 5022 746 5078 ortu
773 5013 918 5076 enim
941 5012 1070 5088 solis
1119 5027 1290 5090 υεςιιιρ
1335 5011 1400 5072 ad
1449 5025 1726 5076 occasum,
1777 5028 2026 5082 magnum

447 5121 470 5160 (ι
505 5113 590 5170 est
619 5119 814 5176 nomen
855 5119 1034 5168 metut!
1083 5103 1138 5158 in
1186 5103 1436 5172 gentibus
1467 5117 1482 5156 :
1511 5111 1568 5158 et
1617 5103 1668 5156 in
1718 5105 1866 5160 omni
1911 5105 2030 5160 loco

451 5215 469 5246 c
507 5196 866 5258 sacriﬁcatur,
896 5205 952 5258 et
973 5195 1199 5258 olIertur
1223 5194 1426 5252 nomini
1451 5209 1570 5250 meo
1595 5195 1796 5250 oblatio
1831 5195 2024 5250 munda

450 5305 468 5336 ε
515 5285 836 5357 (Malae/1.],
863 5283 970 5348 Η).
1011 5303 1030 5336 ι
1063 5284 1136 5340 De
1177 5299 1282 5352 qua
1329 5284 1600 5366 oblatione
1636 5287 1776 5358 (quae
1807 5295 1890 5342 est
1925 5288 2030 5342 uti—

443 5395 548 5448 que
571 5379 806 5448 pretiosa
835 5375 1048 5440 Domini
1075 5373 1202 5430 Jesu
1233 5374 1434 5432 Christi
1462 5377 1662 5445 passio,
1697 5378 1792 5447 qui
1837 5378 2024 5434 dilexit

442 5485 565 5534 nos,
597 5477 650 5524 ct
677 5467 894 5524 tradidit
931 5467 1280 5536 semetipsum
1307 5482 1405 5535 pro
1431 5467 1586 5524 nobis
1613 5468 1944 5524 oblationem
1971 5480 2024 5522 et

441 5560 677 5618 hostiam
699 5557 809 5612 Deo
831 5557 886 5610 in
914 5557 1134 5620 odorem
1157 5559 1457 5628 suavitatis)
1495 5561 1546 5624 in
1569 5559 1792 5628 praefato
1817 5560 2024 5632 psalmo

443 5655 510 5708 ad
545 5654 716 5722 ipsum
743 5651 942 5706 dicitur
959 5653 1026 5708 dc
1048 5653 1160 5712 Deo
1189 5653 1349 5710 Patre
1385 5671 1396 5708 :
1436 5671 1454 5706 ι
1485 5653 1689 5712 Memor
1736 5655 1806 5710 sit
1849 5655 2027 5712 omnis

450 5766 468 5797 ι
514 5745 766 5800 sacriﬁcii
813 5746 907 5808 tui,
959 5755 1016 5804 et
1061 5746 1434 5802 holocaustum
1485 5753 1638 5800 tuum
1691 5746 1888 5816 pingue
1935 5745 2032 5800 ﬁat

449 5856 468 5890 ι
501 5834 672 5908 (Ptol.
696 5837 930 5906 sint)»

2155 593 2281 648 tatis
2303 592 2591 662 magistros
2615 589 3083 668 succrescentibus
3129 591 3499 670 indesinenter
3539 595 3763 664 errori—

2151 683 2253 738 bus
2279 683 2332 736 in
2363 689 2570 736 tantum
2610 682 2868 758 obcaecati
2908 689 3056 758 sunt,
3109 689 3168 734 ut
3215 683 3472 742 ﬁnxerint
3517 685 3624 738 sibi
3681 687 3764 742 de

2151 773 2368 844 proprio
2398 789 2558 828 sensu
2593 771 2726 852 duos
2755 774 3016 852 messias,
3055 774 3106 834 id
3137 783 3220 844 est
3259 775 3394 852 duos
3439 775 3704 844 Christus
3737 793 3756 832 :

2151 881 2382 936 quorum
2409 882 2572 922 unum
2597 849 2786 920 dicunt
2809 882 2928 930 esse
2958 867 3104 922 velut
3135 865 3288 934 juxta
3315 849 3758 942 promissionem

2150 956 2268 1021 Dei,
2300 972 2366 1010 ex
2399 971 2593 1034 genere
2631 957 2801 1022 David
2831 975 2842 1010 :
2869 973 3028 1032 quem
3059 967 3114 1012 et
3153 957 3422 1034 allii-ruant
3461 977 3525 1034 ea
3579 973 3764 1016 nocte

2152 1047 2206 1100 in
2230 1045 2410 1102 Judaaa
2441 1031 2646 1122 uatum,
2676 1031 2903 1118 quando,
2925 1051 3116 1108 domus
3141 1031 3236 1116 Dei
3267 1031 3368 1128 sub
3400 1031 3760 1126 Vespasiano

2150 1147 2204 1194 et
2241 1139 2361 1204 Tito
2385 1140 2770 1214 Hierosolymis
2799 1144 3070 1218 destructa
3111 1155 3222 1216 est;
3279 1157 3336 1201 et
3385 1150 3570 1204 nescio
3627 1153 3761 1221 qui-

2149 1229 2248 1284 bus
2277 1233 2450 1302 modis
2477 1233 2706 1310 Romam
2753 1251 2873 1290 esse
2923 1238 3243 1306 perductum
3281 1241 3508 1312 :ibique
3563 1261 3758 1314 usque

2149 1321 2308 1398 hodie
2335 1324 2388 1377 in
2411 1325 2682 1394 speluncis
2708 1335 2761 1380 et
2792 1331 2994 1400 cryptis
3023 1331 3218 1398 abditis
3245 1349 3366 1390 esse
3407 1336 3688 1400 reclusum
3737 1357 3752 1392 :

2149 1422 2309 1484 atque
2353 1415 2408 1470 in
2459 1417 2552 1470 tali
2598 1419 2868 1492 ergastulo
2913 1422 3152 1478 vinctum
3205 1423 3368 1494 [et-ro,
3417 1441 3756 1497 oppressum

2149 1506 2376 1570 catenis,
2403 1515 2456 1560 et
2493 1516 2602 1562 toto
2631 1525 2855 1586 corpore
2885 1512 3248 1582 vulneratum.
3281 1517 3350 1586 Et
3375 1518 3666 1578 conﬁdunt
3689 1535 3756 1576 se

2147 1611 2244 1664 per
2267 1597 2381 1651 luce
2417 1599 2638 1654 vulnera
2689 1601 2888 1658 habere
2935 1605 3322 1676 indulgentiam
3368 1620 3752 1678 peccatorum,

2147 1695 2196 1740 et
2227 1688 2434 1758 impleri
2465 1691 2516 1744 in
2545 1707 2604 1746 se
2625 1694 2766 1762 quod
2780 1694 3092 1750 lsaiasdixit
3117 1697 3192 1766 (in
3220 1715 3332 1766 cap.
3359 1702 3507 1772 Lm):
3537 1723 3556 1754 ι
3591 1703 3666 1760 Et
3693 1704 3752 1758 in

2147 1782 2368 1838 vulnere
2416 1783 2531 1852 ejus
2559 1787 2824 1856 medicina
2873 1789 2980 1844 erit
3027 1791 3203 1844 nobis.
3243 1811 3260 1844 ι
3315 1791 3526 1860 {labent
3571 1796 3748 1852 etiam

2079 1871 2128 1938 Β
2155 1875 2413 1948 scriptum
2446 1877 2498 1930 in
2527 1879 2639 1934 suis
2671 1880 3070 1946 traditionibus,
3095 1883 3240 1950 quod
3277 1883 3378 1936 iste
3423 1885 3552 1942 talis
3597 1903 3752 1942 mes-

2152 1969 2260 2022 sias
2285 1971 2584 2044 ostenderit
2613 1987 2671 2024 se
2701 1973 3002 2041 antiquitus
3035 1974 3249 2032 cuidam
3299 1992 3500 2045 magno
3547 1995 3746 2033 eorum

2152 2061 2378 2126 doctori,
2424 2061 2516 2132 qui
2559 2065 2854 2120 vocabatur
2881 2063 3042 2130 Josue
3070 2067 3177 2122 Ben
3211 2067 3340 2124 Levi
3375 2086 3388 2120 :
3419 2072 3752 2138 apparuisse

2149 2161 2328 2206 autem
2363 2153 2595 2222 primum
2627 2156 2680 2210 in
2715 2157 2934 2210 sordido
2959 2157 3166 2212 habitu.
3215 2158 3460 2228 Cumque
3507 2163 3576 2214 ab
3625 2162 3746 2226 illo,

2151 2243 2434 2312 ignorante
2467 2247 2586 2316 quis
2611 2257 2773 2312 esset,
2805 2251 3174 2320 corriperetur
3213 2267 3311 2324 cur
3347 2254 3418 2308 ita
3471 2253 3656 2308 illotus
3691 2264 3750 2310 et

2150 2335 2384 2400 incultus
2416 2335 2710 2406 incederet,
2747 2351 2969 2410 repente
3083 2351 3322 2412 mutasse
3353 2345 3406 2398 in
3435 2345 3602 2402 aliam
3625 2344 3744 2400 eili-

2147 2429 2310 2499 gicm,
2341 2439 2394 2486 et
2421 2434 2738 2504 apparuisse
2769 2437 2922 2504 quasi
2955 2452 3138 2500 senem
3179 2441 3510 2508 speciosum,
3557 2451 3748 2498 tenen-

2149 2529 2255 2576 tem
2287 2523 2342 2578 in
2368 2539 2528 2602 manu
2557 2527 2866 2598 sapphirum
2895 2527 3124 2599 lapidem
3147 2533 3438 2600 pretiosum
3469 2549 3746 2606 :cumque

2148 2611 2252 2666 hoc
2277 2611 2482 2688 facttuu
2514 2613 2604 2668 ille
2629 2616 3011 2683 admiraretur,
3041 2628 3096 2674 et
3130 2624 3430 2692 requireret
3483 2627 3742 2695 quisnam

2147 2711 2311 2767 esset,
2345 2705 2688 2778 respondisse
2713 2723 2836 2776 eum
2863 2728 2875 2762 :
2916 2709 3028 2780 Ego
3047 2727 3164 2780 sum
3196 2715 3442 2780 messias,
3474 2718 3568 2785 qui
3599 2720 3740 2774 mul-

2149 2799 2231 2848 tas
2267 2808 2458 2864 poenas
2495 2811 2594 2866 pro
2631 2798 2784 2872 vobis
2811 2801 3072 2874 sustineo,
3121 2812 3178 2858 et
3205 2820 3302 2860 vos
3351 2807 3738 2878 redempturus

2147 2899 2268 2958 sum
2321 2885 2387 2940 de
2435 2888 2745 2964 captivitate
2777 2899 2874 2944 :et
2919 2907 3110 2948 omnes
3161 2895 3442 2966 accipietis
3499 2898 3736 2969 lapidem

2147 2977 2386 3060 sapphiri
2411 2979 2626 3060 qualern
2653 2995 2738 3054 me
2767 2982 2962 3039 videtis
2998 2992 3203 3044 tenere.
3258 2987 3324 3044 Et
3373 2999 3500 3044 tunc
3537 2991 3732 3060 imple-

2144 3066 2291 3124 bitur
2318 3069 2370 3122 in
2405 3069 2556 3130 vobis
2585 3074 2730 3144 quod
2769 3074 2822 3128 in
2857 3074 2996 3146 Isaia
3055 3078 3316 3148 scriptum
3364 3091 3448 3136 est
3481 3101 3494 3136 :
3534 3103 3550 3134 ‹
3591 3084 3732 3138 Pau-

2152 3177 2170 3207 ί
2199 3161 2438 3232 percula,
2469 3170 2790 3244 tempestate
2819 3167 3094 3246 convulsa,
3146 3173 3350 3242 absque
3387 3173 3490 3228 ulla
3540 3191 3732 3232 conso-

2070 3227 2118 3292 C
2153 3271 2168 3302 ι
2207 3251 2406 3330 latione
2440 3273 2450 3306 :
2493 3231 2619 3332 ecce
2665 3235 2786 3336 ego.
2815 3241 3050 3338 sternam
3094 3275 3190 3332 per
3234 3227 3478 3332 ulrdinem
3527 3267 3734 3336 lapides

2149 3363 2166 3394 ι
2205 3354 2342 3416 tuos,
2367 3355 2420 3402 et
2445 3346 2680 3428 fundabo
2703 3361 2751 3428 te
2774 3351 2828 3424 in
2852 3353 3152 3424 sapphiris;
3181 3363 3237 3430 et,
3255 3360 3736 3428 ppnznnjaspidem

2147 3455 2166 3486 ‹
2207 3439 2610 3514 prOpugnacula
2645 3451 2752 3504 tua,
2783 3449 2836 3496 et
2864 3451 3044 3518 portas
3093 3453 3211 3500 tuas
3241 3446 3294 3500 in
3331 3447 3534 3518 lapides
3583 3451 3730 3512 scul-

2147 3548 2166 3580 ι
2201 3539 2339 3600 plus,
2373 3539 2428 3586 et
2456 3546 2645 3600 omnes
2675 3535 2936 3590 terminos
2960 3542 3082 3590 tuos
3121 3535 3180 3590 in
3197 3535 3402 3606 lapides
3449 3540 3728 3594 desidera-

2147 3641 2164 3672 ι
2203 3623 2338 3678 biles
2363 3623 2494 3694 (Isa.
2525 3641 2634 3690 Liv,
2662 3627 2746 3691 11,
2777 3627 2884 3699 19.).
2920 3647 2948 3686 ι,
2995 3628 3150 3694 Hunc
3194 3645 3320 3701 ergo
3371 3630 3534 3686 talem
3583 3648 3726 3694 mes-

2141 3713 2276 3770 siam
2309 3725 2528 3784 sperant
2554 3715 2607 3770 in
2637 3716 2796 3788 linem
2823 3732 2942 3784 esse
2967 3726 3274 3782 venturum,-
3304 3719 3370 3774 ad
3394 3736 3724 3791 congregan—

2140 3804 2237 3858 dos
2285 3820 2380 3860 eos
2427 3807 2491 3860 de
2533 3807 2846 3876 captivitate
2901 3805 3066 3878 (quod
3121 3809 3318 3876 solum,
3361 3821 3420 3880 ut
3465 3812 3720 3878 vilissima

2139 3896 2428 3964 mancipia,
2470 3897 2781 3976 desiderare
2814 3901 3140 3974 noverunt):
3171 3911 3454 3964 venturum
3483 3904 3538 3958 in
3571 3905 3724 3960 nubi-

2137 3987 2240 4042 bus
2268 3988 2410 4052 eoeli,
2447 3996 2704 4058 tauquam
2732 3990 2795 4044 de
2821 3991 2936 4062 ipso
2965 3992 3166 4058 dixerit
3196 3993 3384 4048 Daniel
3415 3997 3680 4068 propheta
3710 4017 3723 4051 :

2145 4097 2162 4128 ι
2201 4079 2542 4148 Aspiciebam
2575 4080 2630 4156 in
2657 4081 2894 4146 visione;
2931 4091 2984 4138 et
3010 4099 3136 4162 ecce
3155 4100 3277 4138 cum
3319 4087 3555 4154 nubibus
3604 4090 3728 4146 coeli

2142 4186 2160 4218 ‹
2203 4170 2356 4240 quasi
2391 4169 2556 4224 Filius
2580 4171 2812 4228 hominis
2845 4173 3092 4248 veniebat
3132 4175 3294 4248 (Dan.
3335 4193 3432 4244 vn,
3467 4180 3578 4251 15),
3611 4203 3627 4232 ρ
3675 4189 3734 4236 et

2139 4269 2354 4330 caetera.
2386 4261 2456 4314 Et
2477 4262 2640 4336 istum
2673 4265 2957 4320 nominant
2993 4267 3252 4324 messium
3277 4266 3390 4322 Ben
3437 4268 3626 4336 David,
3673 4271 3729 4342 id

2137 4361 2220 4408 est
2242 4351 2411 4406 ﬁlium
2447 4353 2633 4410 David.

2209 4441 2342 4498 Xlll.
2369 4443 2614 4501 Alterum
2645 4454 2828 4526 autem
2860 4448 3048 4504 dicunt
3095 4450 3373 4516 messiam,
3425 4467 3588 4524 quem
3629 4469 3730 4526 pu-

2137 4548 2256 4594 tant
2293 4556 2410 4596 esse
2433 4541 2498 4596 de
2534 4540 2678 4610 tribu
2709 4540 2989 4612 Ephraim,
3021 4543 3162 4598 unde
3187 4551 3242 4598 et
3289 4545 3574 4606 nominant
3600 4563 3728 4600 eum

2136 4632 2392 4688 messiam
2451 4634 2556 4688 Ben
2613 4633 2902 4702 Ephraim,
2957 4634 3012 4690 id
3049 4644 3132 4690 est
3203 4635 3368 4690 tilium
3420 4637 3721 4708 Ephraim:

2133 4727 2274 4796 quod
2291 4743 2356 4780 ex
2373 4727 2462 4780 illa
2479 4735 2686 4780 tantum
2703 4728 2991 4780 occasione
3005 4727 3254 4782 doctores
3275 4744 3464 4782 eorum
3487 4730 3728 4784 saturnia-

2132 4831 2345 4884 verunt,
2371 4821 2498 4888 quia
2541 4819 2796 4874 scribitur
2836 4821 2888 4874 in
2913 4819 3169 4894 Ieremia,
3203 4822 3415 4878 dicente
3461 4821 3726 4876 Domino:

2138 4934 2155 4964 ε
2197 4912 2328 4980 Quia
2353 4912 2525 4966 factus
2555 4927 2673 4966 sum
2713 4911 2896 4966 lsraeli
2932 4921 3104 4980 pater,
3140 4923 3194 4968 et
3224 4914 3480 4988 Ephraim
3511 4914 3724 4984 primo-

2137 5023 2154 5054 ι
2195 5005 2406 5074 genitus
2459 5019 2609 5056 meus
2639 5011 2723 5076 est
2773 5002 2990 5074 (Jerem.
3028 5019 3175 5072 itm,
3208 5007 3282 5082 9).
3321 5025 3338 5056 ›
3375 5005 3542 5082 Istum
3592 5021 3720 5074 spe-

2132 5103 2255 5150 rant
2289 5105 2410 5164 post
2457 5081 2857 5162 revocationem
2910 5097 3238 5164 captivitatis
3275 5081 3412 5166 rsum,
3453 5081 3722 5156 venienti-

2131 5187 2232 5242 bus
2264 5201 2423 5258 super
2452 5201 2510 5240 se
2541 5187 2790 5255 gentibus
2821 5187 3196 5254 ferocissimis,
3251 5189 3366 5262 Gog
3412 5199 3468 5246 et
3509 5191 3724 5263 Magog,

2131 5279 2197 5333 ad
2247 5278 2442 5332 bellum
2488 5287 2677 5346 contra
2731 5293 2822 5334 eas
2869 5295 3252 5354 processurum
3289 5301 3302 5335 :
3337 5293 3392 5358 et
3431 5285 3484 5338 iu
3527 5286 3722 5340 eodem

2131 5371 2271 5426 bello
2306 5372 2765 5438 interﬁciendum,
2798 5383 2852 5428 et
2887 5375 2954 5428 ab
2986 5375 3132 5428 omni
3166 5375 3362 5444 populo
3407 5375 3722 5446 .ludaeoruni

2133 5466 2370 5536 graviter
2401 5465 2778 5536 plangendum.
2813 5465 2875 5520 Et
2905 5466 3006 5520 hoc
3031 5481 3150 5520 esse
3182 5467 3312 5522 dicit
3351 5468 3496 5538 quod
3527 5468 3580 5522 in
3622 5469 3724 5522 Za-

2133 5559 2316 5614 charia
2338 5559 2596 5628 propheta
2611 5561 2872 5627 scriptum
2895 5567 2972 5614 est
3005 5576 3016 5612 :
3054 5577 3070 5608 ε
3104 5559 3172 5616 Et
3193 5559 3458 5628 aspicient
3487 5561 3556 5614 ad
3599 5577 3722 5614 eum

2141 5669 2158 5700 ι
2197 5668 2248 5704 ιιι
2311 5665 2470 5718 quem.
2517 5649 2878 5714 coniixerunt,
2931 5659 2986 5705 et
3033 5650 3284 5722 plangent
3334 5667 3456 5706 cum
3500 5652 3724 5722 planctu

2144 5765 2161 5794 ι
2199 5744 2354 5814 quasi
2377 5759 2539 5812 super
2569 5744 2920 5814 unigenitum,
2953 5751 3008 5796 et
3037 5743 3294 5798 dolebant
3331 5759 3492 5814 super
3521 5759 3586 5800 eo
3613 5745 3722 5800 sic-

2119 5838 2164 5890 ἰ
2197 5847 2256 5893 ut
2308 5838 2476 5894 doleri
2523 5837 2660 5894 solet
2707 5838 2762 5892 in
2800 5845 2974 5892 morte
3021 5837 3364 5910 primogeniti
3410 5856 3422 5892 :
3469 5847 3526 5894 et
3563 5837 3720 5910 plan-
