4032 6454
218 414 316 473 HO

1451 409 1598 483 LlB.
1639 409 1915 470 CONTRA
1953 410 2257 482 JUDAEOS.

3353 409 3458 468 ιεο

223 547 238 579 σ
268 532 397 604 gent
427 530 589 596 terra:
616 519 855 599 familiae,
884 518 1180 599 etfamiliae
1199 533 1469 596 seorsum,
1501 531 1554 574 et
1595 518 1788 574 mulie-
1815 524 1864 584 Α
1892 522 2035 578 mine
2074 521 2286 590 Domini
2315 519 2442 592 Jesu
2462 519 2682 580 Christi.
2721 543 2738 575 ρ
2774 521 2901 582 Sive
2945 524 2998 580 in
3035 525 3290 597 secundo,
3334 539 3459 582 cum

221 639 238 673 ι
279 632 365 691 res
386 628 577 690 eoFllm
594 627 838 678 seorsum
864 609 1046 684 (Zach.
1075 628 1171 678 xu,
1200 610 1407 693 lli-l2),
1439 631 1458 666 ι
1491 621 1544 667 et
1567 621 1783 667 caetera.

214 710 270 767 lit
313 712 524 775 tantum
579 718 812 776 namque
868 717 1056 764 eorum
1099 702 1365 780 processit
1406 701 1674 771 impietas,
1730 709 1790 757 ut

215 799 373 874 etiam
401 795 738 868 scripturam
764 794 1134 868 propheticam
1176 793 1374 868 ialsare
1407 793 1585 848 conati
1634 791 1742 850 sint
1772 810 1798 860 ε,

217 899 266 948 et
287 889 379 965 ubi
410 903 509 944 nos
540 888 702 960 (sicut
731 887 784 942 in
818 885 1044 943 Hebraeo
1071 902 1320 946 sermone
1353 888 1421 944 ab
1453 885 1612 941 initio
1654 900 1789 940 con-

214 982 428 1054 tinetur)
458 998 526 1046 ex
562 996 793 1052 persona
815 981 909 1036 Dei
943 982 1145 1037 dictum
1170 981 1436 1050 legimus:
1469 999 1486 1033 ι
1520 982 1586 1036 Et
1614 979 1776 1051 eﬂun-

219 1093 236 1126 ι
267 1074 392 1128 dam
445 1087 610 1142 super
645 1073 862 1126 domum
911 1071 1098 1137 David,
1149 1080 1201 1126 et
1255 1087 1416 1141 super
1458 1072 1791 1132 habitatores

218 1183 236 1218 ι
269 1164 608 1232 Hierusalem
638 1161 900 1234 Spiritum
927 1162 1132 1235 gratiae,
1175 1171 1229 1218 et
1261 1177 1480 1232 precum
1509 1180 1521 1216 :
1551 1171 1608 1217 et
1649 1163 1792 1234 aspi-

217 1276 236 1310 r
259 1257 397 1326 cient
433 1255 498 1310 ad
526 1270 613 1322 me
644 1269 806 1324 quem
834 1253 1175 1309 conﬁxerunt
1224 1253 1449 1323 (Ibid);
1486 1272 1503 1305 ι
1532 1253 1623 1312 ubi
1674 1263 1788 1316 sta-

213 1350 298 1406 tim
330 1347 458 1422 quia
495 1349 597 1412 iste
621 1348 690 1402 sit
731 1347 873 1402 Deus
893 1348 983 1424 qui
1016 1348 1132 1406 hmc
1160 1347 1224 1415 de
1266 1361 1323 1418 s:
1369 1345 1628 1416 loquitur,
1658 1345 1792 1404 Pro-

210 1441 361 1512 pheta
391 1440 672 1502 evidenter
699 1440 954 1506 osteudit,
991 1437 1288 1510 adiungens
1317 1456 1328 1491 :
1379 1455 1397 1490 ι
1429 1437 1497 1506 Et
1538 1438 1793 1510 plangent

211 1548 330 1590 eum
363 1531 578 1604 planctu
629 1533 785 1601 quasi
834 1547 998 1604 super
1027 1531 1486 1602 unigenitumzet
1537 1531 1794 1588 dolebunt

213 1638 370 1692 super
389 1637 454 1686 eo
475 1631 534 1677 ut
563 1621 734 1696 doleri
766 1621 902 1682 solet
928 1623 982 1678 in
1012 1630 1186 1694 morte,
1210 1621 1558 1696 primogeniti
1585 1639 1598 1675 :
1638 1642 1658 1688 η
1691 1621 1793 1677 iste

211 1715 347 1769 enim
382 1713 545 1770 Deus.

1888 613 2137 668 veniente
2161 612 2390 670 Domino
2416 613 2482 667 ad
2505 612 2791 686 judicium,
2833 614 3094 676 videbunt
3152 615 3206 670 in
3235 630 3301 670 eo
3345 614 3461 670 vul-

1889 722 2019 762 nera
2049 722 2168 776 quae
2190 705 2487 762 intulerunt
2519 724 2532 760 :
2564 715 2617 761 et
2639 722 2738 777 pro
2767 714 2916 762 tanta
2949 707 3223 780 impietate
3239 715 3464 764 eernent

1891 812 1948 852 se
1973 813 2092 854 esse
2128 798 2478 853 damnandos.
2509 797 2732 864 Quando
2754 799 3061 870 implebitur
3086 800 3226 870 quod
3276 798 3460 854 Domi-

1889 905 1992 948 nus
2014 890 2068 950 in
2091 890 2381 962 Evangelio
2418 889 2588 960 dicit:
2624 909 2641 942 ‹
2675 890 2739 946 Et
2769 900 2894 970 tunc
2923 890 3203 962 apparebit
3247 890 3460 966 signum

1896 999 1914 1032 ι
1951 979 2071 1038 Filii
2104 981 2338 1044 hominis
2362 980 2415 1036 in
2444 980 2602 1048 caelo,
2633 989 2686 1035 et
2715 990 2842 1038 tunc
2863 981 3119 1053 plangcnt
3143 996 3331 1036 omnes
3371 980 3466 1034 tri-

1897 1091 1914 1123 (
1946 1073 2047 1134 bus
2071 1079 2228 1128 terra:
2245 1071 2459 1141 (Matth.
2486 1088 2632 1139 xxiv,
2657 1071 2767 1141 50).
2801 1092 2818 1123 ›
2844 1071 2997 1127 Unde
3018 1082 3070 1128 et
3086 1073 3276 1132 beatus
3297 1069 3462 1126 Joan-

1891 1178 1987 1218 nes
2031 1163 2086 1217 in
2133 1162 2452 1238 Apocalypsi
2502 1169 2749 1229 testatur,
2810 1162 3038 1217 dicens:
3077 1183 3095 1215 ‹
3130 1163 3267 1219 Ecce
3323 1159 3468 1218 venit

1897 1273 1914 1306 ‹
1947 1270 2070 1310 cum
2099 1255 2352 1320 nubibus,
2385 1263 2440 1310 et
2468 1255 2670 1310 videbit
2689 1254 2866 1310 omnis
2891 1254 3103 1320 oculus,
3130 1263 3185 1310 et
3214 1255 3303 1324 qui
3344 1268 3465 1308 eum

1898 1365 1916 1398 ι
1959 1354 2300 1424 pupuge-unt
2331 1365 2342 1400 :
2372 1354 2429 1402 et
2461 1346 2713 1422 plangent
2742 1363 2799 1403 se
2829 1361 2990 1416 super
3036 1361 3101 1401 eo
3137 1361 3325 1401 omnes
3375 1346 3469 1399 tri-

1897 1455 1916 1489 ‹
1952 1438 2053 1493 bus
2080 1446 2257 1492 terrae.
2291 1436 2501 1504 Etiam;
2542 1452 2698 1492 amen
2729 1436 2910 1508 (Apoc.
2948 1453 2989 1503 ι,
3019 1435 3094 1508 Ἰ).
3127 1454 3146 1487 ι

1963 1528 2078 1586 XV.
2119 1527 2209 1585 Sic
2258 1529 2442 1599 itaque
2490 1529 2578 1586 isti
2625 1527 2899 1596 infelices,
2937 1543 3126 1584 sanam
3167 1527 3470 1584 doctrinam

1892 1636 1999 1676 non
2029 1622 2379 1688 sustinentes,
2426 1623 2518 1679 sed
2557 1623 2626 1678 ad
2655 1639 2750 1678 sua
2780 1623 3047 1696 desideria
3083 1629 3469 1678 coacervantes

1892 1715 1995 1770 sibi
2033 1715 2319 1786 magistros
2353 1717 2661 1786 prurientes
2700 1716 2922 1774 auribus
2952 1733 2964 1769 :
3002 1729 3031 1769 a
3068 1714 3295 1770 veritate
3321 1727 3476 1766 aver-

274 1805 414 1861 XlV.
459 1804 759 1877 Responsio
794 1806 1039 1862 veritatis
1085 1816 1273 1874 contra
1316 1806 1598 1879 praefatum
1640 1820 1791 1862 erro—
1818 1874 1854 1879 Δ
1893 1805 1962 1872 si,
2007 1814 2063 1860 ct
2101 1806 2170 1860 ad
2219 1805 2427 1862 fabulas
2482 1807 2756 1872 conversi;
2805 1807 2929 1862 dum
2986 1819 3152 1862 unum
3189 1812 3243 1858 et
3283 1818 3473 1857 verum

209 1913 314 1952 rem
348 1874 653 1963 Iudaicum.
688 1896 790 1964 Qui
815 1913 873 1952 se
902 1895 1198 1956 effusurum
1222 1874 1353 1964 dicit
1377 1912 1542 1968 super
1572 1897 1786 1972 domum
1893 1897 2189 1962 Christum,
2219 1898 2310 1968 qui
2341 1914 2405 1952 ex
2428 1898 2546 1969 lege
2570 1907 2624 1952 et
2649 1897 2924 1968 prephetis
2957 1896 3071 1968 jam
3117 1894 3329 1950 venisse
3360 1908 3475 1948 ma-

208 1987 397 2052 David,
446 1995 500 2060 et
554 2002 718 2074 super
758 1987 1093 2044 habitatores
1142 1988 1477 2050 Hierusalem
1529 1987 1786 2062 Spiritum

209 2082 397 2152 gratia:
417 2089 738 2149 etprecum;
775 2089 829 2136 et
849 2096 954 2150 non
978 2081 1044 2138 de
1075 2080 1196 2136 aliis
1217 2081 1380 2151 (sicut
1405 2079 1492 2134 isti
1517 2079 1786 2134 insanien-

205 2183 285 2229 tes
305 2173 583 2243 delirant),
598 2173 693 2234 sed
715 2173 780 2244 de
800 2174 1004 2248 eisdem
1031 2173 1429 2248 habitatoribus
1452 2170 1789 2228 Hierusalem

207 2262 485 2333 subjungit
511 2283 524 2316 :
563 2281 582 2314 ‹
613 2262 680 2336 Et
705 2245 972 2334 aspicient
992 2263 1058 2317 ad
1083 2278 1168 2318 me
1190 2245 1350 2333 quem
1381 2263 1742 2328 confixerunt,
1767 2283 1785 2316 ι

208 2356 298 2412 Dei
333 2355 516 2426 Patris
552 2355 878 2430 unigenitus,
928 2363 984 2410 et
1020 2355 1416 2426 primogenitus
1446 2362 1548 2418 est,
1585 2355 1650 2409 de
1683 2369 1792 2424 quo

207 2447 258 2502 in
289 2445 580 2520 Evangelia
614 2446 870 2502 scribitur
908 2463 920 2498 :
959 2466 977 2498 ‹
1000 2447 1068 2501 Et
1090 2447 1323 2501 vidimus
1371 2443 1598 2516 gloriam
1653 2443 1788 2513 ejus,

215 2561 232 2594 ι
265 2540 500 2614 gloriam
533 2539 687 2609 quasi
717 2541 976 2611 unigeniti
1003 2557 1032 2595 a
1066 2539 1228 2599 Patre
1252 2541 1432 2611 (Joan.
1457 2555 1495 2604 ι,
1526 2538 1634 2609 Η).
1666 2558 1684 2590 ›
1728 2539 1792 2594 Et

204 2633 495 2728 Aposkolu‘s
527 2634 657 2728 dicit
686 2651 698 2688 :
739 2653 756 2688 ι
791 2633 861 2704 Ut
883 2635 952 2688 sit
981 2635 1096 2706 ipse
1123 2634 1513 2706 primogenitus
1559 2633 1612 2688 in
1657 2630 1791 2694 mul-

202 2723 270 2779 tis
296 2719 562 2792 fratribns
591 2719 763 2810 (Rom.
799 2740 916 2796 vin,
937 2724 1049 2796 29).
1089 2745 1106 2776 ι
1139 2725 1203 2780 Ει
1231 2726 1282 2780 in
1315 2723 1637 2796 Apocalypsi
1666 2722 1796 2780 scri-

202 2823 352 2884 ptum
383 2822 469 2878 est
499 2832 513 2867 :
553 2831 572 2865 (
602 2811 1012 2886 Primogenitus'
1034 2825 1392 2882 mortuorum,
1443 2824 1499 2872 et
1543 2815 1796 2887 princeps

208 2925 225 2960 ι
262 2923 456 2980 regum
478 2915 640 2968 terra:
669 2925 683 2962 :
714 2909 805 2980 qui
835 2909 1026 2964 dilexit
1051 2925 1170 2974 nos,
1208 2917 1263 2966 et
1292 2908 1420 2964 lavit
1446 2922 1544 2962 nos
1589 2922 1620 2961 a
1668 2922 1793 2980 pec-

208 3016 228 3050 c
267 2999 408 3054 catis
440 2998 641 3060 uostris
668 2999 722 3056 in
750 3001 1015 3074 sanguine
1044 3016 1144 3057 suo
1174 3000 1356 3072 (Apoc.
1391 3017 1430 3066 ι,
1455 2999 1533 3072 5).
1571 3018 1590 3050 ι
1633 2999 1702 3056 Et
1741 3000 1793 3055 in

199 3090 466 3146 Psalmo:
506 3111 523 3148 ι
561 3091 624 3148 Et
647 3107 747 3164 ego
776 3089 1197 3166 primogenitum
1240 3107 1442 3168 ponant
1486 3093 1657 3158 illum,
1702 3107 1795 3161 ex:

1892 1990 2243 2046 nifesussime
2266 1991 2588 2062 ostenditur,
2612 1989 2889 2060 suscipere
2915 1996 3172 2051 renuunt,
3200 1986 3334 2041 duos
3370 1983 3472 2040 sibi

1890 2080 2053 2136 falsos
2080 2082 2143 2136 de
2167 2080 2310 2136 malo
2340 2082 2592 2136 thesauro
2617 2081 2798 2136 cordis
2828 2081 2909 2135 sui
2940 2079 3212 2134 finxerunt
3262 2094 3274 2130 :
3315 2085 3476 2146 atque

1892 2171 1966 2226 ita
1997 2174 2316 2254 semetipsos
2358 2173 2678 2240 Antichristi
2724 2171 3062 2228 illusionibns
3099 2178 3240 2244 totos
3265 2182 3472 2240 praepa-

1893 2272 2170 2319 raverunt.
2217 2263 2318 2328 Ubi
2364 2264 2506 2319 enim
2559 2278 2792 2332 unquam
2832 2261 3209 2332 inScripturis
3240 2259 3473 2331 prophe-

1894 2353 2016 2408 ticis
2045 2355 2286 2409 auditum
2316 2363 2415 2414 est.
2462 2362 2522 2408 ut
2562 2352 2723 2426 (sicut
2766 2355 2867 2425 ipsi
2914 2352 3120 2423 dicunt)
3163 2353 3215 2405 in
3253 2350 3478 2406 subver-

1894 2446 2044 2500 sione
2074 2446 2312 2502 civitatis
2335 2446 2668 2502 Hierusalem
2710 2453 2765 2510 et
2801 2444 2984 2514 templi
3007 2442 3256 2498 Christus
3284 2454 3474 2495 nasce-

1895 2537 2078 2592 retur?
2127 2537 2261 2593 Cum
2301 2554 2332 2592 e
2390 2537 2664 2592 contrario
2716 2544 2893 2590 stante
2941 2535 3116 2588 adhuc
3165 2530 3366 2602 templo
3424 2537 3480 2586 et

1895 2630 2134 2695 civitate,
2149 2631 2436 2697 adventum
2460 2626 2575 2697 ejus
2595 2627 2737 2681 Deus
2752 2627 3033 2698 promittat
3050 2640 3146 2695 per
3159 2621 3480 2678 Malachiam

1894 2721 2230 2792 prophetam,
2253 2721 2439 2775 dicens
2464 2738 2475 2774 :
2502 2740 2518 2770 ι
2543 2720 2681 2774 Ecce
2705 2734 2803 2790 ego
2831 2718 2985 2772 mitto
3008 2715 3256 2788 angelum
3278 2728 3477 2777 meum,

1902 2833 1921 2866 ‹
1953 2822 2006 2870 et
2037 2813 2363 2884 prmparabit
2392 2813 2531 2870 viam
2561 2821 2686 2866 ante
2728 2811 2918 2865 faciem
2960 2824 3134 2864 meam
3164 2825 3177 2862 :
3212 2816 3266 2862 et
3296 2807 3479 2862 statim

1903 2925 1922 2956 ι
1952 2904 2134 2960 veniet
2184 2905 2250 2958 ad
2298 2904 2553 2974 templum
2610 2918 2763 2958 suum
2811 2901 3127 2957 Dominator
3178 2913 3338 2970 quem
3386 2913 3481 2952 vos

1903 3017 1921 3050 ι
1955 2997 2217 3068 quaeritis,
2241 3006 2296 3068 et
2323 2997 2556 3068 Angelus
2604 2995 2909 3050 testamenti
2961 3009 3122 3064 quem
3175 3008 3270 3047 vos
3319 2990 3479 3045 vultis

1904 3107 1922 3141 ‹
1959 3089 2216 3160 (ΜαιαεΙι.
2241 3105 2325 3157 ιιι,
2354 3089 2427 3158 1).
2469 3107 2486 3139 ι
2516 3086 2584 3141 Et
2624 3102 2728 3146 non
2773 3085 2945 3142 solum
2969 3085 3282 3149 adventum,
3306 3082 3399 3137 sed
3427 3089 3481 3134 et

199 3183 409 3238 celsum
452 3197 565 3253 prae
607 3184 822 3256 regibus
870 3194 1029 3246 terra:
1087 3182 1258 3255 (Psal.
1307 3199 1572 3249 Lxuvm,
1615 3182 1728 3254 28).
1771 3202 1788 3250 η
1822 3229 1868 3294 C
1901 3186 2206 3255 passionem
2228 3183 2344 3256 ejus
2372 3191 2497 3242 ante
2520 3180 2939 3238 destructionem
2963 3176 3198 3242 civitatis
3220 3183 3275 3230 et
3298 3172 3481 3244 templi

202 3271 356 3294 ITAJ-
390 3275 434 3294 9A
471 3275 553 3294 ι’-
593 3276 736 3294 1--.9,
770 3291 795 3294 __
822 3276 1097 3294 __Al,_.2-2_
1126 3275 1351 3294 LA___!_s!
1375 3291 1439 3294 κ--
1495 3284 1537 3294 -.
1589 3275 1758 3294 _IA,_2_
1901 3274 2062 3294 D,,.,_,,,
2099 3292 2130 3294 μ
2207 3273 2420 3294 Πμιηγρ-1
2471 3273 2688 3294 ___.--l___
2730 3288 2826 3294 _.._
2855 3270 3127 3294 n-_:nl-.~.
3163 3269 3479 3294 ..._....I...o-m

202 3271 362 3330 Unde
389 3275 442 3356 in
471 3275 557 3332 his
582 3276 744 3354 dictis
769 3276 1102 3348 propheticis
1126 3275 1446 3332 brevissime
1485 3284 1543 3331 et
1588 3275 1791 3346 plenis-

198 3365 342 3421 sime
379 3367 700 3442 mxsterium
743 3366 946 3440 Christi
1001 3367 1454 3438 comprehensum
1499 3375 1614 3432 est;
1665 3367 1794 3434 dum

195 3455 291 3528 ille
325 3459 418 3528 qui
445 3446 513 3524 ab
543 3459 722 3538 impiis
750 3459 995 3518 confixus
1017 3467 1075 3512 et
1103 3459 1397 3528 transfixus
1415 3467 1522 3536 est,
1552 3471 1607 3514 et
1629 3459 1791 3532 Deus,

196 3559 258 3606 et
287 3549 628 3628 unigenitus,
658 3559 714 3616 et
759 3548 1149 3620 primogenitus
1200 3563 1320 3604 esse
1366 3549 1792 3604 commendatur.

196 3639 312 3694 Ubi
347 3653 478 3718 ergo
511 3653 608 3706 nos
625 3638 781 3710 juxta
812 3636 973 3693 fidem
1006 3637 1304 3708 Scriptura:
1327 3645 1552 3704 sancta,
1582 3653 1647 3693 ex
1674 3652 1799 3708 per-

195 3746 346 3792 sona
383 3731 476 3802 Dei
502 3729 728 3812 legimus
761 3748 775 3785 :
814 3747 834 3794 ς
866 3729 933 3786 Et
955 3730 1220 3801 aspicient
1242 3731 1310 3786 ad
1337 3745 1448 3804 me,
1475 3744 1634 3806 quem
1671 3745 1799 3794 con-

200 3839 219 3871 ι
250 3819 524 3896 fixerunt;
559 3840 578 3896 ε
614 3820 688 3875 illi
716 3819 966 3902 quamvis
1000 3820 1059 3890 in
1097 3819 1212 3900 ipso
1263 3828 1416 3886 textu
1441 3819 1589 3890 libri,
1618 3820 1799 3876 divino

193 3920 340 3972 nutu
386 3920 644 3982 terrente,
678 3927 784 3968 non
813 3909 1018 3982 fuerint
1043 3910 1161 3984 ausi
1192 3918 1404 3974 mutare
1439 3929 1453 3974 :
1487 3920 1668 3988 tamen
1707 3926 1798 3966 ex-

196 4004 481 4078 trinsecus
509 4021 540 4080 e
569 4004 737 4076 latere
762 4004 1078 4078 adnotatum
1107 4003 1312 4070 habent
1335 4004 1476 4068 sicut
1503 4020 1663 4076 supra
1705 4021 1799 4076 po-

199 4095 418 4173 suimus
449 4109 464 4149 :
497 4112 514 4160 ς
546 4085 828 4164 Αδρίοἰειιι
849 4095 914 4150 ad
939 4110 1060 4166 eum
1098 4110 1258 4165 quem
1281 4095 1621 4166 eoniixerunt
1647 4115 1659 4152 :
1697 4119 1714 4150 l
1742 4107 1797 4154 et

199 4186 282 4246 sic
309 4187 535 4242 tradunt
563 4187 678 4260 suis
704 4185 1004 4260 discipulis,
1033 4195 1093 4248 ut
1119 4188 1260 4244 sicut
1289 4187 1346 4246 in
1376 4196 1522 4254 textu
1549 4189 1796 4251 contine-

201 4288 294 4337 tur
331 4278 720 4348 transennam,
753 4279 848 4347 8βά
884 4280 1024 4346 sicut
1066 4277 1200 4348 foris
1244 4278 1557 4350 adnotatum
1598 4290 1683 4344 est
1722 4281 1797 4337 le-

202 4382 356 4443 gant.
395 4371 465 4444 ιιι
503 4379 724 4440 teneant
741 4371 1016 4439 videlicet,
1065 4371 1210 4452 quod
1262 4371 1417 4442 juxta
1456 4386 1649 4438 eorum
1704 4374 1797 4429 de-

201 4463 490 4532 mentiam,
522 4463 691 4530 Judaei
719 4465 984 4544 aspicient
1013 4464 1080 4542 ad
1103 4478 1226 4519 eum
1246 4479 1409 4544 quem
1433 4465 1792 4532 conﬂixerunt,

1897 3274 2159 3341 futuram,
2205 3273 2422 3332 Gabriel
2467 3273 2692 3344 angelus
2730 3288 2827 3344 per
2855 3270 3128 3327 Danielem
3163 3269 3480 3350 prophetam

1898 3369 2208 3432 annuntiat,
2257 3367 2487 3422 dicens:
2533 3383 2550 3414 ‹
2590 3365 2658 3420 Et
2695 3372 2818 3448 post
2867 3362 3148 3434 sexaginta
3191 3361 3325 3432 duas
3352 3357 3482 3448 heb-

1903 3478 1920 3509 ι
1959 3459 2214 3524 domades
2259 3457 2540 3528 occidetur
2585 3454 2834 3516 Christus
2881 3471 2894 3507 :
2951 3460 3006 3506 et
3058 3467 3166 3507 non
3211 3450 3316 3505 erit
3366 3447 3482 3517 ejus

1905 3571 1921 3603 ι
1958 3549 2208 3630 populus,
2232 3548 2322 3624 qui
2354 3563 2477 3604 cum
2522 3552 2818 3613 negaturus
2855 3551 2958 3606 est.
2996 3542 3063 3595 Et
3099 3540 3397 3604 civitatem,
3429 3547 3485 3592 et

1905 3661 1923 3693 ι
1959 3640 2325 3710 sanctuariqu
2354 3637 2640 3706 dissipabit
2662 3635 2891 3706 populus
2921 3650 3044 3704 eum
3071 3633 3206 3688 duce
3232 3640 3479 3687 venturo.

1907 3748 1926 3780 σ
1962 3729 2030 3784 Et
2073 3728 2195 3782 ﬁnis
2237 3726 2352 3798 ejus
2383 3725 2625 3788 vastitas,
2668 3733 2723 3778 et
2760 3732 2879 3798 post
2910 3722 3072 3778 finem
3101 3721 3226 3776 belli
3279 3728 3476 3775 statuta

1905 3838 1923 3869 ι
1961 3816 2224 3872 desolatio
2246 3815 2406 3887 (Dan.
2437 3830 2512 3878 ix,
2534 3812 2647 3880 26).
2680 3832 2698 3862 ι
2736 3797 2794 3894 Iri
2831 3811 3027 3890 quibus
3061 3808 3239 3864 verbis
3271 3807 3481 3864 eviden-

1898 3918 1982 3965 ter
2010 3906 2336 3974 ostenditur,
2367 3905 2493 3990 quia
2517 3919 2626 3960 non
2655 3895 2828 3972 solum
2858 3902 3218 3960 vastationem
3242 3899 3508 3980 civitatis.

1896 4008 1952 4056 et
1985 3999 2170 4072 temin
2209 3997 2487 4081 praecessit
2516 3997 2780 4054 adventus
2811 4003 2867 4062 et
2903 3994 3084 4065 passio
3123 3991 3355 4058 Christi;
3389 3991 3480 4046 sed

1897 4092 2061 4160 etiam
2094 4098 2313 4164 propter
2334 4088 2505 4162 ipsam
2538 4088 2847 4160 passionem
2880 4094 2935 4140 et
2964 4094 3216 4150 mortem,
3245 4099 3405 4158 quam
3433 4083 3481 4137 ei

1897 4181 2059 4252 impie
2082 4178 2397 4242 intulerunt,
2422 4177 2679 4246 continuo
2716 4177 3000 4242 subsecuta
3029 4173 3100 4232 sit
3140 4173 3228 4228 illa
3263 4175 3483 4238 subver-

1896 4272 1997 4334 sio.
2045 4271 2110 4342 Et
2153 4271 2505 4341 perdiderunt
2559 4267 2836 4332 Christum
2880 4269 3096 4334 ducem,
3141 4266 3206 4328 de
3248 4281 3354 4337 quo
3387 4280 3485 4336 per

1897 4361 2174 4420 Michaeam
2199 4362 2515 4433 prophetam
2541 4361 2865 4434 promissum
2887 4358 3094 4416 fuerat:
3118 4378 3136 4412 ‹
3164 4359 3242 4416 Ex
3267 4367 3318 4414 te
3337 4359 3481 4415 enim

1902 4473 1920 4505 ‹
1955 4453 2099 4512 exiet
2167 4455 2314 4518 dux,
2387 4453 2477 4522 qui
2546 4461 2700 4524 regat
2754 4451 3012 4524 populum
3069 4468 3250 4522 meum
3316 4451 3482 4506 Israel

201 4554 318 4636 Gog
371 4563 431 4609 et
462 4553 648 4626 Magog
679 4574 691 4609 :
870 4557 926 4618 in
963 4534 1208 4638 boc'loco
1237 4534 1380 4612 nulla
1408 4556 1629 4633 omnino
1679 4557 1798 4630 illa-
1821 4579 1876 4640 ι)
1905 4563 1924 4596 ⁴
1961 4543 2148 4618 (Michs
2178 4544 2260 4640 V),-_
2289 4564 2306 4595 ³
2344 4544 2413 4602 υι
2463 4545 2656 4640 ῐηὲῐίί-ίο
2679 4534 2813 4640 -ηση
2864 4544 2933 4608 Sil
2966 4543 3082 4640 ειιιε
3103 4543 3358 4640 Populi”,
3390 4542 3482 4614 qui

133 4695 136 4698 .
204 4663 324 4712 rum
383 4647 628 4732 gentium
675 4647 882 4722 mentio
921 4647 1046 4732 (int:
1096 4648 1193 4708 sed
1234 4663 1404 4718 supra
1463 4647 1798 4724 habitatores

203 4737 552 4816 Hierusalem
579 4750 1096 4808 commemorentur,
1127 4741 1194 4796 de
1219 4739 1414 4810 quibus
1441 4748 1627 4812 aperte
1656 4741 1798 4807 Deus

204 4832 338 4902 dicit
368 4852 382 4887 :
425 4851 444 4894 ς
476 4821 543 4890 Ει
571 4833 834 4904 aspicient
863 4833 930 4887 ad
954 4847 1040 4888 me
1067 4847 1228 4904 quem
1260 4833 1601 4890 confixerunt
1629 4847 1642 4886 :
1675 4852 1694 4910 ι
1743 4840 1800 4894 et

203 4923 270 4980 de
302 4923 498 5002 iisdem
535 4925 793 4994 continuo
815 4924 1172 4995 subjungatur
1199 4941 1212 4977 :
1243 4943 1262 4976 ‹
1291 4933 1346 4979 et
1359 4924 1613 4994 plangent
1641 4933 1800 4982 terra:

209 5034 230 5068 ι
269 5013 516 5090 familize,
549 5025 604 5084 et
632 5014 851 5094 familiae
877 5031 1120 5074 seorsum
1149 5031 1165 5072 :
1202 5037 1221 5070 ι
1263 5017 1316 5074 id
1339 5025 1436 5079 est,
1467 5016 1685 5080 familia:
1710 5017 1800 5073 do-

205 5122 327 5164 mus
357 5109 555 5173 David,
579 5116 633 5166 et
660 5109 854 5178 domus
874 5107 1107 5175 Nathan,
1140 5116 1196 5166 et
1225 5110 1416 5174 domus
1445 5109 1596 5174 Levi,
1627 5117 1678 5168 et
1705 5110 1798 5166 do-

209 5215 328 5272 mus
361 5198 576 5270 Setnei,
599 5207 654 5268 et
674 5215 864 5256 omnes
890 5200 1111 5270 reliqua:
1139 5215 1154 5255 :
1178 5208 1238 5268 ut
1283 5200 1504 5268 omnino
1551 5201 1652 5271 ipsi
1706 5200 1798 5270 qui

211 5291 589 5374 confixerunt,
614 5306 712 5374 pro
735 5299 882 5350 tanto
907 5293 1110 5350 scelere
1128 5291 1382 5364 plangere
1408 5291 1799 5370 intelligantur.

213 5381 340 5456 Sive
401 5385 460 5448 in
506 5369 681 5454 primo
729 5383 987 5450 adventu,
1038 5391 1162 5456 post
1215 5383 1522 5462 passionem
1565 5383 1797 5448 Domini,

210 5478 439 5549 quando
504 5477 926 5547 praedicantibus
980 5475 1238 5547 apostolis
1304 5477 1610 5548 compuncli
1676 5486 1803 5540 sunt

130 5617 142 5624 .
211 5568 401 5636 corde,
435 5576 491 5634 et
519 5567 760 5645 dolentes
789 5569 1040 5624 dixerunt
1068 5586 1084 5622 :
1119 5587 1135 5620 ι
1160 5567 1273 5624 Viri
1305 5567 1518 5636 fratres,
1543 5570 1671 5640 quid
1725 5569 1798 5624 fa—

217 5674 238 5711 ι
275 5659 490 5734 ciemus
532 5657 670 5728 (Act.
705 5674 765 5722 ιι,
794 5657 885 5724 57,
917 5657 1046 5728 58)?
1079 5677 1097 5709 ι
1163 5665 1220 5712 et
1281 5659 1465 5716 statim
1517 5658 1797 5718 consilium

213 5749 410 5806 saluti,
439 5759 777 5818 acceperunt,
811 5749 1024 5814 dicente
1069 5747 1233 5804 Petro
1289 5749 1358 5804 ad
1405 5764 1538 5806 eos:
1573 5770 1589 5803 ι
1623 5750 1802 5808 Poeni-

221 5862 240 5895 ι
283 5841 513 5898 tentiam
546 5842 706 5913 agite,
745 5849 801 5895 et
842 5841 1148 5912 baptizetur
1195 5841 1563 5910 unusquisque
1614 5842 1665 5895 in
1707 5857 1802 5897 no

1900 4650 2023 4702 eum
2067 4636 2307 4708 negavit,
2347 4644 2401 4692 et
2428 4635 2648 4705 occidit.
2679 4635 2746 4690 Et
2782 4644 3005 4706 propter
3038 4636 3141 4690 hoc
3173 4633 3350 4692 scelus
3375 4642 3483 4688 tra-

1901 4728 1998 4783 diti
2028 4737 2154 4786 sunt
2182 4739 2399 4784 aeterna:
2428 4729 2730 4793 captivitati
2768 4745 2780 4781 :
2812 4729 2881 4788 de
2908 4744 3013 4798 qua
3053 4727 3181 4783 licet
3228 4726 3325 4798 ipsi
3378 4726 3479 4782 sibi

1901 4818 2279 4897 liberationem
2310 4820 2645 4890 promittant,
2678 4818 2967 4882 manifeste
2991 4819 3253 4890 propheta
3279 4816 3479 4886 contir-

1901 4923 2014 4980 mat
2041 4915 2167 4983 quia
2206 4933 2225 4966 ι
2277 4913 2401 4970 linis
2447 4913 2563 4981 ejus
2601 4913 2847 4978 vastitas,
2898 4921 2952 4967 et
2985 4921 3106 4986 post
3139 4910 3298 4967 finem
3354 4909 3479 4964 belli

1906 4993 2162 5076 «statuta
2193 5006 2455 5070 desolatio
2479 5023 2492 5062 :
2526 5013 2582 5062 et
2612 5021 2780 5076 usque
2800 5006 2866 5061 ad
2885 4989 3403 5064 consummationem
3429 5009 3482 5066 et

1907 5118 1926 5150 ι
1963 5099 2125 5178 tinem
2153 5097 2520 5168 perseverabit
2553 5083 2816 5156 desolatio
2848 5096 3008 5169 (Dan.
3043 5112 3118 5160 ut,
3148 5093 3263 5167 27).
3293 5111 3313 5146 ο

1973 5197 2112 5266 XVI.
2146 5197 2302 5268 Quod
2339 5196 2590 5256 similiter
2631 5198 2794 5252 etiam
2823 5195 3088 5252 Jeremias
3114 5195 3374 5266 propheta
3403 5201 3484 5247 te-

1901 5297 2095 5356 statur,
2125 5288 2235 5353 ubi,
2262 5287 2612 5360 praecipiente
2655 5288 2909 5353 Domino,
2949 5286 3195 5357 lagenam
3228 5283 3370 5357 ﬁguli
3396 5291 3480 5337 te-

1903 5392 2073 5438 steam
2107 5381 2161 5436 in
2182 5381 2355 5436 oculis
2378 5395 2567 5443 eorum
2593 5380 2838 5450 projecit,
2863 5390 2918 5435 et
2944 5377 3229 5448 confregit,
3254 5375 3476 5436 dicens:
3551 5405 3554 5408 -

1909 5490 1927 5524 ‹
1965 5473 2091 5530 Haec
2111 5472 2241 5542 dicit
2265 5472 2523 5530 Dominus
2548 5491 2560 5525 :
2587 5470 2680 5528 Sic
2700 5479 2978 5542 conteram
3001 5471 3274 5526 civitatem
3298 5468 3481 5534 istam,

1911 5584 1930 5617 ι
1962 5574 2015 5621 et
2039 5565 2292 5635 populum
2317 5566 2498 5630 istum,
2526 5564 2666 5620 sicut
2695 5563 2997 5620 conteritur
3023 5578 3121 5618 vas
3147 5560 3314 5631 figuli,
3340 5563 3482 5632 quod

1910 5677 1928 5711 ι
1959 5673 2064 5724 non
2095 5665 2272 5730 potest
2304 5657 2442 5713 ultra
2474 5657 2761 5722 instaurari
2789 5656 3006 5730 (Jerem.
3042 5671 3156 5722 xix,
3189 5655 3289 5725 ll).
3325 5675 3343 5707 ι
3376 5655 3483 5710 Sed

1904 5759 1958 5806 et
1982 5766 2078 5822 per
2098 5748 2236 5807 Osee
2260 5750 2580 5822 prophetam
2608 5749 2796 5806 eodem
2837 5748 2997 5804 modo
3038 5747 3294 5804 Dominus
3335 5764 3485 5804 com-

1906 5843 2165 5899 minatur.
2186 5841 2373 5898 dicens
2405 5859 2419 5872 ·
2457 5860 2476 5893 ι
2511 5840 2737 5914 Propter
2763 5837 3023 5894 malitiam
3045 5839 3480 5897 adinventionum
