4032 6444
498 423 591 480 151

1698 415 2052 476 AMULONIS
2089 411 2303 468 EPISC.
2342 412 2549 469 LUGD.

3658 409 3775 464 £52

499 557 518 589 ι
555 552 762 602 eorum,
815 537 882 591 de
928 537 1087 593 domo
1128 552 1245 592 mea
1293 535 1508 607 cjiciam
1554 549 1668 590 eos.
1702 532 1820 588 Non
1850 533 2066 595 addam,
2097 533 2149 591 Α
2175 530 2500 592 adventum;
2536 531 2627 598 qui
2661 539 2772 583 tam
2807 528 2990 584 clarus
3019 527 3219 583 mundo
3250 527 3457 592 illuxit,
3499 538 3557 583 ut
3601 529 3669 583 de
3704 543 3780 586 eo

499 647 519 681 ι
556 639 614 682 ιιι
642 629 860 700 diligam
887 645 981 686 eos
1008 627 1152 701 (Ose.
1178 628 1383 698 1x,15).
1419 647 1436 678 ι
1473 627 1539 682 Et
1566 627 1760 681 iterum
1794 644 1805 678 :
1840 645 1858 676 ι
1893 624 1961 678 Εῑ
1980 637 2078 693 po-

502 741 520 772 ι
553 721 711 792 pulus
741 737 894 777 meus
922 721 1175 792 pendebit
1223 720 1288 774 ad
1335 718 1567 774 reditum
1609 733 1789 773 meum
1827 737 1839 770 :
1885 716 2073 786 jugum

2181 623 2325 678 dicat
2349 621 2487 677 Osee
2517 623 2780 692 pr0pheta
2806 638 2820 677 :
2857 641 2876 673 ι
2911 619 3076 688 Quasi
3107 619 3400 675 diluculum
3431 631 3783 691 preparatus

2185 737 2202 769 ι
2236 727 2319 771 est
2347 732 2600 786 egressus
2628 715 2744 784 ejus
2767 713 2914 786 (Ose.
2940 731 3012 781 vi,
3046 715 3124 784 '5).
3163 734 3180 765 ›
3213 713 3280 768 Et
3314 713 3566 768 llabacuc
3610 715 3778 771 simi-

501 828 519 862 ι
554 820 735 867 autem
777 814 1080 882 imponetur
1119 811 1169 866 ei
1205 810 1405 875 simul,
1453 811 1594 878 quod
1647 824 1750 863 non
1798 807 2077 862 auferetur
2178 808 2346 863 liter:
2387 826 2403 858 ι
2440 807 2704 877 Splendor
2732 806 2849 876 ejus
2876 813 2933 859 ut
2971 806 3061 859 lux
3087 805 3192 860 erit
3233 821 3244 858 :
3276 819 3479 859 cornua
3505 804 3557 858 in
3587 804 3779 860 mani-

501 923 518 953 ι
551 903 603 972 (l
611 904 716 958 bid.
750 920 828 966 ιιι,
853 905 928 975 7).
963 924 980 956 ι
1008 903 1142 958 Nam
1167 911 1223 958 et
1250 919 1348 974 per
1383 902 1702 957 Malachiam
1736 902 2072 972 prophetam,

495 999 551 1053 in
599 1000 830 1054 adventu
881 997 1044 1062 Elite,
1098 1012 1205 1051 non
1261 995 1525 1049 relaxatio
1564 993 1913 1064 captivitatis,
1968 1005 2075 1044 non

497 1089 703 1144 reditus
735 1091 788 1143 in
827 1098 1026 1144 terram
1057 1089 1318 1150 Judaeam,
1347 1102 1452 1141 non
1478 1085 1799 1140 restauratio
1821 1083 2075 1146 civitatis,

494 1190 548 1235 et
579 1180 784 1250 templi,
809 1190 864 1236 et
886 1180 1331 1236 caeremoniarum
1356 1177 1634 1248 legalium;
1661 1176 1753 1231 sed
1776 1175 1887 1231 sola
1908 1174 2075 1238 salus,

492 1271 603 1326 sola
646 1271 769 1327 ﬁdei
818 1274 992 1342 gratia
1025 1273 1104 1326 eis
1139 1271 1494 1342 promittitur,
1547 1269 1762 1324 dicente
1802 1266 2030 1321 Domino
2063 1283 2074 1318 :

498 1382 516 1415 ι
555 1365 694 1420 Ecce
724 1380 824 1435 ego
851 1365 1059 1418 mittam
1087 1364 1240 1418 vobis
1274 1363 1448 1418 Eliam
1473 1360 1786 1416 Thesbitem
1815 1379 1827 1413 :
1871 1367 1925 1414 et
1957 1374 2080 1413 con-

496 1473 516 1506 ι
554 1462 728 1509 vertet
774 1470 869 1508 cor
909 1463 1119 1523 patrum
1175 1454 1241 1508 ad
1272 1453 1440 1517 ﬁlios,
1488 1459 1543 1507 et
1583 1466 1678 1506 cor
1725 1449 1958 1506 ﬁliorum
2014 1448 2081 1502 ad

499 1565 515 1596 ι
554 1555 736 1615 patres
753 1561 938 1600 eorum
963 1545 1220 1618 (Malach.
1249 1560 1322 1609 Iv,
1347 1544 1398 1607 5,
1427 1543 1513 1615 6);
1542 1563 1558 1594 ι
1582 1541 1902 1597 utvidelicet
1915 1540 2079 1596 corda

493 1639 720 1692 istorum
753 1638 984 1691 ﬁliorum
1024 1637 1350 1702 carnalium,
1381 1652 1503 1706 qua:
1535 1651 1677 1690 nunc
1703 1650 1800 1704 per
1829 1633 2081 1688 incredu-

493 1729 700 1784 litatem
760 1744 914 1784 suam
969 1730 1038 1783 ab
1097 1729 1442 1797 antiquorum
1503 1736 1715 1798 patrum
1767 1725 1872 1780 ﬁde
1922 1724 2082 1793 longe

491 1808 759 1890 disjuncta
795 1829 942 1888 sunt,
996 1831 1125 1876 tunc
1167 1830 1322 1876 tanto
1353 1821 1616 1891 propheta
1644 1817 1997 1889 praedicante,
2029 1824 2084 1869 et

2185 917 2205 952 ι
2239 901 2339 955 bus
2366 900 2484 969 ejus
2524 899 2596 954 ibi
2636 898 2952 954 abscondita
2985 906 3068 952 est
3106 896 3365 951 fortitudo
3394 896 3510 966 ejus
3534 895 3777 967 (Habac.

2187 1011 2204 1042 ι
2242 1009 2332 1056 ιιι,
2377 991 2466 1061 4);
2521 1010 2539 1044 ι
2597 991 2743 1063 quod
2795 989 3135 1061 apertissime
3186 991 3251 1046 de
3297 990 3474 1045 crucis
3515 990 3784 1060 passione

2182 1084 2385 1140 dictum
2409 1075 2515 1140 est.

2251 1177 2433 1232 XVIII.
2465 1177 2572 1233 Sed
2601 1186 2657 1233 et
2677 1177 2846 1233 Isaias
2874 1197 2886 1232 :
2925 1195 2942 1228 ι
2977 1175 3205 1245 Propter
3241 1174 3397 1242 Sion,
3433 1175 3630 1246 inquit,
3664 1189 3785 1230 non

2187 1288 2206 1321 ι
2239 1271 2450 1336 tacebo,
2475 1278 2531 1324 et
2554 1280 2776 1341 propter
2799 1268 3135 1324 Hierusalem
3157 1283 3263 1322 non
3286 1267 3581 1338 quiescam,
3599 1267 3786 1324 donec

2189 1382 2207 1414 ι
2242 1363 2551 1434 egrediatur
2582 1372 2643 1416 ut
2664 1362 2920 1433 splendor
2937 1347 3285 1431 justus'ejus,
3317 1369 3371 1414 et
3394 1360 3637 1415 salvator
3659 1361 3785 1428 ejus

2189 1475 2207 1507 ι
2243 1465 2302 1509 ut
2331 1455 2536 1525 lampas
2569 1454 2915 1509 accendatur.
2948 1453 3014 1508 Et
3041 1453 3300 1508 videbunt
3341 1462 3530 1521 gentes
3567 1452 3782 1521 justum

2190 1567 2208 1600 ι
2246 1557 2420 1613 tuum,
2451 1556 2505 1602 et
2525 1547 2707 1602 cuncti
2758 1561 2912 1618 rcges
2960 1547 3219 1618 inclytum
3275 1556 3425 1601 tuum
3468 1545 3605 1614 (lsa.
3639 1562 3782 1612 un,

2191 1657 2209 1689 ‹
2245 1639 2310 1703 1,
2333 1637 2413 1707 2).
2457 1658 2474 1689 ι
2506 1638 2674 1705 Quem
2700 1653 2807 1692 non
2840 1637 2981 1706 longi
3019 1636 3277 1708 temporis
3319 1637 3494 1706 spatio
3535 1637 3786 1689 tardatu-

2187 1746 2328 1793 rum,
2358 1732 2452 1786 sed
2482 1730 2743 1786 velociter
2767 1739 2821 1785 et
2842 1730 3102 1784 citissime
3138 1732 3202 1785 de
3232 1729 3447 1784 diabolo
3477 1730 3784 1800 triumpha-

2188 1829 2394 1887 turum,
2445 1831 2500 1878 et
2536 1825 2775 1892 praedam
2825 1837 2888 1878 ac
2933 1822 3101 1893 spolia
3145 1825 3264 1893 ejus
3305 1813 3646 1894 sumpturum
3679 1824 3786 1879 Do-

492 1915 603 1968 Dco
657 1921 1005 1968 convertcute
1061 1929 1248 1969 eorum
1301 1911 1424 1967 ﬁdei
1467 1911 1746 1966 socientur
1785 1927 1800 1965 :
1837 1917 1891 1964 et
1923 1906 2079 1977 juxta
2107 1898 2157 1959 B
2184 1914 2364 1968 minus
2388 1927 2486 1984 per
2519 1914 2766 1970 eumdem
2806 1915 3128 1983 prophetam
3175 1915 3445 1983 promittit
3478 1917 3604 1985 :qui
3633 1925 3785 1987 ροει-

488 2005 806 2074 Apostolum
851 2003 1033 2077 (Rom.
1082 2021 1169 2068 χι,
1211 2003 1351 2074 24),
1391 2003 1529 2057 rami
1564 2009 1784 2073 pr0pter
1831 2001 2082 2056 incredu-

489 2095 696 2151 litatem
738 2095 930 2162 fracti,
977 2111 1076 2166 per
1125 2095 1423 2151 bonitatem
1477 2093 1570 2148 Dei
1617 2095 1925 2148 inserantur
1970 2107 2084 2146 suae

488 2187 666 2244 olivm.
719 2187 824 2244 Sed
856 2197 911 2244 et
961 2189 1014 2243 in
1060 2187 1198 2244 Osee
1227 2187 1488 2258 propheta
1522 2205 1533 2240 :
1567 2185 1695 2240 Post
1726 2185 1925 2240 multos
1950 2185 2082 2239 istos

489 2282 623 2346 dies,
668 2282 863 2351 quibus
896 2282 1059 2352 (sicut
1092 2279 1408 2351 praedictum
1437 2278 1538 2349 est)
1569 2278 1756 2333 sedent
1791 2277 1885 2332 ﬁlii
1915 2277 2080 2331 Israel

491 2376 609 2430 sine
642 2390 794 2446 rege,
836 2382 890 2429 et
916 2375 1032 2428 sine
1055 2373 1324 2444 principe,
1351 2381 1406 2428 et
1431 2374 1549 2428 sine
1571 2372 1862 2436 sacriﬁcio,
1887 2380 1941 2425 et
1964 2372 2082 2426 sine

489 2467 665 2528 altari,
701 2475 757 2521 et
781 2467 896 2523 sine
921 2466 1118 2536 ephod,
1148 2475 1204 2520 et
1232 2465 1350 2521 sine
1393 2466 1694 2535 teraphim;
1732 2464 1846 2519 sola
1890 2464 1969 2517 eis
1997 2464 2080 2516 iu-

490 2560 711 2630 quisitio
736 2567 790 2613 et
831 2559 1072 2631 inventio
1107 2557 1226 2621 Dei,
1262 2565 1317 2611 et
1358 2554 1560 2611 Christi
1594 2554 1710 2624 ejus
1744 2555 2082 2624 promittitur

488 2653 553 2704 ad
587 2651 846 2715 salutem,
894 2651 1106 2704 dicente
1154 2648 1382 2702 Domino
1421 2661 1517 2716 per
1556 2646 1806 2702 eumdem
1851 2648 2083 2718 prophe-

488 2744 599 2790 tam
626 2755 639 2790 :
678 2756 694 2786 ι
731 2736 799 2788 Et
826 2743 948 2805 post
978 2735 1093 2789 hzec
1120 2741 1464 2788 revertentur
1494 2731 1590 2786 ﬁlii
1617 2732 1799 2796 Israel,
1832 2743 1886 2787 et
1928 2749 2080 2803 quze-

494 2846 514 2880 ι
552 2836 674 2883 rent
691 2827 977 2883 Dominum
1004 2828 1171 2882 Deum
1197 2843 1374 2891 suum,
1397 2834 1453 2879 et
1476 2825 1643 2881 David
1671 2842 1851 2898 regem
1879 2842 2034 2881 suum
2062 2846 2074 2880 :

494 2938 513 2971 ι
546 2930 600 2974 et
637 2921 909 2988 pavebunt
948 2920 1016 2974 ad
1057 2920 1366 2987 Dominum,
1421 2929 1474 2973 et
1513 2921 1581 2975 ad
1621 2921 1823 2974 bonum
1865 2921 1982 2990 ejus
2024 2921 2077 2975 in

493 3032 512 3063 ι
549 3011 844 3066 novissimo
891 3012 1100 3066 dierum
1143 3010 1288 3081 (Ose.
1325 3029 1409 3077 ιιι,
1443 3011 1520 3083 5).
1560 3031 1578 3063 ι
1617 3011 1770 3067 Unde
1799 3021 1855 3067 et
1881 3011 2081 3066 Paulus

488 3103 543 3156 in
597 3102 832 3170 Epistola
875 3103 942 3156 ad
990 3101 1283 3168 Romanos,
1325 3103 1417 3157 ubi
1458 3103 1524 3157 de
1567 3104 1862 3158 novissima
1890 3118 2075 3157 eorum

491 3192 792 3247 salvatione
839 3191 1104 3261 loquitur;
1159 3192 1492 3248 ablationem
1533 3192 1862 3264 impietatis,
1909 3201 1968 3248 et
1995 3194 2078 3248 in-

2185 2019 2347 2074 quam
2376 2003 2628 2059 dixerat:
2667 2023 2684 2055 ι
2718 2004 2980 2060 Parvulus
3006 2005 3151 2060 enim
3191 2014 3349 2060 natus
3393 2013 3476 2060 est
3517 2003 3700 2070 nobis,
3729 2015 3786 2061 et

2191 2113 2208 2145 ι
2242 2094 2382 2148 ﬁlius
2433 2095 2591 2150 datus
2622 2102 2705 2150 est
2745 2097 2903 2151 nobis
2952 2115 2964 2150 :
3003 2103 3058 2151 et
3098 2095 3383 2150 vocabitur
3417 2111 3615 2151 nomen
3665 2097 3787 2167 ejus

2189 2206 2206 2237 ι
2241 2187 2593 2252 admirabilis,
2635 2188 2998 2251 consiliarius,
3052 2188 3217 2253 Deus,
3262 2187 3440 2254 fortis,
3492 2198 3652 2260 pater
3702 2189 3787 2244 fu-

2190 2299 2207 2329 ι
2245 2280 2348 2333 turi
2381 2279 2583 2344 saeculi,
2637 2281 2890 2350 princeps
2944 2281 3094 2349 pacis
3135 2278 3271 2351 (Isa.
3321 2297 3396 2347 ιχ,
3437 2279 3512 2351 6).
3552 2301 3572 2332 ι
3622 2281 3693 2336 Et
3727 2281 3784 2337 in

2185 2370 2290 2424 alio
2342 2371 2458 2426 loco
2505 2390 2516 2425 :
2555 2391 2571 2423 ι
2610 2371 2678 2426 Et
2713 2373 2998 2427 vocabitur
3039 2388 3235 2428 nomen
3285 2373 3402 2443 ejus
3452 2373 3781 2430 Emmanuel

2185 2459 2322 2534 (Isa.
2353 2477 2445 2529 vn,
2480 2462 2601 2532 ll);
2641 2482 2658 2514 ι
2690 2463 2890 2533 adjecit
2925 2464 3126 2527 adhuc,
3156 2464 3379 2519 dicens:
3419 2485 3437 2516 ι
3473 2465 3539 2519 Et
3563 2466 3640 2520 ait
3670 2467 3779 2521 Do-

2191 2569 2209 2602 ι
2246 2552 2423 2605 minus
2449 2552 2515 2605 ad
2555 2567 2674 2618 me,
2707 2553 2853 2608 Voca
2884 2569 3078 2608 nomen
3115 2553 3263 2622 ejus,
3304 2556 3562 2612 Accelera
3610 2559 3779 2628 spolia

2190 2663 2208 2694 ι
2243 2643 2528 2698 detrahere
2553 2661 2565 2696 :
2595 2643 2811 2698 Festina
2834 2647 3062 2716 praedari
3089 2646 3222 2717 (Isa.
3246 2663 3363 2714 vni,
3389 2649 3465 2719 ὅ).
3497 2669 3516 2702 ι
3545 2649 3705 2706 Unde
3727 2661 3781 2707 et

2185 2745 2372 2790 contra
2405 2736 2536 2791 istos
2561 2736 2898 2802 duricordes,
2929 2739 3019 2806 qui
3057 2748 3378 2808 praesentem
3401 2740 3495 2796 Dei
3509 2743 3779 2812 justitiam

2184 2839 2291 2879 non
2323 2824 2666 2894 recipientes,
2699 2827 2906 2896 seipsos
2935 2828 3185 2898 elongant
3210 2828 3488 2898 ajustitia,
3521 2831 3664 2889 Deus
3685 2850 3780 2906 per

2181 2915 2434 2972 eumdem
2466 2918 2786 2986 prophetam
2829 2918 3050 2985 clamat,
3093 2921 3278 2977 dicens
3311 2942 3322 2976 :
3363 2941 3383 2974 ι
3424 2923 3625 2980 Audite
3669 2941 3775 2992 me,

2189 3026 2207 3058 ‹
2243 3007 2379 3060 duro
2407 3007 2588 3071 corde,
2631 3007 2723 3076 qui
2751 3007 2908 3080 longe
2945 3010 3078 3064 estis
3103 3027 3134 3065 a
3168 3011 3404 3082 justitia.
3452 3013 3632 3086 Prope
3674 3015 3779 3072 feci

2189 3096 2501 3168 «justitiam
2532 3098 2722 3152 'meam
2769 3119 2782 3154 :
2823 3115 2928 3154 non
2979 3102 3343 3175 elongabitur,
3383 3114 3439 3161 et
3477 3107 3627 3162 salus
3657 3125 3778 3164 mea

2189 3209 2207 3242 ι
2241 3206 2347 3245 non
2377 3191 2697 3246 morabitur.
2730 3193 2882 3250 Dabo
2908 3195 2961 3248 in
2991 3193 3124 3251 Sion
3147 3196 3398 3264 salutem,
3422 3208 3477 3254 et
3500 3199 3554 3254 in
3580 3199 3778 3255 Hieru-

489 3284 821 3356 dulgentiam
880 3254 1228 3356 peccatorum
1288 3254 1659 3341 tantummodo
1706 3302 1804 3356 per
1845 3254 2074 3357 gratiam
2103 3254 2149 3317 C
2188 3300 2206 3332 ι
2243 3281 2409 3336 salem
2433 3282 2658 3352 gloriam
2688 3299 2864 3339 meam
2892 3285 3025 3356 (lsa.
3057 3303 3205 3354 XLVI,
3252 3289 3338 3354 l2,
3379 3254 3488 3360 i3).
3527 3309 3546 3342 ι
3602 3289 3779 3362 Pmpe

494 3376 792 3431 Salvatoris
833 3377 913 3431 eis
960 3378 1248 3448 promittit,
1297 3377 1564 3433 dicenszc
1613 3377 1746 3432 Cum
1797 3378 2080 3433 intraverit

499 3483 516 3514 ι
550 3465 826 3536 plenitudo
854 3467 1125 3538 gentium,
1173 3476 1299 3523 tunc
1345 3467 1523 3521 omnis
1556 3466 1718 3522 Israel
1753 3469 1932 3524 salvus
1963 3468 2075 3534 ﬁet,

501 3576 520 3610 ι
553 3559 692 3614 sicut
733 3560 994 3630 scriptum
1033 3568 1118 3615 est
1149 3577 1161 3611 :
1205 3559 1400 3615 Veniet
1438 3574 1504 3611 ex
1544 3556 1673 3613 Sion
1721 3559 1812 3628 qui
1845 3559 2074 3630 eripiat,

500 3669 518 3700 ι
549 3660 606 3706 et
644 3659 852 3704 avertat
882 3651 1211 3722 impietatem
1243 3667 1273 3706 a
1302 3648 1469 3706 Jacob
1505 3669 1517 3703 :
1555 3658 1608 3706 et
1653 3649 1758 3705 hoc
1799 3650 1904 3705 illis
1935 3667 1963 3705 a
1991 3668 2078 3708 me

501 3757 520 3792 ι
552 3749 934 3796 testamentum
966 3782 980 3806 ,
1053 3757 1177 3796 cum
1248 3741 1526 3798 abstulero
1599 3750 1822 3812 peccata
1888 3758 2078 3799 eorum

499 3851 518 3884 ι
555 3831 711 3903 (Rom
734 3849 808 3896 χι,
841 3832 930 3896 25,
965 3833 1056 3898 26,
1082 3833 1194 3905 9.7).
1237 3853 1255 3887 ι

515 3939 541 3970 ο
565 3920 726 3976 XVII.
766 3919 905 3987 Quid
943 3938 1074 3992 ergo
1113 3923 1334 3992 prodest
1368 3923 1580 3978 miseris
1611 3923 1755 3993 quod
1799 3922 2079 3980 Christum

495 4029 653 4069 suum
699 4012 812 4081 jam
859 4014 1092 4080 venisse,
1147 4023 1202 4069 et
1249 4014 1302 4068 in
1339 4014 1427 4068 illa
1456 4015 1756 4069 vastatione
1777 4013 2083 4087 Hierosoly-

495 4119 711 4160 morum
746 4111 933 4159 natum
973 4120 1116 4170 esse,
1145 4111 1201 4159 et
1230 4106 1370 4176 apud
1405 4105 1595 4159 urbem
1636 4104 1864 4160 Romam
1904 4107 1958 4161 in
1999 4121 2084 4162 er-

499 4196 709 4268 gastulo
737 4205 1028 4259 retrusum,
1063 4205 1119 4250 et
1151 4211 1322 4265 usque
1349 4197 1509 4251 hodie
1535 4210 1634 4266 pro
1664 4211 1853 4251 eorum
1883 4197 2082 4253 libera-

501 4289 646 4342 tione
674 4287 858 4342 multis
879 4287 1054 4357 ptenis
1085 4285 1334 4341 affectum
1365 4301 1483 4342 esse
1517 4287 1868 4358 conﬁngunt;
1900 4299 1961 4345 ut
1985 4306 2082 4361 per

500 4380 615 4434 haec
646 4379 936 4434 adventum
967 4379 1079 4432 veri
1117 4376 1342 4442 Christi,
1376 4385 1486 4432 tam
1513 4377 1796 4434 manifeste
1826 4380 1879 4434 in
1909 4381 2084 4436 omni-

499 4471 601 4527 bus
627 4471 879 4543 gentibus
906 4471 1262 4535 declaratum,
1303 4470 1444 4539 apud
1487 4485 1615 4526 suos
1662 4472 1936 4529 auditores
1962 4489 2084 4529 eva-

500 4571 663 4617 cuent
689 4580 704 4628 ;
749 4571 803 4617 et
848 4576 905 4616 se
944 4561 1013 4614 ab
1049 4561 1164 4632 ejus
1192 4560 1441 4630 passione
1469 4569 1524 4615 et
1551 4568 1725 4616 morte
1753 4563 1899 4619 velut
1929 4564 2084 4620 inno-

2188 3391 2207 3424 ‹
2245 3372 2530 3443 estjustus
2572 3391 2726 3431 meus
2771 3392 3063 3447 :egressus
3103 3388 3188 3433 est
3229 3377 3479 3434 Salvator
3511 3395 3690 3448 meus,
3725 3392 3782 3438 et

2188 3486 2206 3518 ι
2241 3465 2464 3520 brachia
2527 3481 2649 3521 mea
2704 3469 2934 3539 populos
2977 3468 3295 3537 iudicabunt
3343 3470 3480 3541 (Ira.
3522 3489 3596 3538 ιι,
3639 3472 3716 3543 5).
3753 3493 3774 3528 ι

2183 3555 2322 3624 Quid
2344 3564 2524 3612 autem
2552 3558 2772 3623 mirum,
2799 3559 2845 3614 si
2886 3559 3195 3630 hujusmodi
3227 3560 3474 3618 homines
3501 3573 3775 3632 errantes,

2182 3659 2238 3705 et
2258 3651 2312 3705 in
2339 3665 2582 3706 errorem
2606 3652 2908 3718 mittentes,
2937 3651 3066 3708 illud
3102 3653 3168 3708 de
3197 3655 3510 3710 ostensione
3537 3660 3771 3728 pseudo-

2184 3742 2376 3797 christi
2405 3758 2595 3797 eorum
2631 3745 2772 3816 apud
2804 3759 3060 3817 magnum
3089 3747 3366 3802 doctorem
3401 3763 3587 3816 suum,
3610 3765 3765 3820 quem

2184 3832 2470 3887 nominant
2523 3831 2686 3888 Josue
2733 3833 2837 3890 ben
2895 3835 3026 3892 Levi
3077 3856 3090 3890 :
3147 3838 3504 3909 quiforsitan
3532 3841 3644 3912 ipse
3665 3843 3764 3896 im-

2184 3925 2306 3994 pius
2356 3926 2617 3996 magister
2654 3935 2758 3994 est,
2811 3943 2972 3997 quem
3015 3929 3182 4000 (sicut
3209 3947 3369 4002 supra
3411 3933 3772 4005 ostendimus)

2186 4020 2474 4088 septimum
2523 4029 2647 4090 post
2691 4020 2955 4089 Sammai,
3002 4031 3058 4078 et
3101 4021 3255 4090 Ellel,
3300 4024 3541 4080 scholam
3583 4043 3771 4083 eorum

2186 4127 2357 4182 usque
2395 4113 2461 4165 ad
2497 4111 2873 4201 cap‘tivitatem
2913 4113 3156 4170 tenuisse
3195 4115 3386 4170 beatus
3411 4115 3775 4188 Hieronymus

2187 4205 2346 4261 docet
2391 4205 2479 4272 (in
2533 4222 2647 4276 cap.
2679 4221 2776 4259 Vill
2810 4204 2957 4275 Isa.)
3006 4224 3021 4261 :
3063 4215 3119 4262 et
3161 4207 3275 4277 ipse
3310 4209 3452 4263 hanc
3489 4211 3771 4281 stropham

2189 4298 2256 4350 ad
2297 4296 2672 4367 decipiendum
2709 4295 2978 4352 infelicem
3013 4298 3270 4368 populum
3317 4301 3680 4371 excogitavit,
3716 4310 3779 4357 ut

2186 4387 2350 4443 talem
2376 4387 2785 4458 promissionem
2825 4388 2970 4442 velut
2995 4403 3094 4459 pro
3110 4389 3476 4446 consolatione
3517 4393 3782 4450 haberent

2189 4481 2242 4534 in
2273 4479 2673 4536 calamitatibus
2713 4479 3060 4549 captivitatis,
3094 4497 3215 4552 quae
3241 4491 3370 4539 tunc
3391 4483 3647 4540 inchoata
3670 4494 3776 4542 est.

2188 4573 2346 4640 Quid,
2382 4573 2624 4643 inquam,
2657 4574 2854 4628 mirum
2897 4574 2942 4630 si
2971 4586 3067 4630 aut
3093 4575 3197 4630 hoc
3236 4577 3326 4632 isti
3357 4577 3651 4646 ﬁnxerunt,
3686 4590 3780 4637 aut

504 4663 688 4709 centes
735 4653 1068 4708 ostendant?
1119 4656 1253 4709 Dum
1297 4653 1404 4720 ille,
1432 4669 1591 4724 quem
1619 4671 1774 4710 suum
1804 4657 2085 4715 Christum
2110 4634 2164 4696 D
2193 4634 2259 4720 ad
2290 4634 2720 4720 conﬁrmandam
2742 4681 2932 4721 eorum
2960 4667 3357 4736 inﬁdelitatem,
3400 4671 3516 4743 ipse
3546 4634 3781 4729 Satanas

499 4756 727 4820 putant,
781 4763 887 4802 non
939 4747 1007 4802 ab
1060 4748 1191 4817 ipsis
1230 4747 1325 4803 sed
1361 4764 1390 4802 a
1432 4747 1689 4805 Romanis
1719 4759 1866 4804 tanta
1894 4760 1950 4806 et
1975 4760 2087 4807 tam

503 4839 662 4910 longa
692 4837 830 4892 mala
867 4839 1105 4908 patiatur
1152 4857 1164 4893 :
1209 4854 1331 4893 cum
1360 4841 1512 4911 juxta
1537 4844 1819 4898 veritatem
1847 4843 2090 4915 Scriptu-

502 4945 710 4997 rarum,
761 4929 939 4985 nullus
995 4931 1132 4986 alius
1175 4929 1420 4988 Christus
1464 4933 1803 5003 recipiendus
1844 4936 1933 5000 sit,
1986 4937 2089 4991 nisi

503 5036 664 5092 quem
698 5021 798 5092 ipsi
830 5021 1008 5076 crucis
1029 5021 1266 5091 patibulo
1293 5019 1577 5076 aﬁixerunt
1607 5037 1622 5076 :
1654 5024 1770 5094 ipso
1809 5038 1904 5094 per
1927 5024 2089 5081 Mala-

504 5112 687 5168 chiam
707 5112 1024 5181 prophetam
1041 5119 1292 5178 testante,
1316 5119 1479 5181 atque
1497 5111 1708 5168 dicente
1731 5112 1807 5185 (Μ
1815 5114 1986 5168 alach.
2003 5131 2086 5182 ιιι,

509 5204 564 5275 8)
612 5220 625 5257 :
659 5223 678 5257 ι
723 5201 782 5257 Si
831 5202 1052 5273 conﬁgit
1090 5202 1249 5256 homo
1290 5203 1489 5269 Deum,
1521 5204 1647 5274 quia
1680 5220 1776 5260 vos
1819 5208 2088 5277 conligitis

515 5314 535 5346 ι
566 5309 672 5359 me,
711 5302 768 5349 et
793 5308 880 5347 me
907 5308 1002 5348 vos
1029 5293 1300 5361 conligitis
1329 5308 1459 5366 gens
1486 5303 1617 5350 tota.
1660 5317 1678 5349 ι
1705 5296 1780 5354 De
1811 5313 1916 5368 quo
1947 5309 2000 5354 et
2031 5300 2086 5354 in

509 5385 775 5442 Zacharia
806 5385 1066 5454 scriptum
1095 5394 1215 5440 est:
1251 5404 1268 5436 ι
1305 5385 1370 5439 Ει
1397 5387 1596 5442 dicitur
1622 5387 1671 5442 ei
1721 5403 1736 5442 :
1779 5388 1919 5456 Quid
1964 5402 2090 5447 sunt

515 5498 535 5530 ι
570 5477 737 5550 plagae
769 5479 886 5533 ista:
921 5479 974 5533 iu
1007 5480 1182 5534 medio
1212 5495 1466 5534 manuum
1515 5481 1765 5535 tuarum?
1811 5490 1865 5536 et
1915 5484 2084 5538 dicit:

516 5589 536 5622 ι
571 5569 826 5641 Plagatus
847 5588 971 5626 sum
1023 5574 1076 5628 in
1120 5574 1280 5628 domo
1324 5588 1510 5627 eorum
1552 5575 1642 5644 qui
1679 5574 1973 5644 diligebant
2007 5595 2094 5636 me

519 5683 538 5714 ι
577 5661 765 5731 (Zach.
799 5681 926 5726 xm,
962 5667 1015 5734 6)
1051 5681 1064 5718 :
1099 5688 1116 5718 ι
1151 5665 1256 5718 Aut
1304 5665 1572 5735 quomodo
1612 5680 1707 5734 per
1756 5674 1834 5722 tot
1875 5669 2090 5735 saecula,

455 5742 464 5757 ’
515 5771 639 5810 cum
670 5757 736 5810 ab
762 5772 947 5810 eormn
979 5759 1281 5812 vastatione
1323 5766 1378 5811 et
1433 5757 1763 5826 dispersione
1796 5759 1909 5828 jam
1949 5763 2093 5819 mille

518 5845 632 5903 fere
679 5849 803 5903 anni
855 5848 1196 5918 impleantur,
1246 5850 1319 5903 ita
1367 5849 1482 5919 ejus
1509 5850 1797 5908 obscurare
1825 5866 2092 5913 conantur

2193 4755 2586 4828 transﬁgurans
2638 4772 2699 4812 se
2753 4758 2900 4813 velut
2951 4760 3202 4830 angelum
3247 4759 3414 4828 lucis;
3460 4764 3554 4833 qui
3611 4764 3780 4820 etiam

2193 4849 2422 4905 Domino
2477 4858 2663 4904 nostro
2718 4851 2784 4905 de
2826 4849 3125 4922 Scripturis
3175 4852 3429 4924 laqueum
3461 4859 3781 4916 tentationis

2191 4940 2409 5010 objecit,
2435 4938 2582 5007 justo
2613 4940 2706 4994 Dei
2729 4939 2934 5008 judicio
2961 4943 3040 4998 eis
3065 4943 3269 5001 illusit?
3297 4955 3352 5002 et
3387 4947 3434 5002 ei
3462 4948 3554 5018 qui
3585 4949 3782 5021 dignus

2193 5038 2397 5085 eratut
2425 5030 2786 5100 deciperetur,
2833 5040 2888 5087 et
2932 5034 3226 5104 deciperet,
3272 5039 3351 5094 sic
3375 5039 3673 5109 permissus
3696 5050 3780 5096 est

2192 5137 2486 5193 apparere,
2519 5131 2576 5177 et
2615 5121 2742 5176 talia
2771 5124 2916 5178 velut
2960 5141 3027 5181 ex
3071 5129 3252 5184 verbis
3291 5131 3623 5200 propheticis
3655 5147 3779 5201 pro-

2192 5215 2368 5280 ferre,
2422 5215 2564 5268 unde
2620 5230 2650 5269 a
2709 5215 2814 5272 ﬁde
2859 5218 2975 5273 veri
3015 5218 3316 5278 Salvatoris
3369 5231 3774 5289 averterentur;

2190 5315 2244 5364 et
2285 5306 2350 5360 ad
2399 5307 2762 5375 exspectanda
2808 5306 2942 5362 falsa
2991 5319 3046 5364 et
3090 5311 3298 5379 inania,
3320 5313 3475 5381 juxta
3511 5315 3777 5370 desideria

2193 5398 2370 5453 cordis
2402 5397 2504 5459 sui,
2531 5397 2918 5454 miserabiliter
2941 5406 3402 5471 provocarentur?
3433 5405 3695 5479 lmplente
3721 5408 3775 5462 in

2197 5489 2278 5543 eis
2320 5487 2431 5542 Deo
2479 5488 2621 5559 quod
2669 5491 2725 5544 in
2783 5489 3015 5546 Psalmis
3065 5493 3379 5548 terribiliter
3423 5507 3548 5551 ante
3601 5497 3777 5554 fuerat

2197 5586 2574 5652 comminatus,
2600 5585 2788 5642 dicens
2814 5605 2828 5642 :
2861 5607 2879 5639 ι
2913 5588 2979 5643 Εῑ
3005 5603 3112 5644 ιιοιι
3142 5589 3345 5644 audivit
3373 5591 3600 5662 populus
3624 5610 3775 5650 meus

2201 5699 2218 5729 ι
2257 5694 2442 5733 vocem
2495 5692 2696 5745 meam,
2737 5689 2792 5736 et
2827 5681 2988 5736 Israel
3010 5697 3116 5735 non
3149 5682 3375 5738 intendit
3400 5685 3530 5739 mihi
3563 5703 3574 5739 :
3607 5696 3661 5741 et
3688 5687 3772 5742 di-

2202 5788 2219 5818 ‹
2257 5769 2376 5822 misi
2406 5783 2499 5822 eos
2525 5771 2819 5824 secundum
2855 5771 3122 5827 desideria
3160 5773 3340 5829 cordis
3383 5788 3591 5830 eorum.
3617 5773 3774 5833 Ibunt

2201 5882 2217 5911 ε
2257 5859 2308 5912 iu
2337 5859 2750 5915 adventionibus
2781 5863 2891 5919 suis
2916 5860 3086 5933 (Psal.
3118 5881 3283 5934 Lxxx,
3311 5866 3400 5934 12,
3435 5867 3542 5938 l5).
3578 5885 3598 5919 ι
