4032 6470
279 503 387 562 155

1528 504 1656 560 LIB.
1701 500 1977 558 CONTRA
2016 502 2328 559 JUD/EOS.

3443 501 3545 557 154

349 614 492 673 XIX.
545 613 681 671 Nam
731 624 786 670 et
820 615 874 669 in
903 615 1146 672 historiis
1191 617 1574 672 ecclesiasticis
1601 616 1854 686 legimus,
1884 622 2027 682 Acx
2062 613 2354 685 Babylone,
2396 631 2495 671 nec
2519 626 2641 686 post
2669 615 3077 688 quadringintos
3127 616 3367 687 triginta,
3407 616 3546 679 sicut

278 711 547 785 (Ruﬁnus,
591 707 683 762 lib.
728 725 760 762 χ
803 706 1034 773 Histor.,
1078 725 1193 779 cap.
1225 708 1468 779 xxxvii),
1529 723 1622 762 eos
1659 707 1866 777 aliquo-

282 809 386 863 ties
417 807 532 860 sive
553 818 653 876 per
681 811 957 874 apostatas
991 805 1261 872 homines,
1289 805 1402 859 sive
1428 819 1526 874 per
1554 804 1727 874 ipsum
1752 802 1867 857 dia-

279 898 465 953 bolum
529 893 1009 968 transﬁgurantem
1065 909 1124 950 se
1177 894 1231 949 in
1286 895 1535 964 angelum
1585 893 1740 957 lucis,
1797 892 1866 946 ad

277 991 404 1045 talia
429 1003 549 1044 esse
595 987 835 1042 delusos.
895 986 1048 1042 Sicut
1072 984 1321 1042 Julianus
1369 987 1663 1055 imperator
1698 983 1861 1055 (Hist.

279 1079 448 1150 Trip.,
479 1077 568 1132 lib.
601 1092 675 1142 vt,
707 1093 823 1146 cap.
853 1078 1036 1148 xun),
1057 1092 1124 1132 ex
1157 1075 1466 1132 Christiano
1503 1075 1568 1129 ad
1597 1074 1865 1130 idolorum

276 1170 480 1226 cultum
499 1182 812 1233 conversus,
838 1175 894 1222 et
911 1181 1010 1236 per
1028 1167 1210 1222 omnia
1233 1166 1598 1222 Antichristus
1618 1164 1861 1228 effectus,

275 1262 420 1317 inter
477 1269 702 1314 caeteras
760 1258 1068 1329 impietates
1116 1274 1265 1324 suas,
1322 1259 1375 1312 in
1424 1258 1606 1312 odium
1660 1257 1863 1312 Christi

277 1352 537 1422 templum
574 1351 628 1405 in
668 1350 1055 1420 Hierosolymis
1096 1351 1177 1405 eis
1225 1365 1484 1421 reparare
1509 1348 1778 1420 permisit,
1805 1355 1865 1401 ut

275 1445 350 1499 ibi
397 1443 544 1498 velut
581 1441 781 1512 legales
808 1441 1060 1497 victimas
1109 1441 1480 1497 immolarent.
1523 1439 1766 1510 Cumque
1794 1456 1863 1494 ex

275 1534 526 1589 omnibus
573 1533 868 1603 provinciis
920 1532 1122 1588 Judaais
1178 1532 1444 1602 collectis,
1483 1547 1618 1588 nova
1677 1531 1861 1602 templi

275 1628 625 1682 fundamenta
669 1626 948 1695 jacerent;
1006 1625 1186 1680 subito
1244 1635 1404 1681 nocte
1461 1625 1651 1679 oborto
1704 1632 1863 1679 terrae

273 1730 444 1786 motu,
477 1736 606 1776 saxa
653 1721 722 1775 ab
768 1720 876 1775 imo
914 1720 1391 1776 fundamentorum
1421 1734 1671 1784 excussa,
1706 1717 1863 1786 longe

273 1811 486 1881 lateque
525 1825 712 1883 sparsa
738 1819 883 1866 sunt.
918 1811 1113 1881 lgneus
1141 1826 1357 1882 quoque
1386 1811 1577 1882 globus
1615 1809 1684 1864 ab
1718 1808 1861 1862 inte-

271 1903 406 1957 riori
436 1902 549 1957 aede
575 1901 757 1972 templi
787 1915 1058 1973 egressus,
1085 1902 1349 1972 plurimos
1377 1917 1563 1956 eorum
1607 1915 1704 1956 suo
1737 1914 1862 1970 pro-

1966 720 2029 759 ex
2052 704 2312 776 Egypto,
2340 707 2434 761 sed
2464 721 2636 777 neque
2663 717 2784 777 post
2809 709 3148 779 quingentos,
3180 708 3271 777 qui
3289 707 3402 777 jam
3438 708 3542 762 im-

1963 794 2094 866 pleti
2149 805 2315 860 sunt,
2373 796 2637 865 relaxari;
2690 815 2796 854 non
2850 799 3152 870 intelligunt
3205 814 3265 854 se
3326 801 3543 871 gravius

1965 902 2126 957 quam
2159 905 2397 959 unquam
2428 900 2587 947 antea
2620 892 2674 948 in
2709 893 2876 949 Deum
2909 910 3184 965 peccasse,
3213 896 3308 950 Dei
3347 895 3542 950 Filium

1964 981 2348 1054 cruciﬁgendo,
2371 983 2722 1040 etclamando
2752 1003 2764 1039 :
2803 1006 2820 1036 ί
2843 985 3075 1057 Sanguis
3103 986 3220 1056 ejus
3235 1003 3396 1057 super
3416 1002 3537 1052 nos,

1964 1082 2018 1127 et
2043 1088 2203 1142 super
2225 1073 2363 1129 ﬁlios
2385 1085 2602 1131 nostros
2630 1075 2844 1148 (Matth.
2877 1094 3046 1144 xxvu,
3075 1079 3191 1152 25);
3217 1101 3234 1130 ι
3263 1089 3316 1135 et
3339 1081 3540 1136 idcirco

1965 1181 1995 1218 a
2035 1165 2144 1221 Deo
2171 1181 2290 1221 esse
2315 1167 2560 1223 desertos
2591 1176 2754 1238 atque
2783 1169 3039 1225 oblivioni
3072 1173 3300 1228 traditos
3328 1193 3340 1227 :
3369 1173 3541 1229 donec

1964 1258 2289 1312 erubescant
2317 1258 2652 1315 inﬁdelitatis
2690 1276 2818 1325 suae,
2851 1271 2906 1315 et
2931 1276 3038 1315 non
3070 1264 3418 1333 temporalem
3446 1265 3540 1320 sed

1962 1357 2220 1403 mternam
2250 1349 2580 1416 libertatem,
2630 1366 2751 1420 qua:
2805 1351 2857 1405 in
2887 1351 3105 1407 Christo
3126 1362 3232 1419 est,
3281 1354 3541 1425 incipiant

1964 1439 2270 1496 desiderare
2299 1455 2313 1494 :
2342 1441 2482 1496 sicut
2517 1441 2595 1496 eis
2642 1456 2739 1512 per
2768 1440 3004 1512 Moysem
3044 1443 3159 1514 ipse
3206 1445 3543 1513 omnipotens

1964 1533 2107 1588 Deus
2136 1534 2500 1588 comminatus
2527 1542 2625 1598 est,
2659 1535 2844 1590 dicens
2869 1552 2881 1588 :
2912 1554 2930 1586 ί
2962 1534 3134 1590 Urbes
3157 1545 3365 1590 vestras
3395 1537 3542 1591 redi-

1968 1646 1988 1676 ‹
2034 1642 2157 1695 gam
2214 1627 2265 1681 in
2305 1627 2671 1693 solitudinem,
2704 1637 2757 1684 et
2786 1629 3017 1692 (deserta
3061 1629 3258 1685 faciam
3295 1638 3545 1684 sanctua-

1969 1734 1988 1767 ‹
2032 1717 2116 1772 ria
2159 1726 2366 1785 vestra,
2411 1734 2512 1773 nec
2541 1719 2799 1789 recipiam
2841 1717 2984 1773 ultra
3025 1719 3244 1774 odorem
3289 1721 3545 1775 suavissi-

1970 1829 1987 1861 ι
2037 1827 2186 1866 mum
2234 1813 2690 1881 :disperdamque
2737 1819 2936 1867 terram
2958 1821 3213 1880 vestram,
3259 1823 3312 1867 et
3367 1823 3547 1883 stupe-

1971 1921 1988 1954 ‹
2034 1904 2170 1958 bunt
2216 1917 2380 1973 super
2414 1919 2532 1958 eam
2566 1903 2769 1958 inimici
2802 1903 2988 1968 vestri,
3041 1917 3162 1958 cum
3211 1903 3546 1959 habitatores

270 1994 468 2048 stravit
491 1993 755 2049 incendio.
793 1993 911 2061 Quo
938 2002 1148 2050 terrore
1174 1995 1338 2065 aliqui
1371 1993 1660 2066 pavefacti,
1708 1994 1864 2050 Chri-
1891 1983 1940 2044 B
1973 2012 1992 2045 ‹
2038 1995 2183 2050 illius
2238 1994 2458 2050 fuerint.
2495 1995 2602 2050 Vos
2651 2003 2830 2050 autem
2873 1995 3178 2067 dispergam
3225 1996 3277 2050 in
3318 2005 3540 2065 gentes,

270 2094 422 2141 stum
449 2084 844 2140 conﬁtebantur
867 2085 1040 2139 inviti.
1065 2085 1134 2140 Et
1162 2101 1231 2140 ne
1260 2086 1403 2141 istud
1428 2101 1557 2142 casu
1579 2085 1862 2140 crederent

270 2174 502 2243 factum,
533 2177 778 2247 sequenti
809 2186 968 2232 nocte
1001 2177 1056 2231 in
1084 2178 1424 2233 vestimentis
1464 2193 1652 2233 eorum
1685 2178 1862 2232 crucis

267 2271 523 2340 apparuit
548 2270 783 2341 signum.
809 2268 1102 2324 Theodosii
1120 2286 1336 2341 quoque
1356 2270 1584 2325 minoris
1602 2268 1858 2340 tempori-

267 2361 372 2416 bus
394 2360 560 2430 (Hist.
584 2360 755 2431 Trip.,
787 2359 880 2414 lib.
907 2376 1006 2426 xu,
1033 2378 1148 2431 cap.
1182 2360 1280 2432 ιχ),
1306 2359 1550 2414 diabolus
1582 2360 1635 2414 in
1683 2359 1862 2430 specie

268 2452 443 2525 Moysi
474 2451 674 2508 ludatis
716 2453 770 2508 in
796 2453 957 2508 Creta
981 2468 1268 2524 apparens,
1295 2455 1422 2508 dum
1449 2468 1544 2508 eos
1587 2468 1682 2523 per
1711 2467 1862 2507 mare

266 2549 406 2618 pede
434 2547 583 2602 sicco
620 2548 689 2602 ad
729 2557 930 2602 terram
977 2546 1419 2616 repromissionis
1448 2545 1718 2615 promittit
1739 2559 1861 2615 per-

266 2644 488 2708 ducere,
514 2641 762 2712 plurimis
795 2640 1005 2695 necatis
1035 2639 1230 2709 reliqui
1258 2639 1348 2708 qui
1385 2638 1520 2692 salvi
1559 2637 1685 2693 facti
1713 2645 1858 2702 sunt,

263 2730 558 2789 confestim
596 2731 664 2786 ad
695 2729 898 2786 Christi
937 2729 1167 2800 gratiam
1209 2727 1590 2796 confugerunt.
1663 2726 1863 2782 Scribit

265 2827 437 2882 etiam
493 2825 684 2879 beatus
730 2821 1093 2889 Hieronymus
1138 2820 1193 2874 in
1250 2817 1676 2874 Commentariis
1723 2817 1860 2873 Eze-

265 2918 464 2975 chielis
489 2958 504 2983 ,
554 2931 678 2970 cum
706 2914 854 2970 illum
893 2913 1070 2968 locum
1102 2915 1421 2983 explauaret
1451 2911 1542 2966 ubi
1585 2911 1863 2981 prophetae

265 3009 585 3082 prmcipitur
626 3014 687 3061 ut
734 3005 969 3061 dormiat
1020 3019 1184 3075 super
1229 3004 1369 3058 latus
1397 3018 1552 3057 suum
1581 3001 1861 3057 sinistrum

268 3111 544 3158 trecentos
599 3098 895 3169 nonaginta
948 3097 1092 3159 dies,
1150 3104 1207 3150 et
1258 3101 1500 3150 assumat
1547 3092 1864 3163 iniquitates

265 3197 464 3251 domus
496 3192 661 3248 Israel
685 3209 698 3245 :
734 3192 975 3261 itemque
996 3188 1232 3243 dormiat
1255 3202 1419 3256 super
1445 3187 1588 3240 latus
1610 3187 1862 3241 dextrum

265 3287 630 3358 quadraginta
657 3283 793 3347 dies,
817 3292 872 3337 et
891 3279 1460 3349 assumatiniquitates
1481 3279 1673 3334 domus
1701 3275 1858 3332 Juda.

1969 2105 1988 2137 ‹
2035 2095 2089 2142 et
2139 2088 2435 2159 evaginabo
2488 2094 2612 2158 post
2655 2103 2753 2143 vos
2806 2087 3044 2157 gladium
3092 2107 3103 2141 :
3146 2088 3357 2158 eritque
3399 2098 3544 2143 terra

1969 2201 1988 2234 ι
2035 2191 2214 2237 vestra
2285 2183 2497 2238 deserta
2531 2223 2544 2248 ,
2608 2192 2664 2238 et
2735 2183 2983 2237 civitates
3059 2183 3248 2238 diruta!
3332 2181 3542 2254 (Levit.

1975 2293 1994 2324 ‹
2037 2289 2202 2340 xxvi,
2262 2273 2362 2338 51,
2417 2273 2528 2340 52,
2585 2273 2696 2343 55).
2745 2293 2761 2324 ›
2820 2274 2888 2328 Et
2935 2274 3179 2329 iterum:
3221 2294 3238 2326 ‹
3289 2273 3546 2328 Peribitis

1971 2383 1991 2417 ι
2036 2366 2178 2420 inter
2238 2374 2425 2437 gentes
2452 2407 2465 2429 ,
2527 2374 2579 2421 et
2621 2366 2833 2420 hostilis
2889 2381 2986 2421 vos
3046 2375 3190 2421 terra
3240 2377 3543 2422 consumet.

1969 2475 1987 2508 ‹
2030 2455 2181 2524 Quod
2210 2457 2255 2511 si
2286 2465 2340 2511 et
2366 2457 2431 2511 de
2456 2456 2542 2510 his
2567 2455 2733 2526 aliqui
2769 2458 3145 2522 remanserint,
3181 2458 3460 2513 tabescent
3488 2457 3539 2512 in

1968 2567 1987 2599 ε
2033 2547 2408 2616 iniquitatibus
2436 2547 2569 2610 suis,
2619 2547 2672 2602 in
2707 2556 2850 2602 terra
2894 2548 3230 2604 inimicorum
3275 2564 3541 2614 suorum;

1969 2664 1987 2696 ι
2031 2652 2086 2699 et
2115 2651 2566 2715 propterpeccata
2602 2650 2813 2712 patrum
2839 2658 3058 2698 suorum
3090 2652 3144 2700 et
3166 2660 3262 2699 sua
3297 2643 3540 2714 affligen-

1971 2751 1990 2783 ‹
2030 2741 2133 2794 tur,
2183 2732 2355 2786 donec
2385 2730 2751 2786 conﬁteantur
2789 2731 3100 2801 iniquitates
3124 2750 3271 2800 suas,
3298 2743 3353 2789 et
3379 2728 3540 2804 majo‘

1971 2842 1989 2875 ι
2031 2839 2151 2878 rum
2180 2837 2402 2877 suorum
2435 2864 2448 2886 ,
2481 2822 2678 2893 quibus
2697 2824 3032 2892 praevaricati
3065 2833 3193 2880 sunt
3230 2825 3284 2879 in
3331 2840 3437 2889 me,
3492 2837 3548 2881 et

1970 2933 1989 2965 ‹
2037 2913 2452 2968 ambulaverunt
2495 2927 2560 2967 ex
2594 2913 2822 2969 adverso
2851 2915 3002 2968 mihi.
3037 2914 3337 2971 Ambulabo
3386 2916 3539 2987 igitu:

1970 3027 1990 3059 ‹
2035 3017 2091 3063 et
2135 3021 2234 3078 ego
2282 3013 2472 3060 contra
2516 3018 2634 3070 eos,
2685 3017 2739 3060 et
2794 3005 3044 3061 inducam
3096 3007 3218 3062 illos
3252 3007 3306 3061 in
3348 3016 3546 3062 terram

1969 3119 1988 3150 «
2033 3097 2320 3162 hostilem,
2377 3096 2548 3150 donec.
2609 3097 2895 3151 erubescat
2953 3097 3332 3152 incircumcisa
3398 3113 3550 3152 mens

1970 3208 1990 3241 ‹
2035 3204 2245 3246 eorum.
2294 3187 2446 3242 Tunc
2481 3188 2712 3242 orabunt
2754 3203 2851 3257 pro
2901 3189 3268 3260 impietatibus
3311 3193 3444 3257 suis,
3497 3200 3552 3248 et

1971 3303 1988 3334 ι
2036 3280 2364 3338 recordabor
2390 3279 2612 3334 foederis
2659 3281 2765 3336 mei
2805 3283 2948 3352 quod
2999 3283 3176 3354 pepigi
3209 3299 3331 3338 cum
3375 3284 3550 3341 Abra-

267 3347 375 3446 ῥιπὶ
399 3347 516 3434 dies
548 3375 726 3447 juncti
756 3372 937 3435 simul,
961 3372 1100 3426 ﬁunt
1123 3347 1501 3440 quadringenti
1533 3369 1776 3440 triginta,
1807 3378 1861 3424 et
1888 3347 1933 3412 (ί
1971 3395 1990 3429 ι
2035 3379 2196 3445 ham,
2231 3385 2287 3434 et
2322 3373 2504 3442 Isaac,
2553 3384 2607 3430 et
2647 3347 3017 3446 Jacob—(vet's:
3041 3347 3153 3441 5—8:
3170 3376 3262 3443 59,
3302 3377 3396 3442 40,
3457 3379 3548 3445 AI,

266 3487 369 3544 pro
412 3470 639 3527 totidem
688 3469 1012 3536 deputantur
1056 3464 1242 3528 annis;
1277 3463 1489 3518 dicente
1535 3463 1762 3517 Domino
1793 3456 1862 3517 ad

268 3562 522 3618 eumdem
552 3557 915 3627 prophetam:
975 3571 993 3603 ι
1029 3553 1184 3606 Diem
1234 3566 1334 3620 pro
1362 3565 1524 3614 anno,
1580 3551 1742 3615 diem,
1776 3551 1861 3604 in-

274 3669 463 3723 quam,
510 3664 612 3720 pro
663 3661 805 3702 anno
856 3645 979 3700 dedi
1036 3644 1132 3698 tibi
1185 3643 1401 3714 (Ezech.
1455 3644 1551 3714 tv).
1591 3662 1608 3694 ι
1663 3641 1866 3697 Scribit

273 3746 458 3813 itaque
479 3739 736 3810 praefatus
749 3737 956 3802 doctor,
973 3743 1030 3790 et
1051 3735 1397 3790 vanissimam
1411 3748 1559 3802 spem
1586 3747 1772 3786 eorum
1801 3732 1869 3788 de

271 3834 616 3892 absolutione
661 3829 1022 3901 captivitatis,
1073 3828 1128 3883 in
1181 3844 1287 3899 qua
1338 3843 1481 3882 nunc
1531 3827 1863 3892 detinentur,

270 3929 359 3985 his
408 3923 594 3980 verbis
631 3921 872 3992 exponit,
920 3919 1104 3975 dicens
1179 3917 1264 3991 (S.
1321 3917 1542 3972 Hieron.
1593 3918 1648 3971 in
1706 3935 1752 3971 ε.
1813 3933 1866 3970 ιν

269 4020 533 4091 Ezech.):
564 4035 584 4072 ‹
612 4015 783 4072 Judaei
803 4031 833 4068 a
858 4012 1098 4070 secundo
1119 4011 1260 4066 anno
1283 4010 1624 4081 Vespasiani,
1649 4009 1866 4080 quando

269 4113 613 4172 Hierusalem
653 4127 684 4165 a
711 4107 973 4164 Romanis
1004 4115 1184 4176 capta,
1225 4105 1595 4175 templumque
1639 4105 1866 4160 subver-

271 4223 395 4264 sum
427 4215 530 4271 est,
579 4209 872 4273 supputare
899 4199 1088 4254 volunt
1120 4198 1176 4252 in
1205 4197 1556 4253 tribulatione
1579 4207 1636 4254 et
1663 4214 1864 4269 augus-

272 4301 354 4354 tia
405 4306 461 4354 et
522 4293 856 4366 captivitatis
912 4293 1044 4363 jugo
1096 4289 1281 4361 populi
1341 4290 1624 4346 constituti
1693 4306 1867 4346 annos

272 4389 692 4462 quadringintos
719 4385 960 4455 triginta,
993 4391 1049 4437 et
1071 4383 1150 4438 sic
1170 4382 1351 4438 redire
1374 4382 1636 4454 populum
1666 4383 1732 4437 ad
1755 4383 1869 4453 pri-

273 4485 482 4540 stinum
507 4489 738 4546 statum;
769 4487 828 4532 ut
851 4477 1120 4548 quomodo
1146 4475 1244 4530 ﬁlii
1268 4473 1434 4532 Israel
1462 4475 1869 4546 quadringentis

273 4578 504 4648 triginta
535 4574 692 4629 annis
718 4571 936 4626 fuerunt
967 4570 1022 4624 iu
1051 4567 1310 4640 Egypto,
1350 4568 1430 4622 sic
1456 4567 1510 4622 in
1551 4569 1742 4623 eodem
1770 4584 1870 4622 nu-

274 4683 436 4725 mero
464 4667 682 4721 ﬁniatur
710 4669 954 4719 extrema
990 4660 1315 4730 captivitas:
1345 4658 1715 4728 scriptumque
1748 4674 1870 4714 esse

277 4762 335 4816 in
387 4758 574 4814 Exodo
627 4759 740 4829 (XL,
795 4753 919 4825 112)
954 4772 966 4807 :
1005 4770 1024 4804 ι
1092 4750 1370 4806 Habitatio
1406 4759 1586 4804 autem
1632 4749 1864 4806 ﬁliorum

282 4870 303 4904 ι
354 4849 519 4905 Israel
557 4849 682 4918 quia
725 4846 1111 4901 habitaverunt
1149 4843 1206 4898 in
1257 4852 1402 4899 terra
1447 4841 1688 4914 Egypti,
1737 4845 1863 4898 anni

286 4964 307 4996 ι
347 4940 724 5014 quadringenti
749 4939 968 5010 triginta
987 4946 1134 4993 sunt.
1162 4956 1183 4991 ›
1212 4937 1281 4992 Et
1308 4937 1503 4992 iterum
1528 4952 1682 5010 (vers.
1709 4938 1820 5009 xu)
1850 4957 1862 4992 :

283 5059 303 5090 ι
356 5037 579 5092 Factum
639 5043 724 5090 est
787 5041 909 5104 post
969 5045 1140 5087 annos
1179 5030 1590 5102 quadringintos
1647 5031 1867 5102 triginta

279 5143 537 5202 egressus
582 5135 668 5183 est
691 5126 868 5181 omnis
920 5123 1192 5179 exercitus
1223 5131 1398 5178 nocte.
1460 5122 1564 5177 Iste
1603 5138 1866 5178 annorum

282 5235 547 5276 numerus
580 5217 649 5274 ab
669 5216 895 5272 exordio
918 5213 1248 5285 captivitatis
1273 5228 1482 5278 eorum,
1509 5213 1700 5269 diebus
1720 5213 1864 5269 beati

285 5311 604 5384 Hieronymi
645 5309 873 5368 necdum
926 5314 1044 5361 erat
1092 5304 1377 5374 expletus:
1420 5320 1562 5360 nunc
1600 5319 1732 5359 vero
1760 5319 1868 5361 non

286 5406 464 5462 solum
491 5405 601 5475 jam
629 5401 874 5472 expletus
923 5408 1029 5464 est,
1068 5400 1161 5455 sed
1191 5398 1356 5453 etiam
1401 5396 1515 5452 fere
1543 5397 1866 5464 duplicatus.

286 5497 428 5552 Nam
479 5496 547 5551 ab
591 5494 824 5549 adventu
871 5489 1084 5545 Domini
1138 5488 1438 5545 Salvatoris
1477 5488 1771 5559 octingenti
1817 5497 1874 5544 et

291 5589 647 5661 quadraginta
677 5603 772 5643 sex
798 5584 1284 5655 imprmsentiarum
1317 5591 1696 5652 computantur
1721 5584 1870 5641 anni.

365 5681 482 5737 XX.
543 5681 722 5737 Delusi
771 5688 898 5736 sunt
933 5693 1066 5748 ergo
1095 5693 1236 5732 vana
1268 5677 1672 5747 exspectatione
1701 5677 1872 5747 majo-

295 5789 382 5830 res
412 5788 600 5828 eorum
631 5787 645 5825 :
678 5771 1002 5827 deluduntur
1037 5777 1093 5825 et
1133 5768 1248 5833 isti,
1294 5766 1485 5837 majori
1509 5768 1694 5838 utique
1720 5768 1874 5823 caeci.

297 5875 438 5931 tate;
477 5865 570 5935 qui
622 5879 745 5920 cum
790 5863 1010 5918 videant
1043 5869 1362 5932 praesentem
1403 5860 1768 5931 captivitatem
1823 5866 1878 5914 et

299 5959 612 6018 servitutem
646 5971 822 6024 suam,
853 5971 954 6012 nec
981 5964 1103 6029 post
1151 5955 1492 6028 septuaginta
1540 5970 1710 6013 annos
1735 5955 1878 6012 sicut

1969 3488 1987 3520 ι
2034 3468 2124 3541 42)
2156 3487 2169 3523 :
2222 3489 2241 3521 ι
2287 3468 2344 3525 Si
2374 3486 2558 3526 veram
2585 3469 2811 3525 salutem
2836 3476 2891 3523 et
2915 3467 3219 3523 libertatem
3243 3484 3365 3539 qua:
3391 3469 3444 3524 iu
3467 3471 3552 3526 his

1963 3559 2061 3614 Dei
2087 3560 2269 3616 verbis
2297 3562 2634 3630 promittitur
2662 3567 2987 3631 quaererent,
3023 3558 3134 3629 jam
3158 3559 3360 3617 dudum
3395 3562 3552 3617 intel-

1964 3649 2131 3718 ligere
2184 3653 2488 3718 potuissent
2529 3653 2602 3706 ita
2654 3653 2864 3706 deserta
2907 3651 3046 3705 facta
3082 3665 3204 3707 esse
3245 3654 3552 3708 sanctuaria

1967 3758 2086 3808 sua,
2116 3752 2176 3797 ut
2203 3743 2362 3814 (sicut
2390 3745 2529 3799 Deus
2556 3745 2667 3813 ipse
2690 3741 2935 3812 testatur)
2974 3757 3078 3796 non
3105 3745 3332 3812 recipiat
3365 3747 3434 3798 ab
3471 3748 3552 3800 cis

1967 3833 2110 3888 ultra
2151 3833 2370 3890 odorem
2407 3834 2809 3898 suavissimum,
2858 3848 2956 3889 nec
2987 3848 3173 3888 eorum
3206 3838 3545 3890 restauratio-

1967 3941 2126 3992 nem,
2188 3942 2307 3996 quaa
2365 3925 2509 3980 nulla
2566 3932 2684 3990 est,
2739 3931 3154 3994 exspectarent;
3203 3923 3296 3980 sed
3348 3924 3552 3994 seipsos

1966 4017 2351 4072 restaurandos
2399 4016 2676 4071 humiliter
2715 4016 2826 4070 Deo
2890 4012 3207 4080 subderent,
3245 4014 3552 4070 conﬁtendo

1966 4112 2281 4182 iniquitates
2342 4127 2468 4166 suas
2529 4119 2584 4165 et
2638 4107 2906 4178 majorum
2957 4122 3203 4172 suorum,
3249 4119 3306 4162 et
3347 4109 3553 4164 orando

1965 4221 2063 4275 pro
2097 4205 2465 4277 impietatibus
2502 4203 2638 4269 suis,
2665 4211 2724 4257 ut
2745 4199 3129 4272 indulgentiam
3159 4202 3416 4272 consequi
3441 4216 3552 4256 me-

1967 4304 2238 4350 rerentur.
2288 4293 2392 4349 Sed
2442 4294 2565 4363 quia
2610 4292 2839 4347 necdum
2877 4291 3148 4346 erubescit
3172 4291 3550 4349 incircumcisa

1969 4402 2121 4442 mens
2145 4402 2353 4452 eorum,
2385 4394 2578 4456 putant
2597 4382 3070 4456 pseudocbristum
3093 4399 3248 4438 suum
3273 4401 3548 4456 nunquam

1968 4478 2129 4545 mori,
2163 4485 2253 4532 aut
2277 4492 2578 4546 resurgere,
2621 4475 2713 4531 sed
2756 4475 2811 4529 in
2855 4482 3117 4529 aeternum
3153 4475 3374 4531 vivere:
3405 4488 3460 4533 et
3484 4494 3553 4533 ex

1973 4569 2060 4624 illa
2089 4569 2390 4624 retrusionc
2416 4583 2514 4623 sua
2536 4566 2716 4623 subito
2741 4565 2798 4621 in
2828 4563 3064 4646 nubibus
3094 4566 3220 4622 coeli
3247 4568 3551 4625 venientem

1973 4675 2252 4733 apparere.

2044 4753 2185 4808 XXI.
2241 4753 2395 4808 Sicut
2424 4752 2589 4808 etiam
2639 4749 2858 4821 quidam
2897 4748 3192 4806 inﬁdelium
3246 4751 3554 4810 Judaeorum

1971 4860 2138 4915 prava
2168 4845 2421 4915 opinione
2456 4843 2688 4914 decepti,
2717 4842 2842 4913 quia
2890 4841 3204 4912 frequenter
3229 4844 3285 4901 in
3309 4844 3555 4917 Scriptu-

1972 4939 2048 4994 ris
2077 4938 2144 4993 de
2172 4937 2392 4993 Christo
2417 4932 2716 5007 audierant]
2733 4934 2876 5005 quod
2904 4949 3127 5006 regnum
3153 4934 3270 5005 ejus
3306 4950 3450 4994 esset
3500 4940 3555 4994 in

1972 5038 2256 5095 aeternum,
2304 5029 2444 5083 sicut
2475 5027 2528 5081 in
2566 5026 2707 5081 Isaia
2749 5025 2950 5097 legitur
2991 5044 3005 5082 :
3045 5046 3065 5079 ‹
3117 5026 3558 5098 Μυιιίριίθεὺίωι·

1978 5139 1998 5174 ι
2044 5122 2161 5193 ejus
2213 5120 2521 5190 imperium,
2558 5128 2612 5173 et
2664 5119 2816 5188 pacis
2874 5134 2980 5174 non
3041 5119 3145 5174 erit
3197 5119 3557 5192 ﬁnis:super

1975 5233 1994 5267 ‹
2039 5211 2232 5269 solium
2269 5211 2460 5276 David,
2505 5219 2560 5265 et
2596 5225 2758 5280 super
2783 5224 3007 5282 regnum
3034 5209 3151 5280 ejus
3195 5212 3442 5277 sedebit;
3495 5218 3556 5264 ut

1975 5327 1994 5360 ι
2041 5304 2324 5362 conﬁrmet
2349 5304 2568 5370 illud,et
2598 5305 2912 5360 corroboret
2931 5304 2984 5358 in
3003 5303 3208 5375 judicio
3238 5313 3294 5360 et
3317 5303 3554 5373 justitia,

1978 5419 1997 5452 ι
2042 5398 2255 5462 amodo,
2301 5405 2355 5452 et
2380 5412 2550 5468 usque
2602 5397 2656 5451 in
2694 5395 3087 5466 sempiternum
3117 5395 3250 5466 (Isa.
3294 5411 3373 5460 ιχ,
3417 5397 3493 5466 7);
3533 5417 3548 5445 ι

1979 5509 1998 5542 ι
2045 5498 2099 5544 et
2148 5490 2202 5544 in
2230 5489 2444 5544 Psalmo
2479 5507 2491 5543 :
2525 5507 2544 5540 ‹
2585 5487 2653 5542 Et
2686 5489 2914 5544 thronus
2944 5486 3059 5558 ejus
3107 5487 3248 5543 sicut
3287 5486 3403 5541 dies
3433 5488 3554 5544 caeli

1984 5601 2005 5635 ‹
2048 5581 2220 5652 (Psal.
2280 5595 2556 5645 Lxxxvm,
2601 5579 2725 5650 50);
2764 5599 2783 5632 ›
2821 5589 2878 5633 et
2900 5578 3095 5633 iterum
3127 5595 3139 5630 :
3177 5593 3195 5625 ‹
3233 5575 3300 5630 Et
3331 5577 3558 5636 thronus

1984 5693 2004 5728 ι
2052 5671 2168 5742 eius
2185 5673 2326 5729 sicut
2356 5672 2435 5727 sol
2464 5673 2518 5727 in
2541 5683 2830 5743 conspectu
2856 5684 3000 5736 meo,
3028 5677 3084 5723 et
3102 5668 3247 5723 sicut
3273 5668 3401 5726 luna
3429 5686 3554 5741 per-

1986 5784 2003 5818 ι
2051 5763 2188 5820 [ecta
2216 5747 2271 5818 in
2313 5771 2573 5818 aeternum
2601 5762 2751 5836 (vers.
2780 5761 2906 5831 57);
2945 5779 2962 5812 ι
3000 5760 3264 5832 putabant
3307 5765 3557 5819 eumdem

1979 5858 2252 5914 Christum
2281 5857 2372 5926 qui
2403 5869 2468 5909 ex
2514 5856 2629 5926 lege
2672 5863 2727 5911 et
2761 5855 3040 5924 prophetis
3065 5863 3147 5910 est
3175 5856 3558 5926 repromissus,

1979 5967 2256 6024 nunquam
2283 5950 2609 6008 moriturum
2663 5966 2674 6003 :
2702 5956 2772 6021 et
2808 5947 3035 6005 Domino
3063 5945 3192 6005 Jesu
3219 5947 3438 6005 Christo
3484 5947 3553 6003 de
