4032 6468
445 428 548 485 155

1642 420 1994 479 AMULONIS
2034 420 2246 479 EPlSC.
2285 423 2492 491 ωδε).

3590 428 3705 493 156

442 558 540 599 sua
584 543 833 627 passione
863 543 1102 614 loquenti
1131 540 1293 612 (sicut
1322 539 1377 594 in
1408 538 1700 610 Evangelio
1747 538 2014 610 scriptum
2040 544 2091 605 Α
2119 554 2240 609 qua:
2274 555 2341 595 ex
2371 542 2513 596 tribu
2536 541 2675 623 Juda
2703 542 2873 609 electa
2896 552 3002 627 est,
3025 542 3191 621 ludas
3221 540 3537 619 appellatur.
3565 539 3708 599 Inde

440 630 546 708 est)
572 624 922 705 objiciebant,
946 634 1182 689 dicentes
1215 650 1227 686 :
1265 651 1282 682 ‹
1315 629 1423 687 Nos
1455 629 1759 686 audivimus
1787 645 1853 684 ex
1878 628 2019 700 lege,

446 744 467 778 ι
504 726 630 797 quia
668 726 916 782 Christus
969 732 1150 779 manet
1168 723 1221 778 in
1272 731 1555 778 aeternum.
1619 721 1898 789 Quomodo
1965 729 2021 777 tu

445 837 466 871 ι
508 817 644 874 dicis
689 833 705 872 :
759 800 981 893 Oportet
1030 814 1254 868 exaltari
1310 813 1478 868 ﬁlium
1522 810 1796 868 hominis?
1836 809 2019 879 (Joan.

441 925 553 975 xu,
595 892 721 980 34.)
764 928 782 960 ι
818 898 920 975 Sed
975 923 1074 961 nec
1104 906 1192 961 isti
1240 905 1643 977 intelligebant,
1678 920 1777 959 nec
1813 904 1901 959 isti
1935 903 2020 957 in-

436 1002 698 1072 telligunt.
714 988 717 997 ’
733 998 1020 1073 quiajuxta
1044 988 1269 1055 easdem
1291 1000 1496 1055 divinas
1525 999 1831 1071 Seripturas
1844 998 2023 1054 nullus

438 1095 576 1150 alius
633 1080 1230 1149 Christus’credendus
1276 1102 1393 1158 est,
1454 1092 1557 1147 nisi
1597 1093 1688 1164 qui
1747 1108 1841 1161 pro
1898 1105 2022 1161 pec-

434 1186 569 1241 catis
605 1183 782 1256 populi
832 1182 925 1239 Dei
978 1199 1104 1240 vere
1139 1192 1220 1238 est
1264 1167 1509 1238 mortuus
1544 1191 1599 1237 et
1632 1168 1871 1252 sepultus
1912 1195 1927 1234 :
1968 1188 2023 1235 et

434 1289 754 1345 resurgens,
810 1273 951 1328 ultra
1011 1289 1118 1329 non
1177 1274 1439 1340 moritur,
1514 1282 1573 1328 ut
1625 1288 1752 1328 vere
1804 1289 1942 1327 mani
1965 1282 2020 1326 at

433 1362 487 1416 in
520 1374 814 1429 aeternum;
860 1372 1092 1419 testante
1130 1364 1360 1419 Domino
1412 1380 1509 1435 per
1550 1364 1739 1418 Isaiam
1780 1364 2016 1433 prophe-

432 1463 541 1509 tam
584 1473 597 1510 :
641 1475 660 1508 α
690 1451 917 1526 Propter
945 1457 1119 1513 scelus
1152 1457 1329 1528 populi
1365 1459 1470 1512 mei
1502 1457 1742 1528 percussi
1766 1472 1888 1511 eum
1919 1475 1929 1510 :
1964 1450 2017 1509 et

439 1564 459 1596 ‹
500 1546 650 1601 dabit
688 1546 883 1617 impios
922 1564 1021 1618 pro
1065 1549 1363 1618 sepultura,
1404 1549 1665 1605 etdivites
1711 1564 1808 1618 pro
1844 1557 2017 1602 morte

437 1656 457 1689 ι
503 1653 597 1694 sua
634 1638 901 1709 (Ismeni,
922 1640 975 1706 8,
1000 1640 1075 1712 9).
1112 1660 1130 1693 ι
1165 1640 1440 1696 Etiterum
1470 1658 1483 1671 -
1514 1659 1533 1691 ι
1570 1639 1627 1696 Si
1657 1640 1895 1711 posuerit
1918 1654 2017 1708 pro

439 1745 458 1778 α
502 1737 726 1798 peccato
752 1731 989 1785 animam
1017 1746 1188 1797 suam,
1224 1722 1428 1786 videbit
1459 1748 1641 1787 semen
1668 1732 1965 1802 longmvum
2000 1750 2012 1784 :

437 1837 454 1868 ‹
501 1829 556 1872 ει
580 1819 831 1875 voluntas
857 1821 1066 1876 Domini
1092 1821 1145 1875 in
1190 1837 1351 1877 tnanu
1385 1816 1526 1877 illius
1554 1823 1818 1893 dirigetur
1858 1821 2012 1892 (τετε.

2123 639 2207 685 εει
2254 632 2400 701 quod
2436 633 2631 703 smpius
2684 633 2884 704 legitur
2909 630 3072 706 (Reg.
3118 648 3177 688 tn
3207 640 3257 687 et
3304 632 3389 704 Iv)
3420 630 3486 687 de
3524 630 3645 685 istis
3682 646 3703 684 :

2128 737 2148 772 ι
2194 719 2335 776 Ecce
2363 722 2479 777 haec
2503 724 2705 796 scripta
2744 710 2869 780 sunt
2899 725 2951 779 in
2994 706 3459 779 librotVerborum
3485 723 3703 777 dierum

2129 830 2147 863 α
2194 829 2379 883 regum
2405 812 2573 882 Juda;
2607 837 2625 869 ι
2655 816 2722 873 de
2745 802 2888 873 illis:
2928 836 2946 869 ι
2965 816 3103 895 Ecce
3127 802 3322 895 scripta
3345 828 3470 895 sunt
3489 816 3542 870 in
3561 815 3710 873 libro

2130 922 2149 955 ι
2196 902 2497 961 Verborum
2541 908 2750 964 dierum
2782 925 2968 982 regum
2995 894 3180 965 Israel.
3215 894 3232 961 ὲ
3267 908 3344 964 De
3382 894 3500 964 istis
3547 924 3707 962 nam-

2121 1009 2226 1064 que
2252 988 2457 1053 duabus
2492 1000 2736 1077 partibus
2774 1000 2951 1071 populi
2980 1002 3031 1055 in
3065 984 3171 1080 duo
3199 1016 3362 1080 regna
3396 1000 3573 1064 divisi,
3606 1013 3709 1069 per

2119 1085 2259 1142 Osee
2297 1088 2494 1144 dicitur
2527 1110 2538 1145 :
2576 1111 2593 1141 ε
2623 1074 2760 1159 Quid
2805 1092 2997 1175 faciam
3048 1074 3165 1173 tibi,
3220 1074 3513 1193 Ephraim?
3561 1090 3708 1160 Quid

2127 1198 2146 1231 ι
2178 1179 2375 1236 faciam
2410 1182 2530 1248 tibi,
2558 1184 2694 1239 Juda
2724 1185 2871 1257 (Ose.
2896 1166 2985 1250 ‘Vl,
3008 1166 3064 1258 4)
3089 1186 3113 1239 ?
3150 1207 3168 1238 ι
3198 1166 3333 1241 Htiic
3350 1202 3479 1258 ergo
3505 1184 3711 1259 populo

2118 1269 2304 1336 Israel,
2346 1280 2400 1326 et
2448 1273 2724 1345 Ephraim,
2769 1290 2868 1357 per
2898 1272 3185 1351 Jeroboatn
3229 1276 3394 1331 ﬁlium
3436 1274 3650 1329 Nabatlt
3679 1286 3711 1327 a

2119 1362 2280 1417 domo
2303 1365 2472 1419 David
2507 1375 2779 1437 separato,
2810 1376 2864 1423 et
2893 1384 2921 1427 θ
2952 1367 3150 1440 templo
3186 1368 3279 1423 Dei
3306 1367 3581 1432 alienato;
3616 1364 3712 1435 qui

2118 1455 2315 1510 vitulos
2370 1472 2565 1513 aureos
2607 1448 2777 1514 coluit
2818 1461 2872 1515 in
2903 1458 3111 1541 Bethel,
3157 1468 3211 1519 et
3253 1460 3306 1514 in
3356 1461 3494 1523 Dan,
3538 1472 3715 1527 usque

2119 1544 2186 1600 ad
2229 1546 2370 1600 diem
2409 1549 2737 1619 captivitatis
2764 1567 2874 1605 sua:
2901 1570 2913 1603 τ
2949 1560 3004 1605 ει
3030 1550 3106 1624 sic
3147 1567 3176 1605 a
3208 1550 3424 1624 regibus
3454 1550 3714 1621 Assyrio-

2121 1650 2239 1688 rum
2280 1635 2474 1692 ductus
2519 1647 2603 1693 est
2655 1640 2708 1694 in
2756 1650 3014 1696 aeternam
3051 1622 3446 1719 captivitatem,
3498 1639 3717 1695 dicente

2125 1727 2350 1782 Domino
2379 1743 2476 1798 per
2501 1728 2637 1785 Osee
2664 1749 2675 1784 :
2713 1751 2731 1782 ι
2764 1719 2902 1798 ριιίε
2932 1746 3036 1786 non
3067 1732 3259 1787 addam
3286 1730 3425 1784 ultra
3465 1727 3716 1784 misereri

2126 1836 2143 1868 ‹
2189 1817 2372 1873 domui
2428 1820 2634 1887 Israel,
2699 1814 2792 1877 sed
2854 1822 3125 1878 oblivione
3183 1822 3475 1878 obliviscar
3524 1834 3717 1874 eorum

436 1926 456 1961 ε
487 1908 593 1977 10).
634 1930 652 1963 ι
703 1911 765 1965 Et
787 1922 903 1983 post
924 1928 1121 1981 pauca:
1158 1931 1176 1963 ι
1216 1914 1420 1969 Idcirco
1448 1914 1764 1984 dispertlam
1781 1914 1831 1969 ei
1855 1913 2020 1982 pluri-
2049 1905 2094 1965 Β
2129 1930 2146 1963 ‹
2196 1910 2341 1981 (Ose.
2368 1928 2405 1979 t,
2431 1912 2506 1980 6).
2540 1935 2558 1966 ι
2593 1899 2749 1980 Huic,
2780 1915 3019 1991 inquam,
3063 1914 3257 1987 populo
3294 1916 3345 1968 in
3395 1928 3613 1984 magna,
3663 1919 3720 1966 et

436 2021 454 2053 ς
503 2018 639 2069 mos,
689 2014 744 2060 et
789 2006 1008 2061 fortium
1037 2007 1237 2062 dividet
1259 2008 1453 2077 spolia,
1482 2023 1580 2078 pro
1602 2022 1667 2062 eo
1698 2006 1839 2076 quod
1870 2006 2019 2061 dedit

437 2110 456 2143 ι
500 2093 552 2147 in
591 2105 763 2151 morte
798 2099 1037 2152 animam
1070 2114 1223 2154 suam
1254 2101 1410 2171 (vers.
1476 2099 1583 2171 12),
1624 2118 1644 2152 ι
1714 2109 1769 2154 ει
1799 2108 2014 2153 caetera.

428 2183 501 2237 ita
532 2195 819 2260 utrumque
849 2192 1247 2261 prophetatum,
1291 2200 1348 2247 et
1383 2200 1673 2263 utrumque
1708 2201 1792 2245 est
1829 2205 2016 2246 verum

428 2283 487 2337 in
534 2281 772 2347 Christo,
822 2276 878 2336 et
920 2298 1068 2339 mors
1095 2284 1162 2338 ad
1211 2293 1447 2354 tempus;
1494 2293 1548 2337 et
1595 2293 1718 2355 post
1760 2292 2015 2348 mortem,

428 2371 845 2429 resurrectionis
878 2373 1047 2443 gloria
1086 2373 1139 2428 in
1185 2383 1465 2429 aeternum.
1526 2373 1601 2429 De
1665 2389 1774 2444 quo
1836 2382 2017 2429 autem

430 2465 534 2520 alio
563 2465 779 2520 Christo
806 2465 991 2520 Daniel
1014 2468 1274 2539 propheta
1296 2467 1474 2522 dicere
1496 2466 1796 2537 potuisset:
1824 2485 1841 2517 ‹
1863 2465 2019 2536 Aspi-

436 2573 455 2606 ι
502 2553 710 2610 ciebam
746 2555 798 2609 in
840 2555 1048 2611 visione
1080 2572 1197 2612 mea
1221 2568 1409 2622 nocte;
1454 2565 1505 2610 et
1556 2570 1685 2610 ecce
1715 2570 1837 2610 cum
1864 2556 2020 2610 nubi-

437 2665 456 2699 t
500 2648 601 2703 bus
620 2650 774 2718 quasi
803 2648 945 2704 ﬁlius
976 2650 1211 2706 hominis
1239 2646 1491 2705 veniebat
1520 2648 1679 2720 (Dan.
1711 2664 1808 2715 vn,
1850 2648 1959 2717 l3),
1995 2669 2014 2701 ι

432 2745 486 2793 ει
513 2748 746 2803 caetera;
801 2739 903 2793 nisi
940 2739 1006 2793 de
1038 2739 1128 2793 illo
1171 2739 1263 2809 qui
1299 2738 1366 2793 ab
1403 2738 1522 2793 istis
1550 2746 1633 2792 est
1664 2739 2021 2807 rcprobatus?

432 2828 586 2884 Sicut
624 2829 679 2884 in
730 2828 832 2884 alia
887 2829 1097 2888 visione
1128 2829 1290 2901 (quod
1317 2820 1373 2885 et
1408 2838 1570 2900 snpra
1597 2825 1849 2900 diximus)
1878 2828 2019 2884 idem

432 2922 620 2977 Daniel
656 2923 1002 2993 praenuntiat,
1026 2923 1251 2980 dicens:
1285 2943 1301 2975 ι
1332 2923 1399 2979 Et
1422 2932 1542 2993 post
1574 2922 1855 2992 sexaginta
1886 2921 2021 2977 duas

439 3030 457 3063 ι
504 3004 875 3069 hebdomadas
911 3014 1191 3070 occidetur
1208 3012 1462 3070 Christus
1492 3031 1504 3067 :
1546 3021 1600 3068 et
1635 3029 1741 3067 non
1770 3004 1876 3067 erit
1904 3012 2022 3082 ejus

439 3121 458 3155 ι
494 3105 725 3176 populus
758 3124 772 3159 :
803 3114 859 3160 et
909 3106 1184 3161 civitatem
1224 3115 1279 3161 et
1326 3104 1720 3161 sanctuariunf'
1741 3104 2024 3174 dissipabit

436 3214 457 3248 ι
492 3197 722 3267 populus
751 3212 873 3252 cum
902 3198 1041 3253 duce
1090 3207 1318 3269 venturo
1347 3196 1511 3269 (Ibid.
1536 3213 1615 3263 ix,
1643 3196 1759 3271 26).
1785 3213 1805 3249 ι

2121 2017 2247 2057 vere
2274 2019 2466 2075 magna
2493 1996 2865 2062 consolatione
2892 1996 3248 2078 promittitur,
3286 2006 3429 2075 quod
3458 2005 3549 2076 qui
3572 2012 3717 2057 tem-

2120 2094 2321 2163 poralis
2370 2096 2700 2166 captivitatis
2728 2096 2859 2167 jugo
2891 2111 3166 2166 nunquam
3195 2104 3433 2163 meretur
3468 2094 3715 2160 absolvi,

2122 2186 2175 2240 in
2207 2188 2438 2241 adventu
2497 2187 2709 2243 Domini
2752 2188 3069 2253 Salvatoris,
3125 2188 3167 2243 si
3214 2189 3265 2243 in
3320 2204 3441 2243 eum
3486 2189 3718 2244 credere

2122 2279 2371 2347 voluerit,
2416 2289 2619 2335 tantam
2673 2282 2897 2353 recipiat
2942 2281 3274 2359 felicitatem,
3327 2290 3382 2335 ut
3430 2284 3523 2336 fiat
3569 2282 3719 2337 Deus

2120 2372 2303 2427 lsraeli
2360 2382 2534 2444 pater,
2583 2383 2636 2428 et
2681 2374 2938 2445 Ephraim
2983 2375 3374 2446 primogenitus
3425 2375 3544 2445 ejus
3596 2375 3713 2430 sit:

2122 2481 2447 2534 recuperans
2487 2468 2737 2522 videlicet
2768 2468 2909 2524 illam
2938 2470 3186 2540 gloriam,
3210 2486 3373 2541 quam
3403 2471 3715 2540 antiquitus

2120 2568 2184 2608 ex
2226 2544 2460 2629 Egyth
2487 2556 2746 2612 liberatus
2769 2568 3052 2629 acceperat
3077 2549 3119 2626 ;’
3145 2560 3359 2615 dicente
3388 2560 3619 2615 Domino
3644 2561 3719 2616 ad

2119 2649 2456 2705 Pharaonem
2510 2670 2582 2705 ε(
2636 2650 2806 2727 Filius
2858 2653 3247 2725 primogenitus
3293 2669 3446 2709 meus
3504 2651 3716 2711 Israel:

2126 2760 2145 2793 ι
2190 2742 2401 2796 dimitte
2424 2754 2567 2823 eum,
2593 2744 2869 2799 utserviat
2898 2730 3253 2815 mihi-(Exod.
3283 2747 3469 2809 tv,22.
3499 2746 3617 2817 25).
3655 2765 3674 2800 ο

2192 2834 2379 2911 XXlll.
2429 2836 2562 2892 Cum
2588 2838 2772 2909 itaque
2795 2846 2907 2892 tam
2931 2837 3076 2893 clara
3097 2839 3166 2892 sit
3195 2839 3353 2911 hujus
3378 2840 3452 2894 rei
3483 2840 3713 2904 veritas,

2122 2940 2219 2980 cur
2266 2910 2367 2981 sibi
2421 2926 2520 2996 ipsi
2552 2927 2619 2982 de
2647 2925 2765 2983 luce
2793 2929 3041 2983 tenebras
3071 2927 3319 2983 faciunt?
3369 2929 3479 2985 Cur
3514 2930 3715 2985 audent

2122 3015 2322 3082 dicere,
2355 3033 2418 3072 ex
2467 3017 2723 3088 Ephraim
2766 3021 2950 3077 nescio
2998 3035 3157 3091 quem
3188 3021 3459 3088 Messiam,
3505 3023 3558 3078 id
3610 3033 3713 3088 est,

2124 3108 2387 3163 unctum?
2432 3107 2687 3180 Nunquid
2737 3111 2881 3166 enim
2937 3110 3061 3182 quia
3114 3114 3542 3185 primogenitus,
3593 3115 3716 3170 ideo

2126 3196 2291 3252 etiam
2352 3198 2593 3252 unctus?
2648 3214 2773 3254 cum
2828 3199 2895 3255 de
2940 3200 3086 3255 omni
3130 3202 3454 3271 generaliter
3513 3204 3714 3275 populo

507 3286 668 3343 XXII.
723 3286 824 3345 Ubi
853 3298 1032 3345 autem
1055 3305 1291 3361 unquam
1324 3290 1571 3362 legerunt
1596 3289 1823 3346 alterum
1853 3304 2018 3360 pseu—
2043 3274 2088 3336 C
2119 3288 2322 3344 dictum
2349 3289 2419 3344 sit
2446 3306 2461 3346 :
2501 3307 2519 3341 ι
2549 3288 2718 3346 Filius
2749 3291 3140 3363 primogenitus
3168 3308 3321 3349 meus
3356 3274 3558 3350 Israel:
3592 3274 3616 3349 ν»
3662 3306 3717 3352 et

433 3381 771 3436 dochristum
823 3398 1020 3448 suum,
1072 3398 1231 3457 quem
1288 3384 1569 3465 nominant
1620 3383 1873 3461 ntessiam
1913 3385 2018 3439 ben
2119 3387 2303 3434 tamen
2334 3379 2602 3436 unctionis
2651 3380 2879 3453 gloriam
2902 3391 3101 3451 praeter
3149 3384 3365 3439 domum
3405 3387 3714 3442 sacerdota-

432 3471 745 3544 Ephraim?
792 3473 923 3542 Quis
974 3473 1264 3547 aliquando
1308 3477 1722 3547 prophetarum,
1761 3493 1826 3532 ex
1875 3477 2019 3530 tribu
2119 3470 2226 3526 lem
2254 3476 2308 3526 et
2335 3471 2553 3527 domum
2584 3473 2787 3544 regiam
2823 3464 2926 3527 non
2969 3474 3224 3545 accepit?
3260 3466 3497 3531 Audiam
3523 3490 3710 3534 contra

434 3564 693 3636 Ephraim
730 3564 978 3621 Messiam
1026 3558 1459 3623 venturum'esse
1487 3566 1779 3639 prtedixit?
1831 3565 2019 3622 Nonne
2119 3575 2363 3635 errorem
2394 3577 2571 3629 suum.
2604 3564 2766 3619 etiam
2813 3572 3102 3635 antequam
3149 3563 3237 3620 illa
3288 3565 3480 3622 diViSiO
3525 3570 3709 3640 populi

437 3664 492 3713 et
513 3653 680 3714 Iacob
704 3654 1043 3735 patriarcha,
1060 3660 1114 3714 in
1138 3659 1606 3715 benedictionibus
1632 3658 1866 3714 ﬁliorum
1896 3674 2023 3715 suo-

436 3764 579 3816 rum,
629 3760 686 3806 et
728 3766 919 3806 omnes
947 3751 1199 3822 deinceps
1247 3752 1544 3823 prophetae,
1585 3752 1650 3808 de
1689 3752 1834 3806 tribu
1881 3749 2018 3806 Juda

436 3848 492 3895 et
537 3839 605 3895 de
658 3840 819 3896 domo
875 3841 1042 3897 David
1097 3858 1221 3897 eum
1265 3852 1554 3898 venturum
1609 3842 1791 3898 testati
1842 3842 2019 3896 sunt?

435 3929 626 3987 Nonne
664 3932 965 3988 clarissime
992 3942 1233 4004 apparet,
1280 3934 1407 4007 quia
1456 3936 1559 3990 hoc
1588 3934 1749 3988 nimis
1797 3942 2023 3988 conten-

437 4022 579 4077 tiosa
614 4030 671 4077 et
713 4010 859 4079 emea-
900 4024 1199 4095 impietatis
1245 4024 1540 4081 obstinatio
1569 4024 1917 4093 excogitavit,
1963 4032 2023 4078 ut

438 4132 504 4173 eo
552 4117 670 4173 loco
698 4118 791 4172 ubi
819 4119 958 4189 apud
982 4106 1305 4192 Zachariam
1335 4121 1653 4193 prophetam
1682 4117 2023 4187 apertissime

440 4207 507 4262 dc
541 4204 759 4262 Christo
790 4249 805 4274 ,
835 4208 925 4278 qui
961 4207 1028 4263 ab
1058 4210 1138 4264 eis
1166 4208 1458 4264 cruciﬁxus
1487 4217 1592 4274 est,
1626 4209 1825 4280 legitur
1854 4224 1868 4262 :
1902 4227 1919 4259 ‹
1958 4207 2024 4262 Et

446 4316 466 4350 ι
512 4298 766 4369 plangent
805 4315 930 4355 eum
976 4300 1192 4371 planctu
1237 4302 1391 4377 quasi
1433 4315 1596 4370 super
1646 4300 2019 4373 unigenitum:

448 4411 467 4444 ι
509 4399 564 4447 et
595 4391 851 4447 dolebant
907 4409 1068 4465 super
1102 4409 1189 4459 eo,
1238 4402 1296 4448 ut
1341 4391 1508 4448 doleri
1562 4390 1698 4448 solet
1735 4392 1788 4446 in
1851 4400 2025 4447 morte

446 4500 468 4535 ι
512 4482 856 4554 primogeniti
891 4478 1079 4554 (Zach.
1129 4482 1381 4556 xn,10);
1417 4502 1434 4535 ι
1479 4497 1544 4538 ex
1577 4485 1862 4538 occasione
1904 4482 2022 4538 illo-

443 4566 564 4630 rum
611 4576 898 4632 verborum
952 4560 1203 4643 Domini,
1257 4576 1452 4648 quibus
1502 4578 1555 4632 in
1602 4576 1836 4633 Jeremia
1887 4576 2024 4633 dici-

442 4758 838 4830 primogenitus
888 4750 1041 4814 meus
1095 4769 1177 4815 est
1229 4760 1442 4833 (larem.
1501 4776 1650 4823 χχιι,
1708 4750 1794 4833 9);
1845 4781 1864 4815 ι
1920 4777 2027 4815 non

446 4850 590 4906 illius
620 4850 713 4929 qui
743 4867 869 4907 vere
895 4862 977 4907 est
1018 4851 1287 4916 Christus,
1321 4853 1417 4907 sed
1438 4853 1661 4908 alterius
1691 4855 1781 4925 qui
1819 4853 1889 4908 ab
1913 4854 2030 4908 istis

446 4950 532 4998 est
582 4940 871 5023 conﬁctas,
922 4942 1121 4997 occisio
1172 4942 1509 5017 intelligitur,
1563 4954 1621 4998 ut
1672 4954 1934 5014 quantum
1976 4944 2029 4998 in

449 5036 581 5106 ipsis
633 5045 736 5102 est,
792 5018 918 5109 vera
971 5036 1171 5091 Christi
1227 5038 1407 5107 passio
1458 5044 1766 5093 evacnetur.
1826 5038 2033 5109 Legant

450 5128 618 5184 libros
647 5129 1059 5201 prophetarum.
1090 5140 1144 5184 et
1171 5129 1406 5184 maxime
1429 5128 1566 5186 Osee
1589 5131 1906 5205 prophetam
1938 5141 2030 5186 :et

450 5222 672 5275 videant
716 5221 903 5279 decem
933 5221 1108 5276 tribus
1154 5220 1336 5292 populi
1381 5221 1684 5288 lsraelitici,
1741 5233 2030 5299 postquam

453 5312 637 5368 scissae
658 5320 784 5368 sunt
809 5328 840 5367 a
872 5312 1030 5366 donto
1058 5311 1244 5375 David,
1282 5322 1336 5368 et
1362 5328 1541 5385 regem
1568 5314 1671 5369 sibi
1704 5314 1757 5369 in
1782 5312 2032 5370 Samaria

454 5404 851 5460 constituerunt
901 5402 1187 5477 Jeroboam
1245 5402 1412 5459 filium
1467 5403 1710 5471 Nabath,
1758 5420 1827 5459 ex
1890 5405 2035 5459 tribu

454 5493 713 5564 Ephraim
737 5510 752 5557 ;
788 5486 1125 5562 frequentius
1152 5509 1258 5559 eas,
1316 5505 1543 5566 propter
1566 5496 1781 5550 domum
1807 5497 2032 5564 regiam,

457 5597 578 5654 quae
617 5583 763 5653 apud
804 5598 899 5637 eos
933 5597 998 5638 ex
1031 5580 1283 5654 Ephraim
1316 5586 1519 5655 coepit:
1547 5593 1603 5641 et
1629 5584 1887 5654 majorem
1916 5600 2039 5655 par-

459 5683 567 5729 tem
612 5675 793 5745 populi
821 5674 985 5731 lsracl
1030 5690 1150 5746 quae
1198 5676 1345 5750 apud
1391 5678 1536 5749 ipsos
1582 5686 1721 5740 erat,
1778 5675 2037 5746 appellari

2052 4629 2105 4691 D

444 4677 533 4723 tur
572 4686 584 4722 :
633 4688 652 4720 ι
711 4668 847 4741 Quia
892 4669 1068 4753 factus
1097 4685 1217 4725 sum
1246 4671 1433 4726 lsraeli
1459 4678 1632 4740 pater,
1666 4680 1721 4726 et
1771 4670 2027 4753 Ephraim
2052 4668 2099 4697 ν

2122 3654 2275 3710 ﬁeret
2325 3658 2426 3711 sub
2456 3655 2696 3712 Roboam
2725 3656 2837 3711 lilio
2862 3656 3184 3723 Salomonis,
3231 3657 3492 3737 psalmum
3532 3662 3717 3717 dicen-

2124 3752 2252 3811 tem,
2280 3754 2336 3801 et
2356 3747 2495 3801 unde
2521 3763 2682 3803 verus
2711 3746 3374 3825 Salvatorexspectandus
3391 3759 3539 3807 esset
3563 3768 3708 3823 aper-

2124 3836 2332 3891 tissime
2358 3844 2788 3911 protestantem:
2821 3855 2843 3888 ‹
2901 3838 2969 3893 Ει
2994 3839 3242 3913 projecit,
3298 3841 3495 3911 inquit,
3539 3845 3709 3899 taber-

2130 3950 2149 3983 ι
2176 3930 2427 4003 naculum
2445 3929 2663 4000 Joseph,
2696 3942 2752 3985 et
2770 3932 2967 3987 tribum
2988 3932 3243 4003 Ephraim
3266 3950 3371 3990 non
3388 3936 3551 4015 elegit
3581 3957 3594 3991 :
3618 3938 3712 3993 sed

2131 4039 2152 4074 ε
2182 4021 2340 4093 elegit
2364 4022 2563 4077 tribum
2589 4022 2724 4078 Juda
2758 4022 2931 4094 (Psal.
2953 4039 3159 4090 Lxxvn,
3183 4024 3270 4091 6‘7,
3306 4024 3415 4099 68).
3442 4046 3461 4079 ι
3502 4026 3573 4083 Et
3592 4038 3716 4099 post

2126 4129 2296 4186 pauca
2326 4129 2341 4168 :
2376 4133 2394 4166 σ
2430 4114 2497 4169 Et
2524 4115 2683 4187 elegit
2710 4115 2878 4170 David
2906 4131 3119 4172 servum
3145 4133 3318 4176 suum.
3359 4127 3414 4173 et
3439 4119 3561 4175 tulit
3590 4138 3713 4176 eum

2134 4225 2153 4258 ι
2199 4206 2267 4261 de
2311 4207 2563 4277 gregibus
2589 4209 2794 4273 ovium,
2850 4218 3167 4279 sequentem
3204 4209 3365 4264 fmtas
3413 4212 3569 4282 (vers.
3620 4212 3711 4277 70,

2134 4316 2152 4348 ‹
2197 4297 2310 4371 7i).
2350 4318 2369 4351 ι
2413 4297 2650 4353 Adduxit
2681 4292 2805 4355 eum
2829 4309 2888 4355 ut
2918 4313 3160 4372 pasceret
3194 4302 3244 4356 in
3267 4299 3436 4358 Jacob
3459 4304 3713 4375 populum

2128 4382 2265 4459 ejus,
2303 4395 2358 4443 et
2411 4386 2466 4443 in
2515 4387 2683 4446 Israel
2734 4390 3103 4471 hatreditatem
3157 4393 3291 4463 ejus.
3346 4394 3421 4448 De
3467 4395 3717 4467 gentibus

2129 4487 2312 4535 autem
2339 4478 2457 4551 Gog
2511 4488 2566 4535 et
2592 4478 2800 4551 Magog,
2829 4483 2968 4538 sicut
2992 4493 3047 4539 et
3070 4484 3136 4540 de
3163 4485 3373 4541 caneris
3398 4487 3715 4556 promissio-

2130 4569 2312 4636 nibus,
2352 4578 2407 4626 et
2447 4556 2955 4629 comminationibus
2993 4575 3344 4645 propheticis,
3392 4592 3515 4648 quae
3555 4578 3720 4634 nimis

2130 4662 2360 4717 obscure
2412 4662 2602 4732 posita:
2660 4671 2805 4728 sunt,
2856 4679 2980 4719 cum
3024 4665 3142 4720 istis
3189 4664 3391 4736 aliquid
3440 4653 3720 4737 disputare

2129 4753 2273 4809 velle
2294 4754 2458 4809 nimis
2484 4755 2724 4825 ineptum
2754 4763 2840 4811 est
2866 4773 2881 4810 :
2913 4757 3157 4826 quandiu
3182 4757 3299 4814 hinc
3339 4765 3449 4813 tam
3484 4773 3635 4825 vera,
3663 4767 3723 4816 et

2131 4858 2244 4903 tam
2288 4846 2595 4915 manifesta,
2629 4851 2766 4906 etin
2806 4851 3003 4922 quibus
3032 4858 3142 4907 tota
3170 4852 3317 4909 salus
3355 4861 3571 4909 constat
3589 4869 3721 4909 conc

2131 4948 2402 4995 temnunt.
2429 4940 2766 5012 Quocunque
2793 4943 2938 4998 enim
2969 4944 3130 4999 modo
3158 4943 3242 4998 illa
3275 4945 3621 5017 intelligenda
3662 4954 3721 5001 et

2134 5031 2446 5101 accipienda
2479 5032 2610 5099 sint,
2657 5034 2763 5089 nisi
2804 5034 3038 5105 prirnum
3062 5036 3165 5091 ista
3195 5035 3427 5092 fideliter
3465 5050 3721 5107 suscepe-

2132 5122 2262 5188 rint,
2300 5123 2431 5178 salvi
2458 5137 2578 5181 esse
2620 5140 2728 5179 non
2757 5136 3000 5196 possunt.

2208 5211 2397 5267 XXIV.
2449 5214 2515 5268 Et
2558 5216 2682 5284 quia
2715 5216 2781 5271 de
2812 5215 2963 5271 falsis
2991 5225 3046 5272 et
3080 5216 3241 5273 caecis
3277 5215 3586 5277 Iudaeorum
3618 5217 3720 5273 do-

2137 5304 2378 5360 ctoribus
2404 5305 2560 5361 nobis
2589 5321 2768 5361 sermo
2796 5316 2896 5371 est,
2932 5307 2999 5363 de
3026 5308 3222 5377 quibus
3258 5308 3521 5365 Dominus
3557 5319 3724 5365 testa-

2137 5406 2247 5460 tur,
2285 5396 2498 5452 dicens:
2534 5417 2552 5449 ι
2590 5395 2778 5452 Omnis
2807 5398 3089 5468 plantatio,
3126 5414 3289 5470 quam
3320 5415 3425 5455 non
3456 5400 3725 5472 plantavit

2144 5506 2165 5541 ε
2200 5488 2365 5545 Pater
2404 5504 2556 5546 meus
2600 5490 2859 5556 cmlestis,
2908 5491 3289 5547 eradicabitur.
3333 5492 3507 5550 Sinite
3554 5492 3716 5548 illos:

2146 5602 2165 5636 ι
2202 5582 2329 5638 caeci
2360 5591 2485 5638 sunt
2542 5583 2705 5637 duces
2736 5596 3036 5639 caecorum:
3085 5598 3267 5639 caecus
3292 5595 3472 5639 autem
3502 5585 3547 5641 si
3575 5600 3724 5641 caeco

2146 5694 2165 5731 ι
2203 5678 2456 5734 ducatum
2487 5687 2727 5749 praestet,
2758 5680 2919 5733 ambo
2952 5681 3003 5732 in
3035 5679 3245 5734 foveam
3274 5680 3471 5733 cadunt
3497 5677 3720 5749 (Matth.

458 5763 739 5836 Ephraim,
774 5777 830 5824 et
876 5767 1079 5831 Israel;
1128 5770 1345 5825 sicutet
1382 5768 1473 5824 illa
1503 5783 1631 5840 pars
1674 5767 1881 5838 populi,
1919 5784 2039 5838 quas
2137 5785 2240 5835 xv,
2276 5770 2369 5834 l3,
2408 5768 2537 5839 ll);
2580 5789 2598 5820 ι
2642 5770 2879 5824 breviter
2917 5769 3313 5824 admonendum
3351 5779 3631 5839 putamus,
3663 5780 3726 5826 ut
3827 5814 3833 5840 ε

458 5826 870 5918 remansit'cum
897 5826 1275 5929 domo'David,
1305 5826 1531 5932 propter
1569 5826 1789 5918 domum
1832 5826 2085 5933 regi-amv
2139 5826 2305 5920 etiam
2336 5826 2456 5918 libri
2486 5826 2744 5932 llosephi,
2774 5870 2830 5917 et
2875 5860 3116 5917 Philonis
3144 5860 3269 5933 (qui
3310 5826 3556 5918 homines
3595 5826 3724 5932 qui-
3788 5826 3833 5927 ,ί
