4032 6452
218 404 314 460 157

1448 406 1576 460 LIB.
1615 404 1894 468 CONTRA
1930 407 2235 466 JUDEOS.

3360 415 3461 471 158

217 524 332 576 dem
377 519 542 586 docti,
591 521 684 575 sed
727 519 894 577 Judaei
942 521 1092 592 impii
1129 522 1486 594 exstiterunt)
1534 525 1656 594 quia
1701 538 1793 596 eos
1821 521 1870 606 ᾼ
1899 524 1984 608 με,
2016 533 2070 579 et
2098 527 2163 580 ad
2195 527 2511 598 mysterium
2544 527 2925 604 redemptionis
2954 539 3148 583 nostrae
3174 529 3462 598 pertineat,

215 612 454 668 nonnulli
492 621 798 692 nostrorum
846 613 1002 668 nimis
1035 615 1288 669 admirari
1322 617 1518 692 solent,
1566 625 1619 670 et
1664 617 1785 686 plus

215 704 374 758 etiam
404 719 562 780 quam
593 687 798 760 divinas
824 704 1030 758 litteras
1069 705 1246 777 legere
1279 687 1630 774 delectantur,
1681 726 1783 761 non

215 795 436 848 nmltum
464 795 718 861 sequendi
753 795 1146 850 existimentur.
1186 797 1316 866 Quia
1349 799 1596 854 homines
1626 797 1782 852 alieni

215 901 242 938 a
272 886 518 949 veritate,
552 901 655 942 non
685 894 870 940 carent
916 901 1134 941 errore:
1183 897 1236 941 et
1276 890 1484 955 divinas
1535 891 1787 958 historias

215 975 353 1030 velut
393 976 552 1029 latius
581 974 883 1046 replicando
908 985 961 1030 et
1016 979 1350 1047 exponendo,
1390 977 1553 1031 multa
1598 979 1662 1033 de
1690 994 1784 1032 sua

217 1065 346 1120 falsa
377 1073 429 1119 et
468 1065 732 1135 superflua
772 1065 1044 1120 inserunt:
1083 1077 1136 1122 et
1172 1085 1330 1122 sanos
1370 1085 1562 1146 sensus
1598 1070 1787 1123 verbo-

214 1177 327 1214 rum
371 1160 484 1224 Dei,
531 1161 683 1230 juxta
722 1159 962 1215 fallacem
1008 1162 1312 1232 opinionem
1359 1179 1511 1228 suam
1565 1173 1660 1234 aut
1696 1163 1788 1217 de-

214 1262 458 1322 pravant,
491 1262 583 1307 aut
609 1262 886 1310 enervant.
927 1253 1075 1310 Unde
1106 1263 1160 1309 et
1183 1255 1392 1335 antiqui
1423 1258 1668 1326 doctores
1697 1256 1790 1310 Ec-

215 1343 389 1398 clesia:
421 1344 506 1398 illa
537 1343 652 1402 sola
675 1360 740 1398 ex
773 1345 852 1398 eis
881 1356 1121 1410 sumunt,
1163 1363 1280 1416 quae
1309 1347 1362 1404 in
1393 1363 1579 1420 eorum
1614 1347 1782 1408 libris,

214 1433 276 1489 de
302 1435 462 1489 rebus
491 1435 677 1505 gestis,
700 1445 1058 1498 consonanter
1088 1436 1381 1510 Scripturis
1411 1415 1608 1506 nostris
1645 1438 1782 1493 refe-

216 1537 434 1580 runtur:
466 1537 517 1581 et
558 1529 673 1583 hare
712 1529 824 1597 ipsa
884 1545 1171 1600 perpauca,
1203 1543 1256 1587 et
1294 1549 1438 1597 raro,
1476 1544 1529 1587 et
1575 1550 1635 1590 ea
1669 1550 1785 1589 ma-

213 1617 350 1671 xime
375 1635 494 1689 qua:
523 1618 621 1688 ipsi
653 1620 822 1676 oculis
860 1621 1098 1691 inspecta
1145 1625 1508 1694 scripserunt;
1558 1627 1695 1680 sicut
1723 1629 1788 1683 de

212 1708 415 1762 excidio
465 1708 982 1782 Hierosolymorum,
1032 1723 1087 1768 et
1129 1717 1324 1785 templo
1375 1733 1439 1772 ac
1484 1720 1784 1774 sacerdotio

210 1800 528 1856 Judaeorum.
561 1801 642 1858 Ad
672 1804 808 1862 hanc
839 1807 1105 1874 eautelam
1136 1809 1324 1878 beatus
1358 1811 1688 1882 Augustinus
1729 1814 1780 1867 in

208 1891 355 1946 libris
382 1902 570 1948 contra
602 1892 857 1950 Faustum
903 1899 1254 1966 mauichazum
1296 1875 1407 1972 (lib.
1445 1874 1542 1966 im,
1592 1918 1641 1957 c.
1690 1904 1779 1973 50)
1813 1874 1858 1932 Β

209 1986 430 2040 instruit
463 2004 558 2048 nos
584 1998 636 2044 et
665 1991 938 2056 admonet,
976 1993 1186 2054 (licens:
1219 2017 1234 2045 ε
1268 1995 1420 2054 Philo
1452 1996 1668 2065 quidam
1705 1999 1786 2051 vir

209 2076 504 2133 liberaliter
531 2081 964 2148 eruditissimus;
995 2100 1132 2146 unus
1169 2084 1475 2140 Judmorum
1512 2089 1601 2157 qui
1631 2086 1785 2142 Chri-

206 2168 270 2221 sti
300 2171 624 2238 passionem,
651 2189 813 2240 quam
839 2191 936 2230 nos
959 2177 1298 2254 agnovimus,
1331 2178 1606 2244 derident;
1632 2179 1784 2247 cujus

204 2261 476 2332 eloquium
523 2264 694 2320 Gra:ci
743 2265 953 2346 Platoni
981 2283 1199 2336 mquare
1226 2286 1332 2334 non
1378 2270 1654 2336 dubitant;
1697 2287 1784 2325 co-

202 2363 359 2408 natus
390 2367 471 2409 est
510 2355 687 2424 aliqua
717 2358 781 2410 de
817 2355 1112 2428 Scripturis
1157 2360 1533 2430 interpretari;
1569 2377 1674 2415 non
1715 2363 1781 2415 ad

202 2443 474 2501 Christum
524 2447 952 2518 intelligendum,
1000 2451 1054 2514 in
1084 2466 1244 2521 quem
1294 2465 1398 2504 non
1443 2451 1780 2516 crediderat;

201 2536 288 2590 sed
320 2549 380 2590 ut
413 2537 536 2592 inde
567 2539 738 2608 magis
769 2548 1052 2608 appareret
1076 2548 1338 2609 quantum
1365 2541 1580 2595 intersit
1601 2550 1781 2594 utrmn

200 2627 261 2680 ad
298 2627 578 2684 Christum
620 2627 820 2690 referas
857 2631 1057 2694 omnia,
1099 2642 1317 2702 propter
1349 2647 1506 2700 quem
1551 2647 1672 2684 vere
1707 2631 1785 2686 sic

199 2718 339 2774 dicta
397 2727 540 2783 sunt,
586 2735 653 2778 an
702 2730 898 2790 praeter
935 2722 1083 2776 llllllll
1127 2707 1395 2790 quaslibet
1445 2722 1784 2792 conjecturas

198 2811 440 2881 quolibet
466 2811 666 2870 mentis
682 2814 930 2868 acumine
949 2815 1327 2884 persequaris:
1368 2833 1385 2864 ι
1415 2823 1783 2886 quantumque

196 2905 371 2959 valeat
401 2906 546 2974 quod
573 2905 860 2975 Apostolus
892 2907 996 2960 ait:
1034 2924 1051 2956 ‹
1085 2904 1219 2961 Cum
1257 2906 1537 2963 transieris
1566 2907 1632 2962 ad
1678 2906 1784 2960 Do—

201 3016 218 3048 α
254 2998 481 3061 minum,
511 2997 783 3052 auferetur
806 2998 1044 3052 velamen
1078 2997 1158 3068 (Il
1203 2997 1325 3052 Cor.
1363 3014 1445 3062 tu,
1481 2999 1560 3068 l6)
1600 3012 1615 3052 :
1659 3018 1676 3049 ι
1713 2995 1782 3050 Ut

106 3069 154 3142 »ί
194 3091 336 3143 enim
367 3089 624 3158 quiddam
654 3090 892 3160 ejusdem
935 3090 1174 3146 Philonis
1204 3106 1645 3160 commemorem,
1691 3106 1780 3143 ar-

194 3197 315 3236 cam
343 3181 527 3238 diluvii
566 3184 859 3242 secundum
889 3183 1154 3238 rationem
1186 3183 1403 3238 immani
1436 3183 1679 3251 corporis
1707 3180 1784 3234 fas

192 3274 462 3330 briCatam
485 3274 668 3330 volens
691 3275 936 3344 intelligi,
960 3283 1212 3345 tauquam
1243 3274 1586 3346 membratim
1603 3273 1783 3327 omnia

191 3369 585 3436 pertractabat.
620 3367 715 3424 Cui
743 3368 1092 3428 subtilissime
1127 3383 1477 3437 numerorum
1502 3367 1665 3430 etiam
1700 3381 1784 3420 re-

190 3459 350 3528 gulas
404 3459 727 3523 consulenti,
777 3468 1138 3528 congruenter
1192 3460 1547 3527 occurrebant,
1602 3457 1782 3511 omnia

187 3563 316 3616 qua}
339 3548 514 3626 adhuc
539 3548 938 3622 intelligendum
968 3548 1238 3616 Christum
1267 3549 1397 3602 nihil
1424 3549 1745 3617 impelireut
1769 3563 1781 3610 ;

189 3625 541 3710 quoniamin
574 3654 798 3716 corpore
839 3640 1072 3694 humano
1101 3625 1264 3692 etiam
1299 3640 1385 3691 ille
1431 3639 1649 3692 humani
1698 3653 1788 3705 ge-

186 3731 350 3788 neris
396 3729 650 3783 Salvator
688 3729 964 3799 apparuit;
1007 3745 1106 3784 nec
1136 3738 1312 3782 taumn
1345 3737 1618 3799 cogerent,
1664 3729 1785 3797 quia

187 3838 395 3892 corpus
418 3823 710 3876 humanum
736 3832 817 3876 est
840 3823 1025 3891 utique
1055 3831 1108 3875 et
1138 3821 1415 3876 hominum
1443 3831 1784 3876 czeterorum.

187 3916 261 3969 At
288 3914 380 3967 ubi
409 3922 624 3965 ventum
653 3921 733 3966 est
763 3911 830 3978 ad
859 3912 1057 3964 Ostium
1091 3911 1231 3984 quod
1259 3911 1308 3963 in
1338 3927 1477 3964 arca:
1512 3910 1680 3963 latere
1707 3909 1787 3962 fa-

189 4016 344 4062 ctum
378 4016 479 4076 est,
515 4004 690 4058 omnis
728 4004 945 4070 humani
981 4004 1176 4082 ingenii
1225 4001 1533 4069 conjectura
1566 4002 1781 4055 defecit.

192 4098 265 4154 Ut
297 4109 476 4153 tamen
513 4095 713 4168 aliquid
749 4095 973 4159 diceret,
1017 4096 1286 4168 inferioris
1317 4097 1557 4165 corporis
1605 4105 1785 4166 partes

192 4207 299 4260 qua
333 4189 487 4243 urina
515 4198 570 4242 et
617 4188 782 4264 ﬁmus
819 4199 1130 4264 egeruntur,
1164 4187 1253 4240 illo
1296 4187 1434 4240 ostio
1487 4188 1782 4256 signiﬁcari

193 4301 361 4339 ausus
391 4291 472 4337 est
502 4283 744 4345 credere,
774 4296 935 4336 ausus
967 4289 1047 4354 est
1070 4289 1124 4334 et
1149 4280 1346 4343 dicere,
1383 4295 1545 4334 ausus
1573 4291 1624 4334 et
1649 4282 1779 4336 scri-

193 4375 341 4434 bere.
379 4372 497 4428 Non
531 4367 725 4446 illirnm
762 4373 805 4426 si
850 4371 988 4425 ostio
1034 4386 1138 4440 non
1186 4370 1401 4424 invento
1433 4371 1509 4424 sic
1554 4372 1776 4424 erravit.

194 4465 348 4534 Quod
411 4463 453 4518 si
503 4462 568 4517 ad
614 4461 889 4530 Christum
943 4462 1244 4526 transisset,
1291 4461 1468 4514 ablato
1516 4462 1782 4516 velamine

194 4565 536 4614 sacramenta
585 4556 840 4614 Ecclesia:
888 4556 1162 4616 manantia
1206 4568 1271 4607 ex
1319 4554 1486 4607 latere
1545 4554 1780 4630 hominis

193 4653 334 4707 illius
383 4649 699 4705 invenisset.
737 4669 756 4701 ι

260 4742 436 4798 XXV".
479 4741 602 4796 llaec
634 4741 700 4796 de
738 4740 944 4795 duobus
974 4736 1399 4808 pseudochristis
1448 4735 1778 4803 .ludeeorum,

192 4844 241 4889 et
275 4851 382 4889 non
425 4834 733 4902 doctoribus
772 4832 865 4886 sed
895 4830 1267 4904 deceptoribus
1303 4845 1487 4908 eorum
1528 4830 1778 4896 diximus,

193 4931 279 5000 qui
319 4945 510 4982 verum
565 4926 833 4984 Christum
887 4925 1170 4980 Dominum
1203 4933 1256 4980 et
1297 4923 1632 4980 Salvatorem
1680 4940 1777 4977 no-

195 5032 362 5076 strum
403 5029 555 5078 tanto
586 5020 708 5074 odio
749 5019 1146 5090 abominantur,
1196 5019 1357 5072 tantis
1398 5017 1694 5072 maledictis
1726 5027 1781 5071 et

193 5114 542 5183 blasphcmiis
575 5114 950 5184 insequuntur,
986 5123 1041 5164 ut
1071 5128 1133 5178 ea
1173 5128 1330 5166 aures
1359 5111 1593 5166 ﬁdelium
1637 5112 1779 5166 ferre

195 5222 294 5260 non
339 5206 576 5280 possint.
631 5204 736 5270 Sed
783 5215 1071 5274 antequam
1123 5205 1186 5258 (le
1234 5203 1446 5258 eteteris
1496 5203 1781 5258 venenatis

195 5312 378 5352 eorum
418 5297 672 5352 conviciis
715 5311 1097 5360 memoremus,
1136 5295 1368 5365 primmn
1415 5295 1782 5348 necessarium

195 5389 431 5454 videtur,
467 5404 574 5441 non
604 5387 774 5442 solum
815 5387 879 5442 ad
913 5403 1100 5442 eorum
1142 5388 1342 5442 rabiem
1372 5386 1774 5451 (roufutamlam,

194 5482 286 5550 sed
313 5481 484 5535 etiam
518 5481 583 5534 ad
615 5480 896 5533 veritatem
927 5488 1121 5532 nostee
1165 5479 1284 5532 ﬁdei
1324 5477 1772 5543 conﬁt-matulam,

197 5583 256 5628 ut
288 5573 424 5630 illud
455 5574 598 5643 quod
636 5573 687 5625 in
724 5572 1070 5643 ignominiam
1120 5571 1325 5628 Domini
1378 5569 1696 5635 Salvatoris,
1722 5579 1776 5624 et

197 5667 440 5722 omnium
474 5665 703 5718 fidelium
735 5663 869 5731 ejus,
904 5672 956 5716 et
989 5660 1216 5729 majores
1249 5678 1454 5725 eorum,
1480 5672 1533 5716 et
1561 5663 1646 5716 isti
1676 5663 1773 5734 ipsi

199 5771 369 5827 usque
414 5757 572 5811 hodie
614 5756 941 5822 insanientes
987 5753 1244 5822 objiciunt
1290 5767 1680 5826 preponamus:
1721 5764 1776 5810 et

202 5865 364 5920 quam
397 5849 681 5903 manifeste
701 5848 769 5904 ad
792 5847 1290 5902 condemnationem
1319 5860 1505 5900 eorum
1528 5847 1772 5916 impieta-

1808 4597 1859 4656 D

1890 601 2149 682 quantum
2184 616 2442 672 Dominus
2472 601 2689 688 adjuvat
2719 620 3163 674 demonstremus.
3209 619 3467 690 Blasplte-

1889 713 2036 757 mant
2063 706 2204 758 enim
2230 708 2370 775 quod
2403 707 2453 759 in
2487 721 2608 760 eum
2640 709 2944 773 credamus,
2975 723 3130 778 quem
3161 709 3243 764 lex
3292 711 3379 764 Dei
3406 710 3462 766 in

1889 794 2032 864 ligno
2085 811 2425 865 suspensum,
2471 805 2525 851 et
2563 813 2592 851 a
2645 797 2752 852 Deo
2803 799 3142 854 maledictum
3191 800 3366 854 dicat:
3412 809 3467 856 et

1887 873 2170 962 propterea
2203 888 2391 940 eodem
2441 887 2526 942 die
2568 903 2674 956 quo
2723 904 3015 958 suspensus
3059 900 3162 954 est,
3196 907 3316 945 eum
3353 891 3467 960 jus-

1890 978 2021 1056 serit
2051 979 2294 1048 sepeliri;
2329 993 2394 1032 ne
2425 978 2467 1032 si
2496 993 2592 1048 per
2632 989 2843 1033 nectent
2897 991 3196 1035 remaneret
3229 983 3278 1035 in
3327 982 3462 1052 pati-

1889 1071 2034 1146 bulo,
2065 1080 2204 1124 terra
2233 1085 2418 1124 eorum
2457 1087 2552 1139 per
2592 1087 2713 1124 eum
2755 1071 3097 1138 pollueretur.
3147 1073 3251 1128 Sed
3295 1085 3470 1142 neque

1890 1162 2087 1232 sciunt,
2120 1177 2241 1214 eum
2276 1162 2326 1214 in
2364 1163 2541 1215 crucis
2583 1161 2725 1229 ligno
2764 1162 2928 1217 clavis
2969 1163 3134 1218 fuisse
3175 1165 3465 1230 conﬁxum,

1889 1261 1943 1306 et
1969 1252 2079 1330 ipsa
2109 1253 2385 1306 clavorum
2431 1251 2734 1306 conﬁxione
2778 1268 3131 1323 suspensum;
3175 1255 3265 1310 sed
3318 1272 3466 1311 more

1889 1342 2161 1396 latronum
2192 1343 2282 1411 qui
2318 1359 2461 1396 nunc
2488 1342 2908 1412 suspenduntur,
2951 1344 3215 1398 infamant
3238 1361 3356 1399 esse
3379 1362 3472 1415 pu-

1891 1434 2093 1487 nitum:
2140 1443 2190 1487 et
2219 1433 2608 1497 conclamante,
2643 1431 2944 1500 acjuhente
2991 1436 3248 1504 magistro
3281 1450 3466 1489 eorum

1887 1523 2071 1600 Josue,
2117 1525 2363 1579 celeriter
2407 1526 2471 1578 de
2525 1525 2669 1595 ligno
2697 1523 3028 1594 depositum;
3070 1537 3124 1580 et
3156 1527 3207 1580 in
3239 1528 3469 1596 quodam

1889 1616 2045 1671 horto
2096 1618 2340 1672 caulibus
2392 1617 2570 1688 pleno,
2624 1619 2674 1672 in
2724 1619 2970 1690 sepulcro
3024 1619 3348 1690 projectum,
3405 1633 3472 1672 ne

1890 1716 2032 1764 terra
2065 1726 2253 1764 eorum
2284 1711 2764 1766 contaminaretur.
3133 1703 3136 1706 ’

1959 1800 2148 1857 XXVI.
2203 1802 2351 1857 Hanc
2384 1812 2561 1856 autem
2599 1811 2707 1856 tam
2750 1802 2910 1870 impie
2953 1799 3354 1871 blasphemandi
3383 1815 3474 1854 oc-

1885 1893 2157 1947 casionem
2211 1895 2350 1948 unde
2392 1902 2628 1959 sumant,
2680 1894 3022 1948 manifestum
3067 1902 3178 1948 est:
3227 1893 3475 1947 videlicet

1885 1987 2009 2058 quia
2051 1986 2190 2040 sicut
2229 1987 2288 2040 in
2340 1987 2758 2042 Deuteronomio
2812 1988 3058 2058 legimus,
3096 1988 3176 2041 lex
3223 1986 3315 2041 Dei
3369 2002 3470 2056 per

1886 2077 2124 2148 Moysem
2177 2077 2355 2133 dicit:
2415 2097 2432 2127 ι
2493 2078 2718 2146 Quando
2771 2079 3071 2148 peccaverit
3128 2081 3287 2132 homo
3333 2079 3475 2147 quod

1893 2189 1910 2222 ι
1952 2182 2124 2225 morte
2172 2171 2515 2242 plectendum
2552 2181 2658 2237 est,
2709 2181 2762 2225 et
2794 2171 3129 2240 adjudicatus
3179 2170 3338 2224 morti
3375 2185 3471 2238 ap-

1893 2283 1911 2314 ‹
1947 2280 2142 2348 pensus
2175 2263 2334 2318 fuerit
2361 2266 2412 2319 in
2443 2265 2699 2335 patibulo,
2735 2282 2838 2319 non
2867 2265 3210 2334 permanebit
3241 2265 3472 2319 cadaver

1892 2377 1910 2407 ‹
1947 2357 2064 2432 ejus
2097 2358 2148 2411 in
2180 2357 2342 2429 ligno,
2373 2357 2466 2411 sed
2511 2358 2562 2411 in
2589 2359 2776 2411 eadem
2829 2357 2916 2412 die
2966 2357 3291 2427 sepelietur:
3343 2356 3468 2425 quia

1892 2469 1910 2501 ι
1953 2449 2271 2504 maledictus
2297 2465 2327 2503 a
2377 2448 2488 2504 Deo
2522 2459 2606 2504 est
2652 2449 2741 2520 qui
2773 2449 2968 2519 pendet
3012 2449 3063 2501 in
3093 2449 3234 2518 ligno
3261 2465 3275 2513 ;
3305 2460 3357 2501 et
3385 2463 3477 2500 ne-

1892 2558 1909 2590 (
1941 2554 2208 2609 quaquam
2240 2539 2634 2593 contaminahis
2668 2549 2866 2592 terram
2897 2548 3062 2599 tuam,
3097 2554 3256 2607 quam
3289 2537 3472 2591 Domi-

1892 2649 1911 2682 ι
1947 2647 2047 2684 nus
2094 2630 2234 2684 Deus
2267 2639 2389 2684 tuus
2419 2631 2629 2684 dederit
2662 2631 2754 2684 tibi
2785 2630 2835 2682 in
2866 2630 3256 2698 possessionem
3287 2627 3470 2699 (Deut.

1891 2742 1909 2774 ί
1943 2739 2058 2786 xxr,
2083 2722 2175 2787 22,
2200 2722 2313 2793 ‘23).
2350 2743 2368 2774 ι
2406 2721 2559 2788 Quod
2617 2721 2911 2790 capitulum
2963 2734 3061 2773 nos
3107 2720 3170 2772 de
3226 2718 3474 2788 passione

1886 2811 2086 2888 Christi
2139 2829 2258 2869 esse
2315 2815 2692 2886 prephetatum
2741 2826 2937 2881 negare
2991 2825 3096 2863 non
3149 2824 3469 2878 possumus:

1886 2905 2011 2974 quia
2039 2917 2090 2959 et
2120 2903 2401 2975 Apostolus
2427 2905 2529 2958 hoc
2559 2904 2861 2967 conﬁrmat,
2896 2902 3080 2956 dicens
3120 2920 3131 2954 :
3172 2920 3187 2950 ‹
3222 2900 3471 2954 Christus

1893 3019 1907 3047 ε
1947 3012 2045 3050 nos
2096 2995 2321 3050 redemit
2355 2996 2419 3050 de.
2460 2995 2744 3049 maledicto
2788 2993 2942 3068 legis,
2976 2993 3151 3054 factus
3196 3006 3292 3062 pro
3323 2989 3476 3044 nobis

1889 3105 1908 3138 ‹
1947 3087 2327 3149 maledictum,
2357 3086 2494 3139 sicut
2544 3085 2802 3155 scriptum
2835 3091 2953 3137 est:
2991 3081 3308 3135 Maledictus
3353 3095 3472 3132 om-

1892 3197 1908 3225 ι
1951 3179 2034 3232 nis
2063 3180 2152 3248 qui
2181 3179 2376 3247 pendet
2424 3178 2474 3231 in
2507 3177 2650 3247 ligno
2677 3173 2820 3247 (Gal.
2849 3190 2928 3238 ill,
2962 3159 3082 3244 l3);
3123 3191 3140 3224 ι
3187 3180 3241 3226 et
3293 3169 3472 3224 Domi-

1889 3286 1990 3326 nus
2030 3270 2080 3323 in
2127 3269 2417 3339 Evangelio
2445 3276 2802 3330 contestatur,
2855 3265 3079 3334 loquens
3111 3263 3176 3316 ad
3217 3261 3469 3316 Judzeos:

1893 3381 1912 3413 ι
1951 3363 2007 3417 Si
2046 3363 2339 3416 crederetis
2383 3361 2568 3432 Moysi,
2619 3358 2912 3414 crederetis
2958 3357 3182 3410 forsitan
3214 3345 3268 3409 et
3311 3353 3469 3408 mihi:

1891 3473 1911 3505 ‹
1947 3454 2013 3508 de
2054 3469 2138 3507 tne
2192 3453 2336 3507 enim
2389 3451 2602 3528 scripsit
2631 3450 2814 3522 (Joan.
2851 3467 2904 3513 v,
2929 3449 3041 3520 46).
3075 3467 3092 3498 ›
3133 3447 3262 3514 Qua:
3311 3446 3471 3498 verba

1890 3549 2124 3614 Domini,
2171 3547 2224 3601 in
2268 3547 2420 3602 libris
2461 3557 2650 3600 contra
2706 3545 2961 3599 Faustum
3009 3559 3131 3596 eum
3179 3544 3474 3610 exponeret

1889 3643 2077 3695 beatus
2125 3641 2453 3710 Augustinus
2477 3639 2588 3710 (lib.
2614 3656 2724 3708 va,
2749 3655 2796 3691 c.
2819 3637 3043 3704 22,23),
3071 3657 3086 3685 ι
3117 3636 3252 3704 Ego,
3276 3632 3471 3702 inquit,

1890 3741 1944 3792 et
1976 3733 2065 3802 qui
2094 3748 2302 3786 mecum
2339 3731 2612 3799 aliquanto
2645 3729 2901 3782 attentius
2941 3727 3179 3796 cogitant
3207 3728 3472 3796 evangeli-

1891 3839 2008 3876 cam
2042 3823 2182 3876 illan]
2224 3821 2664 3888 Dominicamque
2695 3818 3038 3880 sententiam,
3072 3832 3175 3886 qua
3207 3832 3308 3868 non
3355 3817 3470 3871 ait:

1888 3914 1978 3968 llle
2017 3914 2158 3968 enim
2191 3921 2245 3966 et
2269 3913 2334 3966 de
2359 3926 2444 3964 me
2468 3911 2702 3979 scripsit,
2747 3917 2805 3962 ut
2842 3917 2895 3962 et
2920 3909 3022 3961 alia
3053 3923 3169 3976 quce
3204 3907 3271 3959 ad
3320 3906 3476 3976 Chri-

1889 4017 2030 4061 stum
2063 4022 2168 4059 non
2206 4005 2477 4074 pertinent
2527 4004 2807 4072 scripsisse
2849 4003 3188 4067 crederetur;
3225 4002 3316 4054 sed
3362 4001 3471 4054 ait:

1893 4118 1911 4148 ι
1955 4099 2030 4152 De
2059 4112 2145 4152 me
2170 4098 2312 4151 enim
2356 4096 2444 4150 ille
2490 4097 2739 4166 scripsit;
2773 4115 2789 4146 ι
2824 4111 3039 4149 omnem
3090 4095 3371 4163 scriptura:
3414 4092 3476 4146 il-

1887 4188 1990 4242 lius
2036 4189 2390 4243 intentionem
2422 4203 2525 4240 non
2568 4188 2666 4241 nisi
2707 4187 2773 4240 ad
2824 4187 3219 4261 intelligendam
3271 4184 3472 4240 Christi

1890 4280 2119 4350 gratiam
2158 4279 2427 4358 pertinere
2461 4279 2855 4346 cognoscimus.
2892 4298 2907 4324 ι
2943 4278 3012 4332 Ut
3042 4277 3219 4330 omnia
3255 4275 3342 4329 illa
3375 4292 3470 4329 ne-

1885 4387 2155 4446 quaquam
2191 4380 2393 4434 rectum
2427 4371 2661 4424 habeant
2710 4369 3063 4430 intellectum,
3098 4368 3198 4421 nisi
3246 4367 3311 4420 ad
3357 4368 3473 4436 ejus

1886 4464 2339 4540 dispensationem
2368 4478 2473 4531 qua
2504 4461 2685 4534 generi
2728 4462 2963 4515 humano
3007 4459 3319 4520 consulitur,
3351 4473 3472 4526 pro—

1887 4531 2104 4624 phetata
2138 4553 2463 4608 referantur.-
2495 4550 2608 4605 Nou
2639 4566 2769 4620 ergo
2798 4551 2951 4604 nobis
2982 4550 3347 4604 erubescenda
3389 4555 3474 4602 est

1890 4646 2177 4716 ignominia
2221 4643 2398 4698 crucis
2446 4640 2667 4706 Christi,
2705 4656 2866 4712 quam
2916 4649 3102 4695 contra
3143 4640 3322 4694 omnia
3367 4641 3469 4694 hu-

1892 4757 2046 4795 mana
2094 4739 2404 4812 opprobria,
2440 4738 2489 4790 in
2530 4735 2873 4790 eminentiori
2919 4736 3160 4806 corporis
3200 4745 3369 4806 parte,
3417 4734 3470 4788 id

1890 4840 1990 4898 est,
2025 4833 2074 4894 in
2112 4829 2289 4897 fronte
2336 4837 2639 4906 gestamus:
2673 4826 2768 4886 sed
2811 4826 2897 4906 pie
2933 4835 2987 4880 et
3029 4826 3272 4890 sollicite,
3320 4824 3472 4878 auxi-

1891 4924 2052 4979 liante
2078 4925 2170 4986 Dei
2199 4924 2370 5004 gratia
2399 4920 2846 4996 investigandum,
2886 4920 3154 4991 quomodo
3183 4920 3297 4972 hare
3316 4919 3471 4987 juxta

1891 5015 2266 5072 auctoritatem
2300 5010 2592 5082 Scriptura)
2623 5018 2842 5075 sanctae,
2868 5019 2922 5064 et
2943 5026 3159 5065 sensum
3178 5009 3472 5063 catholico-

1890 5122 2005 5159 ruzn
2044 5105 2260 5159 Patrum
2303 5120 2431 5159 sana
2465 5103 2812 5176 intelligentia
2841 5103 3147 5178 accipienda
3197 5102 3321 5162 sint,
3362 5117 3468 5171 qua

1887 5210 1940 5255 et
1977 5200 2078 5254 illis
2103 5198 2345 5253 confusio
2373 5207 2426 5253 et
2455 5197 2608 5272 nobis
2637 5195 2923 5250 :edilicatio
2955 5189 3249 5249 accrescat.

1960 5289 2167 5362 XXVll.
2205 5289 2356 5354 Quod
2385 5295 2443 5341 ut
2467 5287 2776 5358 diligentius
2803 5286 3188 5340 etevideutius
3235 5283 3348 5346 ﬁat,
3388 5282 3469 5333 in-

1884 5383 2131 5438 termissa
2183 5380 2455 5462 paululum
2505 5380 2650 5435 beati
2707 5378 3024 5448 Hieronymi
3075 5376 3326 5435 editione,
3376 5371 3465 5442 qui

1884 5477 2028 5531 hunc
2059 5474 2229 5530 locum
2265 5488 2367 5526 non
2409 5472 2472 5525 ad
2512 5472 2738 5524 verbum
2776 5469 2868 5523 sed
2914 5468 2980 5521 ad
3032 5478 3248 5520 sensum
3303 5461 3468 5513 inter-

1884 5576 2125 5638 pretatus
2179 5575 2291 5618 est:
2343 5564 2457 5632 ipsa
2502 5567 2686 5625 verba,
2730 5560 2868 5614 sicut
2915 5558 2966 5610 in
3016 5555 3240 5608 Ile-brato
3295 5553 3468 5622 posita

1883 5672 2028 5724 sunt,
2057 5668 2110 5715 et
2149 5659 2258 5728 ipse
2289 5657 2422 5711 ordo
2459 5657 2769 5714 verborum,
2803 5652 2939 5705 sicut
2967 5665 3029 5702 ea
3059 5649 3110 5699 in
3136 5647 3467 5722 expositione

1882 5754 2133 5825 Epistula:
2163 5754 2230 5806 ad
2256 5751 2475 5807 Galatas
2499 5767 2562 5804 ex
2594 5747 2942 5802 translatione
2969 5741 3350 5797 Theodotionis
3373 5757 3466 5796 ex-

1881 5847 2102 5917 pressit,
2138 5845 2385 5916 ponenda
2425 5842 2693 5896 videntur.
2746 5838 2822 5892 ita
2855 5851 3089 5908 namque
3121 5833 3194 5890 ibi
3233 5834 3460 5906 legitur:
