4032 6448
491 456 592 510 159

1692 433 2048 494 AMULONIS
2085 427 2301 486 EPISC.
2340 427 2545 484 LUGD.

3642 417 3756 472 160

491 588 510 621 ‹
551 569 618 624 Ει
643 569 767 639 quia
791 567 895 622 erit
923 566 975 619 in
1003 563 1120 618 viro
1150 568 1423 632 peccatum
1460 555 1722 626 judicium
1758 553 1969 618 mortis,
2009 558 2064 606 et
2089 550 2143 608 Δ
2171 561 2191 594 ι
2246 553 2300 598 ct
2344 549 2664 612 potestatem
2702 526 2873 594 habeo
2911 537 3105 590 iterum
3136 531 3380 587 sumendi
3409 544 3549 585 eam.
3577 529 3760 586 Nemo

490 660 768 722 morietur,
796 665 850 711 et
897 654 1190 724 suspendes
1222 665 1344 705 eum
1389 650 1442 703 in
1472 648 1639 720 ligno.
1676 645 1792 699 Non
1832 643 2061 698 dormiet

491 748 837 804 morticinum
876 745 990 814 ejus
1019 757 1178 811 super
1221 741 1447 812 lignum,
1488 740 1613 810 quia
1657 737 1929 808 sepultura
1978 748 2063 790 se-

491 839 658 910 pelies
679 854 800 893 eum
836 838 888 891 in
915 837 998 891 die
1021 835 1168 905 ipso:
1203 833 1327 902 quia
1368 829 1671 886 maledictio
1704 828 1799 883 Dei
1833 834 1909 883 est
1946 839 2063 879 sus-

492 943 711 1000 pensus,
744 936 798 981 et
855 940 960 980 non
1011 921 1404 978 contaminabit
1450 929 1648 975 terram
1681 926 1849 980 tuam,
1899 927 2064 985 quam

493 1021 750 1076 Dominus
791 1018 929 1071 Deus
956 1025 1079 1070 tuus
1114 1014 1263 1070 dabit
1291 1013 1387 1068 tibi
1416 1012 1754 1068 haereditare.
1788 1029 1805 1061 ι
1841 1006 1943 1063 Ubi
1976 1021 2067 1059 au-

2169 651 2189 685 ι
2221 633 2360 688 tollit
2405 646 2525 687 eam
2567 645 2599 685 a
2639 644 2756 694 me,
2807 627 2899 684 sed
2956 640 3056 696 ego
3103 637 3244 694 pono
3279 636 3430 686 eam,
3467 629 3525 675 et
3550 620 3760 676 iterum

2168 746 2189 781 ‹
2223 741 2378 783 sumo
2399 739 2517 779 eam
2545 723 2724 795 (Joan.
2753 737 2808 786 x,
2841 719 2950 788 l8).
2982 737 3000 770 ι
3034 716 3100 770 Et
3130 715 3182 770 in
3213 713 3430 768 Psalmo
3456 712 3567 766 ait:
3600 732 3619 763 ι
3655 712 3765 766 Fa‘

2168 838 2188 871 ι
2221 827 2342 873 ctus
2367 831 2487 872 sum
2515 814 2652 869 sicut
2672 811 2834 866 homo
2858 809 2973 864 sine
3015 804 3300 873 adiutorio,
3332 803 3476 857 inter
3505 810 3760 857 mortuos

2170 929 2190 963 ι
2218 910 2354 964 liber
2379 905 2548 979 (Psal.
2576 917 2812 967 Lxxxvu,
2839 900 2915 972 5).
2940 919 2956 952 ι
2986 897 3053 952 Et
3080 897 3304 951 iterum:
3339 912 3357 944 ι
3388 893 3500 964 Ego
3523 892 3760 947 dormivi

2170 1018 2190 1052 ι
2231 996 2404 1069 (Psal.
2432 1012 2519 1060 III,
2549 994 2638 1064 6);
2671 1011 2690 1044 ι
2718 991 2772 1047 id
2810 998 2926 1053 est,
2962 1003 3069 1042 non
3101 984 3232 1040 mihi
3269 981 3563 1045 insultent,
3596 981 3763 1050 quasi

498 1118 608 1164 tem
675 1109 944 1177 interpres
988 1107 1089 1160 iste
1146 1105 1327 1175 posuit,
1359 1123 1377 1155 ε
1432 1118 1538 1157 non
1598 1102 1844 1165 dormiet,
1905 1117 1922 1148 ι
1976 1095 2066 1150 alii
2166 1087 2422 1143 violentia
2481 1098 2668 1138 eorum
2731 1080 2945 1135 occisus
3000 1077 3121 1132 sim.
3171 1074 3285 1143 Ego
3334 1071 3616 1128 dormivi:
3659 1086 3765 1140 ego

491 1207 786 1272 posuerunt
820 1217 838 1250 ‹
867 1213 978 1252 non
1018 1195 1374 1268 pernoctabit,
1412 1214 1430 1247 ι
1463 1195 1575 1249 sive
1615 1213 1631 1243 ¢
1683 1207 1790 1247 non
1831 1203 2071 1246 commo-

494 1290 723 1356 rabitur,
755 1311 773 1343 ι
817 1298 910 1344 aut
944 1309 962 1340 ι
1000 1305 1103 1344 non
1155 1288 1510 1359 permanebit.
1551 1307 1568 1337 ι
1604 1286 1671 1340 Et
1707 1285 1798 1338 ubi
1831 1285 1933 1338 iste
1972 1297 2069 1354 po-

495 1381 624 1446 suit,
660 1400 679 1432 (
707 1381 1053 1435 morticinum
1076 1379 1212 1448 ejus,
1248 1399 1266 1430 ι
1295 1379 1474 1433 caeteri
1511 1376 1901 1431 transtulerunt
1932 1392 1952 1425 ι
1983 1389 2072 1429 ca-

497 1473 664 1528 daver
703 1473 838 1542 ejus,
877 1493 892 1522 ι
924 1473 1035 1527 sive
1081 1489 1100 1521 ‹
1141 1485 1337 1539 corpus
1375 1469 1510 1539 ejus.
1552 1488 1570 1520 ι
1611 1467 1806 1537 Aperte
1829 1466 1990 1536 igitur
2017 1471 2074 1520 et

499 1564 822 1618 mirabiliter
851 1563 904 1617 in
948 1563 1033 1617 his
1073 1561 1276 1626 verbis,
1319 1576 1416 1630 per
1447 1559 1852 1614 similitudinem
1895 1556 2074 1611 crucis

497 1657 736 1728 patibulo
778 1660 1178 1720 damnatorum,
1217 1654 1430 1709 Domini
1469 1652 1594 1708 Jesu
1633 1650 1835 1707 Christi
1868 1649 2072 1718 passio,

499 1750 591 1821 qui
617 1766 714 1821 pro
742 1749 979 1821 peccatis
1023 1748 1222 1802 nostris
1250 1762 1374 1801 cum
1415 1745 1614 1815 iniquis
1643 1745 1755 1799 sive
1799 1741 2076 1797 sceleratis

501 1850 781 1912 reputatus
808 1851 912 1904 est,
955 1839 1334 1909 prophetatur:
1378 1845 1436 1891 et
1472 1834 1614 1905 quod
1653 1834 1706 1888 in
1750 1833 1840 1887 illo
1877 1832 1943 1886 de
1987 1830 2076 1884 illo

2168 1193 2289 1235 mea
2327 1183 2535 1247 sponte,
2579 1187 2699 1228 mea
2736 1176 3024 1241 potestate,
3067 1165 3282 1234 quando
3316 1161 3460 1216 volui
3508 1170 3766 1216 montuus

2171 1286 2313 1327 sum.
2351 1269 2426 1322 Ita
2455 1263 2774 1320 mirabiliter
2801 1270 2856 1316 et
2885 1258 3168 1315 morientis
3210 1262 3452 1327 potestas
3498 1262 3584 1308 est
3612 1270 3769 1309 com-

2171 1359 2445 1425 mendata,
2469 1367 2524 1412 et
2541 1353 2980 1428 persequentium
3009 1348 3213 1405 saevitia
3238 1362 3344 1402 non
3371 1353 3455 1401 est
3480 1356 3766 1401 excusata.

2174 1451 2431 1522 Sequitur
2461 1449 2758 1518 Scriptura,
2799 1443 3018 1498 dicens:
3065 1459 3083 1491 ι
3117 1437 3234 1493 Non
3261 1437 3494 1492 dormiet
3521 1435 3772 1490 mortici-

2179 1561 2199 1594 ι
2228 1558 2356 1597 num
2378 1541 2495 1610 ejus
2515 1552 2675 1608 super
2690 1536 2920 1606 lignum;
2950 1531 3074 1601 quia
3092 1527 3365 1599 sepultura
3390 1526 3620 1596 sepelies
3641 1541 3769 1580 eum

2181 1652 2200 1685 ι
2232 1634 2284 1687 in
2315 1631 2400 1686 die
2428 1631 2561 1700 ipsa.
2601 1647 2619 1681 ι
2655 1627 2768 1693 Qua
2800 1623 3066 1680 sententia
3101 1622 3155 1675 in
3192 1619 3359 1675 verbo
3398 1618 3792 1681 dormitionis,’

2177 1738 2400 1782 somnus
2432 1719 2758 1792 evigilaturi,
2792 1717 2844 1772 id
2888 1723 2972 1770 est
3002 1711 3359 1770 resurrecturi
3407 1710 3771 1781 exprimitur:

2179 1817 2318 1872 sicut
2355 1815 2469 1884 ipse
2494 1813 2561 1867 de
2595 1811 2806 1866 Lazaro
2837 1807 2940 1861 ait:
2983 1825 3002 1856 ‹
3037 1803 3278 1858 Lazarus
3327 1801 3535 1856 amicus
3582 1811 3778 1854 noster

502 1888 780 1912 -νιη-η---η
813 1888 912 1904 νυ,
957 1888 1333 1909 ruﬁ—mw.
1386 1888 1430 1891 -κ
1483 1888 1506 1905 ..
1558 1888 1566 1889 κ

500 1930 740 1986 futurum
777 1939 913 1995 erat,
945 1940 1202 1998 tanquam
1248 1940 1375 1980 vere
1422 1924 1662 1979 futurum
1700 1920 2073 1983 confirmatur,
2102 1905 2151 1966 Β
2183 1925 2202 1959 ι
2239 1905 2466 1969 ἀοΐῐηίῐ;
2497 1902 2590 1958 sed
2621 1901 2776 1962 vado:
2807 1905 2867 1952 ιιι
2897 1912 2928 1950 ³
2965 1909 3158 1950 δοῐηηο
3186 1892 3418 1947 enim“
3447 1888 3770 1960 eumann-

500 2032 558 2079 et
589 2021 1014 2086 commendatur,
1053 2033 1176 2074 cum
1215 2017 1451 2072 dicitur:
1489 2033 1507 2065 ‹
1540 2015 1607 2068 Ει
1643 2013 1770 2083 quia
1795 2012 1898 2066 erit
1928 2010 1982 2064 in
2007 2010 2083 2063 vi.

500 2130 623 2169 rum
645 2120 926 2184 peccatum
945 2111 1209 2181 judicium
1236 2108 1447 2172 mortis,
1473 2114 1528 2162 et
1553 2106 1843 2161 morietur:
1878 2111 1932 2157 et
1967 2116 2084 2156 sus-

499 2206 702 2278 pendes
725 2219 847 2260 eum
879 2204 930 2258 in
959 2203 1122 2275 ligno,
1155 2223 1173 2255 ›
1201 2211 1332 2266 ειε.,
1373 2202 1514 2270 quod
1560 2205 1729 2252 totum
1760 2211 1867 2251 non
1914 2195 2085 2249 ambi-

443 2342 447 2350 .
501 2298 676 2370 gentis
703 2297 798 2352 sed
828 2294 1199 2367 prophetantis
1227 2293 1384 2348 modo
1406 2290 1641 2360 ponitur.
1677 2287 1811 2343 Cum
1836 2301 1965 2358 ergo
2000 2284 2083 2340 di-

504 2391 613 2446 cit:
649 2409 666 2440 ι
709 2390 775 2444 Ει
800 2390 923 2458 quia
958 2388 1064 2442 erit
1091 2387 1147 2440 in
1176 2385 1294 2440 viro
1339 2390 1644 2454 peccatum,
1685 2401 1703 2433 ι
1733 2381 1859 2450 quid
1891 2386 1974 2434 est
2003 2378 2086 2432 in-

502 2480 882 2551 telligendum?
910 2477 1028 2533 Non
1057 2477 1244 2547 utique
1274 2490 1464 2538 suum;
1502 2473 1627 2543 quia
1677 2471 1760 2542 (ut
1785 2469 1923 2524 alius
1963 2483 2089 2538 pro-

509 2572 673 2641 pheta
723 2577 955 2625 testatur
987 2567 1006 2638 )
1043 2565 1384 2636 iniquitatem
1409 2579 1514 2618 non
1542 2561 1700 2617 fecit:
1729 2574 1901 2628 neque
1937 2558 2088 2613 dolus

506 2661 608 2715 fuit
639 2662 815 2714 inore
852 2657 991 2725 ejus,
1018 2657 1115 2712 sed
1159 2655 1398 2709 omnium
1442 2660 1719 2715 nostrum;
1770 2652 1908 2705 sicut
1946 2650 2087 2704 idem

507 2753 768 2824 propheta
791 2750 958 2806 dicit:
994 2767 1012 2799 ι
1055 2747 1253 2802 Omnes
1283 2760 1383 2800 nos
1412 2745 1566 2814 quasi
1596 2759 1726 2812 oves
1755 2742 2085 2796 erravimus:

512 2865 530 2896 ι
571 2841 939 2912 unusquisque
961 2840 1017 2894 in
1039 2839 1181 2893 viam
1205 2837 1522 2893 declinavit:
1550 2845 1604 2890 et
1628 2835 1886 2889 Dominus
1912 2833 2093 2902 posuit

517 2955 534 2986 ‹
576 2935 629 2989 in
657 2949 722 2990 eo
751 2933 1093 3003 iniquitatem
1123 2930 1362 2985 omnium
1394 2936 1636 2982 nostrum
1667 2924 1802 2996 (Isa.
1833 2940 1950 2988 LIII,
1977 2923 2086 2994 6).»

512 3027 582 3081 Ει
613 3027 806 3080 beatus
837 3021 1112 3093 apostolus
1140 3019 1364 3074 Petrus:
1406 3039 1422 3069 ι
1461 3018 1562 3084 Qui
1602 3023 1820 3108 peccata
1851 3012 2092 3086 (inquit)

518 3136 537 3168 ι
575 3124 760 3172 nostra
791 3115 906 3184 ipse
950 3109 1172 3183 pertulit
1208 3111 1262 3164 in
1308 3124 1534 3179 corpore
1565 3123 1662 3162 suo
1703 3105 1863 3176 super
1891 3105 2094 3176 lignum

516 3229 534 3262 ι
560 3208 610 3281 (1
629 3206 772 3261 Ροιν.
796 3222 856 3272 ιι,
879 3203 992 3276 24).
1017 3222 1034 3253 ι
1067 3201 1218 3258 Unde
1240 3209 1293 3256 et
1318 3209 1464 3257 recte
1484 3201 1754 3269 sequitur:
1786 3217 1802 3248 ‹
1826 3195 2093 3251 Iudicium

2191 2016 2210 2049 ι
2244 2012 2319 2057 x1,
2347 1995 2464 2066 ll):
2495 2013 2514 2046 ι
2545 2000 2600 2049 ει
2621 1992 2689 2048 de
2730 1989 2838 2044 tilia
2880 1983 3307 2056 archisynagogi,
3332 1997 3496 2052 quam
3542 1981 3778 2035 suscita-

2187 2099 2340 2144 turus
2390 2094 2537 2142 erat:
2577 2106 2595 2137 ι
2636 2083 2754 2139 Νοιι
2800 2089 2886 2137 εει
2931 2087 3141 2135 mortua
3180 2075 3376 2145 puella,
3432 2072 3527 2129 sed
3575 2073 3778 2126 dormit

2192 2202 2211 2235 ι
2242 2181 2393 2255 (Luc.
2417 2196 2537 2245 vm,
2564 2178 2689 2249 52):
2732 2195 2749 2227 ι
2793 2183 2848 2229 et
2901 2174 2965 2228 de
2991 2173 3108 2242 ipso
3131 2167 3336 2224 inimici
3361 2166 3416 2220 in
3457 2163 3677 2220 Psalmo
3702 2163 3778 2218 di-

2186 2253 2348 2330 cunt:
2380 2292 2398 2324 ‹
2432 2272 2533 2340 Qui
2563 2268 2834 2332 dormivit,
2861 2281 2969 2321 non
3001 2261 3214 2334 adjiciet
3241 2269 3298 2314 ut
3325 2266 3576 2328 resurgat
3598 2253 3774 2326 (Psal.

2188 2381 2275 2429 ιιι,
2309 2363 2401 2434 9)?
2448 2383 2466 2413 ι
2509 2360 2616 2414 Ρει·
2661 2357 3008 2414 morticinum
3057 2361 3237 2406 autem
3275 2363 3404 2403 vera
3449 2363 3599 2402 mors
3651 2346 3771 2416 ejus

2187 2452 2520 2516 ostenditur;
2553 2449 2680 2520 quia
2709 2448 2892 2516 utique
2931 2458 3129 2514 corpus
3172 2439 3457 2503 exanime,
3520 2451 3552 2490 a
3595 2445 3775 2490 morte

2190 2542 2535 2598 morticinum
2585 2537 2920 2609 appellatur:
2967 2533 3107 2589 sicut
3143 2538 3196 2584 et
3229 2528 3460 2585 cadaver
3508 2527 3713 2582 dicitur
3753 2542 3782 2579 a

2191 2633 2456 2698 cadendo,
2508 2646 2572 2687 eo
2617 2630 2761 2701 quod
2806 2643 2900 2698 per
2946 2633 3177 2680 mortem
3221 2622 3379 2678 cadat
3439 2621 3494 2675 in
3537 2628 3781 2682 terram;

2192 2742 2298 2782 non
2353 2725 2524 2781 solum
2571 2722 2788 2793 quando
2839 2720 2891 2773 in
2935 2727 3084 2773 terra
3131 2715 3421 2770 resolvitur
3449 2712 3779 2784 (secundum

2193 2818 2337 2888 quod
2381 2817 2510 2872 Adae
2551 2816 2754 2871 dictum
2785 2819 2894 2868 est:
2927 2829 2945 2862 ι
2995 2808 3176 2864 Pulvis
3199 2823 3279 2874 es,
3311 2814 3366 2862 et
3393 2805 3448 2859 in
3496 2803 3782 2875 pulverem

2200 2927 2220 2960 ι
2255 2907 2545 2963 reverteris
2573 2904 2724 2977 (Gen.
2749 2920 2835 2967 ιιι,
2855 2900 2941 2971 l9)
2973 2919 2985 2954 :
3020 2919 3038 2952 ι
3061 2907 3114 2953 et
3131 2895 3488 2952 Ecclesiastes
3518 2894 3596 2947 ait
3625 2909 3638 2946 :
3670 2910 3689 2942 ι
3719 2891 3785 2945 Ει

2203 3019 2221 3050 ι
2264 3007 2564 3054 revertatur
2583 2996 2760 3066 pulvis
2794 2995 2846 3048 in
2871 3001 3068 3048 terram
3096 3003 3251 3045 suam
3280 2985 3555 3042 unde‘erat
3578 2983 3779 3056 (Eccle.

2203 3108 2224 3142 ι
2257 3105 2355 3155 xu,
2378 3089 2462 3159 7);
2490 3109 2510 3142 ι
2546 3087 2641 3144 sed
2664 3087 2822 3142 etiam
2842 3083 2967 3154 quia
2979 3083 3091 3152 jam
3113 3087 3381 3135 mortuum
3400 3086 3544 3131 terra
3565 3083 3785 3144 reputa-

2204 3189 2309 3245 tur,
2343 3190 2399 3235 et
2422 3191 2576 3235 terrae
2615 3179 2878 3234 traditur:
2924 3176 3063 3230 unde
3107 3182 3160 3230 et
3195 3173 3454 3227 Dominus
3490 3171 3558 3224 de
3605 3170 3786 3238 seipso

518 3320 536 3351 ι
563 3259 794 3355 \mortis:
828 3316 847 3349 ι
896 3259 1081 3364 utique
1130 3301 1347 3358 nostrae,
1399 3307 1517 3361 qua:
1559 3291 1626 3344 ab
1678 3289 1832 3342 initio
1870 3294 2096 3358 peccato
2122 3259 2170 3322 ο
2202 3276 2308 3338 ait:
2342 3295 2358 3325 ε
2404 3273 2516 3329 Nisi
2549 3288 2774 3345 granum
2805 3269 3062 3325 frumenti
3087 3266 3285 3322 cadens
3312 3267 3365 3320 in
3399 3273 3597 3319 terram
3641 3277 3787 3316 mor-

513 3391 760 3454 debetur,
794 3397 848 3442 et
873 3383 1118 3457 peccanti
1165 3383 1392 3447 homini,
1434 3384 1545 3438 Deo
1575 3381 1850 3451 judicante
1895 3376 2097 3431 inﬂicta

514 3491 617 3548 est,
642 3496 764 3537 cum
795 3480 910 3544 ait;
950 3496 968 3528 ‹
998 3475 1324 3545 Quacunque
1346 3476 1430 3530 die
1470 3473 1770 3530 comederis
1792 3487 1858 3526 ex
1881 3486 1962 3533 eo,
1993 3490 2010 3523 ι
2045 3468 2100 3523 id

516 3583 618 3640 est,
650 3589 718 3627 ex
744 3571 886 3643 ligno
905 3570 1104 3630 vetito,
1140 3587 1157 3620 ι
1188 3575 1361 3620 morte
1386 3563 1634 3619 morieris
1667 3561 1894 3633 (Gen.u,
1921 3558 2041 3630 l7).
2075 3577 2094 3609 ι

516 3665 669 3722 Unde
703 3675 757 3720 ct
778 3663 1065 3735 Apostolus
1097 3660 1264 3717 dicit:
1305 3677 1322 3708 ι
1353 3656 1456 3712 Ρει·
1486 3670 1652 3709 unum
1679 3654 1947 3708 hominem
1973 3664 2098 3721 pec-

525 3773 544 3807 ι
580 3765 759 3810 catum
814 3754 1035 3808 intravit
1094 3752 1146 3806 in
1209 3748 1500 3811 mundum,
1559 3753 1615 3798 et
1668 3759 1763 3814 per
1817 3750 2096 3812 peccatum

525 3865 544 3898 ι
582 3864 728 3903 mors
786 3865 800 3901 :
860 3857 916 3902 et
966 3847 1042 3901 ita
1093 3844 1150 3899 in
1210 3856 1396 3898 omnes
1463 3839 1709 3895 homines
1785 3835 2101 3907 pertransiit

525 3961 544 3992 ι
581 3941 759 4012 (Rom.
782 3957 836 4005 v,
866 3940 986 4008 12).
1017 3958 1037 3991 ι

589 4031 822 4088 XXVIII.
869 4030 1119 4100 Suscepit
1159 4029 1341 4098 itaque
1378 4028 1432 4082 in
1472 4039 1529 4080 se
1561 4025 1663 4080 iste
1698 4027 1782 4078 vir
1818 4032 1872 4078 et
1907 4036 2101 4093 pecca-

521 4134 634 4179 tum
672 4123 910 4178 omnium
950 4131 1212 4183 nostrum,
1249 4129 1303 4174 et
1339 4118 1600 4190 judicium
1647 4115 1834 4171 mortis
1877 4121 2099 4169 nostrae.

522 4218 588 4273 Et
618 4214 890 4285 subjungit
920 4213 986 4268 de
1015 4228 1079 4269 eo
1121 4211 1424 4282 Scriptura,
1475 4208 1694 4262 dicens:
1734 4224 1752 4256 ι
1795 4205 1862 4259 Ει
1908 4203 2104 4259 morie-

525 4315 632 4372 tur,
661 4314 717 4362 et
765 4303 1063 4375 suspendes
1116 4317 1238 4357 eum
1293 4301 1345 4354 iu
1391 4300 1554 4369 ligno.
1591 4317 1610 4348 ι
1647 4296 1750 4352 Ubi
1798 4296 2105 4350 mirandum

521 4396 696 4459 valde,
727 4393 996 4465 quomodo
1017 4393 1167 4464 prius
1195 4391 1394 4445 dictum
1425 4390 1496 4445 sit
1525 4407 1544 4440 ι
1571 4386 1862 4442 morietur:
1892 4406 1910 4438 ι
1937 4395 1992 4440 ει
2013 4401 2108 4456 po-

528 4501 643 4544 stca
677 4509 694 4540 ‹
755 4485 1053 4555 suspendes
1106 4499 1228 4539 eum
1268 4483 1320 4537 in
1368 4481 1548 4552 ligno;
1593 4499 1613 4532 ι
1651 4494 1774 4534 cum
1820 4475 2108 4533 manifeste

2207 3384 2226 3416 ‹
2265 3373 2414 3419 tuum
2438 3363 2625 3429 fuerit,
2652 3362 2824 3432 ipsum
2872 3359 3044 3415 solum
3087 3365 3297 3423 manet;
3331 3357 3378 3411 si
3429 3364 3609 3410 autem
3643 3366 3781 3408 mor-

2208 3477 2228 3510 ι
2266 3465 2414 3511 tuum
2430 3454 2613 3520 fuerit,
2636 3453 2862 3509 multum
2876 3451 3109 3506 fructum
3131 3448 3286 3504 aﬂ'ert
3298 3446 3481 3521 (Joan.
3503 3462 3603 3510 xu,
3625 3444 3740 3516 24).
3764 3461 3781 3496 ι

2277 3563 2471 3622 XXIX.
2511 3564 2572 3620 In
2610 3579 2716 3634 quo
2772 3564 2936 3635 igitur
2983 3562 3242 3634 mysterio
3289 3567 3343 3616 et
3379 3560 3434 3614 in
3483 3559 3601 3630 lege
3649 3574 3785 3628 pra:-

2206 3668 2420 3730 ceptum
2453 3667 2555 3723 est,
2585 3665 2640 3712 et
2666 3657 2720 3711 in
2761 3654 3051 3726 Evangelio
3079 3654 3097 3724 (
3117 3654 3257 3709 sicut
3295 3650 3568 3723 legimus)
3606 3651 3786 3706 divino

2208 3760 2339 3806 nutu
2369 3767 2396 3804 a
2423 3748 2863 3820 persecutoribus
2896 3746 3189 3818 expletum,
3223 3753 3281 3799 ut
3305 3743 3466 3814 hujus
3501 3743 3604 3797 viri
3639 3757 3782 3796 mor-

2207 3843 2454 3905 ticinum,
2509 3841 2620 3895 sive
2663 3840 2913 3903 cadaver,
2964 3839 3077 3894 sive
3107 3852 3305 3908 corpus
3357 3852 3464 3891 non
3508 3835 3776 3896 dormiret,

2207 3949 2306 3988 nec
2343 3940 2709 4003 pernoctaret,
2755 3932 2870 3986 sive
2899 3938 3326 3989 commoraretur
3353 3936 3406 3982 et
3447 3933 3789 3997 permaneret

2205 4042 2368 4097 super
2403 4025 2648 4096 lignum?
2679 4025 2757 4079 Ita
2787 4024 2928 4078 enim
2961 4023 3218 4092 scriptum
3257 4029 3342 4075 est
3363 4019 3549 4091 (Joan.
3580 4015 3790 4086 xu,5l)

2205 4118 2350 4189 quod
2386 4135 2404 4168 ‹
2435 4115 2624 4180 Judaei,
2660 4125 2719 4170 ιιι
2747 4130 2850 4170 non
2887 4120 3232 4169 remanerent
3264 4112 3319 4165 in
3351 4125 3513 4165 cruce
3541 4123 3791 4178 corpora,

2212 4227 2232 4261 ς
2267 4215 2595 4276 rogaverunt
2617 4205 2846 4260 Pilatum
2865 4212 2923 4258 ut
2950 4202 3329 4273 frangerentur
3343 4215 3528 4255 eorum
3550 4214 3712 4254 crura
3735 4215 3746 4261 ;
3773 4217 3789 4246 ι

2210 4300 2262 4355 id
2293 4307 2397 4366 est,
2450 4298 2689 4363 Domini,
2718 4306 2773 4352 et
2815 4296 3086 4352 latronum
3115 4293 3207 4363 qui
3241 4291 3485 4348 crucifixi
3517 4300 3641 4345 sunt
3673 4306 3795 4345 cum

2207 4407 2295 4457 eo,
2335 4411 2352 4443 ε
2391 4399 2445 4447 ει
2499 4390 2835 4446 tollerentur.
2876 4408 2894 4440 ι
2934 4386 3037 4442 Ubi
3066 4385 3284 4456 quidem
3328 4383 3555 4438 altitudo
3600 4382 3797 4438 secreti

2209 4482 2377 4538 nimia
2421 4489 2534 4537 est:
2589 4481 2703 4536 sive
2737 4480 2881 4534 enim
2911 4487 2974 4533 ut
3004 4477 3110 4533 illis
3149 4491 3346 4546 corpus
3381 4475 3498 4544 ejus
3529 4475 3801 4544 deponere

526 4582 788 4637 Dominus
818 4587 1005 4635 noster
1032 4577 1182 4649 prius
1207 4576 1261 4630 in
1303 4575 1448 4646 ligno
1496 4587 1790 4642 suspensus
1831 4571 1900 4626 sit
1929 4571 2107 4626 mani-
2132 4615 2186 4674 Β
2210 4591 2272 4631 ac
2304 4575 2532 4646 sepelire
2573 4572 2974 4637 festinantibus,
3001 4573 3104 4626 tria
3149 4586 3344 4641 magna
3386 4571 3642 4640 mySteria
3683 4585 3801 4639 qua:

523 4678 624 4730 hus
669 4673 999 4729 inﬁdelium:
1043 4678 1098 4726 et
1141 4669 1483 4740 postmodum
1536 4674 1906 4720 consummata
1959 4663 2107 4719 omni

525 4768 793 4838 passione,
835 4764 1052 4837 quando
1098 4762 1287 4828 voluit,
1330 4759 1590 4815 inclinato
1639 4759 1815 4827 capite
1866 4757 2110 4812 emiserit

524 4859 792 4928 spiritum.
827 4855 934 4911 Sed
960 4854 1213 4910 nimirum
1243 4853 1348 4907 hoc
1372 4851 1534 4905 nimis
1563 4848 1742 4903 divine
1769 4848 1974 4904 dictum
2003 4855 2105 4913 est,

527 4963 585 5004 ut
625 4959 910 5021 postquam
950 4949 1026 5003 ait
1077 4948 1163 5002 lex
1194 4965 1212 4998 ι
1260 4945 1367 4999 erit
1415 4945 1470 4999 in
1518 4944 1634 4998 viro
1688 4951 1971 5013 peccatum
2019 4940 2109 5009 ju-

529 5044 726 5099 dicium
775 5041 987 5107 mortis,
1027 5059 1045 5092 ι
1075 5038 1331 5095 εοιιιίιιιιο
1377 5035 1722 5106 subjungeret
1771 5054 1789 5086 ι
1825 5041 1881 5089 et
1905 5033 2101 5088 morieo-

530 5145 640 5201 tur,
692 5154 711 5187 ›
741 5141 798 5188 ει
833 5132 1054 5187 adderet
1086 5150 1106 5183 ι
1140 5138 1196 5184 ει
1242 5128 1538 5200 suspendes
1578 5142 1702 5182 cum
1753 5126 1807 5181 in
1855 5125 2040 5196 ligno:
2083 5145 2100 5176 ι

530 5239 589 5284 ιιι
634 5227 883 5282 videlicet
924 5225 1073 5295 prius
1127 5225 1522 5279 demonstraret
1569 5220 1712 5276 illius
1755 5225 2102 5289 potestatem,

531 5317 722 5374 deinde
766 5332 953 5372 eorum
997 5315 1309 5372 ostenderet
1349 5312 1752 5376 crudelitatem;
1806 5310 1931 5363 dum
1983 5323 2106 5361 eum

531 5411 624 5481 qui
653 5409 796 5464 nulla
826 5409 1059 5464 humana
1087 5405 1360 5472 violentia,
1391 5404 1537 5460 nullo
1573 5401 1835 5474 supplicio
1861 5399 1944 5453 vel
1987 5413 2109 5452 cru-

533 5502 679 5559 ciatu
717 5508 966 5572 cogente,
1022 5499 1117 5554 sed
1168 5513 1264 5554 sua
1315 5504 1526 5564 sponte,
1579 5508 1674 5548 sua
1715 5497 1983 5562 potestate
2027 5496 2108 5542 est

533 5603 803 5659 mortuus,
859 5590 960 5663 ipsi
1011 5598 1271 5660 quantum
1314 5587 1369 5640 in
1407 5585 1512 5639 illis
1565 5583 1666 5638 fuit
1719 5581 2108 5650 suspendentes

535 5686 589 5744 in
620 5686 764 5759 ligno
788 5686 1198 5741 interemerunt.
1229 5681 1306 5736 De
1335 5679 1438 5732 hac
1465 5676 1606 5732 enim
1631 5681 1896 5746 potestate
1919 5673 2111 5729 mortis

537 5794 647 5836 sum
686 5778 787 5833 iste
813 5778 895 5832 vir
932 5784 986 5831 et
1031 5774 1290 5829 Dominus
1319 5770 1371 5824 in
1400 5767 1692 5837 Evangelio
1734 5773 1984 5829 testatur,
2029 5765 2110 5819 di-

537 5884 701 5929 cens:
732 5888 752 5924 (
792 5869 1124 5927 Potestatem
1155 5864 1330 5922 habeo
1358 5861 1589 5936 ponendi
1627 5859 1865 5917 animam
1899 5873 2108 5915 meam:

2215 4669 2391 4725 adhuc
2434 4668 2632 4723 Christi
2675 4667 3018 4737 passionibus
3055 4665 3402 4733 deerant(id
3440 4674 3545 4729 est,
3590 4666 3802 4736 apertio

2214 4761 2397 4816 lateris
2421 4757 2536 4828 ejus
2565 4774 2662 4828 per
2701 4757 2942 4812 lanceam
2986 4757 3194 4821 militis,
3226 4763 3281 4810 et
3319 4771 3385 4810 ex
3411 4756 3598 4810 eadem
3642 4770 3798 4826 aper-

2215 4853 2364 4908 tione
2401 4851 2673 4906 emanatio
2701 4864 2855 4920 aquae
2883 4857 2956 4904 ειη
2983 4848 3283 4920 sanguinis,
3310 4857 3363 4903 et
3406 4847 3612 4902 ossium
3661 4847 3800 4917 ejus,

2214 4948 2338 5017 quia
2365 4946 2479 5016 jam
2515 4954 2758 5002 mortuus
2786 4947 3035 4999 inventus
3057 4951 3162 5007 est,
3193 4927 3404 5012 integra
3434 4938 3802 5010 conservatio)

2215 5042 2583 5113 implerentur.
2626 5041 2751 5095 Haec
2792 5041 2938 5095 enim
2984 5040 3164 5094 omnia
3195 5037 3474 5111 granditer
3499 5045 3554 5092 et
3582 5027 3800 5108 magni-

2214 5135 2314 5190 Ilce
2351 5147 2418 5188 ex
2463 5135 2749 5189 occasione
2795 5133 3158 5189 accelerandm
3207 5130 3494 5201 sepulturae
3532 5127 3649 5198 ejus
3699 5129 3771 5183 im

2212 5226 2373 5294 pleta,
2420 5223 2762 5279 commendat
2806 5223 3167 5295 Evangelista,
3205 5223 3394 5278 dicens
3421 5222 3574 5294 (vers.
3601 5218 3796 5284 52,55.

2214 5319 2306 5384 Μ,
2331 5319 2422 5384 55,
2443 5318 2528 5380 '56,
2556 5316 2646 5387 '57)
2674 5335 2686 5370 :
2726 5337 2744 5368 ‹
2787 5317 3065 5373 Venerunt
3095 5331 3223 5388 ergo
3267 5315 3467 5370 milites
3498 5332 3511 5368 :
3541 5321 3596 5369 et
3638 5312 3803 5383 primi

2222 5430 2240 5461 ‹
2276 5409 2490 5480 quidem
2533 5407 2810 5478 fregerunt
2864 5423 3047 5472 crura,
3093 5416 3148 5461 et
3177 5406 3404 5460 alterius
3450 5403 3542 5474 qui
3585 5399 3808 5456 crucifi-

2224 5517 2243 5550 ‹
2281 5515 2380 5555 xus
2409 5506 2491 5554 est
2531 5513 2654 5553 cum
2693 5514 2776 5553 eo.
2819 5499 2898 5553 Ad
2929 5497 3112 5554 .lesum
3143 5505 3322 5551 autem
3353 5485 3481 5549 cum
3500 5493 3801 5554 venissent,

2225 5607 2243 5640 ‹
2275 5599 2336 5644 ιιι
2379 5589 2800 5644 videruut'eum
2850 5588 2963 5658 jam
3009 5595 3302 5650 mortuum,
3355 5599 3463 5639 non
3526 5581 3805 5653 fregerunt

2222 5700 2242 5733 ‹
2283 5679 2399 5749 ejus
2424 5695 2582 5735 crura
2619 5698 2631 5734 :
2673 5681 2765 5736 sed
2803 5695 2942 5734 unus
2979 5678 3230 5743 militum,
3278 5675 3462 5731 lancea
3497 5673 3638 5727 latus
3685 5670 3807 5740 ejus

2224 5792 2242 5825 ι
2285 5774 2512 5844 aperuit,
2553 5780 2608 5827 et
2650 5773 2902 5827 continuo
2940 5770 3110 5826 exivit
3149 5770 3372 5840 sanguis
3419 5777 3474 5822 et
3526 5780 3686 5835 aqua.
3739 5763 3807 5817 Et

2189 5883 2242 5941 ,ι
2287 5864 2377 5936 qui
2430 5862 2584 5929 vidit,
2641 5861 3005 5917 testimonium
3042 5859 3352 5934 perhibuit:
3402 5867 3457 5913 et
3484 5869 3674 5911 verum
3720 5861 3805 5906 est
