4032 6482
332 480 428 534 161

1561 478 1688 534 LIB.
1729 477 2010 535 CONTRA
2046 476 2333 535 ΙυῡέΕοδ
2348 519 2360 533 .

3482 481 3585 537 162
3659 558 3670 574 1

335 617 352 650 ι
392 592 758 650 testimonium
798 592 943 663 ejus:
969 599 1024 646 et
1053 591 1140 646 ille
1173 591 1280 647 scit
1329 590 1458 662 quia
1513 607 1640 648 vera
1666 595 1813 660 dicit,
1846 603 1904 650 ut
1929 597 1982 657 Α
2009 602 2159 648 ratus
2179 602 2284 657 est,
2309 591 2470 646 etiam
2491 598 2546 646 et
2570 592 2625 647 in
2654 591 2868 647 Psalmo
2889 591 3102 647 canitur
3127 608 3140 644 :
3175 612 3193 644 ι
3213 590 3340 648 Haec
3361 599 3445 648 est
3465 594 3584 650 dies

335 707 352 739 ‹
389 697 444 742 et
471 701 564 741 vos
591 683 844 741 credatis.
877 683 1041 738 Facta
1069 692 1195 738 sunt
1219 683 1365 738 enim
1396 685 1510 739 haec
1533 693 1591 738 ut
1617 683 1896 754 Scriptura

332 800 350 830 ι
386 776 736 848 impleretur:
768 794 786 826 ι
815 774 886 830 Os
909 789 1015 830 non
1039 774 1418 829 comminuetis
1443 789 1511 829 ex
1536 789 1620 830 eo.
1643 794 1662 828 ι
1694 776 1761 829 Et
1784 792 1901 830 rur-

331 886 350 919 ι
386 883 505 921 sum
530 865 632 920 alia
665 865 941 935 Scriptura
971 865 1103 920 dicit
1131 882 1142 918 :
1175 865 1446 920 Videbunt
1466 865 1518 919 in
1543 880 1703 935 quem
1726 874 1899 922 trans-

331 979 348 1009 ‹
388 959 638 1012 ﬁxerunt.
678 976 695 1006 ι
753 955 1011 1011 Videlicet
1062 963 1122 1008 ut
1158 971 1253 1025 per
1304 954 1491 1010 lateris
1540 957 1895 1026 apertionem,

324 1045 650 1116 panderetur
692 1044 846 1099 nobis
892 1043 1089 1097 ostium
1116 1058 1222 1112 quo
1252 1042 1578 1098 intraremus
1605 1042 1672 1097 ad
1708 1044 1896 1108 vitam,

322 1146 380 1192 ct
410 1137 877 1205 iucorporaremur
911 1135 1126 1189 Christo
1182 1149 1278 1204 per
1305 1149 1501 1203 aquam
1538 1135 1896 1206 baptismatis,

323 1237 378 1282 et
400 1227 716 1298 sanguinem
744 1222 1141 1296 redemptionis.

394 1321 561 1377 XXX.
595 1323 662 1377 Et
686 1322 812 1392 quia
857 1320 924 1376 de
964 1337 1103 1392 agno
1147 1321 1238 1391 qui
1273 1321 1667 1377 immolabatur
1704 1323 1757 1377 in
1805 1337 1900 1394 pa-

323 1415 452 1470 scha
494 1414 580 1469 lex
619 1413 902 1483 prmcipit:
964 1434 982 1464 ‹
1013 1412 1085 1468 Os
1134 1428 1240 1468 non
1283 1414 1663 1470 comminuetis
1716 1431 1782 1469 ex
1833 1429 1898 1470 eo

329 1524 347 1556 ‹
388 1504 585 1573 (Exod.
641 1519 740 1569 xu,
769 1503 884 1574 46),
930 1522 972 1564 »η
1003 1519 1359 1574 agnoscamus
1388 1505 1530 1560 hunc
1554 1520 1673 1560 esse
1711 1521 1897 1561 verum

321 1597 533 1667 Agnum
592 1595 689 1650 Dei
729 1595 819 1664 qui
860 1594 997 1649 tollit
1043 1604 1264 1665 peccata
1314 1596 1518 1650 mundi.
1572 1597 1646 1652 De
1694 1613 1800 1667 quo
1846 1605 1900 1652 et

320 1688 512 1744 beatus
537 1687 826 1758 Apostolus
855 1695 1112 1744 testatur:
1151 1709 1168 1740 ‹
1197 1690 1409 1744 Etenim
1433 1692 1631 1758 pascha
1656 1701 1898 1746 nostrum

324 1799 344 1832 ι
389 1779 698 1834 immolatus
725 1788 806 1834 est
852 1778 1100 1834 Christus
1129 1779 1180 1847 (1
1209 1779 1329 1834 Cor.
1359 1798 1413 1846 ν,
1447 1782 1521 1852 7).
1561 1802 1579 1832 ι
1617 1781 1742 1836 Sive
1771 1782 1897 1851 quia

316 1872 638 1938 Parasceve,
671 1871 724 1926 id
753 1880 857 1936 est,
886 1881 1036 1927 sexta
1061 1871 1194 1925 feria
1244 1888 1438 1941 passus
1464 1883 1546 1928 est
1600 1875 1892 1928 Dominus:

2010 700 2028 733 ι
2071 697 2233 751 quam
2260 681 2388 735 fecit
2429 680 2728 736 Dominus:
2767 680 3097 736 exsultemus
3141 689 3197 736 et
3238 681 3483 736 laetemur
3527 681 3585 737 in

2009 791 2031 824 ι
2068 788 2152 828 ea.
2201 771 2245 828 Ο
2273 772 2521 838 Domine,
2554 772 2758 828 salvum
2803 788 2892 828 me
2933 772 3050 828 fac:
3099 787 3133 828 ο
3162 773 3417 840 Domine,
3447 774 3587 831 bene

2009 882 2028 915 ι
2073 878 2407 934 prosperare.
2439 861 2761 919 Benedictus
2800 863 2894 933 qui
2922 863 3071 918 venit
3111 863 3166 917 in
3206 864 3424 919 nomine
3476 863 3582 919 Do-

2010 975 2028 1007 ‹
2074 955 2206 1010 mini
2230 953 2402 1026 (Psal.
2430 953 2707 1021 cxvnﬂd,
2738 954 2963 1026 25,26).
2999 974 3018 1007 ›
3055 954 3123 1009 Et
3145 955 3201 1010 in
3229 954 3333 1009 alio
3370 953 3581 1024 psalmo

2005 1044 2237 1115 Spiritus
2263 1052 2480 1099 sanctus
2507 1044 2712 1099 eisdem
2741 1043 2940 1100 Judaeis
2964 1044 3130 1100 dicit:
3163 1063 3181 1096 ‹
3221 1044 3393 1100 Hodie
3416 1045 3464 1099 si
3489 1059 3581 1100 vo-

2010 1153 2029 1186 c
2072 1149 2190 1190 cem
2215 1135 2332 1205 ejus
2373 1133 2674 1198 audieritis,
2698 1133 2864 1188 nolite
2895 1134 3162 1188 obdurare
3208 1134 3372 1193 corda
3399 1141 3586 1190 vestra

2009 1245 2028 1277 ι
2071 1224 2243 1297 (Ρεαι.
2293 1241 2437 1290 xcrv,
2467 1225 2546 1293 8),
2579 1244 2597 1277 ι
2633 1233 2738 1279 etc.
2788 1223 2970 1278 Donec
3015 1240 3142 1295 ergo
3196 1225 3338 1281 istud
3366 1233 3581 1294 tempus

2002 1316 2330 1386 acceptabile
2356 1325 2462 1382 est,
2492 1326 2547 1370 et
2592 1316 2706 1371 dies
2735 1315 2942 1380 salutis,
2978 1331 3140 1384 quam
3171 1317 3325 1372 nobis
3369 1317 3458 1372 ille
3495 1317 3578 1372 in-

2002 1407 2180 1463 stituit
2203 1406 2294 1477 qui
2324 1421 2423 1476 pro
2447 1405 2688 1462 omnium
2712 1406 2885 1461 salute
2913 1414 3158 1461 mortuus
3181 1415 3287 1471 est,
3318 1413 3370 1460 et
3405 1422 3584 1462 resur-

2003 1501 2163 1566 rexit,
2191 1501 2439 1556 hortatur
2470 1515 2564 1555 eos
2591 1500 2679 1555 lex
2722 1508 2782 1554 ut
2828 1499 3048 1555 sceleris
3092 1499 3176 1554 sui
3203 1499 3580 1569 paenitentiam

2001 1601 2194 1664 agant;
2242 1592 2375 1658 sive,
2405 1592 2582 1648 scelus
2625 1593 2768 1662 quod
2809 1591 2864 1645 in
2913 1607 2980 1674 eo
3021 1591 3358 1647 admiserunt
3400 1600 3583 1661 tegere

2001 1701 2109 1741 non
2139 1692 2446 1739 morentur:
2496 1693 2555 1738 ut
2601 1683 2798 1738 merito
2838 1691 2894 1737 et
2925 1683 3026 1752 ipsi
3069 1682 3320 1738 audiant:
3355 1700 3374 1734 ι
3427 1680 3580 1736 Beati

2007 1796 2026 1829 ι
2073 1793 2299 1848 quorum
2319 1777 2560 1833 remissae
2593 1788 2719 1832 sunt
2746 1777 3079 1846 iniquitates,
3109 1783 3165 1830 et
3189 1791 3420 1846 quorum
3443 1783 3585 1830 tecta

2007 1891 2025 1923 ‹
2067 1880 2451 1942 suntpeccata.
2503 1870 2703 1925 Beatus
2727 1869 2810 1924 vir
2834 1871 2920 1925 cui
2953 1885 3060 1925 non
3088 1869 3372 1939 imputavit
3402 1867 3585 1924 Domi-

315 1974 372 2021 et
397 1967 678 2036 oportebat
705 1966 760 2019 in
785 1981 850 2021 eo
870 1965 1185 2038 mysterium
1208 1965 1441 2032 sabbati,
1473 1965 1616 2035 quad
1643 1966 1711 2020 ab
1739 1982 1896 2022 exor-
1924 1955 1972 2014 Β
2003 1981 2022 2014 ι
2068 1977 2171 2017 nus
2194 1971 2478 2032 peccatum
2505 1958 2679 2032 (Psal.
2708 1977 2858 2026 xxxi,
2884 1960 2969 2031 l):
3005 1980 3025 2013 ι
3066 1960 3134 2014 Ει
3161 1969 3392 2016 mortem
3415 1959 3575 2014 Chri-

321 2062 414 2116 dio
462 2060 643 2114 mundi
694 2060 871 2114 fuerat
911 2061 1348 2115 commendatum
1396 2061 1639 2130 impleri,
1681 2062 1766 2116 lex
1809 2078 1898 2118 se-

319 2150 588 2220 pulturam
608 2149 725 2219 ejus
752 2164 978 2219 vespere
999 2148 1242 2217 ejusdem
1273 2150 1574 2206 Parasceve
1604 2151 1899 2208 accelerari

314 2240 502 2310 jussit;
548 2251 605 2295 ut
652 2249 1027 2296 consummato
1074 2243 1342 2311 passionis
1387 2251 1746 2307 sacramento,
1776 2244 1900 2298 sab—

313 2329 442 2385 bato
465 2331 769 2400 quiesceret
791 2331 844 2384 in
871 2330 1116 2401 sepulcro
1161 2349 1173 2386 :
1229 2341 1284 2387 et
1310 2332 1483 2401 prima
1524 2334 1732 2389 sabbati
1755 2334 1898 2389 luce-

314 2429 500 2475 sceute
531 2429 856 2492 resurgeret,
888 2422 1028 2476 sicut
1056 2423 1109 2476 in
1139 2421 1358 2477 Psalmo
1383 2433 1509 2478 ante
1538 2425 1894 2493 praedixerat:

319 2531 340 2563 ε
371 2513 668 2582 Exsurgam
717 2513 949 2568 diluculo
975 2513 1146 2583 (Psal.
1173 2530 1282 2579 va,
1317 2515 1388 2581 9;
1416 2530 1548 2580 cvu,
1576 2515 1654 2586 5.)
1692 2535 1710 2567 ›
1751 2515 1899 2571 Unde

312 2613 369 2659 et
415 2606 706 2661 vicesimus
751 2607 959 2675 primus
1004 2607 1264 2676 psalmus,
1295 2607 1388 2676 qui
1435 2609 1502 2662 de
1549 2608 1798 2676 passione
1845 2615 1900 2662 et

313 2697 730 2753 resurrectionis
750 2698 915 2767 gloria
939 2698 1171 2766 scriptus
1201 2707 1287 2753 est
1305 2739 1320 2763 ,
1363 2698 1726 2766 praetitulatur
1753 2717 1764 2752 :
1794 2698 1899 2752 Pro

312 2789 687 2860 assumptione
737 2789 999 2843 matutina
1040 2790 1168 2844 :vel
1195 2789 1358 2860 (sicut
1383 2791 1435 2844 in
1485 2788 1768 2857 Hebraico)
1800 2804 1898 2858 pro

312 2896 476 2935 cervo
518 2880 786 2935 matutino
823 2899 836 2934 :
869 2891 924 2936 et
948 2890 1008 2934 ut
1034 2881 1109 2935 ita
1146 2881 1201 2934 in
1245 2897 1304 2936 se
1344 2882 1567 2936 omnino
1617 2880 1897 2950 impletum

309 2985 434 3025 esse
458 2971 784 3036 ostenderet,
812 2971 954 3041 quod
990 2972 1043 3025 in
1073 2972 1298 3027 exordio
1328 2973 1514 3026 mundi
1555 2973 1732 3028 fuerat
1758 2990 1896 3043 pra:-

309 3065 614 3134 signatum;
645 3065 737 3119 ubi
764 3065 906 3120 Deus
935 3072 1054 3134 post
1078 3065 1262 3119 omnia
1291 3081 1456 3136 opera
1484 3081 1580 3120 sua
1610 3082 1730 3135 qua:
1753 3066 1898 3125 fece-

312 3163 399 3208 rat
425 3153 566 3209 bona
608 3154 784 3219 valde,
809 3155 1036 3226 mystice
1065 3156 1119 3209 in
1149 3156 1374 3210 sabbato
1405 3157 1735 3227 requievisse
1773 3174 1898 3212 nar-

311 3253 462 3299 ratur
489 3264 501 3298 :
533 3253 592 3300 ut
621 3245 906 3302 Dominum
930 3257 985 3302 et
1012 3246 1212 3317 Regem
1243 3257 1489 3303 nostrum
1512 3258 1638 3304 ante
1674 3251 1892 3316 szecula,

2001 2053 2068 2108 sti
2097 2053 2412 2122 pretiosam,
2434 2069 2598 2124 quam
2629 2052 2868 2108 ostentui
2890 2063 2946 2108 et
2968 2052 3208 2107 irrisioni
3236 2053 3461 2116 habent,
3488 2052 3588 2106 ho-

1998 2159 2196 2199 norare
2223 2143 2499 2200 festinent.
2548 2144 2684 2210 Quia
2731 2144 2777 2199 si
2828 2152 2939 2198 tota
2985 2145 3090 2199 hac
3131 2144 3240 2209 die,
3267 2143 3321 2199 id
3348 2151 3450 2212 est,
3478 2151 3588 2200 toto

2001 2237 2106 2291 isto
2128 2245 2371 2306 tempore
2408 2237 2654 2303 salutari,
2685 2238 2925 2307 quandiu
2954 2252 3196 2307 praesens
3241 2237 3354 2292 vita
3382 2236 3584 2308 agitur,

2001 2328 2105 2382 hoc
2127 2327 2351 2397 implere
2377 2327 2729 2398 neglexerint,
2763 2327 3215 2399 superveniet.eis
3235 2343 3344 2382 nox
3373 2326 3584 2392 mortis,

1999 2432 2109 2471 nox
2138 2417 2500 2473 damnationis
2522 2425 2578 2472 et
2618 2419 2966 2473 tenebrarum
2996 2427 3324 2474 aeternarum
3352 2437 3364 2471 :
3413 2427 3468 2473 et
3497 2418 3586 2474 ille

1999 2508 2094 2576 qui
2118 2523 2216 2577 pro
2244 2509 2485 2564 omnium
2513 2508 2686 2564 salute
2711 2509 2765 2562 in
2807 2508 2952 2580 ligno
2994 2524 3288 2580 suspensus
3330 2517 3436 2574 est,
3464 2523 3586 2579 per-

1998 2601 2270 2666 noctabit,
2318 2609 2374 2655 et
2416 2600 2756 2670 permanebit
2803 2601 2946 2669 apud
2992 2615 3086 2655 eos
3130 2616 3294 2671 super
3347 2601 3584 2672 lignum;

1999 2689 2127 2758 quia
2169 2689 2474 2744 irrisionem
2514 2697 2570 2743 et
2612 2688 3093 2744 subsannationem
3126 2689 3397 2757 passionis
3443 2687 3584 2757 ejus,

1973 2795 2161 2850 quam
2203 2788 2316 2835 toto
2344 2781 2469 2835 vitae
2510 2794 2620 2834 suae
2651 2788 2894 2848 tempore
2924 2788 3239 2846 tenuerunt,
3272 2788 3393 2849 post
3439 2797 3587 2836 mor-

1998 2881 2108 2928 tem
2152 2874 2442 2928 emendare
2485 2887 2592 2927 non
2653 2881 2950 2942 poterunt,
2998 2872 3214 2928 dicente
3270 2870 3580 2944 Scriptura:

2005 2981 2025 3014 σ
2070 2962 2281 3018 Mortuo
2310 2963 2529 3018 homine
2571 2962 2735 3033 impio
2763 2962 2909 3016 nulla
2931 2963 3037 3018 erit
3065 2963 3205 3018 ultra
3244 2980 3371 3034 spes
3396 2963 3580 3036 (Prov.

1996 3069 2077 3120 xi,
2100 3055 2176 3125 7).
2221 3075 2240 3106 ι
2271 3054 2346 3109 De
2373 3055 2474 3109 hac
2497 3054 2642 3110 enim
2665 3055 2772 3120 die,
2804 3063 2860 3109 et
2888 3055 2954 3110 de
2999 3056 3101 3114 hac
3129 3064 3287 3112 nocte
3316 3056 3430 3126 ipse
3474 3057 3582 3113 Do-

1997 3147 2176 3203 minus
2201 3147 2256 3202 in
2284 3148 2576 3217 Evangelio
2604 3149 2768 3204 dicit:
2798 3169 2817 3201 ι
2855 3149 3103 3217 Quandiu
3136 3151 3187 3205 in
3220 3153 3419 3208 mundo
3439 3168 3580 3218 sum,

2003 3258 2022 3290 ι
2052 3239 2144 3293 lux
2173 3255 2294 3294 sum
2325 3241 2556 3309 mundi...
2577 3238 2735 3295 Venit
2776 3256 2886 3296 nox
2935 3241 3152 3313 quando
3199 3259 3357 3299 nemo
3405 3253 3582 3314 potest

309 3343 595 3404 postquam
627 3345 884 3403 operatus
933 3346 1016 3391 est
1067 3314 1297 3391 salutem
1341 3347 1582 3393 nostram
1624 3339 1679 3394 in
1719 3314 1896 3396 medio
1923 3314 1971 3378 C
2004 3351 2024 3384 ε
2054 3333 2269 3402 operari
2293 3331 2475 3404 (Joan-
2504 3347 2579 3399 ιι,
2604 3333 2757 3406 5ν4)ο
2793 3354 2812 3387 ι

311 3433 561 3488 terrae,et
584 3425 718 3479 dixit
740 3427 807 3479 ad
832 3426 1048 3481 Patrem
1092 3445 1104 3480 :
1147 3447 1165 3478 ι
1202 3428 1313 3499 Ego
1339 3437 1393 3483 te
1422 3430 1713 3485 clarificavi
1736 3448 1897 3503 super

318 3534 337 3564 ι
371 3524 601 3569 terram:
636 3532 772 3585 opus
791 3519 1162 3572 consummavi
1193 3522 1336 3588 quod
1361 3521 1555 3576 dedisti
1579 3523 1709 3577 mihi
1737 3532 1797 3576 ut
1819 3524 1898 3578 fa-

321 3619 340 3651 c
375 3604 517 3655 ciam
567 3602 748 3671 (Joan.
799 3620 931 3668 xvu,
963 3605 1057 3676 4);
1114 3625 1132 3658 ›
1162 3609 1350 3662 eodem
1394 3610 1481 3663 die
1525 3612 1898 3679 requieturum

315 3692 622 3748 ostenderet
667 3694 720 3747 in
745 3695 1024 3765 sepulcro:
1055 3704 1110 3750 et
1137 3697 1216 3751 sic
1258 3707 1382 3767 post
1404 3697 1643 3754 laborem
1689 3702 1898 3768 passio-

312 3782 424 3846 nis,
451 3797 548 3852 per
572 3783 826 3839 virtutem
856 3788 1270 3842 resurrectionis
1300 3789 1528 3844 intraret
1572 3791 1627 3844 in
1657 3791 1900 3861 requiem

310 3886 490 3936 suam,
522 3873 588 3926 de
611 3889 716 3942 qua
745 3875 795 3928 ei
841 3873 1125 3930 Psalmista
1148 3877 1308 3932 dicit:
1346 3899 1364 3929 ‹
1426 3880 1617 3952 Surge,
1644 3881 1898 3947 Domine,

315 3979 337 4013 ι
371 3962 426 4015 in
457 3963 696 4032 requiem
725 3973 871 4018 tuam
899 3964 1070 4036 (Psal.
1107 3982 1288 4034 cxxn,
1317 3968 1405 4039 8):
1448 3990 1464 4020 ι
1502 3978 1767 4041 quatenus
1806 3988 1895 4027 sa-

309 4052 676 4108 cratissimum
728 4054 965 4109 triduum
1011 4059 1277 4127 passionis
1307 4101 1323 4125 ,
1370 4068 1426 4114 ct
1471 4061 1758 4131 sepultura:
1784 4103 1799 4129 ,
1843 4073 1899 4119 et

308 4145 726 4200 resurrectionis
769 4147 903 4216 ejus,
931 4150 1074 4217 quod
1108 4151 1460 4220 praevidebat,
1484 4162 1538 4208 et
1563 4156 1895 4224 praeordina-

305 4233 404 4287 bat
430 4235 653 4304 spiritus
695 4235 1040 4306 legislatoris,
1074 4239 1387 4296 inviolabile
1412 4253 1785 4312 permaneret.

385 4325 571 4380 XXXI.
603 4326 870 4392 Quantum
901 4344 1030 4382 vero
1051 4331 1118 4383 ad
1145 4331 1398 4400 populum
1439 4332 1587 4387 illum
1627 4334 1893 4390 inﬁdelem

306 4425 366 4473 et
396 4418 795 4474 interfectorem
835 4420 1037 4476 Christi
1083 4423 1295 4490 attinet,
1327 4425 1464 4480 bene
1512 4425 1589 4481 illi
1629 4427 1714 4482 lex
1765 4429 1895 4484 dicit

308 4511 490 4584 (Deut.
519 4529 634 4578 xxi,
664 4513 793 4584 25):
825 4534 841 4564 ι
879 4514 994 4569 Νοη
1023 4517 1500 4584 pernoctabit,sive
1531 4522 1891 4589 permanebit,

307 4605 545 4658 cadaver
591 4604 708 4673 ejus
737 4619 899 4674 super
946 4604 1170 4675 lignum,
1199 4607 1325 4675 quia
1361 4609 1635 4678 sepultura
1666 4610 1892 4680 scpelies

2069 3422 2282 3477 XXXII.
2316 3422 2527 3479 Habent
2555 3425 2722 3479 etiam
2747 3441 2892 3480 nunc
2940 3423 3108 3481 Judaei
3141 3435 3356 3482 noctem
3388 3427 3582 3484 inﬁde-

1997 3512 2164 3570 litatis
2204 3525 2260 3569 et
2289 3516 2551 3571 caecitatis
2593 3517 2944 3583 horrendam,
2989 3534 3152 3587 quam
3187 3520 3265 3575 eis
3314 3521 3582 3576 Dominus

1997 3619 2095 3674 per
2139 3607 2462 3676 prophetam
2491 3609 2851 3663 comminatus
2892 3616 2997 3674 est,
3024 3610 3208 3665 dicens
3245 3627 3260 3665 :
3312 3631 3329 3662 ι
3360 3612 3584 3666 Ειοωριι

2007 3709 2026 3742 ι
2056 3707 2149 3746 cor
2187 3694 2365 3761 populi
2390 3695 2568 3762 hujus,
2595 3706 2650 3749 et
2691 3711 2850 3750 aures
2873 3695 2988 3763 ejus
3017 3713 3273 3769 aggrava,
3299 3708 3353 3754 et
3397 3702 3586 3757 oculos

2005 3801 2025 3834 ι
2055 3783 2173 3853 ejus
2189 3783 2405 3838 claude:
2423 3799 2490 3839 ne
2507 3784 2643 3841 forte
2661 3787 2841 3840 videat
2861 3786 3050 3852 oculis,
3065 3797 3121 3841 et
3135 3790 3356 3844 auribus
3375 3792 3581 3858 audiat,

2008 3893 2026 3925 ι
2055 3882 2111 3929 et
2137 3875 2300 3929 corde
2331 3876 2624 3948 intelligat,
2652 3885 2707 3933 et
2739 3887 3110 3943 convertatur,
3136 3887 3192 3933 et
3237 3894 3424 3934 sanem
3458 3896 3585 3936 eum

2005 3983 2025 4016 ι
2054 3965 2403 4037 (Isa.vi,10).
2429 3987 2447 4018 ι
2472 3967 2675 4023 Aderat
2695 3977 2876 4024 autem
2897 3969 2976 4023 eis
3006 3970 3183 4024 adhuc
3207 3969 3344 4036 dies,
3368 3971 3586 4040 quando

1998 4055 2257 4112 Dominus
2285 4059 2428 4128 apud
2469 4074 2564 4115 eos
2593 4073 2690 4130 pro
2726 4061 2894 4114 totius
2935 4061 3125 4116 mundi
3155 4061 3332 4117 salute
3378 4078 3576 4133 passus

1997 4158 2173 4214 est,et
2193 4152 2522 4206 resurrexit:
2555 4159 2610 4207 et
2633 4167 2732 4222 per
2760 4153 3115 4224 quadraginta
3153 4155 3270 4209 dies
3295 4165 3482 4224 postea
3507 4156 3587 4211 di-

1997 4242 2329 4311 scipulorum
2374 4243 2571 4310 ﬁdem,
2615 4259 2750 4314 quos
2793 4245 2977 4313 utique
3021 4259 3088 4299 ex
3137 4245 3270 4314 ipsis
3322 4246 3582 4318 elegerat,

1998 4332 2343 4388 conﬁrmavit
2378 4353 2390 4388 :
2438 4343 2498 4389 et
2539 4335 2624 4390 die
2652 4335 3068 4406 quadragesimo
3115 4336 3247 4406 ipsis
3275 4338 3586 4394 videntibus

1999 4427 2244 4482 ascendit
2282 4426 2338 4480 in
2363 4427 2594 4482 coelum:
2647 4436 2702 4482 et
2724 4427 2888 4482 misso
2929 4427 3136 4498 Spiritu
3186 4438 3375 4484 sancto
3403 4445 3583 4500 corpe-

1997 4529 2126 4574 runt
2150 4520 2384 4590 primum
2421 4520 2562 4589 apud
2581 4535 2674 4574 eos
2695 4520 2990 4588 praedicare
3018 4519 3190 4574 sancti
3231 4521 3480 4590 apostoli,
3506 4523 3581 4579 ita

1998 4621 2060 4667 ut
2087 4627 2192 4665 una
2223 4610 2312 4666 die
2331 4611 2398 4665 ad
2422 4625 2612 4666 eorum
2636 4610 3075 4680 praedicationem
3097 4611 3443 4679 etmiracula,
3462 4631 3574 4672 cre-

309 4711 437 4750 eum
468 4696 523 4750 in
551 4696 638 4750 die
678 4696 827 4765 ipsa:
868 4715 885 4748 ι
921 4706 980 4750 ut
1007 4697 1258 4752 videlicet
1289 4676 1637 4768 ignominiam
1686 4676 1891 4770 passio-
1917 4676 1970 4736 D
1995 4705 2305 4761 derenttria
2335 4703 2520 4768 millia,
2538 4713 2592 4758 et
2621 4676 2725 4757 alia
2748 4703 2835 4758 die
2862 4705 3101 4773 quinque
3129 4703 3324 4772 millia;
3349 4716 3403 4760 et
3427 4676 3580 4776 post-

309 4788 400 4842 nis
442 4797 498 4842 et
535 4788 728 4842 mortis
770 4787 992 4854 Christi,
1019 4805 1180 4858 quam
1219 4790 1487 4860 signiﬁcat
1513 4792 1746 4848 cadaver
1773 4810 1892 4851 sus-

308 4894 537 4950 pensum
590 4880 642 4934 in
689 4879 862 4951 ligno,
898 4896 1004 4935 non
1054 4880 1353 4946 irrideant,
1383 4898 1489 4937 non
1537 4884 1890 4952 subsannent,

312 4980 573 5041 tanquam
623 4981 750 5027 ante
798 4972 982 5027 oculos
1031 4988 1159 5028 suos
1202 4973 1520 5029 cruciﬁxum
1567 4975 1664 5030 Dei
1696 4977 1892 5033 Filium

311 5063 713 5133 despicientes,
751 5074 804 5120 et
852 5065 1086 5120 ostentui
1152 5065 1446 5120 habentes:
1496 5066 1592 5123 sed
1638 5066 1892 5124 festinent

313 5153 564 5223 sepelire,
611 5153 664 5208 id
708 5163 810 5219 est,
859 5164 1088 5210 mortem
1133 5154 1268 5224 ejus,
1297 5172 1457 5225 quam
1503 5172 1602 5226 pro
1648 5159 1888 5214 omnium

313 5244 488 5300 salute
533 5247 786 5314 suscepit,
815 5246 1083 5301 honorare
1106 5247 1254 5318 (quia
1295 5249 1572 5318 sepultura
1600 5250 1772 5306 honor
1809 5261 1892 5308 est

313 5335 572 5406 mortui);
620 5344 676 5392 et
717 5337 820 5392 hoc
857 5339 982 5402 cito,
1011 5346 1066 5392 et
1101 5337 1243 5392 intra
1285 5339 1454 5408 ipsam
1492 5339 1635 5394 diem
1666 5342 1892 5414 implere

314 5425 573 5480 festinent
604 5440 622 5481 :
653 5426 707 5480 id
739 5435 842 5491 est,
871 5428 924 5480 in
975 5428 1076 5482 hoc
1125 5436 1366 5498 tempore
1410 5430 1794 5501 redemptionis
1837 5443 1894 5488 et

317 5515 527 5582 salutis,
556 5532 663 5586 quo
689 5518 871 5587 Agnus
897 5517 993 5572 Dei
1031 5533 1130 5587 pro
1158 5521 1392 5588 peccatis
1422 5522 1621 5577 nostris
1648 5524 1891 5579 immola-

317 5619 406 5665 tus
433 5621 534 5678 est,
563 5620 617 5666 et
644 5613 696 5667 in
723 5613 974 5668 omnibus
1012 5613 1240 5668 dicitur:
1282 5633 1299 5666 ε
1331 5614 1388 5668 In
1423 5625 1664 5688 tempore
1687 5618 1888 5689 placito

323 5720 342 5752 ε
379 5703 626 5758 exaudiri
680 5713 752 5770 te,
780 5713 834 5758 et
880 5704 935 5759 in
965 5705 1052 5760 die
1102 5705 1292 5761 salutis
1335 5708 1625 5766 auxiliatus
1663 5725 1782 5766 sum
1811 5711 1891 5767 tui

325 5814 343 5847 ι
382 5795 514 5863 (Isa.
564 5798 810 5870 xux,8).
851 5819 868 5849 ι
920 5799 996 5854 De
1020 5815 1126 5869 quo
1152 5800 1236 5856 die
1264 5801 1524 5858 adventus
1567 5803 1883 5873 Salvatoris,

321 5897 374 5945 et
402 5889 588 5946 salutis
621 5909 683 5946 ac
727 5891 1129 5963 redemptionis,
1159 5911 1316 5963 quam
1347 5911 1439 5949 sua
1471 5898 1722 5964 passione
1762 5915 1888 5970 ope-

1994 4796 2214 4850 modum
2259 4796 2542 4850 innumera
2574 4793 2740 4849 millia
2781 4795 2916 4850 etin
2956 4795 3159 4862 Judaea,
3191 4805 3248 4852 et
3283 4798 3338 4853 in
3367 4800 3581 4858 caeteris

1995 4889 2325 4960 regionibus.
2360 4887 2494 4943 Cum
2521 4899 2702 4942 autem
2743 4889 2924 4944 caeteri
2955 4889 3362 4960 indurarentur,
3387 4902 3443 4948 et
3470 4909 3578 4950 non

1996 4981 2300 5047 crederent,
2353 4978 2674 5050 repellentes
2715 4979 2939 5035 verbum
2986 4981 3101 5048 Dei,
3137 4993 3194 5038 et
3224 4985 3473 5056 indignos
3517 5001 3580 5041 se

1988 5075 2297 5146 judicantes
2325 5083 2543 5129 aeterna:
2564 5074 2708 5139 vitae,
2734 5075 3068 5130 transierunt
3089 5077 3318 5146 apostoli
3349 5080 3415 5132 ad
3446 5092 3580 5148 gen-

1997 5173 2096 5230 tes,
2123 5172 2182 5218 ut
2221 5164 2535 5232 impleretur
2582 5164 2725 5233 quod
2766 5175 2892 5220 ante
2938 5165 3116 5222 fuerat
3159 5168 3572 5238 prophetatum:

2001 5276 2019 5308 c
2057 5255 2216 5312 Posui
2269 5264 2322 5311 te
2372 5256 2426 5311 in
2463 5257 2639 5312 lucem
2689 5259 2957 5329 gentibus,
3004 5268 3064 5314 ut
3114 5261 3189 5316 sis
3242 5261 3297 5315 in
3346 5260 3574 5317 salutent

2001 5368 2020 5401 ‹
2049 5365 2219 5420 usque
2247 5351 2316 5406 ad
2345 5359 2649 5408 extremum
2682 5362 2840 5408 terra:
2869 5352 3005 5423 (Isa.
3056 5367 3205 5419 χιιι,
3241 5353 3325 5424 6);
3363 5371 3382 5403 ι
3411 5361 3466 5408 et
3499 5352 3576 5410 illi

1994 5451 2369 5497 remanserunt
2394 5443 2450 5498 in
2493 5451 2654 5498 nocte
2679 5443 3013 5499 infelicitatis
3051 5453 3106 5498 et
3141 5443 3404 5500 caecitatis
3437 5459 3576 5505 suae.

1998 5535 2198 5592 Omnes
2233 5550 2364 5607 ergo
2412 5537 2722 5608 quicunque
2753 5552 2820 5591 ex
2867 5537 2947 5593 eis
2988 5538 3296 5608 passionem
3335 5537 3574 5608 Domini,

1997 5629 2064 5684 ad
2088 5629 2449 5699 apostolorum
2475 5631 2918 5700 praedicationem
2947 5639 3003 5686 et
3037 5629 3305 5701 magnalia
3332 5635 3578 5692 credide-

1997 5729 2142 5787 runt,
2175 5736 2497 5791 suspensum
2549 5723 2604 5777 in
2635 5723 2780 5793 ligno
2827 5722 3011 5792 (juxta
3057 5721 3190 5795 legis
3236 5725 3574 5800 vaticinium)

1994 5814 2183 5870 eodem
2213 5813 2539 5884 sepelierunt
2560 5814 2814 5884 die,,quia
2843 5814 3136 5883 pretiosam
3170 5827 3400 5874 mortem
3426 5819 3581 5874 Chri-

1997 5907 2082 5972 sti,
2111 5907 2236 5962 dum
2265 5907 2440 5962 adhuc
2470 5907 2549 5963 eis
2580 5907 2796 5988 luceret.
2819 5908 2914 5965 Dei
2938 5911 3131 5982 gratia,
3165 5913 3416 5983 religiosa
3460 5929 3574 5969 mc-
