4032 6482
463 530 563 586 165

1662 520 2019 578 AMULONIS
2058 494 2272 577 Elusa.
2316 520 2524 576 LUGD.

3636 519 3757 574 161»

457 641 626 697 moria
659 640 1094 702 bonoraverunt;
1132 649 1259 690 nam
1306 641 1362 687 et
1390 631 1765 689 defunctorum
1793 635 2042 706 sepulcra
2070 640 2121 699 Α
2153 654 2171 686 ι
2218 650 2359 699 sum,
2400 648 2560 705 quem
2610 633 2835 698 unxisti,
2880 632 3119 688 Herodes
3152 640 3208 688 et
3258 608 3485 690 Pontius
3526 635 3757 694 Pilatus

456 732 752 787 memorias
771 731 1118 803 appellamus.
1156 726 1381 783 Cleteris
1407 742 1539 781 vero
1564 726 1833 785 horrenda
1881 735 2039 783 nocte

452 826 744 897 oppressis,
774 834 829 880 et
850 820 1219 897 (venerabilem
1261 819 1465 876 Christi
1514 821 1822 892 passionem
1867 837 2039 891 usque

452 916 613 989 hodie
642 913 1011 979 irridentibus,
1033 919 1320 985 permanet
1348 920 1403 965 et
1432 919 1719 982 pernoctat
1744 926 2039 986 suspensus

451 1007 505 1061 ill
553 1007 716 1077 ligno,
748 1003 832 1059 cui
882 1000 1241 1057 honorificam
1279 1000 1598 1075 memoriam
1629 1001 1890 1056 exhibere
1918 1017 2037 1077 “no-

451 1098 586 1152 lunt.
633 1097 709 1151 Ne
731 1110 860 1165 ergo
891 1095 995 1150 hoc
1022 1102 1234 1149 tantum
1264 1092 1464 1147 malum
1510 1093 1875 1161 incurrerent,
1910 1070 2038 1149 dum

450 1188 627 1242 adhuc
669 1196 880 1257 tempus
913 1187 1167 1250 dabatur,
1196 1185 1323 1240 dum
1360 1184 1577 1240 occasio
1610 1170 1801 1253 salutis
1823 1184 2033 1251 aderat,

449 1281 771 1343 hortabatur
794 1296 890 1335 eos
918 1278 1006 1333 lex
1036 1293 1135 1348 per
1167 1277 1419 1348 ﬁguram,
1444 1277 1660 1332 dicens:
1698 1296 1717 1328 ι
1760 1276 1877 1332 Non
1915 1292 2040 1348 per-

454 1388 473 1422 l
516 1370 759 1425 noctabit
804 1370 1040 1425 cadaver
1069 1369 1187 1439 eius
1218 1382 1382 1437 super
1422 1366 1662 1438 lignum;
1702 1367 1829 1437 quia
1855 1365 2036 1437 sepul-

454 1482 475 1517 ‹
520 1475 635 1520 tura
674 1465 902 1535 sepelies
941 1480 1065 1519 eum
1093 1464 1145 1518 in
1176 1463 1263 1516 die
1312 1462 1447 1531 ipsa.
1481 1482 1499 1515 ›
1528 1462 1707 1534 (Deut.
1757 1448 1870 1529 xxl,
1901 1463 1971 1517 25
1998 1461 2037 1533 :)

453 1554 605 1612 Unde
643 1564 698 1610 et
730 1540 986 1610 Dominus
1015 1554 1216 1609 eisdem
1263 1552 1464 1609 Judznis
1492 1554 1704 1619 dicebat
1736 1572 1749 1607 :
1798 1574 1817 1604 ι
1850 1554 2040 1635 Adhuc

455 1666 476 1700 ι
522 1648 790 1702 modicum
830 1646 1009 1702 lumen
1043 1647 1097 1700 in
1125 1645 1278 1701 vobis
1308 1654 1422 1711 est;
1472 1644 1742 1699 ambulate
1785 1646 1911 1699 dum
1960 1645 2041 1699 lu-

453 1760 475 1794 ‹
516 1756 633 1796 cem
662 1741 893 1809 habetis,
922 1754 990 1794 ne
1039 1738 1276 1793 tenebrae
1310 1752 1403 1791 vos
1426 1714 1937 1807 'comprehendant.
1972 1737 2039 1792 Et

454 1852 474 1887 ι
520 1836 609 1905 qui
652 1834 891 1891 ambulat
931 1834 984 1887 in
1016 1833 1277 1898 tenebris,
1302 1831 1476 1887 nescit
1500 1846 1610 1901 qllo
1635 1841 1746 1886 eat.
1795 1831 1927 1884 Dum
1955 1829 2039 1884 lu-

452 1948 472 1981 ι
514 1944 632 1984 cem
662 1927 907 1993 habetis,
943 1925 1147 1981 credite
1178 1926 1230 1980 in
1279 1925 1478 1990 lucem,
1511 1932 1571 1979 ut
1600 1924 1695 1979 lilii
1727 1924 1864 1980 lucis
1898 1923 2037 1980 sitis.

455 2039 475 2074 ι
520 2020 705 2091 (Joan.
736 2036 834 2086 ιιι,
863 2019 952 2086 55,
979 2018 1094 2090 56).
1140 2035 1159 2071 ι

515 2110 757 2165 XXXIII.
803 2112 939 2167 Cum
965 2119 1144 2166 autem
1169 2109 1421 2181 iussisset
1480 2109 1567 2165 lex
1602 2117 1661 2164 ut
1688 2124 1793 2165 non
1822 2123 2039 2180 perma-

445 2211 599 2260 neret
640 2220 933 2275 suspensus
965 2205 1017 2260 in
1046 2204 1208 2275 ligno,
1241 2205 1336 2259 sed
1363 2205 1551 2265 eadem
1575 2203 1896 2275 sepeliretur
1925 2202 2035 2268 die,

2148 744 2165 777 ι
2210 741 2334 781 cum
2383 725 2636 798 gentibus
2683 732 2737 779 et
2766 723 2976 803 populis
3016 721 3348 787 Iudaeorum,
3384 723 3569 781 facere
3613 738 3757 797 qua

2147 835 2167 869 ι
2208 832 2401 872 manus
2443 825 2535 871 tua
2564 825 2619 870 et
2646 815 2933 870 consilium
2973 815 3333 887 decreverunt
3363 817 3499 872 ﬁeri.
3541 838 3561 869 ι
3592 819 3752 889 (Act.

2142 924 2214 973 lv,
2254 924 2303 961 v.
2331 908 2367 961 2
2413 917 2462 962 et
2501 906 2664 978 seqq.)
2699 906 2789 962 Sic
2830 907 2971 962 Deus
3000 907 3161 963 Pater
3188 896 3314 963 huic
3361 910 3476 965 viro
3505 911 3752 967 maledi-

2140 1000 2241 1065 xit,
2282 1015 2404 1055 cum
2450 1014 2575 1053 cum
2626 1014 2727 1068 pro
2775 1008 2959 1053 nostra
3002 999 3214 1066 salute,
3259 1010 3462 1057 nostrae
3512 1001 3755 1060 maledi-

2142 1091 2327 1156 ctioui,
2375 1099 2576 1145 DOSlI‘iB
2627 1091 2789 1145 morti
2844 1090 3082 1157 tradidit,
3125 1092 3267 1148 sicut
3310 1094 3427 1164 ipse
3474 1104 3745 1161 testatur,

2141 1182 2329 1238 dicens
2368 1200 2380 1236 τ
2434 1201 2452 1233 l
2495 1182 2725 1252 Propter
2756 1183 2935 1238 scelus
2961 1184 3143 1256 populi
3184 1186 3289 1241 mei
3323 1188 3570 1257 percussi
3609 1204 3753 1249 eum

2146 1291 2164 1323 ι
2204 1270 2338 1343 (Isa.
2368 1288 2483 1339 LIII,
2509 1272 2598 1343 8),
2633 1292 2652 1325 ι
2684 1282 2740 1328 et
2768 1273 2822 1327 ill
2850 1272 3112 1329 Zacharia
3137 1276 3400 1346 propheta
3429 1278 3603 1347 ipsam
3636 1280 3753 1335 vim

2141 1364 2411 1434 passionis
2474 1364 2738 1420 frameam
2786 1366 3104 1437 appellans,
3157 1369 3291 1425 dicit
3340 1388 3354 1424 :
3429 1389 3449 1421 ι
3506 1370 3749 1429 Framea

2149 1475 2166 1506 ι
2213 1457 2477 1511 suscitare
2502 1472 2665 1527 super
2704 1465 2979 1528 pastorem
3012 1475 3216 1525 meum,
3242 1470 3298 1516 et
3344 1477 3507 1533 super
3555 1466 3747 1520 virum

2148 1568 2165 1600 ‹
2208 1550 2570 1605 cohaerentem
2619 1551 2793 1617 milli,
2845 1552 2978 1607 dicit
3029 1553 3311 1631 Dominus.
3365 1554 3601 1613 Percute
3642 1573 3746 1628 pa-

2149 1660 2167 1692 ‹
2210 1651 2435 1708 storem,
2466 1661 2483 1693 l
2526 1651 2628 1697 etc.
2667 1641 2855 1716 (Zach.
2885 1660 3003 1709 xlll,
3036 1645 3114 1717 7.)
3146 1646 3300 1702 Unde
3329 1656 3385 1703 et
3428 1647 3599 1705 Isaias
3630 1650 3742 1706 ait:

2150 1750 2167 1783 ε
2214 1734 2281 1788 Ει
2320 1735 2582 1789 Dominus
2620 1736 2792 1790 voluit
2824 1746 3110 1793 conterere
3150 1753 3274 1793 eum
3319 1741 3373 1797 in
3423 1741 3746 1800 inﬁrmitate

2149 1845 2167 1878 ‹
2209 1823 2342 1898 (ιεα.
2362 1811 2477 1891 du,
2503 1830 2606 1898 ιο).
2646 1848 2665 1880 ι
2696 1828 2764 1883 Ει
2784 1828 3072 1899 Apostolus
3104 1838 3307 1886 tantam
3326 1833 3420 1887 Dei
3444 1833 3743 1889 bonitatem

2145 1918 2299 1973 nobis
2364 1919 2726 1975 attentissime
2771 1921 3161 1977 commendans
3203 1942 3215 1975 :
3275 1941 3294 1975 ι
3340 1922 3444 1991 Qui
3492 1926 3737 1994 praplio,

2081 2018 2127 2079 Β
2160 2028 2179 2061 ι
2224 2011 2420 2080 inquit,
2453 2010 2588 2066 Filio
2612 2027 2712 2067 suo
2761 2029 2867 2068 non
2915 2015 3177 2084 pepercit,
3202 2014 3295 2071 sed
3340 2031 3438 2085 pro
3482 2019 3741 2074 caulibus

2146 2121 2165 2155 ι
2211 2104 2435 2157 tradidit
2458 2102 2607 2157 illum
2638 2102 2812 2176 (Rom.
2847 2121 2965 2173 vnl,
2994 2105 3109 2178 52).
3142 2127 3163 2173 l
3372 2180 3379 2185 ι

2216 2193 2459 2250 XXXIV.
2516 2196 2652 2263 Quia
2680 2213 2809 2267 ergo
2835 2205 2984 2252 tanta
3028 2200 3123 2256 Dei
3150 2200 3496 2271 benignitate
3519 2217 3604 2256 vlr
3638 2204 3739 2260 iste

444 2294 725 2364 subiunxit
754 2311 979 2361 causam
1021 2297 1163 2351 unde
1192 2297 1269 2352 illi
1298 2297 1404 2352 ista
1433 2296 1846 2359 honorificentia
1873 2295 2030 2352 debe-

2138 2295 2336 2342 nostrle
2385 2287 2753 2342 lllaledictioui
2781 2299 2973 2358 sponte
3016 2293 3327 2358 succubuit,
3358 2301 3415 2347 et
3446 2306 3570 2348 culll
3619 2310 3740 2350 see-

443 2401 613 2449 retur,
646 2390 829 2445 dicens
860 2407 872 2443 :
907 2388 1044 2457 Quia
1091 2389 1398 2445 maledictio
1447 2391 1540 2447 Dei
1571 2398 1656 2445 est
1707 2404 2030 2459 suspensus:

2138 2377 2321 2433 leratis
2368 2388 2650 2448 reputatus
2697 2388 2804 2446 est,
2832 2382 3095 2451 praecepit
3139 2382 3227 2438 lex
3256 2382 3374 2453 eius
3408 2385 3732 2455 passionem

444 2482 587 2550 quod
647 2481 778 2536 nillil
823 2494 907 2538 est
964 2481 1109 2537 aliud
1171 2483 1311 2547 nisi,
1368 2501 1388 2535 ι
1441 2482 1759 2538 Malcdictus
1809 2499 1840 2537 a
1886 2484 2031 2548 Deo,
2133 2470 2222 2541 pia
2252 2472 2515 2526 memoria
2547 2473 2822 2527 honorari
2876 2472 3064 2544 Neque
3087 2476 3232 2531 enim
3273 2477 3339 2531 de
3368 2478 3604 2549 simplici
3651 2496 3737 2536 se-

446 2591 467 2625 ‹
499 2572 680 2645 (Deut.
701 2573 947 2646 xxl,23),
975 2594 993 2627 ι
1029 2575 1171 2630 sicut
1192 2583 1246 2629 et
1270 2574 1361 2630 alii
1391 2574 1717 2644 interpretes
1739 2574 2031 2630 transtule-
2134 2564 2350 2633 Imllum
2377 2565 2518 2619 illius
2544 2574 2653 2621 tam
2679 2567 2913 2622 absurde
2940 2569 3262 2638 Ρτωθίρςτθι
3307 2568 3547 2639 Spiritus
3593 2588 3729 2628 5³η·

440 2674 586 2721 runt.
634 2665 931 2736 Propterea
958 2681 1088 2737 ergo
1126 2665 1286 2736 huius
1323 2666 1424 2720 viri
1472 2666 1718 2737 suspensi
1770 2667 1951 2737 passio
1979 2677 2035 2721 et

439 2773 587 2812 mors
612 2757 865 2828 religiosa
897 2757 1156 2812 memoria
1190 2757 1448 2812 honorari
1485 2758 1666 2823 debet,
1696 2756 1823 2827 quia
1859 2756 2031 2812 male-

440 2846 627 2927 dictio‘
652 2847 745 2901 Dei
792 2854 878 2902 est
925 2861 1242 2918 suspensus,
1271 2848 1323 2902 id
1351 2856 1452 2911 est,
1481 2864 1585 2903 non
1626 2848 1796 2917 ipsius
1847 2848 2027 2917 culpa,

439 2953 545 2992 non
581 2947 675 2991 sna
705 2936 974 3002 violentia,
1005 2953 1110 2997 non
1137 2937 1250 2992 suis
1271 2937 1455 3007 pravis
1481 2937 1724 2992 consiliis
1760 2936 1932 2993 Judzei
1976 2938 2030 2991 in

439 3027 727 3083 Dominum
769 3026 954 3089 Iesum
1001 3026 1278 3087 Christum
1307 3030 1411 3083 hoc
1440 3028 1652 3085 edicere
1698 3036 2026 3098 potuerunt;

439 3120 533 3175 sed
567 3119 661 3173 Dei
692 3118 940 3183 consilio,
969 3128 1039 3182 et,
1070 3120 1411 3196 prlescientia
1447 3120 1697 3190 permissi
1734 3128 1878 3175 sunt.
1932 3119 2030 3175 llic

2134 2663 2269 2719 ctus,
2301 2664 2358 2709 ut
2394 2671 2514 2710 eam
2544 2658 2612 2711 ab
2644 2657 2777 2726 ipsis
2801 2658 2893 2726 qui
2919 2673 3044 2713 eum
3073 2659 3465 2721 crucifixerunt
3513 2662 3736 2732 iuberet

2133 2748 2447 2817 praeparari,
2479 2747 2696 2817 quando
2739 2748 2827 2802 ille
2855 2751 2949 2820 qui
2987 2751 3088 2805 hoc
3113 2748 3264 2817 fecit,
3299 2752 3352 2804 id
3376 2761 3484 2819 est,
3526 2754 3734 2824 Josepb

2132 2840 2201 2893 ab
2245 2838 2566 2904 Arimathia,
2604 2850 2739 2895 teste
2783 2841 3075 2911 Evallgelio
3100 2883 3114 2909 ,
3153 2862 3172 2895 ι
3210 2860 3315 2899 non
3372 2859 3730 2904 consenserat

2139 2951 2156 2982 ι
2205 2932 2430 2988 consilio
2459 2942 2515 2987 et
2558 2934 2768 2988 actibus
2809 2948 3000 2990 eorum
3042 2935 3192 3007 (Luc.
3234 2952 3389 3000 xxnl,
3416 2937 3533 3011 5|).
3574 2960 3594 2991 ι
3624 2940 3727 2995 Ad-

2129 3025 2310 3095 iungit
2340 3024 2444 3090 lex,
2475 3034 2675 3094 quanta
2724 3026 2949 3096 pollutio
2992 3037 3047 3082 et
3084 3029 3474 3085 contaminatio
3515 3029 3726 3086 Iudaeos

2131 3126 2491 3173 consecutura
2534 3128 2701 3183 esset,
2733 3120 2823 3188 qui
2860 3119 3004 3174 hunc
3034 3120 3293 3177 honorem
3324 3120 3555 3176 Domino
3597 3123 3722 3179 dare

440 3212 587 3267 enim
641 3220 838 3266 nostra:
867 3211 1230 3269 maledictioui
1280 3210 1450 3267 voluit
1492 3209 1798 3279 subiacere,
1827 3218 1887 3265 llt
1930 3226 2028 3264 nos
2132 3210 2420 3265 noluerunt
2446 3219 2503 3265 et
2527 3210 2738 3277 nolunt,
2765 3211 2949 3267 dicens
2988 3229 3000 3266 :
3034 3230 3051 3262 ι
3100 3212 3167 3266 Ει
3197 3228 3305 3266 non
3337 3215 3728 3273 contaminabis

442 3303 836 3358 benedictionis
874 3302 1019 3357 illius
1066 3316 1348 3373 possemus
1373 3316 1493 3357 esse
1520 3301 1828 3372 participes.
1866 3300 2027 3354 Male-
2068 3346 2073 3349 .
2144 3317 2162 3350 ι
2203 3308 2406 3356 terram
2437 3308 2609 3368 tuam,
2634 3317 2796 3371 quam
2826 3302 3089 3358 Dominus
3121 3302 3265 3358 Deus
3296 3313 3418 3359 tuus
3448 3306 3603 3360 dabit
3631 3306 3727 3362 tibi

441 3393 607 3449 dictio
649 3393 793 3447 enim
824 3403 1009 3448 nostra
1039 3392 1234 3462 duplex
1281 3402 1386 3457 est,
1416 3391 1665 3446 videlicet
1690 3391 1751 3447 in
1775 3390 1950 3459 culpa,
1977 3399 2031 3443 et
2058 3377 2102 3439 C
2140 3410 2158 3442 ι
2204 3393 2257 3447 ill
2304 3394 2617 3449 hazreditate
2656 3394 2870 3465 (Datin.
2889 3411 3005 3461 nl,
3039 3397 3163 3467 25).
3222 3417 3241 3449 l
3275 3396 3379 3467 Ipsi
3414 3408 3535 3452 sunt
3580 3401 3725 3455 enim

439 3485 493 3540 ill
519 3499 697 3555 plena.
732 3484 786 3539 In
816 3484 992 3554 culpa,
1022 3484 1164 3538 sicut
1192 3484 1453 3554 scriptum
1477 3492 1560 3538 est
1594 3498 1608 3536 :
1650 3501 1668 3533 ‹
1715 3482 2027 3539 Maledictns
2132 3491 2298 3547 terra,
2327 3499 2490 3553 quam
2520 3484 2811 3553 aliquando
2840 3484 3099 3541 Dominus
3130 3485 3273 3540 Deus
3317 3488 3546 3543 dederat
3595 3490 3724 3556 illis,

445 3596 463 3629 ι
510 3577 601 3647 qui
632 3592 736 3631 non
767 3560 1042 3647 permanet
1085 3577 1140 3631 in
1187 3577 1366 3631 verbis
1396 3576 1529 3648 legis
1562 3575 1741 3645 huius,
1766 3584 1836 3650 ‘ut
1861 3575 2029 3631 faciat
2131 3583 2192 3628 ut
2233 3583 2419 3639 essent
2448 3576 2498 3631 ei
2532 3575 2760 3645 populus
2804 3575 3203 3637 hazreditarius.
3236 3579 3377 3633 sicut
3424 3580 3637 3652 Moyses
3659 3582 3725 3637 ad

444 3685 463 3719 ι
508 3683 572 3722 ea
613 3666 802 3739 (Deut.
852 3682 1024 3732 xxvll,
1050 3666 1177 3735 26).
1214 3686 1231 3718 l
1282 3667 1337 3721 In
1378 3681 1557 3737 poena,
1587 3669 1726 3722 sicut
1772 3667 1840 3722 ab
1870 3666 2025 3722 initio
2127 3680 2223 3720 eos
2247 3666 2409 3721 dicit:
2456 3684 2473 3716 ι
2511 3664 2619 3721 Vos
2649 3665 2814 3736 elegit
2837 3666 3095 3722 Dominus
3118 3666 3183 3723 de
3213 3670 3425 3723 cunctis
3448 3672 3719 3741 gentibus,

438 3756 612 3828 primo
663 3756 865 3812 homini
909 3756 1111 3811 dictum
1145 3766 1227 3811 cst
1265 3776 1278 3810 :
1315 3777 1331 3807 ι
1369 3756 1703 3825 Qllacullque
1750 3758 1895 3819 enim
1939 3757 2025 3813 die

443 3865 462 3898 ι
494 3847 793 3902 comederis
824 3861 891 3903 ex
935 3862 1031 3910 eo,
1069 3856 1242 3901 morte
1286 3848 1535 3902 morieris
1567 3847 1715 3919 (Gen.
1756 3864 1816 3912 ιι,
1846 3848 1955 3917 l7).
2002 3868 2018 3900 ι

439 3939 567 4006 Quae
612 3938 915 3993 maledictio
945 3953 1014 3994 ex
1045 3938 1135 3994 illo
1172 3938 1393 4003 homine
1423 3938 1476 3991 ill
1516 3941 1810 3993 humanum
1855 3953 2025 4007 genus

440 4027 737 4085 descendit.
768 4028 832 4081 Et
858 4028 1109 4097 quoniam
1140 4027 1230 4081 ille
1261 4037 1546 4097 utramque
1591 4027 2023 4083 maledictionem

440 4120 664 4187 meruit,
694 4118 746 4172 id
793 4126 876 4172 est
906 4116 1091 4187 clllple,
1122 4118 1246 4188 quia
1290 4127 1663 4188 transgressus
1691 4126 1793 4185 est,
1822 4132 2025 4187 prlece-

420 4221 591 4281 ‘plllm
638 4210 883 4275 Domini;
932 4219 1203 4278 ctpmnte,
1248 4210 1371 4279 quia
1425 4212 1669 4265 addictus
1712 4219 1797 4266 est
1824 4211 2019 4266 morti:

2134 3776 2151 3809 ι
2184 3768 2242 3812 ιιι
2273 3758 2499 3824 haberet
2522 3757 2775 3828 populum
2810 3759 3216 3815 haereditarium
3240 3761 3418 3832 (Deut.
3446 3778 3519 3829 ιν,
3550 3765 3652 3830 20).
3687 3785 3706 3816 ι

2126 3848 2232 3919 Ipsi
2290 3856 2415 3904 sunt
2470 3859 2613 3904 terra
2673 3849 2759 3903 cui
2806 3849 3075 3905 clamabat
3109 3850 3421 3908 Jeremias:
3469 3874 3487 3906 ι
3532 3856 3709 3922 Terra,

2134 3957 2151 3987 ι
2202 3947 2369 4003 terra,
2404 3947 2573 4017 terra,
2598 3930 2721 3993 audi
2755 3954 3060 3995 sermonem
3092 3941 3305 3998 Domini
3343 3945 3565 4015 (larem.
3587 3958 3716 4015 χιιι,

2126 4030 2250 4101 29),
2296 4050 2315 4081 ›
2349 4039 2405 4086 et
2448 4033 2513 4087 de
2555 4048 2659 4101 qua
2702 4034 2754 4088 in
2805 4034 3013 4104 psalmo
3053 4036 3300 4092 dicitur:
3346 4056 3366 4089 ‹
3403 4040 3471 4093 Et
3511 4042 3719 4098 adulte-

2134 4141 2153 4174 ι
2193 4134 2306 4177 rata
2338 4134 2419 4178 est
2453 4132 2596 4181 terra
2631 4127 2687 4180 ill
2723 4127 3096 4197 sanguiuihus,
3129 4140 3185 4184 et
3211 4131 3554 4201 coinquinati
3596 4140 3723 4192 sunt

2134 4234 2152 4266 ι
2191 4216 2244 4269 in
2291 4218 2543 4286 operibus
2578 4219 2712 4282 suis,
2742 4237 2762 4271 ι
2796 4219 2911 4274 sive
2958 4221 3039 4292 (ιιι
3086 4237 3187 4277 nos
3228 4235 3487 4281 consuete
3530 4238 3721 4283 cauta-

441 4301 563 4355 ideo
591 4308 648 4355 et
670 4290 861 4355 omnes
886 4301 1133 4356 homines
1160 4308 1387 4371 utraque
1414 4300 1722 4357 maledictio
1741 4302 2020 4372 obligavit.

447 4391 552 4447 Sed
605 4392 754 4447 vellit
798 4407 958 4447 verus
1008 4391 1275 4463 Salvator,
1326 4392 1586 4447 Dominus
1630 4402 1815 4448 noster
1866 4392 2025 4450 Jesus

2126 4310 2300 4380 mus):
2332 4328 2351 4360 ι
2383 4308 2668 4366 Illterfccta
2695 4321 2779 4366 est
2808 4322 2952 4366 terra
2972 4311 3411 4384 in'sanguinibus,
3430 4326 3485 4373 et
3522 4330 3719 4376 conta-

2134 4419 2152 4452 ι
2191 4400 2394 4456 minata
2421 4412 2503 4457 est
2536 4403 2586 4456 in
2614 4403 2869 4473 operibus
2899 4420 3088 4459 eorum
3117 4403 3289 4476 (Psal.
3321 4424 3408 4473 cv,
3429 4409 3517 4474 '58,
3544 4410 3656 4480 39).
3696 4432 3713 4463 ι

445 4484 712 4555 Christus,
744 4485 891 4569 solus
932 4484 1049 4538 sine
1080 4485 1455 4569 lllaledictioue
1488 4485 1689 4554 culpae;
1723 4487 1865 4567 quia.
1894 4500 2023 4557 pcc-
2126 4492 2437 4548 Debuerant
2479 4495 2662 4564 itaque
2696 4496 2955 4551 honorem
3005 4496 3127 4552 fidei
3177 4500 3438 4556 exhibere
3488 4502 3716 4560 Domino

444 4586 622 4632 catum
664 4593 777 4647 non,
803 4576 949 4640 fecit,
977 4593 1077 4634 nec
1104 4578 1352 4634 inventus
1379 4587 1462 4635 est
1485 4579 1641 4635 dolus
1666 4580 1721 4634 ill
1765 4595 1859 4637 ore
1884 4580 2021 4651 eius.
2129 4585 2286 4640 Salva
2299 4587 2422 4652 tori,
2457 4602 2552 4656 pro
2578 4588 2755 4645 salute
2783 4590 2971 4643 mundi
3008 4590 3062 4644 in
3096 4590 3242 4661 ligno
3267 4594 3447 4648 crucis
3474 4608 3634 4663 passo
3663 4605 3718 4651 et

445 4668 693 4738 Suscepit
739 4668 975 4740 indebita
1026 4670 1453 4737 tualediclionem
1493 4684 1666 4739 Ρωιιὶε
1709 4678 1940 4734 ιιοδιτω,
1969 4677 2025 4723 et
2054 4698 2100 4754 λ
2127 4689 2359 4745 mortuo,
2393 4689 2451 4734 ut
2490 4689 2830 4736 mererentur
2858 4680 3046 4735 audire
3074 4696 3197 4736 cum
3245 4684 3451 4738 sanctis
3496 4694 3713 4754 aposto-

617 4732 631 4738 -
768 4736 771 4739 .
942 4736 946 4740 ,
1056 4732 1062 4737 .
1493 4732 1510 4739 -
1928 4732 1935 4734 .
2198 4732 2233 4733 η
3246 4732 3448 4738 πη---
3497 4732 3683 4754 -.ρνςη

444 4760 875 4816 ω²ιθάίειίοηθω
928 4762 1115 4827 ιιιονιῖε
1164 4772 1395 4828 ηυδῑτίθν
1443 4769 1502 4815 ιη
1534 4776 1633 4829 "05
1681 4761 1751 4815 ab
1792 4771 2022 4832 υιτειειυε
2054 4732 2100 4789 D
2128 4771 2194 4827 lis
2221 4781 2275 4826 et
2303 4774 2512 4828 czeteris
2538 4774 2630 4844 qui
2660 4789 2724 4828 ex
2767 4773 2955 4828 eodem
2998 4772 3196 4844 populo
3219 4776 3583 4832 crediderunt.
3616 4796 3714 4849 per

443 4850 1102 4924 maledictioneeriperet:
1136 4869 1325 4924 passus
1348 4868 1447 4923 pro
1470 4853 1644 4919 nobis,
1672 4868 1777 4907 non
1800 4868 1899 4923 pro
1922 4870 2016 4910 se:
2128 4860 2443 4917 Malachiam
2507 4864 2825 4932 prophetam
2867 4880 2881 4919 :
2943 4882 2962 4915 ‹
3009 4864 3074 4917 Ει
3128 4866 3317 4921 beatos
3382 4880 3478 4923 vos
3530 4868 3714 4924 dicent

443 4959 551 5000 non
580 4944 785 5000 habens
827 4945 1060 5019 culpam,
1090 4956 1143 5002 et
1169 4948 1446 5003 sustinens
1470 4962 1704 5016 pmnam,
1738 4955 1796 5001 ut
1819 4956 1873 5002 et
1911 4948 2023 5003 cul-
2132 4972 2150 5005 ι
2182 4966 2369 5008 omnes
2392 4960 2578 5022 gentes
2604 4971 2618 5009 :
2643 4955 2796 5009 eritis
2814 4954 3012 5024 quippe
3034 4970 3129 5011 vos
3163 4964 3302 5012 terra
3340 4959 3712 5016 desiderabilis

443 5050 567 5108 pain
594 5036 767 5092 solvat
786 5046 842 5093 et
858 5053 1094 5109 poenam.
1128 5037 1242 5107 Hoc
1269 5038 1411 5094 Deus
1432 5047 1556 5094 ante
1578 5040 2022 5095 constitutionem
2130 5046 2348 5118 (Malae.
2399 5061 2482 5110 ιιι,
2511 5046 2620 5116 12).
2661 5067 2679 5099 l
2711 5045 2814 5101 Sed
2844 5049 2970 5116 quia
2996 5056 3456 5120 contempserunt,
3482 5061 3535 5106 et
3583 5068 3712 5109 con-

445 5128 630 5182 mulldi
681 5129 1101 5187 misericorditer
1147 5147 1245 5202 pro
1292 5141 1477 5186 nostra
1519 5131 1690 5189 salute
1734 5133 2020 5201 disposuit,
2129 5146 2394 5201 temnunt,
2422 5145 2476 5191 et
2503 5153 2671 5206 usque
2700 5138 2860 5193 hodie
2889 5136 3179 5195 furibundo
3225 5142 3408 5195 animo
3438 5151 3495 5196 et
3527 5153 3709 5199 trucu-

446 5220 550 5276 hoc
577 5237 673 5292 per
701 5225 995 5292 prophetas
1020 5240 1146 5280 suos
1174 5234 1303 5293 ante
1317 5226 1591 5307 praedixit,
1619 5227 1718 5281 hoc
1745 5228 1796 5283 in
1840 5229 2025 5287 llovis-
2126 5227 2273 5284 lento
2324 5228 2471 5282 vultu
2524 5229 2663 5293 hzec,
2692 5229 2894 5299 legunt,
2924 5231 3258 5288 detestantes
3309 5250 3432 5290 eum
3480 5237 3546 5290 de
3602 5253 3709 5308 quo

446 5310 601 5366 sinlis
645 5312 856 5375 diebus,
898 5314 1036 5369 sicut
1082 5314 1396 5395 praedictum
1443 5313 1643 5383 fuerat,
1668 5313 1921 5385 perfecit,
1949 5324 2026 5371 te-
2061 5344 2064 5348 ι
2125 5320 2324 5388 scripta
2366 5328 2509 5384 sunt,
2542 5310 3249 5394 contaminaveruntetpoll
3293 5336 3455 5382 erunt
3503 5338 3706 5385 terram

445 5409 643 5483 stante
673 5401 833 5457 beato
876 5403 1036 5460 Petro
1068 5405 1310 5475 apostolo
1334 5406 1401 5461 de
1434 5407 1660 5463 Domino
1689 5417 1876 5463 nostro
1895 5406 2023 5463 Jesu
2123 5426 2297 5474 suam,
2328 5420 2383 5465 et
2409 5426 2515 5465 non
2550 5412 2824 5481 possident
2851 5414 3273 5470 benedictionem
3297 5421 3702 5489 repronlissam,

446 5489 683 5582 Christo,
709 5501 763 5547 et
785 5493 995 5551 dicente
1021 5496 1088 5548 ad
1115 5494 1330 5552 Judreos
1357 5516 1369 5552 :
1421 5517 1438 5548 ι
1474 5497 1627 5554 Hunc
1647 5498 1869 5553 definito
1894 5514 2022 5567 con-
2129 5503 2223 5559 sed
2264 5504 2503 5572 quotidie
2532 5504 2612 5557 eis
2643 5504 2838 5558 dicitur
2864 5518 2963 5575 per
2989 5502 3321 5563 Ezecllielem
3353 5514 3701 5582 prophetam;

450 5598 468 5631 ι
512 5581 633 5636 silio
661 5592 715 5637 et
741 5582 1077 5652 praescientia
1110 5585 1201 5641 Dei
1242 5587 1527 5659 traditum,
1559 5605 1657 5661 per.
1683 5604 1876 5644 manus
1920 5590 2024 5661 ini-
2135 5613 2151 5647 ι
2187 5592 2265 5647 Τιι
2298 5609 2359 5665 es
2389 5604 2533 5649 terra
2568 5595 2862 5661 immunda,
2908 5603 2961 5650 et
3009 5612 3114 5651 non
3157 5600 3422 5669 conlpluta
3465 5602 3483 5666 (
3508 5581 3699 5660 Επειδὴ.

450 5687 470 5721 ι
510 5685 739 5739 quorum
769 5672 1062 5744 allligcnles
1084 5675 1433 5756 illteremistis
1465 5678 1602 5751 (Act.
1642 5696 1698 5743 ll,
1732 5679 1849 5752 25).
1903 5700 1921 5749 ι
1953 5681 2022 5736 Et

446 5777 660 5817 rursum
685 5765 939 5835 apostolis
968 5775 1023 5821 et
1059 5762 1306 5825 universa
1354 5771 1593 5827 Ecclesia
1641 5774 1920 5828 orantibus
1965 5782 2023 5831 et

443 5852 746 5909 dicentibus
772 5856 847 5937 lad
895 5856 1059 5935 Deum
1097 5878 1108 5913 :
1147 5880 1163 5912 ι
1205 5861 1583 5941 convellerunt
1635 5863 1778 5920 enim
1810 5880 1934 5921 vere
1963 5868 2018 5921 in

457 5961 477 5994 ι
515 5942 615 5999 hac
649 5943 863 6000 civitate
890 5950 1145 6005 adversus
1194 5963 1436 6008 sanctum
1467 5971 1689 6025 puerum
1742 5964 1888 6011 tuum
1929 5956 2016 6013 Je-

2128 5698 2263 5751 xxll,
2291 5684 2417 5759 24);
2445 5704 2464 5737 ι
2497 5694 2551 5741 et
2574 5701 2671 5756 per
2688 5685 2883 5741 Isaiam
2917 5704 2931 5741 :
2961 5706 2980 5739 ι
3010 5687 3196 5744 Manus
3219 5702 3411 5747 vestra:
3441 5697 3705 5764 sanguine

2127 5775 2296 5847 plellle
2340 5785 2483 5831 sunt.
2544 5796 2562 5829 ι
2608 5777 2675 5832 Ει
2716 5778 2910 5833 iterum
2954 5798 2966 5832 :
3017 5801 3036 5831 ς
3070 5780 3258 5837 Manus
3303 5786 3447 5839 enim
3508 5797 3703 5844 vestrae

2130 5888 2149 5920 ‹
2180 5867 2393 5938 polluta:
2439 5876 2563 5925 sunt
2590 5871 2871 5939 sanguine,
2918 5877 2974 5926 et
3000 5871 3148 5943 digiti
3206 5876 3369 5930 vestri
3416 5877 3704 5947 iniquitate

2130 5981 2147 6012 ‹
2187 5959 2320 6033 (Isa.
2349 5976 2388 6026 ι,
2430 5961 2496 6015 I5
2525 5976 2671 6026 ;tlx,
2694 5960 2768 6029 5).
2809 5981 2825 6012 l
2867 5960 3128 6019 Videlicet
3152 5967 3276 6035 quia
3303 5967 3696 6038 clamaverllnt,
