4032 6454
258 464 363 523 165

1472 466 1601 527 LIB.
1643 469 1922 528 CONTRA
1958 469 2275 528 JUDIEOS.

3416 474 3519 534 166

253 581 500 637 dicentes
537 597 552 635 :
591 599 609 631 ί
644 581 876 652 Sanguis
920 580 1039 651 ejus
1070 595 1233 652 super
1272 597 1373 640 nos
1401 592 1459 639 et
1483 600 1646 657 super
1694 585 1833 642 filios
1861 597 1907 653 Α
1936 584 2080 641 Deus
2122 586 2303 657 posuit
2350 587 2406 641 in
2459 601 2525 642 eo
2558 586 2898 657 iniquitatem
2956 587 3201 645 omnium
3251 596 3518 647 nostrum.

262 691 279 723 ι
324 681 539 727 nostros
569 669 785 744 (Matth.
814 687 984 738 xxvu,
1012 672 1126 745 25).
1167 692 1187 727 ι

320 762 544 820 XXXV.
577 763 727 819 Hanc
753 763 1266 822 Contaminationem
1289 774 1345 822 et
1363 766 1713 839 pollutionem
1738 779 1842 825 ter-

251 874 330 915 ra:
351 873 483 923 suae,
514 858 570 912 id
605 865 689 913 est
717 857 1026 928 semetipsis
1059 858 1253 915 timere
1293 860 1610 929 debuerant,
1635 871 1689 917 et
1730 877 1840 918 non

253 951 400 1007 illam
424 963 546 1021 quas
576 949 725 1006 nulla
755 959 858 1017 est,
883 951 1037 1021 quasi
1065 959 1210 1006 terra
1254 953 1605 1010 habitationis
1648 966 1841 1011 eorum

250 1043 586 1115 pollueretur
615 1043 968 1099 cadaveribus
996 1044 1052 1099 in
1104 1059 1267 1100 cruce
1294 1060 1705 1116 suspensorum,
1735 1047 1841 1102 nisi

256 1134 450 1190 eadem
478 1132 565 1188 die
588 1132 965 1204 sepelirentur.
1010 1134 1163 1202 Quod
1192 1136 1414 1199 omnino
1445 1138 1634 1194 beatus
1671 1136 1841 1193 David

254 1242 353 1284 rex
384 1235 439 1283 et
465 1226 729 1299 propheta
769 1243 879 1283 non
906 1228 1104 1294 timuit,
1135 1230 1228 1298 qui
1255 1230 1325 1284 ob
1352 1227 1674 1300 placandam
1702 1230 1840 1285 iram

254 1317 352 1375 Dei
394 1327 603 1390 septem
637 1319 787 1374 viros
811 1320 878 1375 de
901 1320 1061 1374 domo
1094 1318 1224 1375 Saul
1263 1319 1585 1376 Gabaonitis
1615 1321 1841 1375 tradidit

255 1411 658 1482 crucifigendos
687 1429 703 1467 :
737 1419 792 1466 et
822 1414 892 1467 ab
923 1412 1076 1467 initio
1111 1413 1398 1468 messionis
1433 1413 1643 1479 hordei,
1671 1414 1841 1469 donec

253 1520 443 1562 manes
467 1512 679 1575 segetes
697 1512 1051 1569 meterentur,
1080 1512 1135 1559 et
1155 1503 1385 1560 titillaret
1416 1517 1578 1574 super
1602 1519 1695 1559 eos
1725 1503 1841 1574 plu-

255 1599 341 1654 via
363 1599 430 1653 de
456 1599 613 1660 caelo.
644 1599 723 1653 sic
749 1612 844 1654 eos
873 1597 1097 1661 dimisit,
1128 1612 1231 1652 nec
1258 1596 1426 1651 ullum
1458 1611 1648 1653 eorum
1678 1610 1837 1667 sepe’

253 1691 339 1746 liri
363 1690 507 1747 fecit.
560 1689 665 1746 Ubi
693 1688 739 1746 si
784 1689 1181 1761 responderint,
1213 1689 1347 1745 istos
1377 1690 1430 1743 in
1460 1697 1604 1743 terra
1633 1688 1842 1743 habita-

254 1783 417 1838 tionis
458 1780 907 1846 Gabaonitarum,
952 1781 1043 1851 qui
1074 1794 1181 1836 non
1213 1788 1373 1837 erant
1400 1782 1466 1836 de
1488 1779 1613 1835 filiis
1652 1780 1837 1845 lsrael,

1936 673 2110 731 Recte
2136 675 2320 745 itaque
2347 676 2477 732 dicit
2502 676 2782 747 Scriptura
2816 678 2882 734 de
2912 678 3005 734 illo
3037 698 3051 734 :
3080 679 3312 749 Quando
3330 694 3523 752 pecca-

1940 766 2079 821 verit
2122 765 2285 820 homo
2329 767 2472 835 quod
2503 776 2677 821 morte
2721 768 3064 837 plectendum
3110 781 3229 835 est;
3279 771 3405 841 quia
3455 770 3523 824 ad

1938 864 2137 925 corpus
2175 852 2333 923 hujus
2377 855 2612 931 hominis
2655 858 2927 927 pertinent
2972 874 3159 913 omnes
3188 862 3279 930 qui
3324 877 3525 933 pecca-

1940 954 2136 1003 verunt
2174 961 2188 1000 :
2221 954 2276 1001 et
2300 946 2372 1002 ob
2402 947 2507 1003 hoc
2531 947 2676 1018 jnste
2699 958 2873 1004 morte
2901 950 3168 1020 plectendi
3206 954 3383 1019 erant,
3418 955 3523 1012 nisi

1938 1038 2057 1109 ejus
2103 1045 2280 1093 morte
2328 1037 2568 1093 indebita
2616 1039 3048 1106 redimerentur,
3094 1041 3368 1098 dicentis:
3410 1062 3429 1096 ‹
3479 1044 3524 1101 O

1947 1145 1967 1180 ε
2003 1142 2171 1193 mors,
2195 1143 2290 1185 ero
2313 1140 2460 1183 mors
2493 1137 2584 1183 tua
2612 1126 2760 1195 (Osc.
2794 1131 2916 1195 xm,
2952 1130 3060 1202 ll).
3099 1151 3118 1182 ι
3160 1130 3321 1189 Juxta
3359 1148 3523 1205 quem

1939 1233 2157 1274 sensum
2187 1219 2241 1273 in
2272 1218 2479 1274 visione
2529 1218 2745 1274 Nathan
2771 1221 3069 1291 prophetas,
3104 1223 3193 1278 ubi
3222 1239 3291 1281 ex
3319 1227 3527 1283 semine

1939 1309 2109 1371 David
2133 1311 2249 1381 ejus
2291 1312 2629 1382 promittitur
2673 1312 2954 1378 adventus.
2983 1314 3147 1369 etiam
3200 1316 3330 1373 illud
3377 1329 3526 1375 recte

1940 1398 2261 1472 intelligitur
2288 1402 2433 1471 quod
2479 1403 2544 1458 de
2568 1402 2686 1470 ipso
2732 1403 2873 1457 Deus
2904 1403 3019 1458 ait:
3057 1422 3075 1455 ι
3114 1403 3215 1471 Qui
3264 1407 3309 1461 si
3340 1408 3525 1478 inique

1944 1510 1964 1545 ι
2011 1491 2215 1566 aliquid
2242 1494 2497 1565 gesserit,
2521 1506 2746 1565 arguam
2773 1506 2896 1548 eum
2922 1494 2975 1549 in
3002 1496 3153 1567 virga
3183 1497 3448 1566 virorum,
3472 1508 3529 1555 et

1947 1602 1966 1636 ι
2008 1584 2063 1639 in
2089 1584 2263 1656 plagis
2291 1583 2523 1642 ﬁliorum
2552 1586 2865 1651 hominum;
2891 1587 3321 1643 misericordiam
3344 1598 3526 1646 autem

1946 1690 1967 1724 ‹
2010 1686 2187 1735 meam
2228 1690 2334 1731 non
2384 1673 2625 1729 auferam
2675 1674 2744 1731 ab
2786 1689 2851 1733 eo
2879 1673 2963 1743 (11
3010 1675 3139 1748 Reg.
3190 1693 3287 1751 vn,
3317 1679 3406 1751 14)
3446 1698 3461 1733 ;
3501 1699 3521 1733 ι

1940 1765 2068 1835 quia
2113 1765 2298 1845 utique
2326 1767 2569 1821 membra
2622 1775 2748 1821 sunt
2788 1766 2926 1835 ejus,
2966 1778 3024 1823 et
3047 1770 3115 1824 ad
3158 1770 3328 1839 ipsius
3365 1772 3531 1842 perti—

249 1872 423 1929 fuisse
462 1870 777 1937 animos,
807 1879 862 1927 ει
884 1881 1170 1942 propterea
1213 1872 1294 1927 sic
1323 1871 1607 1937 dimissos;
1661 1870 1843 1941 legam
1882 1918 1889 1923 ,
1943 1868 2073 1912 nent
2118 1859 2404 1925 unitatem,
2438 1859 2528 1929 qui
2562 1860 2799 1930 quandiu
2833 1863 3137 1917 mortaliter
3178 1864 3389 1929 vivunt,
3411 1864 3530 1920 sine

249 1965 308 2020 in
348 1965 539 2021 eodem
575 1963 716 2020 libro
766 1961 1057 2029 Samuelis,
1090 1977 1197 2017 non
1230 1964 1285 2017 in
1334 1961 1554 2019 Gabaon
1578 2003 1592 2026 ,
1640 1963 1734 2018 sed
1783 1962 1836 2016 in

1945 1957 2165 2020 peccato
2211 1964 2331 2005 esse
2378 1964 2487 2005 non
2531 1961 2788 2022 possunt;
2834 1961 2890 2007 et
2931 1953 3053 2010 ideo
3096 1954 3297 2033 aliquid
3347 1956 3534 2025 inique

250 2057 440 2113 Gabaa
478 2056 757 2128 Beniamin
799 2056 1137 2127 hocgestum
1167 2070 1308 2119 esse,
1355 2054 1661 2109 dicentibus
1706 2053 1838 2124 ipsis
1941 2051 2154 2115 agunt,
2194 2043 2354 2098 beato
2404 2041 2613 2101 Joanne
2660 2046 2905 2116 apostolo
2952 2055 3228 2121 testante,
3277 2052 3369 2120 qui
3418 2051 3528 2108 ait:

250 2147 571 2206 Gabaonitis
604 2147 670 2202 ad
693 2146 863 2219 David
903 2164 917 2200 :
955 2164 973 2199 ε
1017 2145 1083 2201 Et
1114 2145 1497 2215 crucifigamus
1522 2159 1616 2200 eos
1644 2146 1700 2199 in
1724 2144 1834 2201 Ga-

254 2256 275 2291 t
299 2238 403 2293 baa
421 2236 618 2303 Saulis,
633 2237 906 2308 quondam
932 2237 1087 2292 electi
1099 2236 1311 2292 Domini
1327 2236 1377 2308 (Ι
1388 2236 1413 2288 Ι
1430 2236 1558 2307 Reg.
1582 2252 1697 2301 xxi,
1715 2236 1748 2291 6
1754 2258 1789 2305 λ.
1814 2255 1832 2288 ι

248 2328 313 2386 Si
373 2340 556 2384 autem
615 2328 851 2384 dixerint
914 2329 1159 2383 timuisse
1216 2327 1389 2383 David
1438 2343 1507 2399 ne
1556 2328 1695 2382 iram
1739 2328 1837 2383 Dei

246 2421 592 2487 incurreret;
622 2421 669 2477 si
696 2420 864 2477 semel
891 2422 1176 2478 damnatos
1203 2429 1260 2475 et
1289 2419 1485 2475 divinae
1508 2419 1698 2474 ultioni
1743 2420 1839 2476 de-

244 2522 471 2585 putatus
500 2513 731 2584 sepelire
765 2512 1216 2583 praesumpsisset,
1241 2512 1386 2583 legat
1423 2513 1551 2582 quia
1590 2520 1836 2583 postmo-

246 2606 402 2670 dum,
424 2621 547 2660 cum
571 2605 621 2660 ei
648 2606 954 2659 nuntiatum
978 2604 1169 2659 fuisset
1188 2604 1335 2675 quod
1357 2604 1660 2659 concubina
1679 2604 1835 2671 Saul,

244 2698 529 2754 substrata
555 2696 660 2753 sibi
688 2712 852 2767 super
875 2697 1107 2768 lapidem
1137 2696 1337 2763 cilicio,
1369 2710 1464 2750 eos
1490 2709 1588 2765 per
1612 2696 1757 2750 diem
1784 2704 1839 2750 et

247 2801 471 2850 noctem
515 2807 547 2847 a
574 2791 706 2848 feris
734 2798 788 2846 et
814 2790 1005 2845 avibus
1031 2797 1142 2843 tam
1170 2787 1328 2856 longo
1360 2795 1603 2855 tempore
1649 2794 1835 2840 custo-

250 2888 452 2950 disset,
485 2902 593 2941 non
622 2884 794 2940 solum
825 2880 1195 2952 reprehendit,
1225 2879 1320 2934 sed
1349 2879 1512 2933 etiam
1547 2884 1708 2933 tanta:
1727 2877 1839 2947 pie-

247 2980 385 3036 tatis
430 2959 672 3034 imitator
715 2986 772 3034 et
798 2987 1206 3045 supergressor,
1236 2969 1417 3025 attulit
1439 2984 1563 3024 ossa
1610 2967 1740 3027 Saul
1784 2975 1839 3023 et

245 3049 501 3130 Joiiatuae
526 3071 622 3126 lilii
649 3069 767 3140 ejus
796 3069 863 3124 de
906 3065 1069 3122 Iabes
1097 3064 1302 3121 Galaad
1340 3081 1355 3117 ς
1387 3070 1443 3118 et
1462 3062 1626 3133 jussit
1654 3061 1837 3131 colligi

247 3177 380 3220 ossa
397 3164 626 3218 istorum
651 3169 858 3231 septem
879 3158 972 3229 qui
994 3156 1239 3212 cruciﬁxi
1265 3155 1518 3209 fuerant:
1565 3154 1838 3224 simulque

248 3272 363 3313 non
388 3242 776 3319 abominando,
806 3253 900 3309 sed
928 3253 1014 3323 pie
1053 3249 1370 3306 honorando
1398 3248 1640 3304 condidit
1666 3249 1722 3301 in
1753 3262 1837 3302 se-
1876 3298 1886 3323 ξ

1945 2151 1965 2185 t
2007 2132 2194 2189 Omnis
2238 2135 2331 2207 qui
2358 2132 2491 2189 facit
2519 2145 2824 2207 peccatum,
2855 2147 2910 2194 et
2950 2138 3291 2208 iniquitatem
3319 2139 3452 2196 facit
3477 2147 3534 2198 et

1944 2241 1963 2275 ε
2009 2233 2290 2297 peccatum
2329 2234 2415 2280 est
2460 2225 2718 2301 iniquitas
2748 2226 2806 2303 (Ι
2840 2227 3002 2285 Joan.
3046 2245 3127 2296 ιιι,
3155 2230 3242 2302 4).
3286 2250 3304 2283 ι
3337 2231 3405 2287 Et
3433 2232 3534 2288 ite-

1941 2330 2061 2369 rum
2090 2330 2157 2393 ex
2182 2330 2413 2387 persona
2443 2319 2716 2373 omnium:
2751 2334 2770 2372 α
2807 2317 2866 2374 Si
2909 2321 3206 2389 dixerimus
3236 2322 3362 2393 quia
3397 2339 3532 2393 pec-

1944 2426 1963 2458 ι
2008 2416 2188 2462 catum
2225 2423 2333 2463 non
2364 2409 2650 2474 habemus,
2681 2425 2780 2465 nos
2808 2410 2956 2481 ipsos
3005 2412 3332 2481 seducimus,
3360 2422 3416 2469 et
3444 2429 3536 2470 ve-

1944 2518 1962 2549 ι
2008 2496 2142 2554 ritas
2165 2498 2219 2552 in
2253 2499 2535 2579 nobisnon
2563 2509 2663 2556 est.
2703 2522 2722 2555 ι
2757 2501 2898 2557 Istos
2938 2517 3068 2572 ergo
3095 2506 3274 2578 arguit
3307 2506 3446 2561 Deus
3477 2506 3535 2562 in

1937 2585 2087 2658 virga
2117 2588 2379 2655 virorum,
2403 2599 2457 2643 et
2484 2590 2542 2644 in
2576 2590 2750 2661 plagis
2774 2592 3008 2647 filiorum
3047 2594 3366 2669 hominum;
3398 2604 3536 2650 tem-

1937 2678 2198 2748 poruliter
2223 2694 2318 2736 eos
2344 2681 2649 2750 corripiens
2682 2690 2738 2736 et
2764 2685 3084 2753 emendatis,
3116 2686 3263 2760 quia,
3294 2696 3352 2739 ut
3398 2682 3535 2742 scri-

1938 2780 2087 2841 ptum
2130 2781 2235 2837 est,
2294 2790 2312 2824 t
2360 2772 2617 2845 Flagellat
2664 2790 2879 2831 omnem
2922 2770 3091 2832 filium
3134 2781 3537 2853 quem_rccipit

1940 2858 2126 2932 (Hebr.
2160 2876 2259 2926 xu,
2287 2860 2371 2935 6);
2409 2882 2429 2915 ι
2462 2865 2892 2921 misericordiam
2917 2878 3096 2923 autem
3129 2884 3281 2923 suam
3309 2887 3414 2925 non
3440 2887 3538 2925 au-

1939 2951 2046 3007 fert
2074 2952 2141 3009 ab
2184 2970 2270 3021 eo,
2300 2954 2355 3010 in
2394 2972 2525 3041 quo,
2558 2942 2611 3011 et
2638 2973 2737 3030 per
2768 2975 2927 3041 quem
2976 2961 3083 3015 illis
3112 2963 3436 3041 miseretur:
3480 2976 3537 3021 et

1938 3044 2102 3100 etiam
2130 3034 2419 3118 aliquando
2461 3048 2755 3117 ulciscitur,
2782 3034 3069 3125 PSalmista
3102 3034 3314 3109 dicente
3358 3055 3423 3110 de
3450 3067 3535 3110 ta-

1939 3136 2117 3193 libus:
2156 3156 2175 3189 ‹
2207 3136 2368 3206 Deus,
2404 3151 2458 3195 tu
2497 3142 2763 3211 propitius
2796 3124 2947 3198 fuisti
2978 3132 3080 3211 eis,
3110 3153 3166 3200 et
3188 3145 3453 3201 ulciscens
3480 3148 3537 3202 in

1939 3242 2129 3309 omnes
2180 3230 2592 3313 adinveutiones
2637 3248 2826 3313 eorum
2855 3232 3047 3305 (Psal.
3098 3251 3298 3303 xcvtu,
3351 3240 3450 3310 8).
3511 3257 3532 3291 ι

247 3304 789 3419 ᾗῦἧεῖἆῖίέξᾞᾷἶέίὲ
807 3304 1117 3397 ἔξιιῖξᾶᾇᾷ
1158 3304 1228 3394 ob
1256 3340 1359 3394 hoc
1387 3339 1556 3405 Deum
1575 3334 1835 3403 ‘oll'enilit,
1867 3319 1913 3383 C
1945 3304 2080 3374 Nam
2101 3321 2169 3419 ,ὶιξ
2201 3308 2293 3419 illo
2321 3323 2413 3419 qui
2440 3308 2604 3419 (mihil
2634 3308 2876 3419 ipsorum
2902 3334 3003 3391 est.
3034 3327 3175 3381 sicut
3197 3329 3339 3383 nulla
3364 3304 3573 3400 ρᾶιιιιίι.

250 3439 349 3495 sed
378 3438 599 3506 insuper
640 3435 923 3505 Scriptura
970 3431 1103 3487 dicit
1144 3449 1158 3484 :
1206 3449 1226 3482 ι
1264 3429 1637 3498 Feceruntque
1663 3430 1844 3483 omnia

257 3551 278 3585 ι
314 3546 436 3600 quae
465 3537 802 3599 praeceperat
827 3541 943 3580 rex.
972 3526 1037 3579 Et
1074 3524 1458 3592 reprOpitiatus
1483 3532 1568 3576 est
1591 3522 1846 3576 Dominus

262 3643 282 3675 ι
318 3633 479 3676 terrae
510 3628 632 3690 post
659 3621 775 3673 haec
806 3617 887 3688 (11
920 3615 1045 3687 Reg.
1077 3630 1192 3680 χιι,
1225 3614 1334 3682 lt).
1374 3632 1393 3665 ι
1426 3614 1543 3667 Non
1571 3628 1700 3682 ergo
1743 3615 1845 3667 ista

253 3713 450 3769 beatus
498 3710 669 3766 David
715 3709 1009 3772 metuebat,
1039 3706 1166 3777 quia
1206 3706 1260 3760 in
1305 3704 1398 3759 illo
1427 3704 1560 3775 legis
1610 3703 1846 3773 capitulo

251 3818 365 3858 non
414 3799 645 3869 alicujus
688 3799 1036 3854 abominandi
1092 3796 1330 3853 hominis
1373 3794 1718 3865 supplicium,
1750 3795 1843 3850 sed

252 3893 557 3950 Salvatoris
603 3890 923 3963 mysterium
971 3888 1324 3959 intelligebat.
1376 3887 1487 3940 Aut
1525 3886 1572 3940 si
1600 3886 1690 3940 isti
1737 3895 1845 3940 tam

251 3985 527 4057 religiose,
556 3993 615 4038 ut
661 3990 875 4052 putant,
920 3989 1120 4036 terram
1153 3994 1305 4035 suam
1344 3991 1375 4034 a
1401 3977 1696 4049 pollutione
1724 3993 1841 4033 ser-

250 4087 540 4144 vaverunt,
572 4076 704 4148 quid
731 4090 909 4153 causae
952 4082 1038 4129 est
1086 4074 1231 4143 quod
1255 4086 1352 4142 per
1398 4079 1476 4126 tot
1507 4071 1707 4126 saecula
1749 4084 1843 4125 eos

254 4180 517 4241 tanquam
544 4168 854 4231 immundos
880 4164 1164 4224 evomuit?

331 4262 575 4319 XXXVI.
615 4261 832 4317 Nullum
880 4259 997 4315 fere
1029 4267 1112 4315 est
1161 4258 1218 4315 in
1268 4256 1567 4328 Scripturis
1614 4256 1845 4327 prophe-

250 4358 382 4415 ticis
414 4369 520 4413 tam
550 4356 869 4427 praeclarum
910 4353 1278 4410 testimonium
1310 4350 1401 4407 ubi
1440 4352 1519 4408 sic
1563 4352 1845 4406 evidenter

250 4458 312 4505 et
346 4450 535 4504 modus
562 4446 828 4517 passionis
869 4444 1070 4500 Christi
1101 4444 1155 4499 in
1199 4442 1347 4515 ligno
1379 4441 1591 4507 Crucis,
1620 4451 1675 4498 et
1701 4441 1844 4496 veri-

253 4552 345 4598 tas
363 4542 553 4597 mortis
580 4539 697 4610 ejus
719 4541 1070 4610 exprimatur.
1109 4536 1260 4593 Unde
1284 4542 1341 4591 et
1366 4544 1588 4590 sanctus
1612 4534 1843 4603 Aposto-

251 4635 366 4699 lus,
400 4648 504 4687 non
548 4633 876 4688 erubescens
922 4627 1290 4685 testimonium
1319 4625 1546 4687 Christi,
1576 4624 1646 4678 ad
1692 4638 1837 4679 com-

251 4725 618 4782 mendandam
676 4724 958 4783 veritatem
999 4728 1054 4775 et
1100 4717 1331 4790 gratiam
1377 4715 1642 4785 passionis
1701 4714 1841 4783 ejus,

250 4821 405 4878 istud
432 4819 771 4892 potissimum
798 4817 943 4887 quod
972 4816 1028 4870 in
1046 4813 1246 4868 litteris
1274 4811 1390 4877 suis
1409 4817 1635 4881 poneret
1655 4808 1841 4879 elegit.

252 4914 393 4971 Nam
420 4922 474 4970 et
503 4912 632 4970 illud
658 4912 801 4982 quod
825 4911 983 4985 juxta
1027 4892 1171 4963 beati
1201 4903 1516 4975 Hieronymi
1547 4902 1842 4958 editionem

255 5013 313 5069 in
345 5011 507 5083 hujus
533 5009 755 5081 capituli
782 5006 1004 5064 exordio
1031 5003 1268 5077 legitur:
1310 5020 1328 5054 t
1378 4999 1603 5068 Quando
1647 5011 1840 5069 pecca-

263 5123 284 5157 t
324 5104 464 5160 verit
491 5103 653 5159 homo
676 5100 820 5171 quod
847 5106 1022 5154 morte
1044 5092 1387 5167 plectendum
1412 5101 1499 5176 est
1522 5090 1700 5162 (Dent.
1724 5104 1838 5157 xxi,

264 5217 285 5251 ι
324 5195 453 5266 2-2.);
500 5214 520 5248 ι
562 5194 636 5249 ita
677 5200 733 5247 et
778 5190 847 5247 ad
892 5189 1245 5246 mediamrem
1292 5185 1387 5242 Dei
1440 5194 1497 5239 et
1544 5183 1844 5247 hominum,

261 5290 541 5345 hominem
578 5285 856 5344 Christum
883 5283 1068 5339 Jesum
1099 5280 1331 5336 fideliter
1359 5275 1703 5334 referendum
1733 5283 1843 5340 est,

262 5380 410 5436 sicut
433 5387 491 5433 et
511 5377 664 5443 illud,
686 5376 778 5433 ubi
802 5376 921 5446 ipse
950 5390 1017 5430 ex
1039 5386 1271 5444 persona
1299 5367 1547 5439 corporis
1573 5366 1657 5421 sui
1678 5364 1846 5436 loqui-

264 5482 357 5528 tur
416 5456 473 5527 in
534 5468 752 5537 Psalmo
810 5484 824 5523 :
889 5485 909 5521 ι
977 5465 1153 5523 Verba
1217 5464 1539 5519 delictorum
1602 5474 1848 5516 meorum

267 5562 446 5638 (Paul.
469 5561 690 5633 ιιι,2);
730 5581 748 5615 ι
782 5568 840 5616 et
868 5560 1063 5641 iterum
1093 5576 1107 5611 :
1142 5555 1344 5620 iDens,
1362 5563 1418 5609 tu
1449 5552 1556 5608 scis
1585 5552 1846 5621 insipien-

271 5676 294 5712 ι
333 5657 465 5713 tiam
488 5670 692 5729 meam,
714 5662 769 5711 et
809 5652 1004 5709 delicta
1028 5665 1151 5706 mea
1174 5664 1206 5703 a
1238 5656 1291 5704 te
1333 5661 1439 5702 non
1465 5653 1593 5701 sunt
1621 5645 1848 5700 abscon-

277 5768 296 5800 σ
332 5747 445 5804 dita
472 5745 659 5821 (Psal.
707 5761 899 5811 vam,
926 5743 990 5816 6)
1026 5762 1039 5797 :
1080 5761 1100 5794 ›
1150 5740 1277 5812 quia
1317 5738 1541 5795 ell‘ectns
1578 5737 1848 5809 particeps

274 5847 480 5894 natura:
504 5844 727 5903 nostrae,
756 5831 1161 5917 transﬁguravit
1186 5830 1240 5886 in
1284 5845 1343 5886 se
1371 5844 1569 5903 vocem,
1585 5837 1844 5900 nostram,

277 5931 371 6002 qui
395 5929 632 6001 suscepit
655 5912 1076 5986 misericorditer
1104 5931 1159 5982 et
1179 5937 1400 5981 causam
1425 5932 1695 5987 nostram;
1723 5919 1867 5990 dum.

1946 3426 2067 3467 esse
2099 3414 2377 3482 iniquitas,
2402 3416 2648 3501 ita'nulla
2674 3416 2881 3489 flagella
2905 3420 3265 3488 correptionis
3294 3431 3391 3475 aut
3415 3438 3540 3493 pur-

1948 3506 2180 3575 gationis
2202 3522 2341 3573 sum,
2367 3509 2462 3562 sed
2488 3514 2857 3592 taqtmnmodo
2885 3510 3074 3566 salutis
3104 3525 3324 3567 nostrae.

2022 3590 2285 3651 XXXVII.
2328 3590 2495 3654 Docet
2519 3590 2657 3655 idem
2684 3606 2875 3657 beatus
2906 3602 3292 3677 Hieronymus,
3314 3608 3459 3677 quod
3484 3609 3540 3666 in

1951 3706 2015 3744 eo
2040 3690 2176 3756 loco,
2204 3692 2294 3745 ubi
2333 3693 2487 3761 juxta
2533 3694 2955 3749 'l‘heodotionem
2998 3699 3233 3766 positum
3276 3710 3379 3765 est,
3411 3704 3541 3771 Quia

1952 3785 2260 3840 maledictio
2312 3786 2407 3841 Dei
2452 3804 2771 3858 suspensus,
2804 3792 2978 3861 possit
3015 3792 3067 3845 in
3124 3792 3390 3851 Hebraico
3437 3798 3541 3870 legi

1948 3876 2073 3946 quia
2105 3874 2297 3944 injuria
2325 3878 2417 3932 Dei
2447 3895 2761 3955 suspensus,
2789 3889 2882 3935 aut
2909 3890 3080 3950 certe,
3106 3883 3230 3953 quia
3258 3896 3540 3943 connume-

1948 3967 2080 4022 liose
2108 3968 2248 4023 Deus
2271 3986 2566 4040 suspensus
2591 3982 2691 4026 est.
2719 3973 2871 4040 Quod
2899 3974 3082 4044 utique
3109 3977 3178 4030 ad
3213 3976 3541 4035 confunden-

1945 4061 2068 4115 dam
2084 4059 2388 4116 Judworum
2410 4064 2739 4137 impietatem
2754 4065 2980 4120 multum
3000 4067 3161 4133 valet,
3176 4071 3301 4138 quia
3314 4086 3411 4140 per
3427 4072 3541 4128 huic

1946 4152 2231 4207 manifeste
2243 4142 2882 4228 ostenditurquod‘httjus
2900 4159 2996 4213 viri
3014 4160 3212 4229 injusta
3233 4163 3539 4231 suspensio,

1946 4243 2142 4314 injuria
2163 4246 2253 4300 Dei
2272 4246 2448 4325 Patris
2474 4248 2564 4313 sit,
2581 4249 2752 4325 quiin
2779 4254 2999 4321 proprio
3024 4253 3162 4309 Filio
3183 4253 3538 4311 inhonoratur

1945 4320 2654 4421 θιοοιῃιειιιιιίἰυτβίευιἰρδε
2672 4318 2837 4395 Filius
2853 4318 2907 4396 in
2925 4342 3214 4414 Evangelia
3227 4346 3537 4413 conilirmat,

1945 4432 2159 4488 dicens:
2185 4452 2203 4483 ι
2228 4432 2327 4500 Qui
2363 4449 2469 4487 non
2495 4435 2812 4491 honorificat
2836 4434 3051 4504 Filium,
3077 4452 3187 4495 non,
3212 4439 3536 4495 honorificat

1954 4544 1973 4578 t
2012 4525 2225 4581 Patrem
2270 4526 2360 4596 qui
2404 4528 2550 4581 misit
2602 4527 2751 4587 illum
2783 4528 2965 4598 (Joan.
3017 4529 3222 4600 v,23);
3264 4550 3281 4583 ι
3332 4540 3386 4585 et
3433 4532 3541 4587 alio

1948 4619 2066 4697 loco
2090 4637 2101 4673 :
2132 4639 2150 4670 ί
2175 4620 2276 4687 Qui
2311 4635 2395 4675 me
2422 4622 2557 4687 odit,
2577 4631 2631 4675 et
2660 4621 2879 4677 Patrem
2899 4638 3077 4677 meum
3101 4622 3413 4697 oditanu.
3446 4640 3539 4692 xv,

1868 4672 1921 4731 Ι)
1946 4694 2081 4791 23η
2120 4731 2139 4762 ι
2174 4721 2228 4765 et
2272 4712 2468 4767 iterum
2502 4730 2514 4766 :
2548 4730 2568 4764 ι
2617 4712 2721 4779 Qui
2751 4715 2961 4782 spernit
3006 4730 3108 4780 me,
3157 4672 3365 4785 spernit
3406 4672 3529 4772 enni

1956 4825 1973 4858 ι
2011 4808 2103 4879 qui
2136 4808 2283 4863 misit
2308 4823 2394 4862 me
2420 4806 2570 4877 (Luc.
2600 4823 2657 4873 x,
2689 4809 2794 4879 ιϐ).
2832 4830 2850 4861 ι
2900 4809 3007 4864 Nec
3044 4810 3217 4866 solum
3262 4811 3379 4880 ejus
3412 4827 3530 4868 sus-

1948 4903 2135 4971 pensio
2164 4901 2359 4973 injuria
2387 4901 2482 4957 Dei
2506 4912 2622 4969 cst;
2658 4904 2752 4958 sed
2774 4903 2937 4961 etiam
2963 4904 3078 4974 ipse
3103 4905 3185 4960 vir
3212 4920 3528 4975 suspensus,

1948 4996 2229 5079 evidenter
2274 4996 2417 5052 Deus
2448 5004 2552 5062 est,
2581 4997 2673 5066 qui
2701 4997 3090 5053 contumeliose
3136 4997 3279 5055 Deus
3310 5013 3538 5069 snspen-

1951 5105 2042 5146 sus
2067 5098 2170 5145 est.
2200 5088 2355 5157 Quod
2399 5088 2697 5160 Apostolus
2720 5091 2923 5147 eisdem
2952 5104 3093 5161 pene
3132 5092 3311 5149 verbis
3335 5090 3534 5155 contir-

1950 5181 2339 5257 mat,,dicens:‘
2363 5199 2381 5232 ‹
2405 5180 2463 5236 Si
2490 5181 2636 5239 enim
2662 5181 3061 5253 cognovissent.
3093 5194 3368 5252 nunquam
3420 5179 3531 5235 Do-

1954 5292 1972 5325 ‹
1999 5274 2205 5329 minam
2232 5271 2414 5343 glorias
2438 5271 2836 5339 crucifixissent
2857 5271 2940 5344 (11
2972 5270 3095 5329 Cor.
3124 5287 3185 5337 ιι,
3203 5272 3278 5344 8).
3310 5290 3329 5323 ›
3368 5270 3529 5326 Vide-

1948 5363 2076 5419 licet
2096 5364 2219 5434 quia
2241 5379 2400 5434 quem
2429 5364 2733 5420 communis
2760 5372 2973 5420 tantum
3003 5372 3212 5418 natura
3255 5362 3527 5423 hominem

1948 5467 2004 5514 et
2032 5457 2206 5511 virum
2256 5458 2403 5528 impii
2437 5458 2789 5514 crucifixores
2831 5459 3120 5529 putabant,
3148 5457 3291 5511 idem
3318 5455 3432 5524 ipse
3475 5464 3531 5512 et

1954 5534 2096 5606 Deus
2123 5558 2177 5607 et
2203 5550 2464 5606 Dominus
2494 5550 2681 5621 gloria:
2696 5551 2947 5609 occultus
2967 5560 3103 5609 erat.
3148 5547 3224 5604 De
3252 5548 3357 5604 hoe
3386 5551 3532 5620 capia-

1958 5642 2086 5705 tulo,
2117 5650 2303 5697 contra
2347 5641 2603 5697 Faustum
2652 5642 3002 5698 Manichteum
3054 5647 3292 5695 tractans
3337 5640 3529 5695 beatus

1954 5734 2284 5806 Augustinus
2330 5733 2441 5804 (lib.
2494 5749 2606 5799 xiv,
2636 5750 2684 5791 c.
2733 5734 2809 5805 6),
2851 5734 2933 5791 sic
2980 5732 3058 5787 ait
3106 5731 3248 5787 inter
3294 5734 3525 5787 extera:

1961 5846 1978 5879 ι
2026 5828 2180 5896 Quod
2210 5835 2391 5884 autem
2421 5826 2659 5882 additum
2701 5835 2808 5889 est,
2840 5845 2859 5879 ι
2888 5823 3094 5889 Omnis,
3126 5844 3144 5876 ι
3174 5834 3233 5878 ut
3257 5818 3529 5879 diceretur

1958 5918 2271 5975 maledictus
2298 5918 2476 5973 omnis
2517 5918 2607 5987 qui
2640 5918 2691 5972 in
2722 5917 2865 5988 ligno
2908 5917 3241 5987 pependerit,
3272 5930 3374 5971 non
3399 5928 3529 5970 sane
