4032 6458
521 346 623 401 167

1720 344 2073 402 AMULONIS
2105 343 2320 402 EPISC.
2361 343 2569 400 LUGD.

3706 340 3819 398 168

515 460 726 531 Moyses
771 458 952 515 minus
977 459 1228 529 praevidit
1269 458 1433 514 etiam
1457 458 1637 529 justos
1667 457 1725 513 in
1755 474 1917 515 cruce
1960 457 2107 514 lutu-
2131 465 2185 524 Α
2209 474 2329 515 sum
2353 456 2653 519 Christum,
2691 462 2749 508 ut
2779 452 3118 510 auditoribus
3148 453 3262 509 suis
3289 452 3532 510 efﬁciant
3559 454 3822 509 irreme—

513 566 636 616 ros;
663 550 756 606 sed
776 550 916 606 bene
942 550 1193 621 praevidit
1210 549 1494 605 haereticos
1515 564 1703 604 veram
1728 557 1959 605 mortem
1992 548 2097 604 Do-

515 641 645 697 mini
692 649 1015 713 negaturos;
1058 649 1115 696 et
1142 639 1263 696 ideo
1302 639 1546 695 volentes
1572 640 1641 693 ab
1664 639 1770 694 hoc
1809 637 2100 693 maledicto

512 733 788 790 Christum
808 734 1115 806 sejungere,
1146 741 1207 787 ut
1247 748 1280 787 a
1310 731 1504 788 mortis
1545 731 1713 786 etiam
1738 731 1971 786 veritate
2010 744 2098 785 se-

506 826 816 897 jungerent.
848 824 908 880 Si
929 825 1075 881 enim
1101 840 1232 881 vera
1270 824 1363 879 illa
1392 840 1541 880 mors
1588 840 1694 881 non
1725 832 1866 889 erat,
1893 822 2098 879 nullum

512 914 853 971 maledictum
874 914 1091 972 Christo
1116 916 1383 972 cruciﬁxo
1403 915 1662 988 pependit
1688 917 1744 971 in
1772 916 1939 989 ligno,
1971 915 2098 987 quia

512 1020 615 1062 nec
660 1021 786 1063 vere
824 1007 1119 1065 cruciﬁxus
1162 1017 1266 1065 est.
1322 1008 1430 1065 Sed
1470 1017 1660 1065 contra
1689 1002 1847 1082 longe
1888 1008 2099 1065 futuros

509 1094 795 1154 haereticos
817 1138 834 1165 ,
885 1114 1050 1169 quam
1091 1100 1160 1156 de
1208 1100 1366 1173 longe
1410 1101 1609 1157 clamat
1646 1100 1891 1173 Moyses:
1921 1121 1939 1153 ι
1969 1101 2099 1156 Sine

507 1206 674 1249 causa
695 1191 1153 1262 tergiversamini,
1175 1208 1209 1248 ο
1229 1195 1425 1263 quibus
1454 1194 1932 1267 displicetveritas
1956 1209 2101 1250 mor-

508 1283 580 1338 tis
604 1280 828 1338 Christi.
876 1280 1197 1338 Maledictus
1235 1284 1416 1339 omnis
1440 1284 1536 1355 qui
1578 1283 1777 1355 pendet
1806 1285 1861 1339 in
1913 1284 2095 1356 ligno:

507 1388 618 1428 non
640 1371 757 1438 ille,
784 1371 883 1437 ait,
905 1379 1001 1427 aut
1028 1372 1150 1440 ille;
1183 1374 1279 1430 sed
1301 1375 1480 1431 omnis
1499 1377 1743 1432 omnino.
1774 1376 1928 1433 Tunc
1950 1376 2099 1451 enim

507 1464 755 1520 Christus
804 1471 961 1519 extra
1010 1464 1358 1522 maledictum
1406 1466 1610 1534 Adam,
1654 1468 1701 1524 si
1749 1476 1906 1525 extra
1954 1468 2099 1525 illius

507 1562 762 1609 mortem.
814 1553 951 1609 Cum
974 1568 1102 1610 vero
1129 1570 1196 1611 ex
1225 1556 1447 1613 homine
1472 1565 1526 1611 et
1567 1572 1668 1628 pro
1692 1558 1911 1614 homine
1951 1573 2099 1615 mor-

508 1654 619 1701 tem
664 1646 920 1717 suscepit,
963 1661 1032 1701 ex
1059 1645 1153 1702 illo
1177 1655 1235 1703 et
1281 1664 1381 1719 pro
1410 1648 1502 1704 illo
1543 1649 1707 1704 etiam
1749 1648 2095 1705 maledictum

505 1742 650 1813 quod
701 1743 862 1798 morti
909 1742 1200 1798 comitatur
1222 1783 1239 1811 ,
1284 1745 1563 1815 suscipere
1611 1760 1722 1800 non
1773 1745 2094 1816 dedignatus

2203 547 2476 604 diabiliter
2493 546 2761 611 odiosum,
2814 552 3130 615 nuncupant
3161 558 3284 599 eum
3325 560 3425 600 sua
3458 545 3643 617 lingua
3712 545 3824 601 Us-

2202 654 2323 696 sum
2345 637 2604 693 Hamizri.
2636 635 2791 704 Quod
2820 636 3022 692 dicitur
3057 635 3270 702 Latine,
3310 636 3617 709 Dissipator
3636 638 3826 711 Egy-

2200 730 2362 801 ptius.
2384 729 2463 783 lta
2490 743 2596 783 non
2622 735 2706 782 est
2733 726 2867 783 satis
2905 727 3049 797 quod
3080 725 3505 800 patresleorum,
3545 730 3824 800 praesenti

2201 818 2253 873 ei
2275 817 2331 872 in
2353 832 2517 873 carne
2538 817 2795 873 dicebant
2819 832 2834 871 :
2867 836 2887 869 ι
2923 816 3114 872 Nonne
3136 818 3275 873 bene
3303 818 3537 874 dicimus
3550 834 3657 875 nos
3679 821 3819 890 quia

2209 928 2228 962 ι
2265 909 2642 968 Samaritanus
2666 927 2727 968 es
2747 920 2825 979 tu,
2858 920 2916 968 et
2942 913 3271 968 daemonium
3292 913 3505 969 habes?
3536 934 3556 967 ι
3615 912 3818 985 (Ιοαιι.

2201 1019 2331 1070 vui,
2368 1003 2495 1078 48);
2533 1012 2589 1060 et
2617 1006 2686 1061 ad
2724 1003 2955 1061 Pilatum
2988 1005 3055 1061 de
3083 1006 3174 1061 illo
3205 1024 3218 1060 :
3260 1025 3279 1058 ι
3312 1007 3467 1063 llunc
3494 1007 3822 1065 invenimus

2207 1114 2228 1146 ι
2263 1096 2667 1152 subvertentem
2710 1106 2929 1167 gentem
2978 1105 3222 1152 nostram
3262 1095 3416 1169 (Luc.
3469 1113 3632 1163 mu,
3664 1096 3758 1168 2),
3794 1117 3816 1152 ι

2200 1185 2305 1242 nisi
2336 1201 2462 1242 eum
2489 1187 2600 1254 isti,
2630 1187 2965 1244 incrementa
2996 1197 3052 1243 et
3077 1188 3283 1244 alumni
3332 1189 3620 1245 hominum
3677 1205 3819 1261 pec-

2201 1289 2471 1347 catorum,
2501 1279 2657 1337 novis
2694 1281 2955 1337 conviciis
2979 1289 3035 1337 et
3073 1282 3376 1338 maledictis
3407 1283 3705 1350 infament,
3735 1284 3822 1339 af-

2201 1373 2485 1428 ﬁrmantes
2507 1388 2631 1428 eum
2661 1375 2838 1445 gentis
2882 1390 2995 1431 suae
3030 1374 3411 1444 dissipatorem
3444 1373 3817 1448 Egypti’um:

2200 1464 2643 1536 credo,.propter
2656 1464 2806 1520 illum
2819 1464 3136 1538 Egyptium
3150 1482 3366 1538 magum
3381 1474 3438 1522 et
3456 1469 3671 1539 pseudo
3680 1485 3817 1539 pro-

2198 1557 2443 1628 phetam,
2463 1557 2555 1627 qui
2570 1556 2771 1614 multos
2788 1573 2981 1614 eorum
2994 1558 3286 1629 aliquando
3307 1560 3523 1631 decepit
3548 1564 3814 1633 utperdi-

2199 1648 2299 1715 dit,
2314 1646 2381 1702 de
2390 1662 2498 1718 quo
2516 1655 2572 1703 et
2584 1648 2639 1702 in
2653 1646 2881 1704 Actibus
2895 1649 3265 1719 apostolorum
3281 1650 3555 1706 Tribunus
3575 1652 3648 1708 ad
3672 1651 3817 1708 Pan.

2199 1749 2311 1804 lum
2324 1740 2566 1811 loquitur
2583 1759 2596 1795 :
2620 1759 2639 1792 ι
2658 1740 2851 1798 Nonne
2864 1751 2920 1797 tu
2934 1758 2995 1798 es
3010 1742 3418 1815 Egyptius,qui
3430 1754 3558 1801 ante
3576 1747 3684 1802 hos
3694 1746 3815 1805 dies

505 1844 606 1892 est.
638 1856 656 1887 ι
683 1836 749 1890 Et
769 1844 891 1907 post
912 1836 1190 1906 aliquanta
1213 1835 1351 1909 (cap.
1375 1842 1507 1910 vn):
1531 1856 1549 1889 ι
1577 1836 1693 1893 Hoc
1712 1837 1881 1903 enim,
1904 1837 2098 1908 inquit,
2133 1830 2179 1891 Β
2214 1849 2233 1882 ι
2265 1830 2553 1886 tumultum
2567 1832 2851 1889 concitasti
2879 1843 2934 1888 et
2958 1835 3192 1890 cduxisti
3211 1836 3267 1890 in
3279 1835 3554 1891 desertum
3570 1848 3815 1908 quatuor

504 1930 649 2002 quod
676 1930 875 1985 asserit
897 1932 1203 2001 prophetia,
1232 1932 1359 2002 quia
1390 1933 1600 1989 sciebat
1622 1933 1827 1990 Christi
1868 1941 2101 1991 mortem

504 2020 561 2077 in
608 2035 771 2079 cruce
802 2036 1120 2093 pensuram,
1150 2030 1207 2078 et
1247 2022 1461 2080 futuros
1503 2025 1789 2081 haereticos
1810 2026 1903 2097 qui
1952 2026 2099 2082 dice-

506 2128 658 2175 rent:
694 2118 959 2190 Pependit
983 2119 1202 2189 quidem
1228 2120 1282 2175 in
1306 2119 1473 2191 ligno,
1499 2121 1597 2177 sed
1627 2121 1810 2192 specie
1838 2121 2096 2193 quadam,

502 2228 612 2271 non
642 2221 701 2269 ut
727 2229 855 2270 vere
895 2223 1222 2271 moreretur.
1251 2215 1547 2271 Clamando
1571 2231 1721 2288 ergo,
1752 2216 2096 2284 maledictus,

501 2304 641 2359 nihil
685 2304 835 2359 aliud
880 2304 1156 2372 clamavit,
1204 2305 1312 2362 nisi
1349 2306 1477 2375 quia
1523 2320 1651 2361 vere
1699 2314 1947 2362 mortuus
1991 2315 2097 2375 est,

502 2398 680 2453 sciens
721 2404 953 2453 mortem
984 2398 1222 2454 hominis
1266 2400 1591 2470 peccatoris,
1615 2416 1780 2471 quam
1807 2402 1924 2457 sine
1973 2418 2101 2472 pec-

500 2497 624 2547 cato
667 2490 782 2560 ipse
827 2491 1105 2562 suscepit,
1157 2492 1225 2547 de
1275 2492 1368 2548 illo
1412 2492 1721 2561 maledicto
1767 2495 2097 2562 venientem,

500 2583 643 2654 quod
664 2583 866 2640 dictum
894 2592 979 2639 est
1000 2602 1015 2638 :
1046 2585 1104 2639 Si
1131 2583 1440 2656 tetigeritis,
1464 2594 1641 2642 morte
1660 2587 1988 2642 moriemini.
2016 2587 2099 2643 Ad

502 2674 607 2729 hoc
631 2675 867 2745 pertinet
905 2686 964 2731 et
983 2691 1209 2746 serpens
1237 2676 1327 2732 ille
1368 2677 1424 2732 in
1450 2677 1596 2750 ligno
1641 2694 1954 2751 suspensus,
1991 2697 2099 2751 quo

504 2764 909 2835 signiﬁcaretur
968 2782 1076 2823 non
1130 2768 1325 2825 falsam
1396 2783 1631 2829 mortem
1675 2774 1949 2830 Christum
1999 2776 2100 2832 ﬁn-

501 2856 670 2922 xisse,
705 2858 801 2915 sed
831 2858 978 2917 illam
1011 2876 1197 2917 veram
1245 2863 1300 2917 in
1328 2863 1476 2936 ligno
1499 2866 1772 2936 passionis
1819 2884 1932 2924 suae
1978 2885 2101 2925 sus-

500 2947 772 3016 pendisse,
798 2948 854 3004 in
882 2965 1046 3020 quam
1099 2966 1325 3023 serpens
1368 2953 1455 3009 ille
1499 2955 1775 3011 hominem
1798 2957 1941 3014 male
1975 2974 2099 3014 sua-

500 3039 676 3095 dendo
704 3039 921 3109 dejecit.
952 3043 1125 3111 Quam
1152 3058 1337 3100 veram
1366 3056 1599 3103 mortem
1626 3049 1819 3105 nolunt
1850 3051 1941 3106 isti
1963 3068 2095 3108 con-

499 3131 735 3201 spicere,
756 3140 814 3186 et
860 3132 983 3189 ideo
1033 3150 1143 3190 non
1190 3145 1460 3192 sanantur
1494 3154 1526 3193 a
1570 3154 1779 3197 veneno
1801 3145 2091 3211 serpentis,

2213 1943 2232 1976 ι
2262 1922 2429 1979 millia
2443 1924 2685 1979 virorum
2707 1925 3062 1981 sicariorum?
3087 1945 3106 1978 ι
3128 1925 3268 1997 (Act.
3287 1940 3402 1994 xxi,
3424 1927 3540 2000 38.)
3558 1929 3808 2000 Cultum,

2206 2029 2369 2085 quem
2386 2014 2437 2071 ei
2453 2015 2509 2069 in
2533 2024 2646 2072 toto
2666 2018 2868 2073 mundo
2879 2015 3066 2072 ﬁdeles
3085 2017 3367 2084 exhibent,
3384 2031 3582 2076 vocant
3600 2022 3811 2077 cultum

2204 2111 2443 2181 Baal,.et
2469 2111 2783 2184 religionem
2811 2112 2907 2168 Dei
2938 2114 3125 2180 alieni,
3170 2122 3432 2186 tanquam
3474 2115 3592 2186 ipse
3627 2118 3707 2172 sit
3744 2119 3810 2174 de

2205 2216 2315 2272 quo
2344 2202 2401 2257 in
2425 2201 2633 2272 psalmo
2660 2203 2977 2274 praecipitur
3007 2220 3021 2256 :
3061 2222 3080 2256 ι
3117 2202 3233 2259 Νοιι
3261 2205 3366 2260 erit
3386 2206 3441 2262 in
3475 2214 3526 2262 te
3548 2208 3700 2263 Deus
3722 2224 3811 2264 re-

2212 2312 2231 2345 ι
2269 2309 2400 2350 cens
2418 2334 2434 2361 ,
2460 2309 2640 2365 neque
2661 2294 2916 2351 adorabis
2944 2294 3116 2350 Deum
3147 2295 3382 2351 alienum
3419 2294 3596 2368 (Paul.
3634 2315 3803 2365 LXXX,

2209 2404 2229 2437 ι
2256 2386 2368 2457 l0),
2391 2405 2410 2439 ι
2433 2384 2665 2442 Odorem
2687 2385 2837 2441 illum
2859 2402 3083 2458 gravem
3097 2397 3152 2442 et
3172 2388 3533 2455 teterrimum,
3553 2391 3648 2461 qui
3665 2391 3809 2447 solet

2206 2475 2398 2530 sentiri
2421 2476 2478 2530 in
2504 2476 2653 2531 horis
2676 2477 2985 2543 matutinis,
3014 2477 3068 2532 in
3095 2478 3320 2534 exordio
3369 2480 3549 2535 aestivi
3589 2490 3806 2555 tempo-

2204 2568 2304 2633 ris,
2328 2566 2600 2622 aﬁirmant
2622 2567 2689 2622 de
2712 2569 3000 2625 tormentis
3026 2567 3407 2637 infernalibus,
3445 2573 3647 2642 quibus
3691 2575 3807 2647 ipse

2204 2659 2348 2728 apud
2372 2658 2576 2714 inferos
2615 2667 2957 2730 torqueatur,
2975 2676 3043 2716 eo
3069 2663 3213 2732 quod
3233 2671 3449 2732 gentem
3473 2680 3664 2720 eorum
3694 2677 3806 2722 tur-

2202 2750 2433 2816 baverit,
2463 2758 2521 2803 et
2545 2757 2717 2804 totum
2744 2752 3003 2805 mundum
3027 2752 3322 2824 deceperit,
3346 2766 3623 2813 eructare.
3649 2757 3805 2816 Unde

2201 2848 2257 2896 et
2285 2841 2511 2912 populos
2536 2829 2835 2907 nationum,
2867 2844 2960 2914 qui
2985 2842 3100 2913 ejus
3122 2857 3477 2916 susceperunt
3499 2849 3687 2918 ﬁdem,
3725 2853 3805 2907 in-

2202 2943 2567 3004 terpretantes
2592 2949 2714 2991 esse
2734 2935 3109 3009 Babyloniam,
3127 2948 3184 2993 et
3213 2939 3416 3010 Regem
3432 2943 3594 3013 hujus
3624 2943 3802 3018 Baby-

2201 3026 2341 3081 lonis
2366 3026 2642 3083 Christum
2681 3036 2929 3084 nostrum
2960 3030 3345 3103 intelligentes,
3375 3036 3639 3106 quidquid
3660 3038 3715 3094 in
3742 3040 3802 3094 il-

2201 3117 2251 3171 la
2278 3117 2487 3173 visione
2518 3117 2703 3186 Isaiae,
2732 3120 2886 3192 ‘cujus
2922 3121 3108 3178 titulus
3142 3133 3227 3179 est
3264 3145 3281 3177 (
3328 3124 3478 3183 Onus
3508 3129 3801 3201 Babylonis

498 3218 638 3276 sicut
681 3222 735 3275 in
771 3236 957 3278 eremo
1003 3224 1315 3297 quicunque
1356 3225 1506 3282 illam
1548 3206 1906 3288 auenderem’
1935 3206 2096 3289 sana;
2122 3206 2169 3270 C
2200 3209 2347 3282 (lsu.
2379 3227 2502 3278 xui,
2530 3213 2625 3284 1),
2660 3232 2680 3266 ι
2721 3214 2920 3269 dicitur
2946 3218 3012 3272 de
3044 3217 3377 3276 relaxatione
3401 3223 3586 3293 populi
3614 3226 3710 3280 Dei
3736 3242 3801 3282 ex

502 3313 721 3369 bantur.

568 3403 854 3463 XXXVIII.
886 3407 1076 3466 Solent
1097 3412 1320 3482 quidam
1333 3413 1502 3470 etiam
1529 3413 1826 3474 Christiani
1854 3418 2096 3492 imperiti

499 3492 680 3550 dicere
703 3494 851 3551 aliud
876 3513 999 3555 esse
1027 3498 1175 3572 afﬁgi
1211 3501 1375 3573 ligno,
1407 3504 1553 3561 aliud
1581 3506 1636 3562 in
1668 3506 1815 3577 ligno
1834 3511 2093 3581 pendere.

500 3584 656 3642 Sicut
676 3587 824 3643 enim
844 3598 1037 3660 putant
1054 3592 1367 3650 solvendam
1389 3610 1510 3653 esse
1530 3599 1693 3655 istam
1716 3604 2090 3671 quaestionem,

498 3685 559 3732 ut
580 3677 775 3735 Iudam
806 3680 991 3737 dicant
1017 3698 1049 3737 a
1076 3683 1259 3756 Moyse
1286 3687 1653 3759 maledictum,
1699 3694 1791 3763 qui
1815 3694 2010 3767 laqueo
2039 3711 2097 3753 se

497 3772 780 3843 suspendit
812 3790 825 3828 :
855 3775 1012 3845 quasi
1043 3778 1278 3846 primum
1306 3783 1559 3838 noverint
1586 3793 1770 3840 utrum
1802 3802 1868 3841 ex
1927 3787 2093 3860 ligno,

498 3878 569 3918 an
603 3878 672 3919 ex
708 3863 888 3935 lapide
921 3880 981 3922 se
1006 3866 1096 3922 ille
1117 3872 1482 3940 suspenderit.
1509 3873 1617 3930 Sed
1647 3875 1935 3934 manifeste
1952 3879 2097 3949 Apo-

497 3954 672 4010 stolus
705 3971 812 4011 non
842 3956 973 4012 sinit
1017 3958 1162 4014 aliud
1205 3962 1511 4035 intelligere
1548 3982 1716 4037 quam
1761 3971 1827 4024 de
1879 3970 2096 4028 Christo
2132 3978 2143 3989 '

497 4060 620 4101 esse
652 4046 994 4116 praedictum.
1026 4048 1183 4115 Quod
1214 4066 1343 4108 vero
1368 4052 1539 4110 Judaei
1570 4072 1696 4118 non
1743 4069 1939 4129 putant
1967 4078 2094 4119 eum

498 4134 556 4190 in
585 4150 745 4192 cruce
767 4137 939 4194 clavis
980 4153 1100 4195 esse
1129 4143 1434 4212 conﬁxum,
1481 4146 1726 4204 miranda
1779 4161 1860 4207 est
1905 4168 2092 4211 eorum

408 4218 417 4229 ’
499 4226 717 4281 caecitas
738 4267 754 4293 ,
785 4242 930 4295 cum,
954 4237 1014 4285 ut
1054 4228 1169 4299 jam
1213 4248 1375 4305 supra
1407 4240 1830 4314 memoravimus
1856 4284 1871 4310 ,
1917 4244 2093 4316 ipsum

499 4319 726 4375 audiant
770 4336 869 4392 per
901 4322 1220 4381 Zachariam
1261 4330 1582 4399 prophetam
1629 4333 1900 4393 dicentem
1930 4353 1944 4393 :
1975 4360 1994 4393 ι
2027 4341 2095 4397 Et

507 4430 543 4506 «—
554 4413 908 4506 aspicientad
924 4432 1032 4483 me,
1048 4433 1211 4489 quem
1232 4407 1578 4481 conﬁxerunt
1596 4426 1780 4500 (Zach.
1804 4446 1903 4499 xu,
1925 4434 2037 4506 l0).
2068 4454 2085 4486 ι

503 4500 571 4557 Ει
607 4517 706 4572 per
738 4503 1062 4564 Malachiam
1100 4526 1115 4564 :
1153 4529 1173 4562 ι
1203 4511 1259 4567 Si
1282 4513 1507 4587 conﬁgit
1544 4517 1705 4576 homo
1726 4521 1922 4592 Deum,
1965 4500 2091 4596 quia

507 4609 526 4642 ι
562 4608 657 4649 vos
685 4596 954 4668 conligitis
977 4601 1107 4656 me?
1141 4602 1209 4658 Et
1253 4620 1341 4661 me
1388 4607 1658 4681 conﬁgitis
1693 4628 1789 4669 vos
1839 4631 1970 4687 gens
2008 4626 2091 4675 to-

507 4703 526 4736 ι
562 4692 617 4739 ta
642 4686 898 4758 (Malam.
929 4705 1023 4756 ιιι,
1054 4690 1107 4756 8,
1147 4692 1228 4765 9).
1264 4714 1284 4747 ι
1324 4714 1345 4747 ι
1380 4696 1450 4752 Et
1472 4699 1527 4755 in
1558 4698 1867 4775 Salomone,
1900 4709 1968 4764 de
1993 4725 2089 4766 eo-

501 4776 626 4833 dem
648 4780 741 4849 qui
767 4792 991 4854 propter
1025 4801 1126 4842 nos
1166 4802 1372 4861 pauper
1413 4791 1588 4850 factus
1625 4804 1731 4863 est,
1771 4814 1896 4855 cum
1940 4800 2092 4859 dives

500 4877 667 4935 esset,
705 4872 966 4942 scriptum
991 4885 1075 4932 est
1124 4894 1138 4931 :
1195 4898 1213 4930 ι
1250 4879 1366 4936 Νοιι
1398 4882 1565 4941 facias
1604 4887 1917 4945 violentiam
1958 4909 2092 4963 pau-

507 4976 527 5011 ι
555 4961 694 5030 peri,
715 4963 842 5032 quia
869 4980 1075 5037 pauper
1099 4980 1188 5026 est
1213 4987 1229 5038 ;
1261 4987 1439 5045 neque
1465 4986 1717 5036 conteras
1756 4961 1987 5053 egenum
2033 4986 2087 5041 in

506 5068 529 5104 ι
560 5060 733 5134 porta,
761 5056 887 5126 quia
910 5056 1169 5118 Dominus
1188 5061 1454 5131 judicabit
1471 5062 1828 5142 caus'amejus
1845 5114 1860 5139 ,
1886 5081 1941 5128 et
1961 5090 2093 5131 con-

508 5159 529 5193 ι
568 5142 696 5211 ﬁget
721 5159 818 5202 eos
843 5149 936 5217 qui
982 5152 1323 5210 conﬁxerunt
1375 5160 1613 5215 animam
1654 5160 1793 5230 ejus.
1829 5184 1848 5216 ι
1899 5164 2087 5237 (Prov.

503 5247 641 5299 χχιι,
671 5234 761 5301 22,
793 5236 910 5312 25.)
935 5240 1043 5299 Iste
1069 5260 1305 5318 namque
1323 5258 1408 5305 est
1427 5266 1636 5322 pauper
1658 5253 1723 5309 de
1748 5269 1855 5325 quo
1877 5234 1935 5312 et
1952 5257 2090 5316 alius

501 5327 765 5396 propheta
813 5331 943 5387 dicit
974 5352 986 5387 :
1024 5353 1044 5385 ι
1090 5337 1230 5393 Ecce
1260 5338 1376 5394 Rex
1409 5351 1534 5397 tuus
1574 5346 1721 5400 venit
1767 5348 1885 5414 tibi,
1910 5347 2089 5420 justus

511 5433 531 5468 ι
569 5426 623 5473 et
650 5417 918 5491 Salvator,
951 5425 1066 5497 ipse
1092 5430 1514 5504 pauper(ZacIa.
1544 5451 1623 5501 Ix,
1664 5437 1754 5508 9),
1791 5458 1812 5493 ›
1864 5417 1969 5498 etc.
2009 5442 2087 5498 Ita

504 5522 635 5579 ergo
666 5526 792 5568 suos
820 5516 923 5571 sibi
964 5521 1407 5588 pseudochristos
1438 5525 1539 5595 ipsi
1587 5528 1878 5598 ﬁnxerunt,
1919 5541 1977 5588 ut
2006 5534 2088 5588 in-

504 5597 715 5657 felicem
738 5606 995 5676 populum
1016 5625 1154 5667 vana
1178 5626 1367 5669 eorum
1402 5621 1808 5687 exspectatione
1836 5597 2085 5681 delusum

505 5705 537 5744 a
556 5689 661 5747 ﬁde
690 5696 804 5750 veri
825 5696 1026 5757 Christi
1046 5713 1377 5763 averterent.

577 5780 817 5842 XXXIX.
852 5788 1003 5848 Unde
1023 5803 1080 5852 et
1111 5798 1359 5855 eumdem
1386 5801 1668 5862 Dominum
1702 5817 1948 5866 nostrum
1997 5808 2087 5869 Je-

2199 3299 2528 3373 Babylonica
2555 3303 2905 3374 captivitate,
2936 3314 2991 3362 et
3018 3306 3083 3363 de
3107 3308 3331 3365 interitu
3362 3314 3522 3384 regis
3548 3326 3604 3369 et
3647 3317 3799 3389 regni

2200 3393 2366 3460 illius,
2405 3402 2575 3450 totum
2607 3398 2674 3450 ad
2712 3411 2867 3451 suam
2894 3397 2960 3453 de
2995 3399 3098 3454 hac
3138 3402 3436 3458 novissima
3481 3406 3799 3476 captivitate

2199 3488 2539 3558 ereptionem
2584 3495 2639 3543 et
2668 3489 2737 3543 ad
2762 3488 2985 3557 Christi,
3027 3500 3085 3546 ut
3117 3493 3220 3563 ipsi
3262 3504 3478 3565 putant,
3536 3498 3797 3568 dejectio-

2198 3594 2346 3646 nem,
2391 3579 2710 3652 impiissime
2730 3580 3028 3638 transferre
3070 3597 3358 3656 conantur,
3392 3598 3650 3661 tanquam
3680 3593 3795 3662 illis

2199 3674 2467 3745 propheta
2491 3677 2796 3746 promittat,
2827 3675 3052 3733 dicens:
3083 3698 3100 3730 ι
3126 3680 3323 3738 Eterit
3345 3684 3398 3738 in
3431 3686 3518 3741 die
3533 3686 3648 3753 illa,
3674 3704 3793 3743 cum

2205 3787 2223 3819 ι
2247 3768 2487 3837 requiem
2512 3768 2722 3825 dederit
2750 3769 2847 3824 tibi
2870 3770 3131 3827 Dominus
3153 3789 3185 3828 a
3205 3773 3391 3833 labore
3413 3785 3526 3846 tuo,
3544 3790 3597 3834 et
3612 3797 3641 3835 a
3661 3796 3787 3836 con-

2205 3880 2222 3913 ι
2247 3861 2496 3916 cussione
2518 3870 2609 3916 tua
2626 3901 2642 3929 ,
2674 3870 2730 3918 et
2756 3878 2786 3918 a
2820 3865 3083 3922 servitute
3109 3869 3244 3923 dura
3268 3885 3377 3940 qua
3396 3874 3531 3929 ante
3555 3875 3789 3943 servisti,

2204 3969 2223 4003 ι
2247 3968 2430 4008 sumes
2462 3953 2775 4024 parabolam
2804 3954 3156 4014 istamcontra
3180 3975 3361 4033 regem
3391 3962 3708 4036 Babylonis,
3739 3980 3793 4023 et

2203 4063 2222 4097 ‹
2247 4046 2424 4100 dices:
2442 4045 2722 4113 Quomodo
2742 4051 2978 4105 cessavit
2995 4062 3239 4122 exactor,
3258 4056 3465 4126 quievit
3491 4060 3796 4117 tributum?

2204 4155 2223 4188 ι
2246 4136 2515 4193 Contrivit
2543 4138 2804 4197 Dominus
2833 4143 3083 4199 baculum
3114 4146 3435 4218 impiorum,
3456 4150 3668 4223 virgam
3697 4155 3794 4211 do—

2202 4248 2221 4281 ι
2245 4231 2588 4299 minantium,
2606 4241 2712 4290 etc.
2735 4252 2754 4288 ι
2773 4234 2840 4290 Ει
2856 4243 2983 4292 tunc
2996 4238 3139 4293 velut
3158 4240 3262 4312 ipsi
3279 4241 3497 4300 Christo
3512 4246 3795 4316 insultent,

2197 4321 2475 4378 dicentes:
2505 4344 2523 4375 ι
2555 4323 2838 4391 Quomodo
2864 4328 3110 4385 cecidisti
3137 4330 3204 4387 de
3229 4333 3402 4402 caelo,
3434 4334 3673 4405 Lucifer,
3703 4342 3796 4411 qui
3828 4346 3835 4403 ξ

2201 4431 2220 4464 ι
2251 4427 2411 4469 mane
2435 4414 2746 4472 oriebaris?
2772 4419 3027 4475 corruisti
3052 4422 3104 4476 in
3149 4430 3371 4494 terram,
3412 4428 3505 4498 qui
3547 4430 3798 4488 vulnera-
3824 4415 3836 4451 τ

2200 4523 2219 4555 ι
2250 4503 2347 4560 bas
2401 4508 2631 4574 gentes?
2674 4506 2777 4576 Qui
2799 4510 3016 4567 dicebas
3056 4513 3109 4568 in
3135 4517 3301 4572 corde
3340 4526 3469 4575 tuo:
3509 4520 3568 4575 lu
3594 4524 3795 4580 ctelum

2205 4614 2224 4647 ι
2259 4597 2550 4653 ascendam
2583 4639 2599 4664 ,
2678 4615 2842 4672 super
2910 4613 3056 4658 astra
3121 4606 3215 4663 Dei
3256 4611 3526 4670 .exaltabo
3596 4597 3794 4673 solium

2206 4706 2223 4739 ι
2258 4704 2439 4745 meum
2466 4690 2602 4762 (Isa.
2634 4707 2749 4760 Xiv,
2790 4694 2880 4761 12,
2910 4695 3021 4768 15),
3058 4718 3076 4751 ι
3109 4710 3216 4755 etc.
3246 4701 3316 4757 Et
3341 4704 3408 4759 de
3449 4706 3541 4763 illo
3565 4712 3795 4769 omnino
3818 4768 3833 4787 ,

2198 4779 2478 4850 impletum
2496 4796 2621 4838 esse
2637 4783 2965 4841 conﬁrmant
2983 4790 3129 4859 quod
3152 4794 3430 4863 sequitur:
3453 4817 3473 4851 ι
3499 4798 3792 4859 Verumta-

2203 4886 2222 4919 ι
2246 4884 2370 4924 men
2391 4872 2459 4925 ad
2480 4870 2753 4931 infernum
2771 4876 3094 4946 detraheris,
3121 4882 3175 4937 in
3195 4887 3522 4956 profundum
3538 4890 3664 4949 laci.
3686 4894 3793 4964 Qui

2203 4978 2223 5011 ι
2247 4967 2300 5014 te
2333 4961 2599 5032 viderint,
2624 4967 2692 5023 ad
2731 4976 2783 5024 te
2804 4969 3228 5044 inclinabuntu-r,
3254 4988 3412 5051 teque
3433 4961 3791 5056 prospicient.

2202 5071 2221 5103 ι
2248 5052 2497 5125 Nunquid
2526 5057 2629 5113 iste
2651 5069 2737 5116 est
2765 5062 2851 5117 vir
2873 5066 2963 5134 qui
2995 5071 3340 5127 conturbavit
3364 5052 3601 5132 terram?
3630 5091 3739 5137 etc.
3768 5102 3789 5135 ο

2283 5147 2428 5215 quod
2448 5159 2570 5218 post
2598 5153 2872 5221 paululum
2896 5159 3239 5233 subjungitur
3267 5183 3281 5221 :
3310 5185 3329 5218 ι
3355 5167 3433 5224 Τιι
3459 5180 3638 5229 autem
3662 5191 3792 5246 pro-

2200 5256 2219 5289 ι
2238 5238 2415 5309 jectus
2438 5256 2499 5295 es
2518 5242 2585 5298 de
2598 5245 2850 5339 sepulcro
2877 5259 2969 5306 tuo
2985 5256 3140 5324 quasi
3157 5258 3323 5331 stirps
3346 5261 3552 5321 inutilis
3570 5307 3586 5333 ,
3607 5238 3791 5339 pollu-

2199 5348 2219 5382 ‹
2244 5339 2360 5399 tus,
2386 5342 2439 5388 et
2464 5336 2749 5396 obvolutus
2775 5357 2897 5397 cmn
2918 5343 3006 5400 his
3027 5348 3121 5418 qui
3141 5349 3413 5411 interfecti
3439 5367 3565 5414 sunt
3581 5336 3787 5431 gladio,

2200 5441 2220 5475 ι
2241 5432 2297 5478 et
2323 5424 2716 5517 descenderunt
2740 5435 2809 5490 ad
2829 5435 3180 5500 fundamenta
3203 5445 3328 5503 laci.
3354 5448 3520 5517 Quasi
3551 5424 3792 5514 cadaver

2197 5533 2217 5565 ι
2239 5516 2533 5621 putridum,
2561 5535 2670 5577 non
2693 5523 2919 5585 habebis
2945 5536 3309 5621 copsortium,
3337 5554 3512 5612 neque
3540 5560 3666 5601 eum
3705 5550 3791 5606 eis

2198 5625 2217 5660 ι
2238 5606 2293 5662 in
2315 5609 2668 5715 sepulturam.
2697 5615 2774 5673 Tu
2802 5621 2949 5678 enim
2979 5606 3180 5683 terram
3208 5606 3357 5688 tuam
3379 5606 3787 5715 disperdidisti,

2198 5717 2218 5750 ι
2242 5708 2298 5754 ιιι
2319 5702 2576 5771 populum
2598 5709 2867 5769 occidisti.
2895 5736 2914 5768 ι

2265 5814 2377 5873 XL.
2407 5817 2476 5875 Et
2500 5821 2687 5920 dicunt
2708 5840 2832 5884 eum
2859 5846 2890 5885 a
2912 5834 3209 5908 majoribus
3238 5843 3371 5913 suis,
3407 5847 3623 5917 quando
3682 5852 3781 5908 de-
