3984 6442
545 377 661 438 175

1767 351 2121 412 AMULONIS
2161 347 2376 408 EPISC.
2418 345 2626 406 LUGD.

3747 336 3853 393 176

550 490 881 550 ῦιιὰωοιυιιω,
931 481 1417 540 Samaritanorum,
1459 469 1854 527 haereticorum
1881 475 1935 522 et
1977 482 2142 539 paga-
2167 467 2220 529 Α
2244 460 2433 518 eodem
2471 456 2587 514 zelo
2611 452 2828 527 pietatis
2853 450 3130 508 Iudaicam
3158 452 3430 507 detestans
3472 447 3851 518 impietatem,

553 594 749 636 norum
783 575 1182 646 impietatibus,
1211 572 1278 625 ad
1313 567 1630 640 placandam
1661 563 1798 618 iram
1833 561 1948 626 Dei,
1976 574 2138 629 quam

555 669 860 729 istiusmodi
895 666 1174 723 hominum
1203 661 1498 718 exacerbat
1525 657 1760 721 insania,
1799 654 1905 709 tale
1938 655 2138 708 iterum

540 764 955 832 proposuerunt
976 755 1212 811 edictum
1236 749 1449 823 (Novel.
1473 765 1520 803 c.
1548 747 1645 801 Th.
1673 746 1736 800 de
1757 743 1982 808 Judwis,
1999 741 2134 808 1.,1):

559 873 578 905 ι
609 852 941 921 Prmeipuam
964 845 1325 916 imperatoriae
1346 839 1646 910 maiestatis
1667 852 1854 894 curam
1876 849 1997 890 esse
2017 848 2140 904 per-

557 944 819 1015 spicimus
856 955 997 994 vera:
1035 935 1312 1007 religionis
1340 931 1648 1003 indaginem
1688 924 1884 993 :cujus
1924 924 1969 979 si
2020 922 2137 978 culp

538 1044 671 1093 tum
727 1043 1044 1096 teneamus,
1087 1029 1193 1082 iter
1243 1022 1618 1098 prosperitatis
1672 1016 1926 1075 humanis
1974 1016 2140 1071 rebus

554 1126 848 1196 aperimus.
879 1120 1033 1190 Quod
1064 1134 1166 1174 usu
1191 1118 1363 1189 longae
1390 1113 1566 1170 aetatis
1593 1108 1822 1181 experti,
1862 1107 1931 1161 ad
1959 1113 2142 1176 poste-

554 1232 646 1272 ros
706 1229 876 1284 usque
924 1211 1282 1284 perennitatis
1337 1207 1460 1277 jure
1517 1204 1743 1260 fundare
1803 1199 2141 1256 decrevimus

555 1306 910 1366 caeremonias
952 1302 1298 1367 sanctitatis;
1353 1314 1488 1369 quas
1547 1296 1795 1351 sensibus
1839 1298 2141 1348 excaacatos

559 1397 800 1465 Judteos,
828 1395 1222 1458 Samaritanos,
1252 1404 1510 1462 paganos,
1535 1395 1591 1441 et
1617 1395 1815 1441 etetera
1851 1381 2140 1436 haeretico-

559 1505 678 1546 rum
712 1503 909 1560 genera
961 1479 1697 1556 portentorumpimpuguare
1744 1471 2137 1556 cognoscimus.

559 1581 944 1650 Quamobrem,
972 1592 1040 1631 ne
1091 1572 1286 1629 ferales
1334 1577 1496 1625 sectae
1532 1568 1586 1622 in
1625 1567 1815 1630 vitam,
1860 1563 1913 1617 in
1961 1576 2176 1616 mores-

567 1671 743 1730 nostri
787 1668 989 1732 saeculi,
1033 1664 1180 1721 velut
1227 1661 1520 1717 indiscreta
1554 1655 1869 1712 confusione
1892 1651 2143 1708 licentius

558 1774 876 1834 evagentur,
905 1761 1021 1815 haec
1058 1757 1266 1812 victura
1309 1753 1365 1808 in
1402 1765 1562 1807 omne
1593 1764 1768 1804 aevum
1807 1747 1925 1818 lege
1969 1743 2145 1800 sanci-

2237 559 2293 606 et
2318 548 2582 605 nefarium
2615 545 2884 616 judicans,
2915 542 2962 597 si
3005 541 3329 612 sacrilegum
3368 540 3533 595 ritum
3573 537 3849 609 supeth

2238 642 2403 698 tionis
2431 654 2540 695 suae
2579 639 2658 692 eis
2686 643 2831 691 esset
2856 633 3065 689 licitum
3096 633 3150 687 in
3178 632 3287 686 ullo
3322 645 3519 702 genere
3547 629 3851 685 hominum

2239 745 2573 802 propagare,
2629 725 2936 795 bujusmodi
2993 724 3167 794 legem
3217 722 3366 777 dedit
3416 720 3499 791 (C.
3551 720 3651 774 Th.
3687 761 3706 786 ,
3765 718 3851 774 Ne

2239 824 2620 883 Christianum,
2648 818 2686 871 Ι.
2714 817 2753 888 ι)
2787 835 2798 870 :
2831 836 2848 867 ι
2878 815 2935 870 Si
2960 816 3082 884 quis
3105 812 3435 878 Judazorum,
3458 811 3848 866 Christianum

2239 932 2476 982 servum,
2504 913 2590 968 vel
2618 911 2908 982 cujuslibet
2933 908 3157 963 alterius
3201 913 3365 961 secta:
3393 904 3618 966 emerit,
3648 911 3715 957 et
3741 903 3849 957 cir-

2239 1005 2579 1069 cumciderit,
2630 1020 2660 1058 a
2706 1001 2877 1056 Judaei
2930 1000 3099 1070 ipsius
3143 1005 3414 1069 potestate
3449 995 3698 1051 sublatus
3726 1036 3743 1060 ,
3795 995 3847 1048 in

2239 1099 2490 1154 libertate
2535 1101 2872 1165 permaneat.
2912 1111 2930 1144 ι
2977 1089 3086 1145 Nec
3126 1090 3344 1153 mirum,
3390 1089 3506 1144 hzec
3543 1095 3600 1141 et
3643 1087 3846 1156 hujus—

2239 1187 2385 1245 modi
2427 1187 2494 1242 ad
2529 1183 2890 1241 coercendam
2926 1189 2981 1237 et
3010 1180 3378 1251 refugiendam
3416 1177 3704 1234 Judaicam
3759 1194 3848 1232 sn—

2240 1280 2617 1353 perstitionem
2663 1275 2946 1344 religiosos
2974 1273 3248 1344 principes
3297 1270 3670 1333 constituisse,
3723 1285 3846 1322 cum

2241 1373 2404 1428 etiam
2424 1370 2596 1426 Julius
2638 1367 2838 1422 Paulus
2878 1363 3333 1436 iurisconsultus,
3368 1363 3423 1416 in
3460 1361 3659 1430 quinto
3708 1359 3848 1414 Sen-

2243 1464 2532 1520 tentiarum
2581 1474 2802 1515 suarum
2840 1441 3000 1519 libro,
3051 1454 3329 1523 antiquam
3371 1436 3605 1507 Romani
3659 1451 3844 1522 pepuli

2243 1571 2406 1625 super
2445 1554 2549 1608 hac
2594 1565 2654 1606 re
2701 1547 3105 1604 observantiam
3151 1545 3436 1616 diligenter
3480 1542 3843 1612 expresserit,

2244 1648 2331 1704 his
2381 1644 2560 1700 verbis
2600 1640 2748 1714 (Jul.
2787 1636 3018 1703 Paulus,
3065 1636 3157 1690 lib.
3200 1651 3255 1700 v,
3308 1637 3389 1688 tit.
3438 1634 3573 1705 9.9):
3632 1651 3651 1683 ι
3687 1631 3846 1686 Cives

2243 1735 2476 1792 Romani
2519 1734 2611 1804 qui
2659 1748 2718 1787 se
2757 1730 2983 1786 Judaico
3015 1728 3154 1794 ritu,
3199 1727 3285 1781 vel
3332 1741 3521 1782 servos
3566 1740 3704 1778 suos
3740 1726 3846 1778 cir-

563 1814 918 1834 _.w°-_--,_,,
1863 1814 1885 1818 ν

559 1872 680 1911 mus
715 1854 983 1909 neminem
1025 1847 1288 1913 Judaeum,
1322 1844 1595 1900 neminem
1636 1839 2039 1896 Samaritanum
2077 1835 2143 1891 ad
2172 1826 2219 1886 Β
2245 1827 2475 1885 cumcidi
2503 1825 2805 1895 patiuntur,
2847 1821 3004 1876 bonis
3031 1818 3320 1888 ademptis,
3353 1817 3408 1871 in
3456 1814 3701 1870 insulam
3729 1829 3847 1885 per-

560 1948 794 2003 honores
815 1955 872 1999 et
907 1941 1197 2012 dignitates
1219 1936 1513 1998 accedere;
1561 1931 1690 1987 nulli
1721 1925 2143 1985 administratio-

562 2053 684 2093 nem
731 2043 917 2105 patere
961 2031 1134 2088 civilis
1175 2026 1452 2098 obsequii,
1498 2038 1597 2079 nec
1649 2018 1948 2077 defensoris
1991 2014 2140 2086 fungi

565 2131 757 2186 saltem
787 2126 977 2182 officio.
1005 2123 1166 2178 Nefas
1206 2122 1404 2192 quippe
1427 2116 1780 2178 credidimus,
1810 2122 2142 2192 ut_supernze

563 2220 832 2291 majestati
873 2227 928 2274 et
963 2215 1221 2272 Romanis
1266 2214 1474 2284 legibus
1523 2207 1768 2274 inimici,
1819 2189 1917 2262 st
1959 2202 2142 2275 specie

561 2311 848 2383 cujuslibet
878 2307 1059 2371 ofﬁcii,
1101 2305 1439 2362 Christianos
1474 2301 1555 2357 vel
1602 2301 1766 2355 etiam
1808 2297 2139 2360 sacerdotes,

560 2402 662 2458 sub
689 2415 1008 2473 quacunque
1036 2397 1320 2454 occasione
1361 2394 1572 2466 injuriis
1615 2392 1850 2446 audeant
1890 2388 2142 2457 fatigare,

557 2496 644 2552 vel
691 2495 897 2566 legibus
936 2492 1140 2548 nostris
1201 2489 1410 2558 aliquos
1461 2494 1554 2541 aut
1603 2483 2004 2543 condemnare,
2051 2486 2145 2532 aut

557 2588 870 2659 adjudicare
891 2593 1241 2656 prasumant.
1273 2579 1384 2634 Nec
1416 2576 1675 2633 carcerali
1706 2572 1930 2644 praesint
1963 2579 2145 2625 custo-

557 2680 692 2744 diae;
740 2693 808 2732 ne
853 2673 1182 2739 Christiani,
1220 2680 1279 2726 ut
1323 2669 1441 2725 fieri
1487 2666 1710 2732 assolet,
1755 2678 2143 2732 nonnunquam

557 2768 820 2830 obstrusi,
849 2765 1135 2822 custodum
1164 2763 1322 2825 odiis,
1353 2761 1580 2815 alterum
1610 2769 1885 2813 carcerem
1931 2755 2146 2824 patian-

558 2869 666 2914 tur.
696 2857 908 2914 Nullam
951 2856 1125 2913 denuo
1163 2856 1397 2909 audeant
1425 2860 1742 2907 construere
1791 2862 2140 2920 synagogam.

557 2951 692 3008 Nam
737 2952 783 3006 si
829 2949 1078 3014 fecerint,
1106 2947 1356 3002 noverint
1401 2945 1539 3000 hanc
1579 2942 1842 2997 fabricam
1889 2940 2147 2995 Ecclesiae

561 3043 841 3101 catholicae
866 3041 1226 3110 profuturam,
1274 3045 1330 3093 et
1372 3033 1762 3104 quinquaginta
1803 3030 1982 3103 pondo
2026 3029 2147 3085 auri

559 3145 808 3196 auctores
852 3133 1070 3188 fabricae
1121 3143 1243 3186 esse
1299 3127 1627 3184 multandos.
1682 3124 1886 3178 Buinas
1938 3129 2148 3176 tantum

2243 1930 2404 1991 petuo
2457 1917 2785 1987 relegentur.
2837 1913 3028 1968 Medici
3071 1911 3249 1982 capite
3290 1908 3609 1980 puniantur.
3653 1926 3672 1958 ι
3720 1906 3846 1960 ltem

2242 2013 2374 2068 dicit
2399 2029 2412 2067 :
2447 2028 2466 2062 ι
2493 2009 2686 2074 Ιυόωί,
2717 2008 2759 2063 si
2790 2005 2980 2062 alienae
3011 2003 3246 2058 nationis
3279 2007 3630 2071 comparatos
3665 2013 3847 2053 servos

2243 2102 2705 2165 circumciderinl,
2731 2107 2823 2154 aut
2864 2099 3243 2167 deportantur,
3277 2100 3370 2146 aut
3391 2090 3572 2161 capite
3613 2088 3847 2158 puniun-

2245 2206 2350 2252 tur.
2389 2215 2408 2248 ι
2441 2193 2542 2248 Hic
2592 2191 2750 2246 valde
2795 2203 3019 2244 necesse
3057 2195 3140 2242 est
3173 2193 3234 2239 ut
3276 2183 3482 2256 vigilet,
3518 2197 3634 2237 non
3681 2180 3845 2234 solum

2251 2288 2630 2359 religiosorum
2659 2282 2966 2354 principum
3002 2287 3334 2343 nostrorum,
3381 2276 3474 2331 sed
3508 2276 3682 2330 etiam
3726 2287 3847 2328 cun-

2243 2387 2456 2432 ctorum
2496 2376 2708 2431 Domini
2762 2373 3105 2429 sacerdotum
3154 2371 3242 2441 pia
3291 2366 3635 2440 providentia
3693 2373 3847 2433 atque

2245 2472 2487 2537 solertia,
2517 2479 2785 2541 quatenus
2820 2469 3013 2522 animae
3040 2465 3398 2527 miserorum,
3444 2461 3498 2517 id
3539 2466 3626 2515 est
3675 2472 3847 2514 servo

2246 2581 2365 2620 rum
2393 2563 2484 2632 qui
2511 2564 2578 2617 ab
2601 2562 2681 2617 eis
2705 2560 2916 2630 decepti
2967 2566 3023 2612 et
3059 2557 3253 2626 laqueo
3281 2553 3460 2623 impiae
3503 2549 3847 2621 superstitio-

2246 2656 2331 2710 nis
2355 2653 2576 2724 obligati
2615 2658 2867 2706 teuentur
2890 2690 2905 2715 ,
2945 2647 3211 2704 beneficio
3243 2644 3431 2699 talium
3462 2658 3527 2696 ac
3569 2648 3846 2694 tantarum

2246 2748 2446 2819 legum,
2491 2754 2546 2801 et
2582 2743 2816 2800 libertati
2863 2741 3197 2805 reddantur,
3244 2746 3299 2792 et
3347 2745 3552 2790 sanctze
3586 2731 3847 2787 Ecclesia:

2246 2856 2344 2912 per
2373 2837 2627 2909 baptismi
2655 2835 2887 2907 gratiam
2916 2830 3270 2902 incorporati.
3295 2828 3569 2884 salventur
3592 2824 3846 2894 ajudicio

2251 2932 2537 3004 gehennae,
2584 2925 2727 2998 quod
2769 2926 3032 2980 Dominus
3072 2925 3127 2979 in
3175 2919 3488 2992 Evangelio,
3538 2915 3846 2973 istiusmodi

2249 3038 2355 3077 non
2395 3020 2568 3076 solum
2605 3016 3014 3088 deeeptoribus,
3068 3014 3162 3068 sed
3201 3011 3367 3067 etiam
3401 3009 3640 3078 deceptis
3692 3007 3848 3062 terri-

2250 3113 2432 3169 biliter
2452 3111 2834 3172 comminatur,
2868 3107 3094 3162 dicens:
3131 3123 3149 3156 ‹
3185 3103 3278 3159 Va:
3321 3101 3498 3168 vobis,
3544 3099 3756 3156 Scriba:
3797 3108 3848 3157 et

560 3241 954 3300 synagogarum
997 3237 1216 3279 suarum
1258 3219 1521 3292 permissa
1568 3217 1785 3273 licentia
1836 3211 2145 3286 reparandi.
2177 3190 2221 3252 (ἶ
2260 3225 2278 3258 ι
2308 3205 2591 3272 Pharismi,
2617 3205 2709 3275 qui
2731 3203 3028 3260 circumitis
3049 3217 3200 3257 mare
3221 3209 3276 3256 et
3297 3200 3528 3265 aridam,
3551 3207 3612 3252 ut
3634 3197 3848 3254 faciatis

561 3320 877 3389 Quicunque
904 3313 1122 3370 Judaaus
1149 3328 1367 3370 servum
1396 3326 1492 3367 seu
1532 3310 1846 3380 ingenuum,
1895 3305 2149 3369 invitum,

563 3409 647 3465 vel
669 3409 918 3466 suasione
937 3404 1238 3477 plectenda,
1263 3419 1332 3460 ex
1359 3401 1506 3459 cultu
1526 3399 1848 3456 Christianae
1874 3393 2150 3466 religionis

564 3503 618 3557 in
659 3499 942 3556 nefandam
989 3505 1189 3553 sectam
1232 3495 1504 3565 ritumque
1549 3489 1883 3555 traduxerit,
1935 3477 2150 3542 amissis

564 3592 913 3648 facultatibus
936 3590 1113 3661 capite
1153 3588 1430 3661 puniatur,
1469 3585 1781 3658 justissima:
1809 3596 1985 3652 poenae
2026 3595 2150 3636 san-

563 3684 741 3756 guinis
792 3683 1125 3748 destinatus,
1187 3680 1282 3751 qui
1345 3679 1508 3735 fidem
1553 3677 1778 3733 alterius
1823 3672 2151 3744 expugnavit

563 3791 819 3850 perversa
863 3775 1132 3831 doctrina.
1182 3772 1502 3841 Quicunque
1539 3785 1606 3825 ex
1661 3769 1747 3823 his
1796 3767 1862 3822 ad
1913 3766 2150 3820 honores

563 3869 798 3938 irrepsit,
823 3863 1086 3919 habeatur
1104 3869 1164 3918 ut
1186 3869 1311 3916 ante
1337 3858 1664 3916 conditionis
1684 3865 1962 3920 extremae,
1980 3870 2048 3910 ne
2069 3856 2150 3910 vi-

565 3960 789 4014 deamur
815 3953 1121 4009 hominibus
1144 3949 1490 4007 exsecrandis
1516 3945 1904 4002 contumelioso
1945 3944 2150 4000 ambitu

568 4044 925 4104 immanitatis
964 4041 1287 4098 beneficium
1325 4039 1659 4110 praestitisse.
1699 4036 2016 4106 Quicunque
2054 4050 2153 4106 pa-

571 4153 743 4210 ganus
776 4135 1013 4191 nefarios
1039 4132 1436 4190 sacrificiorum
1462 4131 1600 4186 ritus
1630 4129 1931 4193 celebrans,
1975 4127 2151 4198 quoli-

568 4233 660 4288 bet
685 4231 739 4286 in
761 4229 879 4284 loco
902 4226 1066 4283 fuerit
1088 4225 1534 4296 comprehensus,
1559 4222 1613 4276 in
1643 4219 1927 4276 facultates
1955 4217 2074 4288 ejus
2096 4229 2154 4274 et

569 4326 624 4380 in
654 4323 967 4395 sanguinem
1006 4321 1084 4376 ira
1125 4326 1311 4375 nostra
1334 4322 1622 4386 consurgat
1649 4330 1663 4368 :
1714 4328 1821 4384 quo
1853 4311 1943 4366 tali
1972 4311 2150 4367 hostia

504 4491 509 4499 ‘
567 4418 891 4490 propitietur
931 4413 1153 4486 superni
1206 4410 1442 4467 numinis
1505 4407 1813 4464 veneranda
1873 4406 2147 4478 majestas.

570 4507 911 4578 Quaecunque
942 4505 996 4560 in
1023 4503 1343 4559 Manichaaos
1372 4501 1482 4556 Deo
1509 4513 1720 4569 semper
1740 4497 1991 4564 offensos,
2028 4512 2150 4568 quae

571 4600 628 4655 in
651 4597 1012 4654 Eunomianos
1040 4593 1308 4651 haereticae
1328 4591 1610 4662 pravitatis
1636 4597 1886 4644 auctores
1912 4605 1926 4654 ;
1950 4603 2069 4658 quae
2091 4587 2147 4642 in

575 4691 949 4756 Montanistas,
983 4690 1252 4760 Phrygas,
1284 4685 1654 4748 Photinianos,
1682 4680 2145 4747 Priscillianistas,

573 4784 850 4855 Codrogos
877 4781 948 4854 [F
953 4791 1082 4846 orte,
1104 4776 1487 4850 Ascodrogos],
1511 4774 1915 4848 l-lydrophobas,
1939 4772 2146 4828 Borbo-

576 4879 738 4942 ritas,
784 4875 1040 4946 Ophitas,
1097 4872 1336 4943 antiquis
1380 4870 1590 4942 legibus
1643 4867 1936 4923 constituta
1983 4873 2146 4932 sunt;

573 4968 1066 5032 cessante-desidia,
1095 4966 1256 5022 celeri
1284 4963 1628 5020 exsecutione
1658 4960 2000 5030 impleantur.
2027 4959 2154 5012 Hrec

574 5062 866 5120 insatiabili
897 5059 1176 5117 catholicae
1221 5055 1495 5128 religionis
1542 5055 1746 5109 honore
1774 5050 2150 5115 decrevimus;

574 5172 696 5228 quae
715 5155 925 5211 cunctis
946 5150 1258 5208 civitatibus
1279 5156 1438 5216 atque
1465 5143 1780 5216 provinciis,
1821 5143 1872 5196 in
1912 5140 2154 5197 omnium

575 5247 825 5304 volumus
845 5241 1124 5316 pervenire
1151 5237 1418 5295 notitiam.
1471 5255 1488 5287 ι

647 5345 874 5403 XLVIII.
917 5343 1040 5398 ﬂare
1068 5356 1175 5396 non
1220 5339 1340 5394 ideo
1369 5336 1436 5392 ad
1478 5333 1793 5391 memoriam
1824 5332 2152 5394 reducimus.

579 5439 736 5513 quasi
765 5435 992 5506 alicujus
1021 5430 1257 5489 hominis
1280 5428 1595 5500 sanguinem
1628 5425 1793 5499 (quod
1815 5423 1976 5495 absit)
2004 5423 2153 5479 fundi

582 5541 858 5604 optemus;
886 5527 977 5582 sed
1011 5532 1208 5596 quanta
1240 5523 1293 5578 in
1323 5518 1645 5576 Christianis
1677 5517 2011 5590 principibus
2041 5516 2155 5572 fue-

583 5627 657 5682 rit
704 5620 976 5694 religionis
1011 5634 1163 5683 cura,
1218 5623 1421 5686 quanta
1471 5614 1524 5667 in
1578 5611 1791 5666 Jlld'cBOS
1838 5617 1893 5663 et
1937 5619 2160 5664 caeteros

584 5716 778 5787 impios
823 5711 1129 5769 severitatis
1173 5723 1421 5769 censura,
1454 5703 1771 5773 simpliciter
1820 5703 2168 5758 adnotamus.

585 5807 993 5870 Constantinus,
1021 5817 1246 5873 magnus
1276 5808 1329 5854 et
1376 5794 1811 5867 religiosissimus
1858 5793 2171 5862 imperator,

2181 4547 2234 4609 Ι)

2260 3316 2278 3349 ι
2309 3313 2473 3368 unum
2503 3297 2856 3367 proselytum,
2885 3304 2939 3348 et
2965 3309 3088 3348 cum
3112 3292 3286 3347 factus
3314 3290 3499 3356 fuerit,
3524 3289 3706 3346 facitis
3726 3305 3848 3345 eum

2259 3411 2276 3443 ι
2307 3389 2475 3445 lilium
2502 3389 2762 3461 gehennae
2793 3386 2953 3457 duplo
2982 3400 3144 3455 quam
3170 3400 3267 3440 vos
3294 3385 3425 3439 estis
3456 3382 3672 3452 (Manli.
3709 3398 3844 3437 mn

2259 3503 2277 3536 ι
2310 3482 2420 3554 15).
2454 3500 2473 3533 ›
2500 3479 2780 3545 Iovianus,
2814 3479 2898 3532 vir
2930 3477 3257 3532 fortissimus
3291 3484 3347 3530 et
3382 3474 3845 3546 religiosissimus,

2254 3592 2376 3632 cum
2400 3582 2522 3646 post
2541 3572 2738 3628 Juliani
2758 3570 3031 3648 Apostatae
3055 3568 3486 3624 interfectionem
3509 3607 3523 3631 ,
3550 3582 3582 3619 a
3599 3565 3848 3622 Romano

2253 3669 2495 3724 exercitu
2523 3681 2682 3738 quem
2739 3664 2828 3718 ille
2861 3663 2974 3718 suis
3005 3661 3305 3732 sacrilegiis
3335 3653 3735 3730 profanaverat,
3781 3657 3850 3713 ad

2255 3758 2657 3828 suscipiendum
2689 3755 2976 3826 imperium
3007 3753 3316 3824 eligeretur,
3342 3751 3533 3806 nolens
3558 3750 3851 3818 impiorum

2255 3865 2447 3923 gerere
2492 3848 2854 3918 principatum
2883 3887 2898 3912 ,
2948 3845 3160 3918 publice
3201 3843 3583 3914 proclamavit,
3625 3856 3732 3894 non
3785 3856 3853 3896 se

2254 3955 2415 4012 posse
2469 3940 2738 4007 imperare
2785 3937 2886 4004 eis,
2942 3939 3068 4008 quia
3118 3946 3259 3991 esset
3293 3935 3651 3990 Christianus.
3705 3933 3853 3990 Tum

2256 4046 2450 4087 omnes
2480 4031 2596 4101 pari
2642 4029 2833 4084 eadem
2876 4045 3009 4085 voce
3061 4029 3404 4098 respondisse
3447 4027 3848 4096 perhibentur:

2256 4125 2324 4180 Et
2348 4140 2446 4179 nos
2468 4123 2761 4179 Christiani
2784 4139 2989 4178 sumus.
3015 4121 3125 4177 Nec
3143 4122 3295 4192 prius
3318 4119 3479 4192 quam
3503 4122 3641 4176 hanc
3661 4136 3851 4176 vocem

2256 4215 2493 4279 audiret,
2535 4215 2890 4285 acquiescere
2938 4213 3005 4267 ad
3051 4211 3335 4282 imperium
3378 4211 3563 4266 voluit.
3616 4211 3692 4265 lta
3746 4225 3852 4267 uno

2256 4309 2557 4378 eodemque
2605 4317 2847 4378 tempore
2894 4313 2950 4360 et
2993 4307 3318 4375 imperator.
3366 4314 3421 4359 et
3459 4305 3760 4368 confessor,
3801 4316 3856 4363 et

2256 4401 2398 4457 male
2443 4400 2577 4455 illati
2617 4399 2826 4455 exstitit
2855 4395 3108 4468 depulsor
3142 4396 3346 4452 erroris
3396 4395 3672 4467 (Ruﬁnus,
3706 4397 3852 4454 Eccl.

2257 4493 2404 4558 Irish,
2437 4491 2474 4546 ι.
2501 4507 2576 4555 x1,
2609 4508 2726 4562 cap.
2760 4488 2836 4560 1).

2328 4606 2514 4664 XLIX.
2545 4605 2945 4671 Childebertus,
2972 4605 3248 4676 piissimus
3279 4613 3335 4659 et
3357 4603 3859 4660 Christianissimus

2256 4717 2353 4757 rex
2391 4699 2752 4764 Francorum,
2781 4697 3017 4752 edictum
3048 4695 3223 4761 dedit,
3269 4713 3286 4746 ‹
3324 4704 3384 4748 ut
3409 4693 3610 4749 Iudaeis
3637 4710 3668 4748 a
3700 4709 3858 4749 omna

2259 4791 2472 4850 Domini
2521 4804 2691 4860 usque
2738 4791 2791 4844 in
2831 4789 3068 4858 primum
3113 4787 3340 4849 Pascha,
3379 4800 3477 4856 per
3511 4784 3724 4854 plateas
3765 4793 3861 4839 aut

2257 4887 2434 4942 forum
2465 4883 2619 4954 quasi
2649 4880 3016 4938 insultationis
3040 4895 3200 4936 causa
3225 4878 3604 4936 deambulandi
3638 4877 3860 4933 licentia

2259 4978 2572 5046 denegetur.
2626 4993 2643 5024 ι
2681 4971 2876 5043 (Cone.
2942 4971 3124 5026 Aurel.
3177 4988 3260 5036 m,
3309 4988 3358 5026 c.
3414 4970 3512 5036 30;
3567 4968 3786 5024 Mariae.
3821 4986 3859 5034 ι,

2259 5084 2305 5120 c.
2340 5065 2450 5136 Η.)
2483 5063 2849 5128 Recearedus,
2896 5061 3335 5133 religiosissimus
3366 5077 3460 5116 rex
3488 5060 3630 5130 apud
3658 5058 3862 5132 Hispa-

2259 5159 2449 5222 niam,
2508 5164 2678 5212 totam
2725 5147 3026 5211 Gothorum
3069 5163 3284 5224 gentem
3336 5153 3421 5207 cui
3472 5161 3740 5222 praeerat,
3794 5153 3864 5207 ab

2257 5251 2475 5307 Arianae
2498 5249 2721 5306 haeresis
2749 5247 3018 5319 pravitate
3063 5247 3130 5301 ad
3168 5263 3349 5301 veram
3382 5245 3638 5317 perduxit
3669 5244 3864 5309 fidem,

2257 5342 2332 5396 ita
2373 5349 2434 5396 ut
2464 5341 2667 5395 nullum
2710 5354 2807 5395 suo
2852 5353 3018 5409 regno
3062 5338 3297 5393 militare
3336 5337 3714 5408 permitteret,
3766 5355 3866 5415 qui

2258 5433 2314 5488 in
2369 5448 2534 5502 regno
2581 5432 2677 5487 Dei
2711 5431 2887 5486 hostis
2944 5431 3179 5486 existere
3222 5445 3320 5500 per
3371 5429 3683 5485 haeretieatn
3730 5445 3868 5502 per-

2263 5523 2448 5578 fidiam
2474 5539 2580 5578 non
2607 5523 2841 5577 timeret.
2879 5521 3048 5592 Hujus
3095 5537 3377 5577 successor
3419 5520 3708 5578 Sisebutus
3758 5540 3868 5580 rex

2268 5622 2492 5668 cunctos
2526 5611 2739 5668 Judaeos
2765 5628 2862 5669 suo
2892 5628 3058 5684 regno
3092 5612 3336 5668 subditos
3366 5612 3433 5666 ad
3456 5611 3618 5667 fidem
3649 5613 3872 5672 Christi

2271 5705 2554 5759 convertit.
2607 5703 2688 5758 Ad
2715 5720 2942 5774 quorum
2987 5705 3222 5776 priorem
3254 5705 3446 5760 beatus
3485 5719 3622 5774 papa
3649 5705 3874 5782 Grego-

2279 5795 2388 5850 rius
2439 5793 2814 5864 gratulationis
2858 5803 2913 5852 et
2955 5797 3344 5853 exhortationis
3388 5795 3673 5868 epistolam
3726 5803 3874 5858 scri-
