3984 6460
148 377 246 434 177

1386 365 1515 430 LIB.
1554 369 1835 430 CONTRA
1874 366 2162 428 JUDIEOS

3315 370 3422 437 178

147 499 299 560 hens,
331 493 405 549 ita
434 489 676 564 loquitur
699 489 786 562 (S.
816 487 970 562 (ἔγρῃ.
999 488 1091 544 ιώ.
1127 468 1203 545 vn
1235 487 1398 562 Reg.,
1436 509 1515 564 ep.
1567 490 1692 562 128)
1719 509 1732 543 :
1763 492 1816 554 Α
1840 504 2064 560 scopum
2086 489 2500 560 Neapolitanum
2523 489 2764 550 scribens
2797 490 2954 551 docet
2981 493 3108 567 (lib.
3137 511 3212 553 vn
3261 496 3422 569 Κεφ,

153 609 170 643 ‹
210 587 442 660 Explere
493 585 709 651 verbis,
751 582 1205 639 excellentissime
1249 583 1358 650 ﬁli,
1407 599 1515 640 non
1540 583 1728 650 valeo,

149 690 408 755 quantum
460 688 551 734 tuo
598 692 784 748 opere,
828 685 920 731 tua
956 676 1065 731 vita
1099 675 1358 732 delector.
1410 675 1732 731 Audivimus

149 776 343 848 quippe
355 772 548 829 diebus
559 770 760 826 nostris
779 767 900 824 novi
917 769 1174 823 virtutem
1191 767 1462 832 miraculi,
1478 767 1621 837 quod
1634 779 1734 836 per

148 864 526 924 excellentiam
557 871 707 918 tuam
746 869 944 916 cuncta
970 858 1272 917 Gothorum
1296 875 1429 932 gens
1456 860 1524 914 ab
1543 873 1732 914 errore

148 961 413 1016 htcreseos
454 957 700 1021 Arianae,
740 955 796 1010 in
826 953 950 1010 ﬁdei
992 963 1156 1009 rectae
1190 953 1515 1009 soliditatem
1558 959 1735 1007 trans-

149 1055 252 1110 lata
300 1062 402 1110 est.
448 1028 774 1108 .Exclamare
819 1065 943 1106 cum
988 1047 1254 1120 propheta
1304 1045 1434 1101 libet
1472 1058 1488 1098 :
1544 1063 1562 1096 ι
1607 1042 1735 1098 Haec

155 1165 174 1199 ί
201 1155 287 1201 est
313 1142 622 1199 immutatio
649 1141 887 1197 dextera:
909 1138 1123 1196 Excelsi
1145 1135 1320 1209 (Psal.
1347 1151 1532 1202 Lxxw,
1560 1133 1674 1206 11).
1706 1153 1726 1189 ι

148 1237 311 1309 Cujus
363 1235 508 1291 enim
559 1233 644 1290 vel
695 1248 920 1290 saxeum
969 1238 1180 1302 pectus,
1225 1237 1377 1285 tanto
1424 1229 1527 1284 hoc
1570 1241 1734 1296 opere

149 1331 362 1403 cognito
391 1369 404 1395 ,
440 1344 550 1384 non
583 1327 767 1382 statim
813 1326 869 1380 in
907 1325 1298 1394 omnipotentis
1346 1321 1442 1378 Dei
1483 1320 1734 1376 laudibus

149 1431 306 1492 atque
359 1419 414 1473 in
461 1428 566 1474 tuae
613 1415 952 1472 excellentiae.
1014 1428 1200 1469 amore
1248 1411 1569 1467 mollescat?
1606 1409 1733 1465 Haec

149 1526 232 1566 me
259 1508 476 1581 (fateor)
501 1523 620 1577 qua:
647 1521 745 1576 per
772 1521 870 1561 vos
900 1513 1019 1560 acta
1050 1511 1207 1571 sunt,
1242 1517 1383 1573 saepe
1408 1501 1734 1558 convenien-

147 1601 292 1658 tibus
337 1600 462 1655 ﬁliis
492 1599 630 1654 meis
672 1599 880 1662 dicere,
933 1612 1073 1667 saepe
1102 1613 1225 1652 cum
1273 1595 1352 1653 eis
1398 1594 1604 1666 pariter
1637 1594 1735 1650 ad-

148 1693 332 1750 mirari
371 1692 623 1748 delectat.
661 1690 789 1747 Haec
831 1705 920 1745 me
959 1689 1280 1761 plerumque
1325 1687 1488 1743 etiam
1542 1695 1734 1742 contra

148 1805 230 1844 me
253 1789 514 1853 excitant,
542 1785 687 1856 quod
729 1785 883 1857 piger
927 1799 1026 1855 ego
1056 1790 1111 1837 et
1150 1780 1356 1836 inutilis
1384 1789 1516 1835 tunc
1537 1779 1733 1834 inertia

1835 599 1918 654 ep.
1947 582 2039 655 35)
2090 583 2226 638 nihil
2255 584 2336 640 eis
2366 601 2394 639 a
2424 584 2750 644 Christianis
2794 603 2970 659 neque
3017 590 3086 644 ab
3117 589 3247 660 ipsis
3295 589 3424 647 ﬁliis

1835 674 1970 741 suis,
1993 673 2040 729 si
2069 672 2366 731 Christiani
2396 675 2572 734 effecti
2600 678 2802 734 fuerint
2839 680 2944 736 nisi
2974 682 3117 751 quod
3157 681 3330 747 decet,
3364 690 3422 738 et

1835 775 2057 838 propter
2097 767 2266 823 Deum
2308 769 2561 825 convenit
2590 772 2987 839 exhibendum,
3017 789 3191 844 neque
3237 774 3292 830 in
3325 774 3426 831 do-

1835 860 2017 916 mibus
2049 875 2238 917 eorum
2287 862 2637 929 manendum,
2672 865 2750 920 ita
2780 867 3003 922 dicens:
3042 884 3061 917 ι
3099 865 3423 922 Nuntiatum

1835 952 1995 1009 nobis
2022 962 2107 1010 est
2133 953 2391 1010 Basilium
2421 954 2706 1012 Hebraeum
2752 957 2877 1015 ﬁliis
2908 959 3020 1015 suis
3048 958 3161 1015 Deo
3184 959 3426 1030 propitio

1837 1043 2165 1102 Christianis
2202 1047 2448 1117 quaedam
2496 1049 2768 1118 mancipia
2797 1051 2865 1107 ad
2890 1051 2997 1108 hoc
3026 1051 3164 1108 velle
3214 1060 3425 1106 tantum

1837 1138 2144 1194 donationis
2187 1139 2311 1210 jure
2359 1140 2678 1206 concedere,
2724 1148 2783 1194 ut
2811 1141 2860 1196 ei
2908 1142 3070 1213 hujus
3120 1141 3428 1198 occasionis

1836 1231 2082 1297 obtentu,
2117 1231 2340 1287 dominii
2383 1233 2720 1303 solummodo
2763 1233 2982 1289 nomine
3025 1233 3204 1289 ablato
3241 1234 3429 1289 deser-

1835 1316 1987 1371 viant
2019 1336 2030 1371 :
2061 1326 2115 1372 et
2139 1328 2263 1389 post
2304 1319 2428 1382 hoc,
2453 1319 2500 1374 si
2542 1321 2609 1375 ad
2659 1321 2957 1376 Ecclesiam
3004 1307 3426 1392 confugiendum

1836 1407 1978 1464 forte
2008 1409 2377 1474 crediderunt,
2415 1421 2475 1466 ut
2501 1411 2634 1467 ﬁant
2658 1411 2991 1480 Christiana,
3026 1413 3218 1468 nonin
3262 1413 3430 1469 liber-

1837 1510 1970 1568 tate,
1999 1503 2093 1558 sed
2122 1518 2310 1558 eorum
2358 1502 2599 1560 dominio
2636 1505 2835 1575 quibus
2880 1512 3008 1560 ante
3047 1505 3246 1560 donata
3275 1509 3427 1570 sunt,

1835 1593 2198 1650 vindicentur.
2226 1593 2283 1649 ln
2306 1611 2411 1666 qua
2446 1611 2504 1651 re
2526 1596 2924 1653 fraternitatem
2959 1605 3196 1651 vestram
3232 1597 3432 1653 decen-

1835 1691 1923 1740 ter
1951 1685 2479 1756 convenitvigilare,
2509 1695 2564 1742 et
2609 1687 2655 1742 si
2691 1703 2797 1758 qua
2845 1687 2973 1744 ﬁliis
2997 1688 3110 1743 suis
3157 1687 3429 1760 mancipia

1841 1776 2045 1832 donare
2067 1776 2329 1844 voluerit,
2377 1787 2436 1832 ut
2461 1788 2658 1835 cuncta
2700 1779 2907 1836 fraudis
2939 1780 3161 1836 tollatur
3187 1780 3428 1847 occasio,

147 1894 333 1954 torpeo
352 1922 367 1948 ,
420 1881 640 1951 quando
687 1893 786 1948 pro
839 1877 1145 1931 animarum
1189 1871 1732 1944 congregationibus,
1763 1860 1811 1919 B
1840 1868 1974 1923 ﬁant
2001 1869 2176 1924 modis
2196 1870 2449 1926 omnibus
2474 1869 2804 1937 Christiana,
2832 1881 2888 1928 et
2913 1872 2969 1928 in
2991 1872 3152 1928 domo
3178 1873 3296 1944 ejus
3319 1887 3429 1928 non

144 1993 240 2047 pro
279 1976 435 2030 lucro
461 1972 699 2029 caelestis
729 1970 919 2042 patria:
953 1983 1110 2038 reges
1139 1966 1442 2021 elaborant.
1469 1963 1526 2018 In
1551 1972 1732 2018 vestro

140 2067 311 2140 igitur
332 2082 493 2137 opere
515 2074 567 2120 et
604 2060 1196 2124 nostra'exsultatione,
1219 2057 1350 2112 libet
1371 2072 1494 2111 cum
1528 2054 1733 2126 angelis

139 2149 491 2218 exclamare:
533 2178 551 2208 ι
603 2156 802 2212 Gloria
839 2156 894 2210 in
944 2149 1175 2209 excelsis
1219 2152 1350 2215 Deo,
1397 2156 1454 2204 et
1489 2149 1545 2203 in
1587 2157 1733 2203 terra

145 2273 163 2306 ι
189 2267 299 2323 pax
329 2251 636 2307 hominibus
663 2248 819 2305 bonae
848 2244 1145 2302 voluntatis
1175 2241 1328 2315 (Luc.
1354 2258 1418 2307 It,
1450 2239 1562 2312 14).
1612 2260 1631 2291 ι
1668 2239 1736 2294 Et

139 2345 267 2418 quia
293 2345 407 2416 jam
437 2344 576 2399 idem
605 2358 697 2397 rex
716 2383 728 2405 ,
754 2355 854 2410 pro
876 2337 1196 2409 corrigenda
1225 2335 1392 2390 etiam
1422 2330 1732 2387 Iudaeorum

138 2433 387 2508 perfidia,
433 2432 488 2488 in
520 2447 686 2503 regno
714 2446 813 2486 suo
855 2434 1097 2498 coeperat
1127 2423 1409 2486 laborare,
1456 2419 1736 2492 subjungit

137 2535 259 2598 post
285 2541 455 2596 pauca
477 2525 672 2579 beatus
692 2520 1020 2593 Gregorius:
1043 2537 1062 2570 ι
1092 2517 1362 2572 Prmterea
1386 2515 1586 2579 indico,
1609 2513 1734 2584 quia

137 2619 312 2675 crevit
338 2619 404 2672 de
449 2626 634 2672 vestro
673 2630 837 2686 opere
867 2611 923 2669 in
965 2612 1216 2668 laudibus
1261 2611 1388 2677 Dei,
1422 2610 1565 2680 quod
1609 2623 1735 2664 cum

137 2720 322 2766 vestra
370 2709 691 2765 excellentia
737 2706 1181 2764 constitutionem
1213 2704 1503 2773 quamdam
1545 2709 1736 2758 contra

134 2801 448 2860 Judaeorum
477 2799 759 2874 perﬁdiam
785 2797 1048 2863 dedisset,
1088 2805 1144 2851 et
1192 2796 1247 2851 hi
1286 2796 1351 2850 de
1392 2795 1587 2864 quibus
1611 2809 1738 2864 pro-

135 2901 241 2955 lata
299 2893 514 2965 fuerat,
558 2896 935 2953 rectitudinem
979 2901 1176 2948 vestra:
1223 2891 1421 2946 mentis
1461 2887 1738 2945 inflectere

135 2993 494 3063 pecuniarum
538 3004 804 3046 summam
854 2985 1130 3042 offerendo
1179 2975 1530 3050 molirentur,
1561 2980 1737 3038 excel—

134 3084 305 3140 lentia
330 3092 511 3140 vestra
535 3081 880 3153 contempsit,
909 3088 966 3135 et
991 3076 1380 3148 omnipotentis
1401 3076 1496 3130 Dei
1522 3075 1737 3147 placere

126 3177 345 3249 judicio
397 3176 716 3245 requirens,
747 3189 879 3229 auro
917 3171 1284 3228 innocentiam
1324 3169 1584 3241 praetulit.
1617 3169 1734 3236 Qua

1836 1969 2175 2016 remaneant.
2203 1961 2309 2017 Sed
2323 1977 2446 2017 cum
2472 1978 2560 2019 res
2585 1964 2901 2034 exegeritut
2921 1979 3106 2020 eorum
3135 1965 3327 2022 debeat
3348 1964 3428 2021 uti

1835 2053 2066 2120 solatiis,
2093 2055 2198 2109 hoc
2225 2055 2300 2110 illi
2323 2054 2620 2124 jubeantur
2667 2057 2974 2128 impedire:
3013 2059 3158 2128 quod
3201 2057 3365 2113 etiam
3393 2074 3426 2115 a

1836 2146 1948 2202 suis
1993 2147 2045 2203 ei
2093 2146 2219 2203 ﬁliis
2257 2147 2433 2215 decet,
2464 2156 2518 2204 et
2539 2156 2762 2222 pr0pter
2797 2149 2967 2206 Deum
2999 2151 3256 2208 convenit
3283 2149 3431 2207 exhio

1833 2239 1972 2295 beri.
2002 2257 2022 2292 ι

1908 2329 1992 2384 Ll.
2019 2329 2179 2385 Juxta
2201 2330 2318 2388 haec
2341 2332 2590 2404 exempla
2619 2341 2676 2389 et
2702 2335 2996 2390 constituta
3021 2336 3262 2406 priorum
3286 2335 3432 2408 prin-

1837 2421 2038 2492 cipum,
2069 2431 2125 2478 et
2148 2421 2450 2480 beatissimi
2486 2427 2658 2496 patris
2689 2435 2852 2498 atque
2881 2429 3157 2499 pontiﬁcis
3197 2429 3426 2495 monita,

1837 2514 2069 2598 ﬁdeliter
2117 2521 2172 2571 et
2209 2515 2500 2587 vigilanter
2523 2559 2538 2583 ,
2589 2518 2886 2575 auxiliante
2923 2521 3183 2588 Domino,
3224 2521 3432 2577 instare

1838 2604 2127 2672 debemus;
2186 2620 2254 2662 ne
2306 2606 2544 2663 ﬁdelium
2581 2609 2764 2680 populi
2808 2610 3098 2680 impiorum
3141 2611 3434 2668 consortiis

1839 2706 1894 2753 et
1939 2697 2207 2769 contagiis
2250 2699 2593 2756 maculentur
2641 2709 2697 2756 et
2751 2702 3131 2772 depraventur.
3185 2704 3321 2771 Quia
3371 2710 3432 2758 ut

1839 2790 1970 2845 talia
1998 2790 2183 2848 ﬁdeles
2221 2791 2581 2863 imperatores
2609 2801 2666 2850 et
2691 2795 2866 2850 sancti
2897 2803 3140 2852 rectores
3170 2795 3432 2851 Ecclesiae

1838 2884 2267 2952 constituerent,
2332 2886 2708 2942 auctoritatem
2763 2889 2986 2944 omnino
3041 2889 3239 2945 divinae
3298 2889 3433 2959 legis

1839 2977 2009 3033 secuti
2044 2985 2205 3045 sunt,
2234 2985 2290 3033 et
2315 2978 2472 3034 nobis
2501 2980 2833 3050 sequendam
2869 2982 3381 3038 commendaverunt
3413 3001 3428 3038 :

1839 3081 1958 3137 quae
2008 3067 2154 3123 hunc
2203 3068 2463 3139 populum
2511 3069 2812 3138 ludaicum,
2853 3073 3050 3130 merito
3096 3073 3432 3130 inﬁdelitatis

1838 3169 1894 3216 et
1927 3161 2222 3232 impietatis
2251 3178 2379 3231 suae,
2413 3164 2465 3219 in
2502 3166 2757 3222 omnibus
2803 3166 3151 3223 maledictum
3192 3177 3248 3223 et
3290 3170 3433 3226 dete-

131 3232 187 3322 in
229 3283 292 3322 re
317 3266 450 3321 mihi
475 3232 643 3320 David
686 3232 829 3336 regis
871 3263 1073 3324 factum
1116 3259 1182 3315 ad
1213 3232 1532 3316 memoriam
1562 3232 1734 3325 venit,
1763 3232 1808 3296 Ο
1841 3256 2091 3311 standum
2115 3258 2369 3324 ostendit,
2395 3257 2582 3314 dicens
2604 3258 2679 3313 illi
2705 3273 2806 3330 per
2825 3259 3044 3332 Moysen
3072 3277 3086 3315 :
3119 3277 3138 3312 ε
3161 3259 3216 3315 Si
3243 3261 3432 3318 audire

131 3359 224 3414 cui
255 3359 386 3413 dum
415 3357 706 3427 concupita
750 3371 891 3425 aqua
931 3355 998 3409 de
1027 3353 1262 3408 cisterna
1305 3349 1734 3415 Bethleemitica,

129 3467 259 3523 qua:
309 3450 450 3505 inter
481 3448 706 3505 hostiles
734 3463 938 3502 cuneos
973 3447 1310 3510 habebatur,
1335 3446 1402 3500 ab
1433 3447 1738 3515 obsequen—
1781 3436 1785 3440 ’

130 3545 290 3599 tibus
312 3543 576 3597 militibus
605 3540 800 3594 fuisset
826 3539 1012 3603 allata,
1041 3538 1290 3607 protinus
1313 3537 1448 3590 dixit
1477 3556 1489 3591 :
1526 3557 1544 3590 ι
1583 3536 1740 3592 Absit

133 3654 154 3685 ι
198 3651 234 3687 a
293 3648 381 3686 me
423 3639 480 3685 ut
529 3630 846 3700 sanguinem
900 3627 1182 3684 hominum
1227 3627 1497 3697 justorum
1554 3628 1737 3682 bibam

129 3743 159 3779 α
193 3721 292 3796 (ΙΙ
314 3721 439 3793 Reg.
460 3737 614 3786 xxm,
639 3720 856 3792 16,17).
886 3739 904 3773 ι
928 3719 1102 3788 Quam
1122 3719 1247 3789 quia
1260 3717 1466 3784 effudit,
1483 3727 1538 3774 et
1555 3718 1742 3774 bibere

127 3815 343 3880 noluit,
362 3815 623 3884 scriptum
642 3822 724 3869 est
747 3828 762 3867 :
785 3831 802 3864 ι
823 3812 1037 3867 Libavit
1065 3827 1186 3867 eam
1209 3811 1457 3867 Domino.
1482 3831 1500 3864 ι
1529 3810 1586 3866 Si
1609 3827 1740 3883 ergo

129 3911 202 3966 ab
255 3917 476 3963 armato
508 3923 655 3979 rege,
690 3909 744 3962 in
789 3905 1116 3962 sacriﬁcium
1160 3906 1255 3960 Dei
1298 3921 1454 3960 versa
1485 3916 1567 3960 est
1597 3921 1736 3976 aqua

131 3996 477 4069 contempta,
505 4015 797 4068 pensemus
824 3997 983 4069 quale
1017 3997 1344 4052 sacriﬁcium
1379 3998 1735 4068 omnipotenti

134 4097 252 4151 Deo
306 4110 404 4148 rex
452 4094 668 4158 obtulit,
693 4093 786 4164 qui
819 4107 919 4164 pro
967 4106 1148 4147 amore
1196 4091 1339 4146 illius
1382 4106 1488 4146 non
1517 4106 1734 4161 aquam,

135 4187 235 4243 sed
271 4200 466 4240 aurum
517 4186 764 4255 accipere
806 4183 1150 4253 contempsit.
1202 4181 1405 4253 Itaque,
1441 4181 1514 4237 ﬁli
1561 4181 1739 4238 excel-

136 4280 472 4346 lentissime,
518 4265 995 4334 ﬁdenter-dicam:
1025 4275 1227 4330 Libasti
1253 4291 1443 4330 aurum
1485 4275 1737 4342 Domino,

137 4375 288 4446 quod
327 4383 669 4429 contraeum
697 4371 899 4427 habere
929 4369 1166 4424 noluisti.

207 4466 274 4521 L.
311 4463 462 4519 Idem
508 4463 697 4517 beatus
749 4476 885 4531 papa
939 4459 1269 4529 Gregorius,
1306 4457 1642 4514 Theoderico
1683 4467 1739 4514 et

139 4555 563 4621 Theodeberto,
619 4553 834 4624 regibus
876 4550 1238 4615 Francorum,
1272 4558 1325 4604 et
1379 4549 1739 4604 Brunichildae

142 4651 347 4720 regina:
402 4645 663 4711 scribens,
711 4660 781 4700 ne
819 4642 1110 4700 Christiani
1159 4639 1359 4696 Judaeis
1405 4640 1732 4704 deserviant,

141 4742 226 4796 his
259 4738 450 4796 verbis
478 4738 763 4802 admonet,
798 4735 981 4791 dicens
1011 4733 1124 4805 (lib.
1154 4747 1228 4786 vn
1265 4731 1414 4801 Reg.,
1452 4747 1534 4801 ep.
1567 4730 1689 4802 115)
1718 4748 1732 4784 :

148 4853 166 4885 ε
203 4832 396 4890 Mirati
445 4846 632 4885 sumus
660 4828 801 4899 quod
840 4828 892 4882 in
925 4840 1092 4896 regno
1130 4832 1310 4879 vestro
1339 4822 1552 4878 Iudaeos
1583 4820 1738 4876 Chri-

143 4929 322 4983 stiana
381 4922 652 4994 mancipia
699 4919 975 4992 possidere
1021 4917 1354 4989 permittitis.
1409 4913 1547 4982 Quid
1593 4913 1737 4968 enim

143 5026 270 5073 sunt
301 5013 606 5071 Christiani
627 5025 815 5068 omnes
842 5010 943 5066 nisi
978 5009 1220 5064 membra
1247 5006 1488 5062 Christi?
1507 5019 1736 5076 quorum

145 5112 406 5168 videlicet
460 5109 822 5164 membrorum
885 5104 1269 5198 caput.cuncti
1323 5103 1570 5158 novimus
1613 5101 1739 5172 quia

146 5207 386 5262 ﬁdeliter
429 5204 726 5260 honoratis.
768 5201 874 5258 Sed
911 5195 1091 5272 quam'
1116 5199 1386 5254 diversum
1423 5198 1522 5262 sit,
1562 5195 1740 5252 excel-

146 5302 312 5356 lentia
340 5311 526 5354 vestra
558 5295 874 5370 perpendat,
906 5305 1068 5367 caput
1105 5296 1392 5356 honorare,
1423 5302 1477 5349 et
1497 5293 1740 5349 membra

146 5393 320 5464 ipsius
344 5391 596 5446 hostibus
615 5389 868 5445 calcanda
899 5389 1232 5459 permittere.
1277 5386 1454 5456 Atque
1498 5385 1617 5442 ideo
1647 5401 1742 5455 pe-

151 5486 342 5551 timus,
373 5492 437 5537 ut
476 5482 809 5538 excellentiae
862 5491 1059 5538 vestrae
1101 5479 1415 5536 constitutio
1460 5478 1527 5532 de
1575 5491 1740 5549 regno

151 5591 249 5630 suo
290 5575 459 5645 hujus
504 5575 788 5644 pravitatis
831 5571 972 5628 mala
1003 5581 1306 5637 removeat,
1337 5581 1397 5627 ut
1429 5572 1480 5626 in
1513 5573 1615 5629 hoc
1643 5587 1742 5629 vos

153 5668 396 5738 amplius
444 5665 635 5737 dignos
690 5666 922 5722 cultores
970 5665 1322 5735 omnipotenti
1371 5664 1600 5721 Domino
1651 5668 1741 5722 de-

154 5758 506 5823 monstretis,
539 5758 680 5828 quod
717 5759 900 5813 ﬁdeles
924 5758 1064 5812 illius
1116 5759 1184 5813 ab
1233 5756 1465 5812 inimicis
1493 5757 1609 5828 ejus
1648 5758 1743 5814 ab-

156 5851 394 5909 solvitis.
439 5870 457 5904 )
513 5851 774 5909 Similiter
817 5853 956 5909 idem
982 5868 1119 5925 papa
1145 5852 1210 5909 ad
1233 5851 1585 5909 Fortunatum
1623 5853 1739 5924 epi-

1844 3365 1864 3399 ι
1894 3347 2135 3403 nolueris
2162 3363 2354 3404 vocem
2379 3348 2593 3405 Domini
2622 3350 2718 3406 Dei
2745 3351 2852 3418 tui,
2883 3361 2944 3406 ut
2967 3351 3243 3408 custodias
3264 3361 3319 3407 et
3345 3351 3430 3407 fa-

1844 3457 1863 3492 t
1895 3441 2010 3496 cias
2048 3441 2229 3496 omnia
2259 3443 2514 3497 mandata
2552 3442 2688 3513 ejus,
2720 3442 2942 3498 venient
2966 3457 3131 3514 super
3153 3451 3206 3498 te
3239 3458 3432 3499 omnes

1844 3551 1864 3584 ι
1892 3532 2300 3588 maledictiones
2328 3534 2467 3598 istze,
2494 3541 2550 3588 et
2577 3535 2984 3605 apprehendent
3008 3544 3080 3592 te.
3113 3534 3430 3592 Maledictus

1846 3643 1864 3674 ι
1895 3623 2004 3678 eris
2019 3624 2070 3677 in
2087 3623 2327 3690 civitate,
2350 3625 2738 3681 maledictnsin
2753 3643 2884 3697 agro
2904 3644 2918 3683 :
2938 3629 3284 3684 maledictum
3301 3628 3431 3684 hor-

1846 3732 1866 3766 ι
1893 3729 2048 3770 reum
2073 3723 2249 3781 tuum,
2273 3725 2329 3770 et
2353 3715 2653 3772 maledicta:
2681 3719 2924 3787 reliquiae
2948 3727 3084 3785 tute;
3110 3719 3430 3775 maledictus

1846 3823 1867 3857 ο
1895 3804 2103 3860 fructus
2128 3805 2334 3860 ventris
2363 3807 2444 3860 tui
2469 3823 2483 3872 ;
2520 3807 2842 3863 maledictus
2875 3808 2986 3864 eris
3013 3809 3349 3878 ingrediens,
3374 3818 3430 3866 et

1847 3913 1865 3946 ι
1897 3895 2216 3951 maledictus
2241 3896 2544 3967 egrediens.
2564 3897 2740 3953 Mittet
2761 3898 3023 3956 Dominus
3049 3897 3242 3955 famem
3269 3915 3431 3971 super

1847 4005 1865 4038 ι
1894 3997 1946 4040 te
1973 3985 2151 4058 (Deut.
2185 4003 2382 4055 xxvtu,
2405 3988 2617 4062 l5-20),
2649 4010 2668 4042 ι
2703 3999 2809 4046 etc.
2843 3991 2973 4058 Quae
2999 3993 3182 4048 omnia
3208 4009 3352 4048 nunc
3373 3993 3429 4049 in

1840 4081 1944 4137 isto
1976 4080 2175 4137 infelici
2205 4083 2400 4154 populo
2430 4085 2714 4141 manifeste
2737 4086 2983 4144 videmus
3009 4088 3258 4159 impleta;
3303 4106 3428 4145 cum

1837 4185 2055 4248 propter
2083 4177 2424 4248 iniquitatem
2454 4195 2605 4236 suam
2634 4197 2739 4252 qua
2768 4182 2865 4238 Dei
2897 4182 3094 4239 Filium
3119 4185 3429 4258 denegavit,

1841 4270 2158 4325 maledictus
2185 4273 2393 4328 exstitit
2419 4274 2474 4328 in
2507 4274 2727 4330 civitate
2753 4274 3055 4333 Jerusalem
3100 4288 3224 4334 ante
3255 4282 3426 4351 capti~

1841 4363 2089 4428 vitalem,
2117 4373 2171 4418 ct
2205 4365 2526 4421 maledictus
2572 4369 2624 4421 in
2676 4384 2807 4440 agro
2859 4370 3025 4426 totius
3081 4373 3264 4428 mundi
3305 4385 3428 4444 post

1843 4457 2230 4525 captivitatem,
2261 4467 2316 4513 et
2341 4473 2450 4513 non
2478 4461 2652 4514 solum
2681 4460 3027 4518 maledictum
3066 4466 3425 4522 estliorreum

1842 4545 1975 4613 ejus,
2002 4555 2056 4602 et
2087 4547 2345 4618 reliquiae,
2376 4550 2471 4604 sed
2496 4550 2659 4605 etiam
2699 4551 3017 4610 maledictus
3051 4554 3258 4612 fruetus
3291 4573 3424 4614 ven-

1846 4638 1944 4692 tris
1973 4637 2088 4708 ejus
2110 4681 2125 4707 ,
2172 4640 2223 4694 id
2256 4650 2340 4696 est
2366 4641 2461 4696 ﬁlii
2490 4657 2504 4696 :
2537 4647 2676 4700 sicut
2715 4645 2817 4715 ipsi
2849 4647 3070 4716 pessimi
3113 4660 3296 4719 patres
3318 4693 3332 4716 ,
3372 4662 3429 4710 et

1845 4747 1903 4787 se
1931 4741 1984 4787 et
2033 4733 2153 4789 illos
2193 4734 2618 4805 maledixerunt,
2660 4740 2946 4798 dicentes:
2985 4762 3004 4796 ι
3052 4743 3285 4816 Sanguis
3310 4747 3428 4817 ejus

1851 4844 1868 4875 ι
1891 4841 2053 4896 super
2075 4843 2172 4882 nos
2194 4837 2424 4900 ctsupcr
2447 4830 2586 4887 ﬁlios
2600 4841 2816 4890 nostros
2837 4835 3053 4907 (Matth.
3079 4839 3377 4913 xxvu,25).
3401 4863 3420 4893 ι

1845 4919 2156 4978 Malcdictus
2193 4931 2277 4979 est
2307 4923 2396 4978 hic
2442 4925 2671 4996 populus
2712 4928 3023 5000 ingrediens
3069 4937 3343 4989 nascendo
3372 4938 3426 4990 in

1845 5013 1984 5069 hanc
2011 5015 2200 5082 vitam,
2236 5027 2291 5073 et
2320 5017 2640 5077 maledictus
2687 5024 2971 5092 egrediens
3022 5028 3304 5084 moriendo
3357 5046 3425 5085 ex

1844 5119 1929 5160 ea.
1954 5104 2098 5161 Misit
2112 5107 2373 5166 Dominus
2391 5126 2553 5181 super
2574 5127 2697 5168 eum
2719 5113 2935 5182 famem,
2955 5132 3117 5188 quam
3146 5134 3242 5190 per
3260 5111 3426 5176 Amos

1843 5199 2163 5269 prophetam
2214 5203 2572 5260 comminatus
2611 5215 2716 5271 est,
2747 5207 2934 5264 dicens
2982 5227 2994 5262 :
3050 5231 3067 5262 ι
3123 5210 3260 5266 Ecce
3309 5213 3425 5269 dies

1851 5312 1868 5344 ε
1904 5294 2143 5361 venient,
2168 5302 2223 5350 et
2262 5297 2472 5352 mittam
2504 5298 2700 5355 famem
2732 5302 2785 5356 in
2815 5313 3013 5359 terram
3044 5321 3059 5359 :
3087 5321 3194 5360 non
3223 5306 3423 5360 famem

1850 5407 1869 5440 ‹
1904 5389 2080 5459 panis,
2122 5404 2221 5445 nec
2252 5390 2398 5445 sitim
2432 5409 2608 5463 aqum,
2649 5395 2744 5450 sed
2779 5396 3034 5452 audiendi
3069 5396 3292 5454 verbum
3318 5397 3424 5453 Do-

1852 5499 1870 5531 (
1908 5480 2060 5535 mini.
2106 5481 2170 5535 Et
2194 5481 2499 5538 circuibunt
2527 5501 2557 5540 a
2585 5487 2720 5542 mari
2761 5504 2931 5558 usque
2957 5487 3026 5544 ad
3054 5503 3223 5553 mare,
3256 5497 3310 5543 et
3353 5490 3426 5547 ab

1853 5593 1871 5624 ι
1904 5573 2154 5644 aquilone
2175 5591 2347 5646 usque
2369 5577 2436 5633 ad
2456 5579 2741 5645 orientem,
2757 5589 3060 5651 quaerentes
3075 5581 3298 5638 verbum
3324 5583 3425 5640 Do-

1853 5683 1871 5716 ‹
1911 5665 2062 5730 mini,
2095 5676 2150 5721 et
2177 5683 2282 5721 non
2313 5667 2584 5724 invenient
2607 5669 2808 5742 (Amos.
2837 5686 2954 5736 VIII,
2980 5671 3066 5737 11,
3094 5670 3203 5742 12).
3235 5693 3254 5726 ι
3283 5674 3424 5733 Vere

1846 5757 1993 5812 enim
2007 5774 2148 5814 nunc
2161 5771 2481 5828 quaerentes,
2499 5773 2555 5817 et
2575 5761 2896 5818 meditantes
2922 5762 2976 5817 in
2992 5761 3108 5832 lege
3123 5774 3177 5820 et
3189 5767 3425 5839 prophe-

1846 5850 1939 5921 tis,
1973 5859 2027 5910 et
2058 5853 2113 5910 in
2145 5861 2258 5912 toto
2289 5842 2503 5912 mundo
2529 5856 2791 5928 dispersi,
2822 5871 2930 5914 non
2977 5857 3257 5918 inveniunt
3287 5862 3425 5919 Ver-
