3984 6472
502 352 607 405 ης)

1711 344 2067 403 AMULONIS
2106 345 2321 405 EPISC.
2362 347 2569 404 LUGD.

3676 344 3806 404 rso

500 471 630 523 bum
683 462 930 533 Domini,
963 468 1015 523 id
1045 477 1128 524 est
1167 468 1259 525 Dei
1306 467 1523 533 Filium,
1569 466 1856 522 Dominum
1900 465 2088 523 Jesum
2112 470 2166 545 Α
2190 468 2502 525 verissimas
2533 477 2591 525 et
2626 468 2972 525 infirmitates
3008 484 3187 526 veras.
3216 468 3481 540 Loquitur
3515 468 3809 523 Dominus

501 558 801 614 Christum.
859 559 926 614 Et
974 575 1096 615 cum
1146 560 1262 630 ejus
1308 558 1503 614 notitia
1547 558 1603 613 in
1640 557 1892 615 universo
1931 558 2085 623 orbe,

499 648 648 704 velut
682 649 761 704 sol
806 651 1139 706 meridianus
1184 650 1250 705 de
1296 649 1610 707 coelestibus
1664 649 1961 722 refulgeat,
2008 648 2093 706 illi

500 747 760 812 tanquam
802 726 933 798 czeci
959 742 1013 796 in
1048 741 1283 797 tenebris
1310 741 1567 814 palpant,
1592 741 1734 798 sicut
1755 743 1837 798 eis
1873 742 1929 796 in
1960 741 2093 812 ipsis

499 835 970 892 maledictionibus
1023 834 1157 905 legis
1210 835 1415 890 dictum
1463 842 1595 892 est:
1645 854 1663 887 ε
1716 833 1993 890 Percutiat
2034 842 2092 895 te

505 944 526 978 ε
560 926 820 982 Dominus
845 926 1104 991 amentia,
1135 927 1472 987 etcaecitate,
1506 942 1570 983 ac
1620 924 1802 982 furore
1848 927 2045 983 mentis
2070 944 2093 989 ε,

503 1036 525 1070 t
569 1027 623 1073 et
651 1017 837 1088 palpes
862 1017 917 1072 in
947 1017 1191 1081 meridie,
1227 1018 1368 1073 sicut
1402 1018 1624 1089 palpare
1652 1018 1789 1073 solet
1814 1033 1990 1074 czecus
2031 1017 2097 1073 in

503 1127 522 1161 ι
557 1109 838 1164 tenebris:
871 1117 925 1164 et
971 1126 1077 1165 non
1105 1110 1308 1182 dirigas
1350 1110 1468 1166 vias
1510 1119 1630 1166 tuas
1686 1110 1863 1183 (Deut.
1893 1126 2093 1180 xxvm,

499 1219 519 1253 ι
556 1199 653 1267 ‘28,
704 1200 819 1273 29).
860 1221 877 1253 ›
914 1200 1018 1257 Per
1049 1201 1187 1256 hanc
1212 1202 1353 1257 enim
1376 1203 1705 1267 caecitatem,
1749 1202 1911 1258 etiam
1942 1201 2088 1256 illam

494 1292 925 1350 maledictionem
951 1295 1237 1352 incurrunt
1257 1312 1380 1366 quae
1400 1295 1626 1350 istarum
1652 1295 1894 1351 omnium
1923 1310 2095 1353 causa.

492 1394 599 1452 est,
623 1394 679 1441 et
709 1396 853 1442 inter
873 1395 1121 1453 catteras,
1159 1396 1219 1442 ut
1263 1388 1318 1443 in
1369 1387 1638 1444 Hebraico
1681 1388 1898 1459 proprie
1953 1389 2092 1445 scri-

494 1485 648 1547 ptum
691 1487 808 1545 est,
841 1478 921 1534 sic
966 1480 1189 1550 ponitur
1218 1494 1235 1534 :
1272 1498 1292 1532 ‹
1328 1479 1394 1535 Et
1425 1480 1533 1535 erit
1572 1479 1682 1536 vita
1710 1487 1801 1535 tua
1825 1495 2089 1551 suspensa

502 1587 520 1621 ι
558 1578 686 1625 ante
716 1578 802 1637 te;
833 1569 1048 1626 timebis
1072 1580 1231 1627 nocte
1265 1578 1322 1626 et
1363 1572 1471 1635 die,
1497 1580 1554 1627 et
1597 1588 1704 1628 non
1735 1573 1925 1629 credes
1963 1573 2101 1628 vitae.

503 1677 522 1711 ς
560 1668 666 1715 tua:
696 1660 884 1733 (Deut.
917 1678 1120 1729 xxvttt,
1151 1661 1273 1733 66).
1312 1682 1331 1714 ι
1362 1661 1493 1729 Qua:
1521 1671 1605 1719 est
1633 1663 1777 1719 enim
1823 1663 1940 1719 haec
1973 1662 2089 1719 vita

496 1750 685 1823 p0puli
710 1752 837 1819 Dei,
861 1752 964 1808 nisi
989 1752 1078 1809 ille
1098 1753 1188 1823 qui
1211 1753 1265 1808 in
1287 1753 1580 1825 Evangelio
1604 1754 1844 1825 loquitur
1874 1773 1886 1809 :
1924 1774 1944 1806 ‹
1974 1754 2088 1824 Ego

504 1863 523 1895 ‹
556 1860 674 1900 sum
701 1845 1028 1901 resurrectio
1048 1855 1102 1901 et
1129 1846 1240 1901 vita
1270 1845 1453 1917 (Joan.
1479 1863 1559 1914 x1,
1586 1847 1721 1917 25)?
1752 1867 1775 1901 »η
1800 1855 1857 1903 et
1882 1847 1948 1902 de
1980 1862 2088 1916 quo

497 1957 565 1998 ex
595 1941 836 1997 omnium
868 1956 1098 2011 persona
1120 1940 1417 1997 electorum
1453 1939 1722 1997 Jeremias
1755 1941 1868 1996 ait:
1898 1961 1917 1994 ι
1959 1939 2086 2012 Spi-

503 2054 524 2089 t
567 2036 705 2091 ritus
735 2035 847 2090 oris
887 2034 1059 2090 nostri
1103 2033 1353 2091 Christus
1390 2034 1652 2090 Dominus
1683 2042 1874 2105 captus
1917 2036 2087 2092 estin

505 2146 524 2179 ι
567 2128 807 2198 peccatis
853 2126 1055 2183 nostris
1086 2125 1211 2182 :cui
1252 2126 1489 2183 diximus
1525 2144 1537 2179 :
1570 2126 1628 2182 1n
1666 2128 1857 2182 umbra
1888 2136 1980 2182 tua
2007 2127 2088 2181 vi-

512 2237 533 2270 ι
572 2234 762 2274 vernus
794 2219 846 2272 in
871 2218 1158 2289 gentibus?
1194 2238 1212 2270 ι
1248 2217 1463 2289 (Thren.
1489 2234 1565 2285 1v,
1595 2217 1709 2290 20.)
1742 2218 1891 2273 Hanc
1918 2218 2089 2274 vitam

499 2325 653 2365 suam
674 2310 926 2365 viderunt
948 2309 1115 2365 Judaei
1141 2310 1193 2364 in
1230 2309 1377 2379 ligno
1407 2311 1585 2365 crucis
1613 2325 1930 2380 suspensam
1958 2318 2086 2364 ante

498 2415 580 2467 se,
602 2409 658 2457 et
676 2401 728 2455 in
758 2398 871 2468 ejus
914 2400 1201 2471 praesentia
1245 2400 1557 2456 dubitantes
1603 2399 1856 2465 credere,
1894 2399 2089 2454 timue-

497 2500 627 2547 runt
654 2500 812 2546 nocte
837 2501 893 2547 et
918 2492 1023 2556 die,
1049 2491 1103 2547 id
1131 2501 1232 2557 est,
1268 2498 1322 2547 et
1356 2492 1570 2561 quando
1612 2492 1691 2546 eis
1737 2491 1879 2546 illius
1921 2489 2087 2559 maje-

500 2590 614 2638 stas
642 2582 983 2654 passionibus
1011 2583 1417 2647 occultabatur,
1461 2593 1518 2639 et
1544 2584 1762 2652 quando
1811 2582 2087 2639 miraculis

501 2674 900 2731 declarabatur.
952 2673 1031 2727 Ita
1068 2675 1196 2729 dum
1240 2674 1294 2728 in
1338 2675 1457 2730 istis
1505 2675 1841 2741 bzesitarent,
1873 2676 1925 2730 in
1980 2675 2086 2732 illis

497 2773 941 2831 contemnerent,
987 2780 1095 2820 non
1125 2765 1473 2823 crediderunt
1501 2767 1624 2821 vitae
1655 2783 1783 2823 suae.
1817 2766 1947 2835 Quae
1972 2783 2087 2823 ma-

497 2856 716 2915 ledictio
760 2858 945 2928 utique
971 2872 1143 2928 usque
1192 2858 1354 2913 hodie
1400 2859 1455 2914 in
1495 2859 1576 2915 eis
1611 2868 1922 2930 permanet;
1954 2861 2087 2931 quia

500 2951 667 3007 vitam
699 2966 870 3018 suam,
896 2967 1016 3024 qua:
1044 2951 1149 3007 illis
1187 2952 1422 3024 primum
1464 2950 1642 3007 fuerat
1672 2952 1940 3011 destinata
1979 2952 2084 3025 (di-

499 3051 658 3100 cente
681 3041 906 3100 Domino
942 3058 956 3098 :
995 3062 1013 3094 ι
1048 3041 1164 3099 Νοη
1190 3059 1309 3100 sum
1348 3043 1549 3098 missus
1588 3043 1693 3099 nisi
1717 3043 1785 3099 ad
1811 3059 1940 3101 oves
1964 3060 2086 3114 qua:

509 3154 529 3188 ι
564 3136 844 3209 perierunt
893 3138 1085 3193 domus
1112 3137 1275 3194 Israel
1303 3137 1517 3210 [Matth.
1572 3154 1662 3204 xv,
1712 3138 1840 3212 24])
1875 3159 1931 3207 ι,
1957 3140 2086 3196 dum

503 3229 699 3284 nolunt
737 3229 957 3285 credere
993 3245 1024 3283 a
1071 3231 1299 3285 mortuis
1340 3231 1719 3287 resuscitatam
1769 3232 1851 3304 (ut
1878 3249 1947 3290 ex
1988 3236 2093 3291 hac

501 3319 608 3376 ﬁde
658 3320 1001 3376 vivificantur
1044 3328 1099 3377 et
1143 3321 1355 3391 possint
1394 3322 1574 3378 dicere
1620 3338 1744 3379 cum
1782 3325 2087 3395 propheta:

508 3432 527 3467 ι
556 3414 864 3471 Viviﬁcabit
884 3430 983 3472 nos
1003 3423 1126 3486 post
1153 3417 1287 3473 duos
1321 3416 1461 3483 dies,
1492 3417 1546 3473 in
1567 3418 1654 3473 die
1676 3416 1838 3473 tertia
1862 3418 2092 3473 suscita-

511 3526 529 3559 ι
556 3507 637 3562 hit
658 3523 759 3562 nos
780 3506 925 3580 [Ose.
955 3524 1030 3575 vt,
1049 3507 1104 3581 5]
1121 3507 1163 3580 ),
1185 3528 1201 3560 ι
1230 3524 1401 3578 usque
1422 3509 1583 3564 hodie
1603 3509 1760 3580 quasi
1779 3510 1834 3564 in
1850 3509 2092 3580 patibulo

501 3613 821 3669 SuSpensam
860 3597 1109 3654 irrident.
1161 3598 1313 3656 Unde
1340 3607 1395 3655 et
1429 3601 1483 3656 in
1528 3612 1714 3659 nostra
1743 3605 1980 3662 editione
2005 3622 2093 3663 re-

502 3699 587 3747 cte
613 3692 937 3747 translatum
964 3693 1184 3749 est:Et
1202 3694 1305 3749 erit
1348 3694 1459 3750 vita
1509 3703 1599 3751 tua
1651 3698 1806 3767 quasi
1858 3715 2090 3772 suspen-

501 3783 636 3840 dens
662 3791 789 3838 ante
835 3793 907 3850 te,
932 3783 1186 3839 videlicet
1232 3786 1358 3854 quia
1391 3787 1684 3859 ignominia
1728 3791 1926 3858 crucis,
1970 3807 2093 3863 quae

501 3875 555 3930 in
582 3874 800 3931 Christo
828 3891 859 3930 a
885 3876 1115 3932 mortuis
1144 3877 1586 3950 resurgenteiam
1622 3883 1921 3952 praeteriit;
1950 3884 2095 3954 apud
2120 3924 2123 3927 ι

502 3977 728 4021 istorum
764 3966 1098 4037 impietatem
1126 3976 1183 4023 et
1211 3970 1512 4028 caecitatem
1531 4013 1548 4039 ,
1575 3974 1731 4044 quasi
1769 3975 1948 4032 adhuc
1971 3992 2095 4046 per-

504 4065 724 4112 maneat
749 4056 1026 4113 irridetur.
1056 4059 1124 4113 Et
1138 4059 1266 4130 quia
1290 4061 1398 4129 isti,
1430 4071 1687 4134 tanquam
1714 4066 1851 4121 rami
1877 4072 2097 4120 natura-

504 4149 613 4216 les,
661 4150 1123 4221 degeneraverunt
1158 4160 1215 4209 et
1253 4152 1411 4209 fracti
1441 4164 1568 4211 sunt
1593 4171 1626 4212 a
1653 4157 1836 4213 radice
1865 4158 2096 4229 patriar-

505 4244 752 4307 charum,
785 4251 841 4299 et
872 4244 1106 4301 oleaster
1127 4246 1367 4318 gentium
1411 4247 1643 4305 insertus
1681 4251 1848 4309 estin
1893 4252 2093 4309 bonam

504 4335 732 4403 olivam,
787 4336 1011 4392 audiunt
1050 4337 1228 4394 adhuc
1275 4339 1328 4394 in
1372 4339 1506 4410 ipsis
1548 4340 2019 4398 maledictionibus
2073 4359 2088 4395 :

422 4460 433 4473 ‹
510 4448 529 4481 ι
562 4428 783 4484 Advena
830 4429 921 4499 qui
961 4436 1140 4486 tecum
1191 4439 1439 4486 versatur
1486 4431 1542 4486 in
1594 4440 1740 4488 terra
1767 4470 1784 4498 ,
1837 4433 2096 4489 ascendet

2188 558 2256 613 ad
2277 558 2531 630 Aggteum
2551 561 2870 630 prophetam
2898 579 2952 617 ε(
2979 561 3258 633 Interroga
3286 560 3605 617 sacerdotes
3627 558 3800 630 legis.

2194 670 2211 703 ι
2247 652 2468 707 dicens:
2505 652 2562 707 Si
2601 653 2841 722 tetigerit
2868 653 3177 709 immundus
3197 653 3253 708 in
3282 653 3463 708 anima
3494 666 3565 706 ex
3602 650 3805 706 omni-

2195 761 2213 793 ι
2252 743 2353 799 bus
2378 743 2479 810 his,
2509 744 2565 800 id
2584 753 2667 801 est
2691 760 2886 815 panem
2908 786 2924 812 ,
2950 752 3045 801 aut
3085 746 3270 802 vinum
3289 787 3306 814 ,
3337 754 3433 801 aut
3458 745 3672 810 oleum,
3693 751 3805 800 aut

2195 850 2213 885 ς
2251 835 2609 905 pulmentum,
2639 846 2733 892 aut
2772 852 2991 895 omnem
3040 837 3220 897 cibum
3246 879 3263 903 ,
3305 836 3552 906 nunquid
3596 844 3803 890 conta-

2194 942 2214 974 ‹
2251 924 2581 980 minabitur?
2606 925 2675 980 Et
2716 926 3110 996 responderunt
3138 927 3450 983 sacerdotes
3472 943 3484 979 :
3506 923 3802 981 Contami-

2195 1034 2213 1067 ι
2250 1016 2489 1071 nabitur.
2514 1017 2583 1071 Et
2613 1018 2687 1073 ait
2714 1019 2976 1075 Dominus
3010 1036 3025 1074 :
3065 1017 3156 1074 Sic
3186 1033 3320 1090 gens
3346 1019 3471 1083 ista,
3497 1027 3556 1072 et
3584 1017 3673 1072 sic
3700 1031 3803 1086 po-

2195 1126 2214 1159 (
2249 1110 2407 1179 pulus
2436 1110 2538 1167 iste
2581 1120 2706 1167 ante
2732 1111 2928 1167 faciem
2981 1127 3157 1169 meam
3189 1109 3353 1183 (Agg.
3388 1127 3459 1177 ll,
3492 1110 3729 1179 42-15).
3770 1131 3795 1163 ι

2191 1196 2348 1255 Unde
2405 1208 2459 1255 et
2506 1201 2795 1271 Apostolus
2849 1201 3170 1268 conﬁrmat,
3224 1201 3410 1261 dicens
3453 1218 3466 1255 :
3519 1218 3541 1252 ι
3590 1199 3801 1257 Omnia

2197 1311 2217 1346 ι
2254 1294 2454 1350 munda
2501 1296 2748 1362 mundis;
2782 1295 3147 1365 coinquinatis
3176 1303 3357 1351 autem
3383 1303 3440 1351 et
3477 1293 3802 1350 inﬁdelibus

2196 1403 2215 1437 ι
2250 1384 2385 1439 nihil
2404 1393 2488 1440 est
2516 1386 2810 1452 mundum;
2846 1387 2942 1443 sed
2990 1386 3278 1457 inquinata
3327 1394 3452 1441 sunt
3495 1400 3695 1440 eorum
3741 1392 3803 1439 et

2195 1496 2215 1532 ι
2251 1492 2403 1534 mens
2450 1487 2508 1534 et
2551 1480 2881 1536 conscientia
2916 1479 3043 1551 (Tit.
3083 1496 3139 1546 ι,
3181 1479 3313 1551 15);
3370 1499 3389 1533 ι
3427 1487 3486 1535 ut
3531 1478 3801 1535 videlicet

2189 1565 2587 1624 immundorum
2639 1569 2948 1625 immundas
3001 1583 3123 1626 esse
3185 1570 3496 1627 noverimus
3545 1584 3799 1625 mensas.

2190 1658 2472 1727 Quomodo
2511 1658 2657 1717 enim
2706 1662 2997 1718 immunda:
3048 1678 3156 1720 non
3207 1670 3370 1718 erunt
3404 1677 3632 1727 mensae,
3656 1676 3802 1732 quo-

2191 1767 2314 1806 rum
2334 1752 2617 1808 maledicta
2642 1760 2769 1808 sunt
2809 1753 3009 1809 horrea
3037 1762 3093 1809 et
3117 1753 3432 1825 apothecae?

2117 1830 2165 1893 Β
2265 1841 2373 1897 Lll.
2397 1841 2480 1897 Ad
2520 1843 2678 1898 istius
2706 1843 2871 1914 igitur
2897 1843 3174 1899 maledicti
3208 1852 3263 1901 et
3308 1843 3571 1899 immundi
3603 1842 3799 1914 populi

2188 1937 2517 1993 consortium
2547 1946 2711 2008 atque
2732 1938 3039 1994 convictum
3064 1939 3280 2009 penitus
3306 1937 3608 2001 vitandum,
3631 1936 3799 2007 juxta

2188 2029 2567 2086 auctoritatem
2616 2028 3022 2099 Scripturarum
3063 2029 3276 2086 Veteris
3319 2046 3385 2085 ac
3425 2028 3563 2084 Novi
3599 2028 3795 2083 Testa-

2187 2120 2379 2185 menti,
2406 2121 2699 2177 instituunt
2720 2137 2821 2177 nos
2846 2129 3008 2193 atque
3036 2121 3420 2191 constringunt
3447 2119 3793 2176 sanctissimi

2186 2218 2242 2266 et
2270 2210 2572 2268 beatissimi
2610 2222 2815 2283 patres,
2862 2224 2915 2267 et
2962 2222 3206 2269 rectores
3248 2212 3623 2267 Ecclesiarum
3664 2210 3790 2276 Dei,

2187 2301 2301 2358 suis
2350 2302 2614 2373 exemplis
2661 2312 2717 2357 et
2776 2302 3128 2374 synodalibus
3176 2300 3441 2366 decretis;
3504 2315 3630 2369 qua:
3672 2298 3794 2367 iam

2186 2392 2427 2449 breviter
2469 2394 2778 2449 adnotanda
2809 2404 2865 2449 et
2891 2391 3218 2450 sacerdotali
3248 2391 3430 2447 studio
3462 2390 3518 2444 in
3541 2390 3791 2445 omnium

2187 2486 2436 2540 notitiam
2493 2485 2768 2541 credimus
2825 2484 3192 2556 perducenda.
3247 2483 3446 2539 Beatus
3505 2480 3792 2537 confessor

2187 2579 2460 2644 Hilarius,
2502 2593 2666 2650 quam
2720 2587 2925 2634 attente
2960 2577 3269 2634 Iudaeorum
3319 2590 3534 2646 semper
3580 2582 3640 2629 et
3682 2574 3791 2629 ba).

2185 2670 2482 2726 reticorum
2526 2669 2848 2724 devitaverit
2894 2667 3123 2740 profana
3166 2667 3461 2733 consortia,
3510 2666 3621 2719 vita
3668 2664 3789 2734 eius

2186 2764 2385 2829 scripta
2441 2760 2779 2815 demonstrat
2831 2776 2846 2813 :
2893 2759 3037 2831 quod
3090 2759 3165 2813 ita
3224 2756 3434 2813 scilicet
3479 2753 3789 2823 huiusmodi

2187 2854 2373 2909 hostes
2422 2851 2679 2909 Ecclesiae
2727 2852 2897 2908 fuerit
2942 2858 3289 2916 exsecratus,
3336 2858 3398 2903 ut
3441 2862 3550 2903 non
3608 2845 3787 2902 solum

2186 2943 2518 3010 convivium,
2547 2944 2645 3000 sed
2666 2958 2734 2999 ne
2757 2943 3013 3000 salutatio
3039 2944 3259 3014 quidem
3285 2943 3335 2997 ei
3358 2938 3638 2996 exstiterit
3660 2953 3785 2994 cum

2186 3033 2273 3091 his
2320 3035 2671 3105 praetereunti
2719 3036 3042 3091 communis.
3093 3034 3210 3102 Quo
3256 3033 3399 3090 facto
3429 3032 3516 3087 vir
3564 3040 3787 3088 sanctus

2193 3127 2324 3183 illud
2366 3126 2555 3197 utique
2594 3127 2949 3198 apostolicum
2979 3128 3347 3183 observabat:
3392 3145 3412 3178 ι
3448 3125 3518 3180 Et
3544 3140 3616 3181 ne
3640 3125 3789 3179 dixe-

2198 3239 2218 3273 ι
2265 3221 2385 3276 ritis
2412 3220 2488 3276 illi
2519 3236 2654 3277 ave:
2683 3221 2776 3292 qui
2806 3222 2950 3277 enim
2991 3221 3124 3277 dicit
3166 3220 3217 3276 ei
3265 3236 3382 3286 ave,
3417 3219 3791 3276 communicat

2196 3331 2217 3366 ι
2251 3315 2503 3385 operibus
2530 3316 2643 3371 suis
2670 3315 2923 3387 malignis
2945 3310 3033 3387 (II
3056 3314 3217 3370 Joan.
3252 3331 3293 3380 ι,
3328 3313 3440 3386 ll).
3478 3333 3498 3366 ι

2261 3416 2391 3473 LIII.
2434 3416 2512 3474 De
2541 3427 2732 3474 sancto
2775 3417 3089 3484 Ambrosio,
3115 3416 3317 3473 eximio
3356 3414 3710 3481 confessore,
3733 3421 3788 3469 et

2192 3516 2305 3565 tam
2334 3509 2581 3565 doctrina
2631 3526 2794 3580 quam
2821 3509 3101 3567 miraculis
3130 3509 3347 3581 insigni,
3376 3509 3429 3564 in
3461 3508 3631 3579 gestis
3671 3503 3785 3576 ejus

2192 3601 2268 3658 ita
2295 3601 2557 3672 scriptum
2598 3610 2683 3658 est
2712 3598 3000 3674 (Paulinus
3038 3601 3091 3655 in
3136 3597 3258 3655 Vita
3287 3598 3349 3656 S.
3377 3597 3586 3669 Ambr.)
3620 3612 3639 3651 :
3672 3616 3691 3649 ι
3726 3596 3785 3652 In

2191 3698 2440 3770 partibus
2468 3698 2708 3755 Orientis
2729 3739 2744 3764 ,
2775 3698 2830 3752 in
2859 3696 3094 3768 quodam
3126 3695 3350 3752 castello
3386 3710 3418 3751 a
3460 3691 3786 3750 Christianis

2194 3790 2327 3846 viris
2360 3804 2638 3862 synagoga
2661 3789 2971 3846 Judteorum
3002 3789 3253 3846 incendio
3276 3795 3619 3847 concremata
3661 3793 3779 3849 est;

2193 3891 2486 3955 propterea
2536 3882 2680 3953 quod
2717 3881 2890 3938 Judaei
2944 3881 3272 3938 insultarent
3310 3881 3595 3938 monachis
3622 3877 3781 3934 Chri-

2195 3978 2407 4034 stianis.
2439 3976 2549 4033 Sed
2571 3977 2639 4035 de
2682 3974 2991 4046 huiusmodi
3024 3974 3170 4032 facto
3211 3989 3394 4032 comes
3439 3972 3680 4031 Orientis
3720 3971 3789 4029 ad

2195 4067 2579 4137 imperatorem
2618 4065 2985 4123 Theodosium
3038 4064 3354 4122 relationem
3398 4064 3619 4121 direxit.
3671 4062 3789 4131 Qua

2196 4166 2417 4230 accepta
2438 4200 2453 4224 ,
2522 4157 2821 4230 imperator
2879 4164 3212 4229 praeceperat
3273 4165 3336 4212 ut
3387 4170 3664 4228 synagoga
3721 4153 3792 4209 ab

2195 4250 2450 4323 episcopo
2492 4248 2933 4306 reatdiﬁcaretur.
2982 4248 3090 4305 Sed
3130 4247 3291 4319 hujus
3327 4247 3586 4318 praecepti
3634 4253 3792 4302 tenor

2196 4356 2320 4396 cum
2357 4340 2425 4395 ad
2466 4355 2628 4396 aures
2653 4339 2993 4412 pervenisset
3017 4338 3342 4396 venerabilis
3367 4337 3472 4403 viri
3511 4336 3791 4393 Ambrosii

2196 4429 2469 4501 episcopi,
2501 4428 2702 4486 direxit
2728 4430 2796 4486 ad
2824 4430 3208 4501 imperatorem
3238 4428 3523 4499 epistolam
3565 4427 3683 4500 (lib.
3730 4444 3791 4492 n,

510 4540 531 4575 ι
566 4537 730 4593 supra
759 4530 812 4577 te
830 4563 845 4588 ,
888 4522 1099 4593 eritque
1140 4522 1457 4579 sublimior:
1487 4530 1544 4578 tu
1572 4534 1754 4579 autem
1794 4524 2093 4580 descendes
2118 4544 2174 4605 ι)
2196 4522 2346 4592 epist.
2376 4520 2487 4593 l7),
2517 4522 2643 4593 quia
2674 4521 2791 4593 ipse
2819 4522 2874 4577 in
2903 4531 3146 4593 tempore
3174 4537 3468 4579 excurrere
3496 4536 3610 4577 non
3636 4529 3794 4592 pete-

514 4632 534 4666 ι
568 4626 621 4669 et
652 4614 762 4670 eris
809 4613 1038 4670 inferior
1068 4612 1247 4687 (Deut.
1281 4631 1477 4680 xxvtu,
1504 4615 1592 4680 45,
1619 4614 1732 4688 44).
1762 4636 1780 4667 ι
1800 4615 1920 4687 Ipse
1950 4617 2094 4673 fene-

505 4707 647 4764 rabit
676 4708 793 4774 tibi,
816 4717 872 4765 et
901 4717 957 4764 tu
990 4725 1096 4765 non
1126 4707 1397 4764 fenerabis
1434 4708 1504 4764 ei.
1540 4709 1658 4779 Ipse
1676 4709 1784 4765 erit
1812 4710 1865 4765 in
1908 4720 2091 4780 caput,

505 4809 558 4856 et
590 4809 644 4855 tu
671 4802 781 4856 eris
814 4802 869 4856 in
905 4802 1152 4857 caudam.
1182 4799 1336 4856 Sicut
1360 4800 1644 4857 manifeste
1670 4802 1934 4868 videmus,
1964 4804 2091 4873 quia

505 4892 746 4948 Ecclesia
789 4909 857 4949 ex
909 4893 1160 4965 gentibus
1207 4891 1417 4948 fenerat
1454 4892 1531 4947 illi
1561 4893 1756 4963 populo
1802 4895 2087 4964 pecuniam

506 4986 654 5042 verbi
690 4986 819 5053 Dei;
858 4986 933 5042 illi
982 5001 1111 5041 vero
1140 4984 1283 5040 unde
1331 4982 1578 5041 fenerent
1614 5001 1725 5041 non
1769 4986 1991 5042 habent.
2024 4988 2091 5043 Et

505 5078 736 5151 populus
788 5079 1026 5150 gentium
1068 5084 1151 5133 est
1196 5076 1250 5130 in
1303 5085 1497 5147 caput,
1545 5075 1751 5133 habens
1803 5077 2094 5134 Dominum

506 5168 690 5226 Jesum
737 5168 1009 5239 Christum
1036 5184 1050 5233 ;
1082 5166 1157 5221 illi
1190 5182 1321 5223 vero
1348 5167 1402 5222 in
1427 5167 1677 5232 caudam,
1707 5169 1833 5241 quia
1857 5186 1889 5226 a
1917 5172 2096 5242 capite

507 5259 839 5317 ceciderunt.
886 5257 1041 5325 Quod
1087 5258 1277 5328 utique
1306 5272 1520 5329 semper
1545 5267 1734 5327 erunt,
1762 5260 1935 5318 donec
1977 5262 2094 5333 ple-

504 5350 697 5405 nitudo
736 5348 977 5421 gentium
1024 5348 1279 5414 introeat,
1322 5356 1378 5406 et
1424 5350 1503 5406 sic
1557 5350 1735 5407 omnis
1782 5350 1948 5408 Israel
2002 5351 2096 5408 fiat

506 5440 726 5497 salvus:
755 5439 932 5495 omnis
957 5438 1207 5495 videlicet
1235 5439 1539 5499 salvaudus.
1573 5442 1707 5498 Nam
1737 5444 1963 5500 istorum
1999 5445 2091 5515 qui

506 5548 653 5588 nunc
703 5537 848 5596 sunt,
878 5529 1198 5596 infidelium,
1224 5528 1376 5601 juxta
1424 5533 1567 5604 quod
1613 5535 1666 5589 in
1720 5534 1826 5591 illis
1870 5535 2095 5591 maledi—

508 5625 783 5681 ctionibus
824 5624 1085 5695 scriptum
1138 5634 1241 5691 est,
1295 5628 1513 5699 augebit
1572 5628 1831 5683 Dominus
1885 5628 2089 5700 plagas,

508 5718 694 5791 plagas
717 5722 937 5789 magnas
962 5727 1016 5774 et
1040 5728 1483 5789 perseverantes,
1530 5719 1873 5775 inﬁrmitates
1917 5723 2091 5791 pessi-

509 5825 628 5866 mas
663 5818 717 5864 et
748 5820 1054 5882 perpetuas,
1082 5813 1225 5884 quod
1259 5813 1361 5869 alia
1397 5813 1680 5869 translatio
1706 5812 1858 5881 dicit,
1903 5814 2090 5886 plagas

2202 4620 2287 4668 rat
2327 4633 2339 4668 :
2382 4629 2488 4684 qua
2537 4614 2687 4669 illum
2729 4615 3004 4681 convenit,
3039 4623 3103 4672 ut
3130 4616 3183 4671 id
3208 4616 3353 4686 quod
3390 4615 3459 4671 ab
3505 4629 3577 4670 eo
3616 4613 3795 4670 statu-

2200 4715 2315 4762 tum
2363 4708 2540 4763 fuerat
2565 4709 2946 4774 invocaretur,
2972 4708 3288 4779 servarique
3327 4707 3432 4765 sibi
3478 4707 3682 4763 debere
3726 4706 3796 4762 ab

2197 4814 2264 4855 eo
2293 4799 2642 4854 audientiam.
2691 4797 2796 4865 Qui
2837 4799 2881 4855 si
2910 4799 3105 4870 dignus
3146 4814 3253 4855 non
3298 4806 3447 4856 esset
3485 4797 3578 4868 qui
3618 4798 3688 4853 ab
3726 4812 3795 4854 eo

2198 4894 2501 4960 audiretur,
2527 4892 2724 4964 dignus
2750 4892 2916 4948 etiam
2947 4908 3055 4948 non
3078 4901 3224 4950 esset
3241 4892 3333 4964 qui
3375 4906 3476 4962 pro
3514 4889 3609 4946 illo
3635 4891 3795 4947 audi-

2196 4995 2381 5051 retur,
2409 4984 2493 5039 vel
2531 4984 2614 5040 cui
2650 4998 2841 5055 preces
2881 5000 3009 5041 suas
3051 4992 3145 5041 aut
3188 4985 3275 5043 cui
3319 5000 3419 5042 sua
3470 4992 3595 5040 vota
3640 4998 3797 5041 com-

2196 5079 2454 5134 mitteret.
2510 5076 2767 5133 Paratum
2816 5078 2982 5133 etiam
3023 5093 3083 5134 se
3122 5093 3243 5134 esse
3290 5092 3391 5148 pro
3439 5076 3533 5132 tali
3569 5076 3797 5148 negotio

2196 5181 2427 5229 mortem
2474 5171 2684 5237 subire,
2715 5186 2785 5226 ne
2813 5156 3242 5227 dissimulatione
3290 5172 3372 5227 sui
3400 5170 3796 5241 praevaricato-

2198 5281 2314 5323 rem
2351 5265 2563 5323 faceret
2613 5266 2995 5337 imperatorem
3020 5304 3037 5330 ,
3081 5264 3172 5334 qui
3223 5272 3332 5319 tam
3366 5262 3565 5334 iniusta
3596 5270 3795 5317 contra

2196 5355 2498 5412 Ecclesiam
2518 5356 2887 5426 prazcepisset.
2911 5354 3103 5412 Postea
3130 5370 3260 5410 vero
3278 5370 3401 5413 cum
3425 5351 3793 5411 Mediolanum

2200 5447 2517 5513 revertitur,
2546 5448 2726 5516 posito
2760 5448 3087 5518 imperatore
3117 5448 3173 5503 in
3203 5446 3457 5512 ecclesia,
3483 5445 3550 5501 de
3592 5444 3790 5500 eadem

2200 5555 2363 5597 causa
2398 5542 2654 5596 tractavit
2680 5541 2737 5596 in
2755 5540 2970 5611 populo.
2994 5539 3051 5595 In
3085 5554 3193 5610 quo
3220 5545 3452 5594 tractatu
3485 5536 3794 5593 introduxit

2200 5634 2415 5691 Domini
2450 5649 2734 5705 personam
2776 5633 3047 5705 loquentis
3086 5629 3575 5704 imperatorizEgo
3620 5639 3675 5685 te
3719 5645 3794 5686 ex

2198 5728 2390 5784 ultimo
2443 5728 2821 5797 imperatorem
2868 5725 3001 5792 feci;
3049 5741 3149 5794 ego
3194 5725 3289 5781 tibi
3333 5724 3632 5780 exercitum
3680 5722 3795 5779 ini-

2199 5817 2326 5873 mici
2370 5817 2447 5873 tui
2477 5816 2706 5884 tradidi;
2736 5832 2837 5890 ego
2876 5817 2973 5874 tibi
3001 5816 3187 5889 copias
3209 5830 3347 5891 quas
3375 5814 3468 5874 ille
3498 5814 3795 5879 adversum
