3984 6452
1393 342 1524 399 LIB.
1564 342 1845 400 CONTRA
1885 343 2197 402 ΙΠΒΑΞΟΞ.

3330 344 3437 402 {8‘3

146 474 199 519 te
248 460 515 518 exercitui
545 476 646 518 suo
675 470 1096 534 praeparaverat,
1134 460 1289 526 dedi;
1321 475 1422 533 ego
1447 461 1729 517 inimicum
1755 461 2003 526 Alaieos
2043 463 2362 518 constitutio
2412 470 2599 519 nostra
2654 464 2952 534 prohibuit.
3000 462 3111 520 Nec
3156 478 3280 518 cum
3326 462 3437 519 ullo

146 561 301 609 tuum
324 553 379 608 in
407 561 731 623 potestatem
772 561 915 606 tuam
936 552 1147 623 redegi;
1185 568 1289 623 ego
1318 553 1385 608 de
1414 553 1620 607 semine
1642 561 1734 608 tuo

148 659 313 716 super
359 644 553 701 solium
604 645 758 717 regni
807 645 1098 711 constitui;
1150 659 1251 717 ego
1299 654 1351 701 te
1400 646 1743 715 triumphare
1802 716 1809 725 .

1844 554 2044 611 clerico
2068 563 2255 611 nostro
2298 560 2494 625 panem
2524 555 2775 611 comedat
2801 597 2815 621 ,
2850 555 3097 626 quisquis
3127 552 3439 609 Judmorum

1844 648 2096 704 convivio
2134 647 2298 701 fuerit
2324 648 2660 717 inquinatus.
2704 669 2722 702 ι
2759 647 2827 702 Et
2856 649 2910 702 in
2950 645 3302 702 conclusione
3330 655 3441 701 sta-

148 738 266 795 siue
290 736 477 792 labore
502 736 626 793 feci.
668 737 737 792 Et
787 746 842 792 tu
891 738 959 792 de
1004 751 1090 793 me
1132 737 1366 794 inimicis
1392 738 1527 793 meis
1567 737 1738 792 donas
1813 743 2082 804 autorum
2120 756 2365 806 suorum,
2396 741 2586 797 conﬁsi
2626 742 2693 797 de
2722 741 3011 812 praesentia
3043 738 3257 795 Domini
3301 740 3445 795 sicut

150 829 491 899 triumphos?
538 828 637 885 Cui
685 828 1031 885 descendenti
1068 829 1139 885 de
1188 831 1387 886 exedra
1440 829 1740 899 imperator

148 922 222 975 ait
248 939 262 976 :
291 920 503 976 Contra
532 934 632 977 nos
656 922 987 992 proposuisti
1021 923 1181 978 hodie
1200 964 1215 989 ,
1240 923 1510 992 episcope.
1552 921 1622 977 At
1651 921 1741 976 ille

150 1013 485 1084 respondens
524 1016 632 1081 ait,
654 1030 761 1069 non
792 1031 851 1071 se
880 1023 1071 1072 contra
1102 1015 1297 1086 ipsum.
1328 1015 1423 1070 sed
1467 1029 1566 1085 pro
1624 1016 1741 1086 ipso

151 1107 319 1163 fuisse
365 1106 626 1162 locutum.
684 1106 836 1163 Tunc
878 1107 1173 1177 imperator
1223 1126 1233 1160 :
1278 1106 1507 1171 Revera,
1544 1106 1739 1175 inquit,

150 1201 283 1257 dura
332 1212 701 1271 praeceperam
744 1208 939 1255 contra
978 1201 1293 1272 episcopum
1348 1199 1414 1255 de
1468 1212 1743 1269 synagoga

151 1294 489 1362 reparanda;
519 1292 575 1347 in
622 1292 911 1348 monachis
943 1304 1074 1347 vero
1117 1288 1506 1346 vindicandum
1548 1302 1669 1343 esse
1711 1303 1744 1343 a

150 1383 441 1440 comitibus
473 1385 565 1455 qui
598 1384 652 1439 in
701 1392 945 1455 tempore
990 1384 1220 1439 aderant
1261 1382 1563 1439 dicebatur.
1615 1380 1747 1449 Qui-

149 1478 249 1534 bus
273 1478 599 1549 episcopus:
639 1477 755 1549 Ego
784 1479 1003 1548 quidem
1044 1493 1169 1534 cum
1218 1478 1545 1548 imperatore
1598 1488 1745 1529 nunc

152 1585 284 1643 ago;
322 1570 603 1626 vobiscum
628 1586 758 1627 vero
786 1571 920 1627 mihi
947 1571 1105 1627 aliter
1133 1570 1400 1643 agendum
1430 1579 1533 1625 est.
1569 1568 1749 1638 Atque

152 1660 223 1715 ita
252 1659 511 1726 obtinuit,
541 1673 602 1718 ut
631 1660 721 1716 illa
770 1676 892 1731 qua:
921 1668 1127 1717 statuta
1158 1660 1396 1727 fuerant,
1424 1674 1749 1716 revocaren-

154 1759 284 1807 tur:
316 1767 420 1809 nec
463 1752 615 1823 prius
658 1754 727 1808 ad
764 1753 935 1809 altare
988 1753 1250 1809 accedere
1277 1752 1469 1819 voluit,
1508 1752 1610 1806 nisi
1641 1749 1748 1803 ﬁde

1846 831 1959 901 ipse
1994 830 2111 886 ait:
2153 851 2171 882 ‹
2207 829 2311 886 Ubi
2340 831 2447 886 duo
2502 831 2589 885 vel
2637 839 2750 887 tres
2796 830 3111 903 congregati
3159 829 3361 884 fuerint.
3390 829 3443 881 in

1852 942 1871 975 ι
1905 922 2126 978 nomine
2182 937 2335 990 meo,
2410 923 2481 979 ibi
2534 940 2654 980 sum
2694 942 2822 998 -ego
2882 926 2938 981 in
3012 923 3189 981 medio
3256 937 3446 977 eorum

1852 1034 1872 1067 ι
1907 1013 2122 1088 (Matth.
2147 1031 2310 1083 xvm,
2333 1015 2425 1090 20)
2444 1060 2457 1083 ,
2491 1036 2509 1070 ι
2543 1017 2617 1072 ita
2642 1025 2970 1073 sanxerunt:
2994 1037 3011 1069 ‹
3034 1016 3297 1084 Quocirca
3331 1013 3447 1066 lucc

1848 1122 1970 1177 qua:
2017 1121 2252 1178 superna
2302 1108 2678 1178 inspiratione,
2730 1108 3003 1162 communi
3033 1121 3297 1163 consensu
3327 1104 3445 1176 pla-

1850 1209 2099 1267 cuerunt,
2130 1201 2175 1256 si
2202 1202 2325 1273 quis
2367 1211 2679 1258 sanctorum
2709 1202 3017 1257 antistitum
3041 1244 3055 1268 ,
3104 1201 3195 1272 qui
3243 1205 3449 1256 statuta

1851 1293 2141 1364 praesentia
2202 1292 2693 1364 subscriptionibus
2752 1293 2992 1364 propriis
3053 1292 3449 1358 ﬁrmaverunt,

1853 1400 2063 1440 necnon
2103 1393 2156 1440 et
2183 1399 2319 1454 quos
2360 1400 2550 1441 eorum
2592 1385 2736 1441 Deus
2770 1401 2891 1442 esse
2950 1383 3182 1439 voluerit
3234 1396 3451 1437 succes-

1853 1491 2007 1533 sores
2031 1517 2047 1541 ,
2081 1476 2272 1531 relicta
2319 1477 2632 1549 integritate
2678 1457 3078 1532 observationis
3105 1472 3450 1538 excesserit,

1856 1584 2009 1624 reum
2053 1583 2115 1624 se
2162 1569 2465 1625 divinitatis
2508 1570 2714 1640 pariter
2753 1576 2811 1624 et
2846 1567 3209 1624 fraternitatis
3250 1564 3455 1635 judicio

1854 1663 2099 1717 futurum
2127 1678 2250 1718 esse
2271 1669 2584 1734 cognoscat.
2618 1681 2636 1715 ›

1926 1753 2057 1809 LVI.
2094 1753 2328 1812 Sanctus
2355 1752 2647 1819 Caesarius,
2670 1752 2928 1808 Ecclesia:
2951 1749 3284 1807 Arelatensis
3337 1747 3454 1820 epi-

153 1857 246 1899 sm
280 1843 582 1913 imperator
627 1843 775 1898 mum
824 1859 985 1916 θεετθ
1032 1844 1232 1899 “bere
1281 1850 1593 1899 ῑθειπεῐιιΐδ
1644 1840 1743 1896 Clli
1771 1849 1821 1910 B
1848 1863 2065 1919 scopus,
2092 1846 2247 1916 cujus
2282 1849 2534 1903 meritum
2556 1856 2611 1903 et
2640 1847 2944 1903 doctrinam
2973 1846 3084 1901 vita
3110 1843 3229 1915 ejus
3256 1851 3312 1899 et
3358 1842 3445 1917 mi-

154 1936 438 2007 episcopus
467 1954 480 1990 :
518 1936 663 2008 Ergo
684 1952 787 2009 ago
816 1937 921 1993 fide
942 1946 1054 1993 tua.
1082 1937 1380 2007 Respondit
1408 1936 1703 2009 imperator
1727 1954 1741 1989 :

151 2030 269 2101 Age
313 2031 419 2087 ﬁde
448 2045 587 2087 mea.
621 2030 739 2099 Qua
782 2033 1075 2104 sponsione
1112 2033 1307 2088 iterata
1327 2072 1342 2097 ,
1373 2045 1603 2087 securus
1625 2045 1749 2102 per-

153 2122 269 2195 egit
299 2123 554 2179 sacerdos
582 2123 766 2179 divina
800 2122 1080 2195 mysteria.
1123 2142 1143 2175 ι

224 2211 361 2269 LIV.
390 2214 449 2268 In
474 2228 580 2285 quo
607 2213 752 2270 facto
805 2214 942 2268 tanti
976 2212 1101 2278 viri,
1132 2211 1228 2283 qui
1272 2211 1581 2267 nullatenus
1610 2208 1754 2266 ferre

153 2307 332 2380 potuit
371 2314 433 2361 ut
475 2320 748 2379 synagoga
789 2305 1123 2370 Judaeorum,
1180 2305 1305 2360 licet
1352 2320 1382 2360 a
1429 2303 1755 2360 Christianis

157 2407 519 2464 concremata,
564 2398 634 2454 ab
674 2399 930 2470 episcopo
963 2406 1020 2453 et
1066 2398 1135 2453 ab
1179 2396 1382 2453 eisdem
1425 2394 1755 2452 Christianis

157 2491 575 2558 instauraretur,
608 2491 684 2546 ita
710 2500 769 2545 ut
789 2505 889 2563 pro
920 2489 1015 2544 tali
1041 2505 1098 2543 re
1120 2497 1352 2543 mortem
1380 2486 1565 2543 subire
1596 2500 1757 2557 para-

159 2592 246 2640 tus
269 2592 439 2649 esset,
472 2599 541 2639 ne
585 2584 972 2653 imperatorem
1005 2579 1210 2635 faceret
1255 2579 1754 2651 praevaricatorem,

160 2679 289 2750 quid
327 2677 476 2733 aliud
522 2676 862 2749 principibus
891 2675 1125 2741 nostris,
1153 2674 1283 2744 quid
1323 2673 1480 2729 nobis
1510 2671 1759 2727 conside-

159 2773 410 2838 randum,
442 2780 498 2825 et
525 2786 625 2840 pro
651 2769 858 2824 viribus
890 2764 1209 2822 imitandum
1235 2775 1318 2822 est
1346 2765 1450 2821 nisi
1475 2765 1673 2836 primo,
1697 2769 1760 2817 ut

161 2871 394 2919 caveant
436 2862 514 2918 illi
563 2877 633 2918 ne
668 2860 906 2916 inimicis
953 2858 1196 2923 Christi,
1244 2864 1429 2913 contra
1482 2854 1761 2911 Christum

162 2957 253 3027 qui
307 2970 405 3012 eos
450 2953 758 3010 sublimiter
809 2948 1140 3017 honoravit,
1186 2951 1445 3006 honorem
1495 2948 1759 3004 tribuant.

164 3048 373 3105 Deinde
402 3062 593 3103 omnes
628 3047 838 3118 pariter
888 3043 1271 3115 intelligamus,
1315 3041 1443 3112 quia
1491 3054 1765 3112 synagoga

162 3157 355 3198 eorum
380 3184 396 3209 ,
437 3155 710 3214 synagoga
756 3139 945 3208 utique
972 3135 1220 3199 Satante,
1254 3134 1446 3189 domus
1501 3130 1763 3201 sacrilega

1853 1943 2039 1998 racula
2070 1942 2271 2013 scripta
2298 1952 2353 1996 et
2383 1941 2550 1995 multa
2578 1958 2641 1997 ac
2671 1941 2933 2012 praeclara
2961 1937 3077 2008 ejus
3105 1943 3455 1992 monumenta

1851 2040 2159 2098 testantur,
2189 2041 2396 2087 etcum
2428 2047 2494 2086 eo
2529 2031 2618 2086 alii
2664 2032 2885 2104 triginta
2934 2031 3173 2100 quinque
3221 2024 3461 2098 episcopi

1777 2112 1786 2122 ’
1857 2122 1946 2178 vel
1981 2122 2171 2178 vicarii
2213 2124 2614 2195 episcoporum,
2655 2123 2973 2196 congregati
3003 2122 3056 2176 in
3088 2136 3252 2176 unum
3282 2119 3336 2173 in
3366 2134 3464 2172 no-

1854 2218 2003 2273 mine
2047 2216 2261 2273 Domini
2307 2235 2406 2290 pro
2459 2218 2776 2274 defensione
2821 2228 2875 2273 et
2921 2216 3333 2273 confirmatione
3372 2229 3466 2269 ca-

1858 2308 2074 2364 tholicae
2100 2309 2368 2375 veritatis,
2399 2309 2541 2364 inter
2580 2318 2777 2365 caetera
2808 2317 3119 2364 statuerunt
3160 2306 3235 2362 ita
3278 2304 3462 2377 (Cone.

1858 2402 2050 2473 Agam.
2080 2420 2199 2457 can.
2252 2401 2346 2471 40)
2377 2417 2392 2458 :
2428 2421 2447 2453 ‹
2479 2400 2684 2457 Omnes
2701 2402 2954 2472 deinceps
2973 2399 3177 2463 clerici,
3199 2400 3311 2453 sive
3341 2394 3467 2451 laici

1858 2492 2169 2549 Judmorum
2196 2495 2446 2552 convivia
2480 2496 2705 2561 evitent,
2735 2504 2913 2550 etnec
2933 2509 3026 2550 eos
3052 2494 3120 2547 ad
3154 2490 3467 2547 convivium

1861 2588 1986 2656 quis
2016 2586 2269 2656 excipiat.
2295 2586 2434 2653 Quia
2465 2602 2588 2641 cum
2613 2588 2753 2658 apud
2774 2586 3114 2642 Christianos
3144 2584 3284 2640 cibis
3321 2597 3470 2638 com-

1864 2677 2119 2733 munibus
2151 2691 2258 2731 non
2304 2684 2548 2742 utantur,
2588 2676 2865 2747 indignum
2917 2684 3002 2731 est
3048 2684 3212 2744 atque
3246 2670 3471 2729 sacrile-

1864 2786 1991 2842 gum
2018 2784 2212 2826 eorum
2236 2770 2385 2826 cibos
2408 2786 2436 2824 a
2461 2769 2789 2826 Christianis
2840 2768 3000 2834 sumi,
3054 2784 3177 2823 cum
3222 2781 3285 2821 ea
3328 2779 3470 2835 quae,

1866 2864 2129 2936 Apostolo
2170 2863 2541 2934 permittente,
2585 2879 2686 2919 nos
2732 2862 3019 2927 sumimus,
3062 2862 3130 2917 ab
3182 2858 3287 2914 illis
3326 2856 3474 2927 judi-

1870 2964 2065 3014 centur
2086 2958 2384 3013 immunda.
2410 2955 2488 3012 Ac
2516 2956 2595 3012 sic
2619 2956 2882 3026 incipiant
2914 2948 3201 3011 inferiores
3223 2967 3343 3007 csse
3381 2965 3474 3005 ca-

1874 3051 2057 3108 tholici
2095 3067 2257 3133 quam
2285 3049 2491 3117 Judaei;
2528 3050 2573 3104 si
2613 3065 2712 3105 nos
2744 3050 2829 3104 bis
2876 3063 2997 3117 quae
3041 3046 3109 3101 ab
3156 3044 3262 3099 illis
3304 3057 3471 3114 appu—

1875 3154 2080 3201 nuntur
2102 3154 2339 3211 utamur,
2365 3142 2440 3198 illi
2461 3157 2591 3198 vero
2611 3158 2644 3197 a
2670 3140 2826 3197 nobis
2846 3139 3024 3196 oblata
3044 3143 3416 3193 contemnant.
3449 3153 3468 3187 ι

164 3243 271 3299 est,
302 3241 489 3287 contra
519 3231 807 3286 ecclesiam
834 3228 930 3284 Dei
954 3236 1137 3282 erecta
1154 3266 1169 3291 ,
1196 3234 1383 3280 etnon
1416 3224 1609 3283 domus
1637 3236 1762 3277 ora-

1941 3233 2099 3289 LVII.
2149 3234 2388 3299 Priscus,
2441 3230 2701 3288 Ecclesiae
2740 3229 3119 3301 Lugdunensis
3163 3227 3470 3297 episcopus,

165 3325 353 3390 tionis,
384 3323 481 3380 sed
526 3323 782 3395 spelunca
813 3322 1105 3377 latronum.
1137 3317 1292 3374 Unde
1348 3316 1569 3371 omnino
1620 3314 1763 3370 indi-

162 3431 334 3488 gnum
354 3425 493 3481 erat,
514 3424 575 3470 ut
593 3415 811 3471 domum
833 3411 1103 3482 sacrilegii
1126 3418 1180 3464 et
1201 3408 1551 3479 blasphemiae
1572 3421 1764 3463 eorum

164 3509 432 3564 adversus
458 3507 764 3570 Christum,
793 3502 1087 3559 Christiani
1114 3502 1409 3571 erigerent.
1457 3499 1524 3554 Et
1548 3500 1595 3554 si
1640 3500 1764 3563 hoc,

162 3609 402 3672 cogente
427 3601 777 3669 imperatore,
798 3595 990 3651 fuisset
1011 3594 1215 3650 factum
1237 3635 1251 3659 ,
1276 3594 1434 3648 ﬁeret
1461 3595 1578 3648 sine
1603 3592 1769 3647 dubio

167 3694 474 3763 imperator
517 3690 841 3747 Christianae
872 3687 1152 3760 religionis
1197 3686 1602 3756 praevaricator.
1634 3684 1773 3751 Quia

166 3786 247 3842 ita
310 3783 431 3839 istis
487 3784 542 3838 in
596 3781 903 3838 forensibus
946 3779 1126 3836 causis
1172 3777 1389 3849 negotia
1447 3793 1543 3833 sua
1594 3774 1773 3831 civilia

165 3892 334 3950 agere
362 3889 683 3933 concessum
713 3883 827 3939 est,
856 3883 915 3929 ut
956 3881 1136 3927 tamen
1192 3868 1475 3941 sacrilegia
1530 3869 1773 3941 ipsorum

170 3984 391 4041 semper
422 3965 807 4032 abominanda,
833 3977 1113 4034 nunquam
1160 3959 1613 4017 communicanda
1639 3959 1768 4014 sint.

174 4062 386 4132 Quibus
425 4075 495 4116 ne
530 4057 877 4116 Christianus
913 4057 1209 4126 imperator
1235 4060 1293 4107 et
1316 4050 1657 4107 Christianus
1685 4063 1775 4119 po-

175 4157 337 4230 pulus
390 4152 795 4226 praevaricando
850 4148 1360 4211 communicarent,
1410 4144 1497 4201 vir
1553 4151 1777 4199 sanctus

175 4247 500 4320 martyrium
536 4260 595 4302 se
632 4241 864 4301 credidit
909 4241 1182 4313 accipere,
1213 4238 1259 4296 si
1289 4252 1389 4310 pro
1415 4236 1509 4292 tali
1541 4251 1601 4293 re
1630 4250 1776 4291 mor-

181 4350 289 4397 tem
319 4338 548 4396 subiret.
686 4390 692 4397 ,
1368 4338 1373 4344 ·

248 4432 361 4489 LV.
414 4430 695 4488 Alchimus
742 4426 936 4483 Avitus
960 4467 976 4494 ,
1010 4424 1270 4482 Ecclesia:
1305 4420 1632 4478 Viennensis
1665 4418 1781 4489 epi-

185 4542 403 4599 scopus,
450 4523 683 4580 eximius
728 4528 784 4578 et
828 4518 1164 4576 orthodoxus
1198 4517 1421 4578 doetor;
1462 4519 1518 4567 et
1560 4518 1782 4567 sanctus

185 4617 533 4691 Apollinaris,
585 4615 873 4685 episcopus
916 4610 1175 4666 Ecclesiae
1232 4605 1570 4669 Valentinaa;
1622 4601 1781 4671 cujus

187 4712 379 4767 merita
407 4709 599 4765 crebra
629 4707 745 4777 ejus
777 4704 1036 4761 miracula
1084 4715 1257 4771 usque
1290 4698 1452 4753 hodie
1479 4694 1785 4752 sublimiter

190 4804 490 4867 testantur;
521 4807 578 4856 et
613 4806 831 4854 sanctus
879 4794 1212 4867 Gregorius,
1253 4789 1563 4863 Lingonicte
1606 4787 1789 4843 Eccle-

191 4898 281 4954 sia:
324 4894 617 4967 episcopus
666 4890 819 4961 cujus
869 4890 1034 4945 etiam
1080 4885 1377 4942 reverenda
1427 4882 1689 4938 memoria
1731 4880 1787 4934 in

200 4987 444 5045 Ecclesia
504 4985 690 5050 ﬁoret;
737 4991 794 5037 et
840 4982 1035 5037 beatus
1092 4973 1432 5032 Viventiolus
1460 5012 1477 5039 ,
1526 4970 1787 5028 Ecclesia:

195 5079 568 5154 Lugdunensis
592 5077 899 5148 episcopus,
924 5070 1079 5143 cujus
1108 5070 1413 5127 doctrinam
1451 5068 1619 5123 etiam
1649 5065 1782 5120 alio-

198 5190 311 5230 rum
339 5175 411 5231 de
448 5187 515 5229 eo
555 5170 755 5241 scripta
781 5174 1068 5241 testantur,
1098 5179 1222 5221 cum
1252 5161 1375 5218 aliis
1400 5158 1593 5232 viginti
1635 5172 1786 5213 reve—

200 5265 524 5326 rentissimis
551 5262 853 5335 episcopis,
884 5260 938 5315 in
958 5238 1433 5323 'nomineDomini
1467 5250 1784 5325 congregati

201 5375 294 5432 pro
336 5358 650 5416 defensione
692 5365 747 5411 et
786 5360 929 5411 statu
965 5350 1245 5415 Ecclesiae,
1281 5348 1347 5403 de
1391 5361 1453 5401 re
1491 5344 1604 5416 jam
1639 5343 1787 5399 dicta

205 5452 277 5508 ita
303 5453 446 5508 inter
474 5458 671 5507 cattera
697 5453 1005 5503 statuerunt
1040 5441 1222 5513 (Cone.
1248 5440 1481 5512 Epaon.,
1506 5436 1739 5509 can.15)
1766 5455 1780 5491 :

214 5565 232 5598 ι
264 5545 319 5603 Si
368 5543 667 5617 superioris
717 5542 823 5598 loci
867 5540 1096 5597 clericus
1126 5534 1366 5593 haeretici
1420 5533 1788 5605 cujuscunque

210 5641 451 5697 convivio
505 5637 843 5702 interfuerit,
890 5633 1020 5690 anni
1078 5632 1251 5703 spatio
1299 5645 1490 5702 pacem
1535 5628 1790 5687 Ecclesiae

211 5746 314 5789 non
346 5733 586 5789 habebit.
631 5731 785 5800 Quod
825 5729 1070 5801 iuniores
1108 5724 1313 5791 clerici,
1356 5725 1400 5780 si
1426 5738 1786 5794 praesumpse-

214 5824 346 5901 tfint,
382 5826 729 5900 vapulabunt.
763 5824 808 5880 Α
830 5822 1138 5879 Iudaeorum
1163 5834 1293 5876 vero
1316 5816 1579 5875 conviviis
1622 5817 1790 5874 etiam
1832 5858 1835 5859 γ

1869 3326 2189 3382 Arthemius
2213 3324 2515 3390 Senoniae,
2542 3322 2832 3378 Remedius
2853 3321 3128 3391 Biturigae,
3173 3326 3228 3374 et
3254 3323 3475 3374 sanctus

1871 3418 2136 3491 Syagrius
2175 3418 2483 3475 Heduorum
2517 3416 2825 3488 episcopus,
2876 3430 2999 3491 cum
3042 3413 3258 3471 caeteris
3300 3410 3473 3482 pluri-

1869 3514 1994 3576 bus,
2022 3520 2223 3567 statuta
2249 3486 2620 3567 ecclesiastica
2641 3486 2981 3570 renovantes,
3024 3509 3100 3562 ita
3144 3506 3474 3562 deﬁnierunt

1874 3602 2061 3673 (Cone.
2106 3601 2316 3656 Matisc.
2348 3619 2388 3667 ι,
2416 3618 2535 3655 can.
2568 3601 2657 3673 l5)
2696 3622 2712 3656 ;
2761 3621 2779 3651 ι
2817 3600 2892 3654 Ne
2940 3598 3109 3654 Judaei
3152 3596 3478 3653 Christianis

1872 3694 2091 3766 populis
2115 3693 2328 3764 judices
2354 3693 2702 3763 deputentur,
2730 3701 2825 3747 aut
2856 3690 3141 3746 telonearii
3177 3704 3299 3744 esse
3352 3704 3478 3757 per-

1876 3784 2169 3840 mittantur
2200 3801 2215 3838 :
2245 3799 2343 3855 per
2364 3784 2509 3853 quod
2540 3783 2647 3837 illis
2673 3782 2839 3854 (quod
2866 3782 3008 3837 Deus
3036 3779 3266 3850 avertat)
3316 3778 3478 3834 Chri-

1877 3875 2044 3934 stiani
2062 3875 2349 3931 videantur
2361 3889 2483 3931 esse
2497 3874 2745 3945 subjecti.
2770 3895 2789 3927 ι
2813 3871 2967 3943 (Can.
2990 3872 3099 3946 14.)
3125 3892 3143 3924 ‹
3166 3869 3478 3936 Utludzeis,

1880 3985 1913 4024 a
1944 3983 2100 4025 cwna
2126 3966 2339 4025 Domini
2369 3982 2540 4038 usque
2596 3967 2649 4021 in
2698 3966 2873 4036 prima
2916 3964 3125 4020 Pascha
3162 3962 3479 4035 (secundum

1878 4061 2116 4117 edictum
2148 4060 2303 4115 bonae
2357 4057 2754 4114 recordationis
2791 4057 2978 4112 domui
3020 4054 3353 4111 Cbildeberti
3399 4068 3483 4109 re-

1880 4154 1985 4228 gis)
2020 4167 2120 4225 per
2143 4150 2353 4223 plateas
2393 4157 2485 4206 aut
2523 4149 2721 4215 forum,
2748 4149 2903 4220 quasi
2956 4145 3250 4203 iusultandi
3285 4158 3478 4209 causa,

1881 4242 2260 4302 deambulaudi
2290 4241 2507 4298 licentia
2544 4242 2843 4313 denegetur
2878 4257 2892 4293 :
2938 4248 2994 4296 et
3024 4247 3087 4294 ut
3115 4236 3480 4294 reverentiam

1882 4338 2095 4395 cunctis
2117 4335 2494 4393 sacerdotibus
2524 4334 2759 4401 Domini,
2782 4333 2868 4390 vel
2888 4332 3103 4389 clericis
3124 4330 3471 4403 impendant:

1883 4445 1988 4487 nec
2018 4438 2143 4485 ante
2173 4428 2486 4483 sacerdotes
2513 4441 2830 4482 consessum
2852 4424 2956 4480 nisi
2989 4422 3228 4479 ordinati
3275 4422 3479 4477 habere

1883 4527 2237 4592 pnesumant.
2262 4518 2414 4585 Quod
2440 4518 2487 4574 si
2507 4516 2739 4573 fortasse
2759 4516 2940 4571 facere
2954 4512 3419 4586 przesumpserint,
3447 4527 3478 4565 a

1860 4604 2158 4684 ’judicibus
2186 4611 2430 4667 locorum
2454 4608 2639 4681 (prout
2663 4623 2893 4679 persona
2926 4605 3112 4677 fuerit)
3139 4604 3474 4672 distringan-

1890 4715 1999 4761 tur.
2021 4723 2039 4757 ι
2071 4703 2225 4777 (Can.
2248 4703 2358 4775 15.)
2378 4721 2395 4754 ‹
2423 4702 2489 4756 Et
2508 4710 2568 4756 ut
2590 4699 2769 4756 nullus
2797 4698 3143 4755 Christianus
3168 4694 3481 4753 Iudaeorum

1890 4796 2153 4854 conviviis
2178 4794 2507 4866 participare
2535 4801 2850 4863 praesumat.
2878 4791 3034 4859 Quod
3076 4791 3122 4846 si
3150 4789 3331 4845 facere
3362 4788 3484 4859 qui-

1889 4904 2102 4960 cunque
2154 4888 2320 4959 (quod
2345 4884 2498 4942 nefas
2525 4894 2610 4941 est
2647 4885 2774 4957 dici)
2806 4885 3057 4952 clericus,
3081 4892 3175 4939 aut
3204 4880 3483 4938 saecularis

1887 4980 2294 5054 praesumpserit
2331 4980 2401 5033 ab
2437 4977 2680 5033 omnium
2710 4975 3150 5031 Christianorum
3203 4969 3483 5029 consortio

1885 5089 1948 5130 se
1975 5072 2188 5128 noverit
2214 5069 2572 5126 coercendum
2603 5068 2849 5139 quisquis
2881 5083 3069 5123 eorum
3094 5062 3474 5135 impietatibus

1887 5163 2052 5220 fuerit
2086 5163 2415 5233 inquinatus.
2455 5180 2476 5212 ι
2520 5159 2677 5233 (Can.
2730 5159 2841 5231 l6.)
2878 5180 2897 5213 ι
2957 5159 3022 5213 Et
3058 5158 3187 5213 licet
3215 5153 3345 5227 quid
3404 5150 3473 5206 de

1887 5255 2233 5323 Christianis,
2263 5255 2355 5325 qui
2375 5261 2470 5313 aut
2490 5253 2824 5325 captivitatis
2852 5252 3095 5317 incursu,
3120 5257 3214 5305 aut
3258 5246 3482 5317 quibus-

1887 5365 2101 5421 cuuque
2139 5348 2439 5414 fraudibus,
2491 5345 2804 5403 Iudaeorum
2856 5344 3080 5400 servitio
3126 5341 3476 5412 implicantur

1890 5445 2087 5502 debeat
2109 5442 2392 5507 custodiri,
2425 5456 2533 5495 non
2558 5439 2736 5496 solum
2769 5437 3070 5501 canonicis,
3100 5434 3195 5490 sed
3226 5443 3281 5487 et
3304 5429 3483 5499 legum

1888 5535 2170 5594 lacneﬁciis
2201 5534 2314 5606 jam
2362 5532 2570 5603 pridem
2621 5529 2784 5586 fuerit
2829 5528 3183 5584 constitutum
3233 5541 3247 5576 :
3299 5530 3479 5575 tamen

1891 5628 2017 5699 quia
2047 5642 2191 5681 nunc
2220 5626 2292 5679 ita
2320 5623 2678 5695 quorumdam
2705 5619 2923 5691 querela
2948 5626 3139 5673 exorta
3179 5623 3282 5680 est,
3316 5627 3481 5683 quos-

1891 5722 2013 5778 dam
2039 5716 2252 5773 Judaeos
2270 5730 2367 5787 per
2388 5714 2637 5770 civitates
2658 5720 2752 5767 aut
2775 5709 3067 5780 municipia
3088 5707 3471 5771 consistentes,

1893 5816 1949 5873 in
1976 5816 2182 5871 tantam
2210 5810 2551 5867 insolentiam
2579 5816 2635 5863 et
2668 5804 2997 5877 proterviam
3052 5800 3390 5873 prorupisse,
3425 5804 3489 5855 ut
