3984 6460
497 393 602 448 185

1241 395 1591 454 AMULONIS
1630 399 1844 458 EPISC.
1889 401 2097 459 LUGD.
2137 401 2267 461 LIB.
2305 405 2583 464 CONTRA
2619 406 2928 466 JUDA’SOS.

3644 409 3767 471 184

495 525 595 564 nec
625 509 982 565 reclamantes
1021 509 1360 567 Christianos
1381 512 1540 568 liceat
1589 515 1674 571 vel
1711 517 1778 570 ad
1827 517 2056 587 pretium
2087 521 2141 581 Α
2164 533 2289 590 gum
2317 517 2564 588 judicant
2586 535 2709 577 esse
2761 518 3090 588 convivium,
3116 529 3174 577 et
3219 521 3524 594 quicunque
3553 523 3610 578 in
3642 524 3764 580 bu-

496 602 562 654 de
591 615 779 656 eorum
811 617 974 672 posse
999 603 1260 658 servitute
1301 604 1527 660 absolvi.
1560 606 1766 664 Idcirco
1806 609 2093 678 praesenti'

495 694 744 761 concilio,
776 695 890 750 Deo
916 704 1156 762 auctore,
1200 697 1494 763 sancimus,
1517 706 1577 752 ut
1599 698 1772 754 nullus
1801 699 2064 756 Christia-

493 801 596 839 nus
617 782 803 840 Iudaeo
836 785 1088 855 deinceps
1126 786 1325 842 debeat
1345 787 1652 856 deservire;
1689 790 1783 846 sed
1807 791 1947 846 datis
1967 806 2064 862 pro

494 878 735 948 quolibet
793 879 935 934 bono
991 879 1265 949 mancipio
1310 882 1592 938 duodecim
1637 883 1844 949 solidis,
1887 885 2064 954 ipsum

492 968 816 1038 mancipium
846 967 1152 1038 quicunque
1180 968 1542 1038 Christianus,
1573 986 1667 1028 seu
1698 973 1765 1029 ad
1816 975 2062 1045 ingenui-

489 1065 678 1120 tatem,
695 1059 808 1112 sive
830 1058 896 1112 ad
916 1059 1194 1115 servitium
1228 1060 1497 1118 licentiam
1530 1063 1728 1120 habeat
1745 1065 2063 1123 redimendi.

487 1146 620 1212 Quia
665 1145 815 1202 nefas
862 1157 949 1204 est
989 1158 1049 1204 ut
1078 1165 1214 1219 quos
1257 1151 1510 1208 Christus
1551 1154 1814 1211 Dominus
1848 1157 2066 1229 sangui-

483 1237 568 1290 nis
590 1237 672 1291 sui
692 1236 954 1294 effusione
974 1241 1226 1308 redemit,
1252 1253 1659 1313 persecutorum
1690 1248 1920 1304 vinculis
1945 1265 2068 1320 per-

484 1336 745 1382 maneant
792 1328 1006 1402 irretiti.
1035 1330 1189 1399 Quod
1228 1333 1270 1389 si
1299 1337 1645 1405 acquiescere
1686 1339 1772 1394 his
1801 1356 1919 1410 quae
1959 1349 2068 1398 sta-

482 1420 688 1475 tuimus
726 1421 1034 1492 quicunque
1063 1423 1279 1481 Judmus
1323 1427 1576 1498 noluerit,
1607 1433 1845 1501 quandiu
1872 1433 1940 1488 ad
1968 1451 2065 1506 pe-

481 1513 698 1568 cuniam
722 1517 1068 1573 constitutam
1091 1520 1275 1575 venire
1298 1521 1590 1592 distulerit,
1619 1525 1778 1582 liceat
1797 1529 2066 1601 mancipio

479 1601 586 1672 ipsi
633 1619 757 1658 cum
801 1605 1126 1664 Christianis
1165 1611 1470 1683 ubicunque
1511 1615 1762 1684 voluerit,
1792 1618 2062 1678 habitare.

480 1692 618 1750 Illud
647 1697 811 1751 etiam
839 1700 1146 1769 specialiter
1192 1704 1516 1772 sancientes,
1562 1709 1706 1778 quod
1734 1711 1780 1766 si
1827 1713 1947 1782 quis
1975 1713 2069 1769 Ju-

483 1785 630 1842 daeus
659 1786 1025 1845 Christianum
1057 1795 1387 1864 mancipium
1413 1798 1483 1852 ad
1520 1814 1758 1856 errorem
1782 1802 2064 1861 Judaicum

2157 609 2454 681 juscemodi
2480 611 2585 667 illis
2607 612 2990 679 communicat,
3018 613 3255 684 ipsorum
3278 612 3643 685 impietatibus
3669 630 3767 670 as-

2162 715 2352 762 serunt
2389 707 2751 780 inquinatum.
2775 707 2918 777 Quid
2952 724 3084 780 ergo
3112 710 3272 766 nobis
3296 709 3365 766 ad
3392 711 3512 767 haec
3543 726 3766 767 conan-

2165 795 2291 853 dum
2317 807 2422 865 est,
2449 809 2502 856 et
2541 801 2830 874 agendum,
2877 801 2984 858 nisi
3019 810 3080 857 ut
3099 802 3157 858 in
3195 802 3344 858 nullo
3387 818 3575 860 eorum
3626 803 3766 860 vita

2164 897 2220 945 et
2243 888 2426 957 saluti,
2450 900 2544 948 aut
2569 892 2739 962 quieti
2766 892 2853 948 vel
2887 892 3091 948 divitiis
3132 893 3458 960 invidentes,
3493 893 3606 949 imo
3650 909 3766 950 eo-

2166 996 2288 1036 rum
2329 996 2514 1038 veram
2562 983 2789 1040 salutem
2831 983 2949 1055 (pro
2993 999 3098 1056 qua
3148 984 3388 1042 Ecclesia
3433 984 3768 1043 solemniter

2165 1086 2323 1128 orare
2368 1075 2673 1149 consuevit)
2724 1077 2994 1132 veraciter
3057 1077 3412 1148 inquirentes,
3468 1092 3767 1135 servemus

2166 1176 2296 1234 erga
2315 1179 2410 1220 eos
2442 1164 2868 1222 ecclesiasticam
2903 1168 3277 1226 sinceritatem
3307 1183 3373 1226 ac
3407 1169 3763 1240 disciplinam

2167 1265 2224 1313 et
2251 1259 2568 1315 commissos
2607 1259 2764 1316 nobis
2806 1259 3045 1315 ﬁdelium
3089 1259 3338 1332 populos,
3387 1259 3539 1316 nullo
3585 1262 3762 1318 modo

2166 1363 2354 1405 eorum
2385 1351 2648 1424 contagiis
2677 1359 2733 1408 et
2753 1350 3052 1424 sacrilegiis
3088 1351 3286 1407 involvi
3322 1350 3644 1422 patiamur?

2237 1439 2348 1495 LX.
2382 1441 2639 1498 Homines
2690 1458 2925 1513 namque
2975 1443 3235 1514 perditos,
3282 1451 3340 1498 et
3384 1443 3759 1513 perditionem

2166 1546 2322 1588 suam
2348 1547 2453 1587 non
2481 1533 2726 1590 videntes
2773 1533 2848 1604 (id
2881 1527 2966 1591 est
3007 1534 3156 1605 ipsos
3185 1532 3419 1611 Iudaeos)
3449 1549 3558 1591 non
3581 1535 3761 1592 debe-

2166 1637 2292 1679 mus
2312 1624 2514 1680 nostris
2556 1625 2835 1682 blanditiis
2865 1636 2921 1682 et
2962 1625 3380 1693 adulationibus,
3431 1625 3520 1682 vel
3576 1627 3757 1698 (quod

2169 1714 2332 1787 absit)
2354 1715 2759 1773 defensionibus
2778 1716 3008 1774 reddere
3029 1717 3173 1774 male
3207 1733 3447 1775 securos.
3502 1717 3583 1774 Ne
3613 1734 3758 1789 quo-

2168 1823 2290 1863 rum
2313 1808 2568 1865 debemus
2593 1824 2716 1865 esse
2751 1819 3111 1876 correctores,
3155 1807 3450 1866 efﬁciamur
3495 1810 3758 1882 decepto-

475 1877 754 1933 convictus
791 1878 954 1971 fuerit
997 1885 1350 1951 persuasisse,
1405 1896 1461 1942 et
1490 1887 1607 1959 ipso
1642 1892 1910 1963 mancipio
1961 1910 2056 1951 ca-
2084 1884 2134 1946 Β
2161 1913 2269 1954 res.
2300 1897 2559 1966 Qualibus
2590 1899 2848 1955 Dominus
2875 1915 2974 1970 per
2994 1901 3312 1971 prophetam
3357 1877 3754 1970 comminatur,

474 1976 608 2034 reat,
640 1979 695 2023 et
733 1969 888 2040 legali
933 1972 1279 2031 damnatione
1322 1976 1607 2047 plectatur.
1640 2001 1660 2036 ι

544 2059 719 2116 LVIII.
751 2059 984 2120 Sanctus
1017 2065 1200 2138 Lupus
1245 2067 1702 2130 Trecassenorum
1745 2078 2050 2150 episcopus,

473 2157 671 2206 etcum
693 2168 758 2207 eo
780 2153 871 2210 alii
898 2156 1087 2227 viginti
1142 2167 1375 2228 quatuor
1424 2164 1686 2236 episcopi,
1730 2168 1816 2222 vel
1862 2170 2052 2227 vicarii

471 2245 864 2314 episcoporum,
903 2247 1154 2305 similiter
1175 2250 1232 2306 in
1253 2254 1470 2310 nomine
1497 2255 1710 2312 Domini
1730 2261 1902 2316 nostri
1921 2259 2051 2318 Jesu

473 2338 677 2392 Christi
719 2343 1051 2414 congregati,
1102 2359 1203 2414 pro
1245 2346 1425 2402 causis
1467 2349 1712 2418 corporis
1756 2351 1873 2422 ejus
1907 2355 2050 2424 quod

469 2441 552 2484 cst
580 2431 839 2498 Ecclesia,
863 2434 1005 2489 inter
1020 2437 1186 2491 multa
1209 2427 1324 2494 haec
1347 2439 1512 2495 etiam
1535 2449 1838 2498 statuerunt
1865 2444 2046 2516 (Cone.

470 2521 646 2614 darei.
682 2540 759 2589 III,
787 2542 907 2579 can.
945 2526 1036 2596 50)
1067 2545 1079 2581 :
1118 2549 1136 2580 ι
1176 2528 1312 2596 Quia
1342 2531 1453 2586 Deo
1479 2533 1713 2602 propitio
1739 2535 1838 2590 sub
1862 2537 2050 2591 catbo-
2089 2611 2091 2614 Q

469 2609 691 2666 licorum
740 2629 927 2686 regum
987 2618 1352 2678 dominatione
1399 2625 1774 2694 consistimus;
1819 2627 1986 2685 Judaei
2015 2647 2047 2686 a

467 2701 550 2757 die
579 2717 746 2760 coena:
775 2706 986 2763 Domini
1015 2725 1186 2780 usque
1221 2712 1275 2768 in
1304 2716 1538 2772 secunda
1568 2718 1780 2775 sabbati
1826 2720 1882 2776 in
1915 2720 2048 2778 Pas-

467 2793 588 2857 Cha,
613 2794 715 2849 hoc
735 2805 839 2861 est,
864 2798 919 2852 in
947 2800 1062 2870 ipso
1083 2805 1390 2873 quatriduo,
1415 2809 1711 2878 procedere
1732 2812 1875 2869 inter
1893 2813 2046 2872 Chri-

467 2885 688 2951 stianos,
711 2903 885 2978 neque
907 2893 1188 2950 catholicis
1208 2898 1418 2968 populis
1436 2915 1496 2970 se
1517 2901 1629 2958 ullo
1648 2903 1787 2972 loco,
1808 2907 1894 2963 vel
1912 2924 2048 2979 qua-

466 2989 678 3044 cunque
709 2979 992 3036 occasione
1023 2983 1252 3040 miscere
1290 2999 1638 3057 praesumant.
1674 3014 1692 3045 ι
1722 2992 1781 3048 In
1812 2996 2045 3054 concilio

465 3064 766 3124 Laodiceno
817 3071 956 3141 (can.
999 3073 1066 3126 57
1113 3085 1163 3129 et
1204 3075 1294 3150 58)
1334 3086 1597 3137 statutum
1623 3092 1708 3139 est
1747 3102 1761 3140 :
1818 3106 1837 3139 ‹
1890 3087 2044 3156 Quod

462 3172 568 3211 non
597 3170 841 3229 Oporteat
867 3178 897 3216 a
926 3162 1123 3222 Judaais
1154 3169 1240 3224 vel
1274 3171 1562 3238 haereticis,
1587 3191 1651 3232 ea
1671 3193 1790 3249 quae
1812 3180 2041 3237 mittun-

2155 1990 2387 2046 dicens:
2421 2009 2440 2042 ι
2471 1991 2536 2045 Et
2555 1999 2718 2046 erunt
2764 1992 2857 2062 qui
2897 1991 3218 2047 beatificant
3260 1991 3518 2063 populum
3559 1993 3752 2064 istum,

2159 2100 2177 2134 ι
2208 2088 2264 2137 et
2287 2080 2381 2152 qui
2408 2080 2806 2146 beatiﬁcantur,
2833 2082 3152 2153 praecipitati
3178 2079 3312 2155 (Ira.
3338 2097 3414 2149 ut,
3445 2082 3558 2156 16).
3590 2103 3611 2137 ι
3641 2083 3755 2142 Sed

2151 2171 2436 2242 vigilanter
2477 2187 2671 2228 eorum
2719 2173 3018 2243 reprimere
3066 2173 3453 2244 blaspltemias,
3499 2182 3556 2230 et
3609 2175 3752 2232 illud

2151 2261 2231 2317 eis
2267 2262 2465 2332 saepius
2497 2262 2786 2318 anuntiare
2813 2264 2957 2334 quod
2983 2263 3116 2334 ipsis
3141 2263 3402 2321 Dominus
3426 2264 3756 2322 terribiliter

2151 2355 2532 2420 comminatur,
2593 2355 2779 2411 dicens
2824 2374 2841 2410 :
2905 2373 2925 2407 c
2975 2353 3034 2411 Si
3060 2356 3206 2412 enim
3250 2372 3360 2413 non
3404 2357 3754 2415 credideritis

2158 2462 2177 2496 ε
2210 2446 2338 2516 quia
2366 2461 2466 2517 ego
2487 2461 2628 2511 sum,
2647 2446 2955 2502 moriemini
2989 2447 3042 2502 in
3078 2447 3316 2518 peccatis
3339 2448 3537 2504 vestris
3556 2447 3746 2518 (Joan.

2155 2555 2174 2589 ι
2201 2552 2318 2604 vni,
2341 2537 2456 2609 24).
2481 2556 2499 2589 ι
2522 2537 2964 2608 Compassionem
2984 2537 3040 2593 et
3059 2539 3448 2610 benignitatem
3475 2540 3748 2612 Apostoli,

2149 2637 2441 2701 quantum,
2477 2628 2588 2685 Deo
2621 2629 2905 2700 largiente,
2949 2645 3259 2701 possumus,
3293 2632 3572 2704 studentes
3615 2632 3747 2688 imi-

2148 2722 2276 2789 tari,
2299 2737 2418 2793 qua:
2438 2722 2506 2778 de
2527 2722 2631 2778 illis
2657 2723 2732 2778 ait
2755 2738 2770 2779 :
2795 2741 2816 2775 α
2841 2721 3140 2781 Veritatem
3161 2725 3280 2781 dico
3300 2724 3354 2780 in
3369 2723 3609 2792 Christo,
3635 2740 3748 2781 non

2153 2832 2173 2866 ι
2204 2814 2459 2881 mentior,
2491 2814 2859 2871 testimonium
2885 2815 3021 2890 (mihi
3073 2816 3396 2888 perhibente
3447 2818 3743 2874 conscien-

2152 2925 2172 2959 ‹
2208 2905 2281 2961 tia
2308 2921 2426 2961 mea
2457 2906 2513 2962 in
2563 2905 2767 2977 Spiritu
2816 2915 3036 2976 sancto;
3084 2909 3342 2980 quoniam
3390 2909 3614 2966 tristitia
3657 2920 3744 2967 est

2151 3015 2172 3050 ι
2209 2997 2346 3053 mihi
2374 3013 2586 3069 magna,
2626 3006 2683 3053 et
2731 2998 3020 3054 continuus
3059 2998 3211 3055 dolor
3253 2999 3406 3055 cordi
3450 3013 3597 3066 meo,
3640 3015 3744 3070 pro

2150 3107 2172 3142 ι
2205 3086 2466 3144 fratribus
2494 3089 2631 3146 meis
2653 3089 2746 3160 qui
2769 3097 2897 3145 sunt
2918 3089 3135 3161 cognati
3163 3089 3272 3144 mei
3307 3090 3606 3146 secundum
3630 3106 3742 3146 car-

2152 3199 2171 3233 ‹
2205 3195 2352 3246 nem,
2377 3182 2471 3251 qui
2514 3189 2641 3237 sunt
2659 3181 2919 3238 Israelita:
2944 3179 3118 3254 (Rom.
3147 3197 3222 3248 rx,
3249 3182 3324 3254 1).
3361 3202 3380 3235 ι
3411 3181 3480 3238 Ει
3503 3183 3738 3239 iterum:

462 3259 553 3304 tur
573 3268 796 3308 munera
817 3255 1009 3314 festiva
1038 3262 1333 3332 suscipere,
1359 3281 1462 3322 nec
1489 3283 1609 3323 cum
1636 3271 1715 3326 eis
1735 3270 1870 3328 festa
1899 3273 2041 3330 cele-
2066 3235 2112 3300 C
2147 3292 2167 3327 ε
2194 3274 2433 3341 Fratres,
2463 3273 2712 3331 voluntas
2738 3273 2952 3346 quidem
2975 3275 3153 3331 cordis
3173 3274 3303 3343 mei,
3349 3282 3409 3330 et
3431 3274 3740 3331 obsecratio

459 3343 638 3398 brare.
669 3345 736 3400 Et
763 3349 905 3417 quod
929 3365 1037 3406 non
1073 3362 1318 3422 oporteat
1366 3372 1397 3410 a
1431 3357 1630 3416 Judaeis
1670 3377 1860 3434 azyma
1895 3367 2041 3422 acci-

460 3448 612 3502 pere,
642 3445 698 3489 et
724 3441 1122 3499 communicare
1171 3445 1539 3517 impietatibus
1581 3467 1788 3509 eorum.
1827 3474 1849 3507 ›
1883 3456 1951 3511 Et
1982 3457 2038 3514 in

461 3523 566 3620 alio
598 3528 825 3620 concilio
859 3529 1040 3598 (Cone.
1085 3535 1298 3592 Arvern.
1332 3555 1368 3604 ι,
1401 3557 1518 3596 can.
1556 3543 1608 3614 6)
1641 3563 1653 3599 :
1691 3563 1710 3597 ι
1745 3545 1816 3602 Ut
1843 3548 1889 3604 si
1917 3550 2042 3620 quis

460 3613 699 3672 Judaicte
719 3620 992 3688 pravitati,
1010 3621 1177 3695 jugali
1192 3627 1450 3685 societate
1472 3613 1840 3706 coniungitur;
1858 3638 1911 3693 id
1931 3613 2038 3706 est,

459 3723 554 3763 seu
579 3708 884 3769 Christiano
903 3713 1107 3782 Judzea,
1136 3717 1250 3773 sive
1274 3717 1457 3777 Iudaeo
1486 3722 1793 3781 Christiana
1841 3729 2041 3786 mulier

459 3802 662 3857 carnali
692 3806 966 3861 consortio
993 3807 1322 3865 misceatur:
1351 3813 1554 3883 quique
1599 3815 1792 3871 horum
1828 3828 2039 3876 tantum

458 3893 612 3949 nefas
642 3895 925 3953 admisisse
955 3908 1268 3968 noscuntur,
1297 3917 1327 3956 a
1352 3902 1662 3962 Christiano
1689 3917 1835 3964 coetu
1877 3919 2040 3982 atque

456 3987 728 4053 convivio,
757 3997 812 4044 et
856 4004 886 4043 a
935 3994 1313 4051 communione
1365 3996 1622 4055 Ecclesiae
1659 4001 1909 4072 protinus
1953 4019 2038 4060 se-

457 4088 774 4149 grcgentur.
819 4099 837 4133 ι

524 4165 659 4221 LIX.
709 4169 850 4225 Ecce
900 4173 1229 4230 sanctissimi
1278 4185 1335 4232 et
1387 4181 1813 4238 reverentissimi
1852 4193 2037 4256 patres

454 4255 818 4314 Ecclesiarum
843 4261 960 4330 Dei,
981 4271 1035 4320 et
1053 4266 1224 4322 nostri
1245 4267 1299 4323 in
1322 4267 1552 4326 Domino
1582 4255 2032 4346 pradecesSores,

453 4347 858 4408 evidentissime
881 4353 935 4408 in
977 4354 1060 4411 his
1112 4359 1385 4426 omnibus,
1415 4361 1580 4417 etiam
1624 4365 1725 4419 sub
1759 4366 1924 4422 divini
1948 4369 2036 4440 ju-
2073 4368 2076 4370 ⁷

452 4437 576 4491 dicii
609 4443 998 4508 protestatione
1031 4446 1313 4517 definiunt,
1355 4460 1410 4507 et
1442 4452 1596 4510 nobis
1620 4455 1738 4511 sine
1780 4437 2035 4528 praajudi-

450 4528 536 4582 cio
585 4532 994 4591 custodiendum
1052 4539 1310 4605 tradunt,
1355 4537 1664 4599 Judaaorum
1709 4548 2032 4621 sacrilegam

449 4621 766 4680 societatem
795 4624 957 4696 (sicut
983 4635 1038 4683 et
1066 4637 1385 4686 caeterorum
1428 4632 1830 4710 haereticorum)
1871 4598 2028 4710 pzni-
2054 4598 2110 4662 Β

451 4719 539 4768 tus
575 4714 966 4788 detestandam,
1001 4730 1055 4780 et
1085 4740 1274 4783 eorum
1293 4726 1580 4800 profanum
1609 4742 1772 4804 atque
1809 4735 2032 4793 sacrile-

2146 3385 2166 3419 ‹
2204 3368 2272 3423 ad
2292 3367 2459 3423 Deum
2481 3367 2650 3439 litpro
2673 3367 2778 3424 illis
2798 3369 2853 3423 in
2876 3367 3102 3423 salutem
3119 3367 3299 3439 (Rom.
3323 3383 3381 3433 ι,
3397 3368 3449 3439 1)
3470 3410 3486 3435 ,
3517 3387 3536 3421 ι
3556 3377 3612 3424 et
3634 3369 3738 3423 alio

2140 3458 2259 3516 loco
2288 3477 2302 3514 :
2338 3479 2356 3511 ι
2386 3459 2638 3528 Quandiu
2675 3475 2774 3530 ego
2815 3475 2934 3516 sum
2973 3460 3213 3532 gentium
3236 3460 3526 3531 apostolus,
3552 3460 3736 3516 minis-

2145 3569 2165 3602 ι
2196 3552 2389 3607 terium
2421 3566 2601 3606 meum
2631 3551 3005 3608 honorificabo
3033 3570 3046 3606 :
3071 3553 3118 3607 si
3139 3568 3247 3624 quo
3277 3552 3436 3608 modo
3460 3553 3530 3608 ad
3567 3569 3733 3608 mu-

2143 3661 2163 3695 ‹
2197 3642 2413 3697 landum
2439 3658 2726 3714 provocem
2757 3659 2972 3699 carnem
3001 3659 3200 3711 meam,
3224 3653 3280 3700 et
3302 3643 3483 3700 salvos
3529 3644 3730 3700 faciam

2145 3753 2164 3785 ι
2198 3733 2407 3804 aliquos
2435 3749 2500 3789 ex
2526 3733 2649 3789 illis.
2683 3733 2742 3788 Si
2791 3734 2932 3789 enim
2974 3733 3195 3790 amissio
3235 3749 3450 3800 eorum,
3491 3735 3726 3790 reconci-

2145 3843 2162 3876 ι
2191 3824 2341 3880 liatio
2390 3833 2473 3880 est
2495 3824 2842 3894 mundi,qu:e
2881 3826 3177 3896 assumptio
3216 3825 3325 3882 nisi
3347 3825 3461 3880 vita
3495 3841 3555 3881 ex
3579 3840 3718 3880 moro

2144 3933 2164 3967 ε
2198 3915 2340 3970 tuis?
2361 3913 2533 3987 (Rom.
2563 3931 2638 3981 XI,
2665 3915 2751 3983 15,
2778 3915 2867 3982 ll,
2892 3916 3005 3989 15.)
3034 3937 3052 3969 ι
3084 3916 3368 3972 Postremo
3388 3917 3634 3973 omnibus
3655 3917 3704 3973 ti

2137 4011 2413 4075 mendum,
2463 4009 2716 4066 omnibus
2775 4010 3094 4078 cavendum,
3159 4009 3390 4066 fideliter
3454 4009 3726 4068 inculcare

2137 4103 2425 4169 debemus;
2461 4117 2530 4158 ne
2557 4103 2696 4159 sicut
2722 4110 2968 4174 tempore
2990 4101 3262 4173 passionis
3317 4117 3430 4158 sua:
3467 4102 3726 4160 Dominus

2135 4202 2325 4250 noster
2368 4192 2524 4250 Jesus
2550 4192 2824 4260 Christus,
2854 4191 3243 4264 pacificaturus
3269 4193 3452 4248 omnia
3478 4207 3575 4262 per
3603 4207 3724 4249 san-

2136 4283 2355 4354 guinem
2404 4284 2582 4340 crucis
2621 4299 2752 4350 suae,
2775 4285 3022 4340 venditus
3042 4292 3129 4340 est
3147 4291 3180 4339 α
3201 4283 3338 4340 falso
3367 4284 3630 4356 discipulo
3668 4293 3724 4341 et

2135 4387 2480 4449 comparatus
2501 4394 2532 4434 a
2559 4378 2709 4435 falsis
2745 4377 3185 4450 persecutoribus
3206 4418 3224 4445 ,
3277 4378 3344 4434 ad
3388 4376 3722 4433 illudendum

2134 4478 2192 4526 et
2231 4469 2674 4542 cruciﬁgendum,
2724 4469 2802 4526 ita
2850 4483 2994 4525 nunc
3025 4476 3373 4540 comparetur
3415 4469 3483 4524 ab
3539 4467 3723 4540 impiis

2133 4559 2334 4618 Iudaeis
2356 4561 2750 4633 quodammodo
2791 4559 2862 4617 ad
2903 4559 3316 4634 vituperandum
3367 4558 3622 4618 licentius
3666 4566 3720 4616 et

2133 4653 2635 4726 blasphemandum.
