3984 6444
242 304 348 364 189

1798 319 1979 379 VITA.

3409 315 3514 372 190

238 409 397 459 antea
420 403 581 460 semel
615 405 881 483 impressis
910 426 1086 483 recens
1124 412 1261 483 typis
1297 421 1433 483 sunt
1462 426 1687 483 exausta.
1717 412 1821 465 Ac-
1847 417 1902 477 Α
1925 425 2034 465 non
2060 409 2194 483 satis
2228 423 2295 483 se
2324 423 2519 483 capere
2560 406 2749 483 dicunt
2789 407 2919 480 quid
2950 408 3084 483 velit
3108 408 3408 483 Croweius,
3454 408 3510 483 in

237 481 1821 546 CFmMpWhuetaliathomiﬁwinduasex

236 541 555 628 apocalypsi
590 546 856 619 lectiones,
897 569 1124 628 quorum
1172 554 1318 628 prior
1365 562 1484 628 ante
1521 552 1618 606 hac
1656 551 1820 628 sentel

235 622 765 693 tantunrimpressa;
792 622 1048 693 posterior
1073 622 1192 678 ante
1220 624 1358 679 hunc
1390 624 1525 677 diem
1560 623 1693 691 typis
1725 638 1817 675 ex—

233 696 363 769 ctua
392 685 494 755 fuit
531 685 809 769 nusquam;
840 692 995 747 Nulla
1023 694 1351 769 praefatione
1389 685 1677 769 instruith
1721 707 1821 769 p9-

233 760 499 835 ilremum
537 760 679 835 istud
722 763 992 835 volumen.
1022 760 1235 821 Titulus
1259 774 1443 821 autem
1473 765 1572 819 iste
1614 761 1694 820 sic
1722 760 1821 817 ’άί-

232 821 465 948 “genter
489 829 692 887 relatus
716 833 871 903 plane
899 835 1233 892 demonstrat
1258 853 1363 891 non
1401 835 1534 890 satis
1563 843 1815 889 accurate

232 908 263 948 8
304 905 501 948 lllOnes
529 903 687 948 huius
712 906 893 948 nnprie
923 905 1123 948 relatae
1152 908 1429 948 hnmicnnn
1458 915 1511 948 nt
1541 905 1813 948 discussae

231 903 501 985 editiones
528 903 687 985 hujus
712 906 893 985 operis
923 905 1123 985 rel-atas
1152 908 1429 985 hucusque
1458 905 1813 985 etndiscussas

231 966 402 1029 fuisse
428 989 458 1027 a
485 966 841 1044 scriptoribus
885 977 961 1031 rei
993 978 1292 1043 litterariae,
1329 966 1387 1032 ut
1415 975 1713 1032 conferenti
1750 991 1813 1030 ea

214 1016 841 1116 ιξιῐὲεᾜίὲιὶἱῖἰξῖἔίὲιῖἧῗ
861 1016 1594 1119 ιὲίῑὲιίἱ’ἱι“ἱὶὀ’ἀὲιῖέἓιῖίὲἴόἶέἐ
1604 1016 1812 1102 “6.111s;

1926 497 2025 537 suo
2061 479 2298 537 Elenclio
2333 478 2659 552 scriptorum
2691 480 2745 535 in
2770 478 2981 552 sacram
3016 480 3351 552 Scriptor-am
3382 478 3511 552 scri-

1925 552 2060 607 bens
2107 566 2373 605 annexam
2412 546 2532 605 esse
2564 551 2690 605 huic
2728 551 2876 621 operi
2918 552 2972 605 in
3015 546 3205 607 omnes
3241 546 3509 620 Epistolas

1924 622 2673 693 canonicashenarralionem.
2722 622 2832 693 Ego
2860 637 2985 677 vero
3020 623 3161 693 unde
3208 623 3310 676 hoc
3352 633 3510 693 acce-

1922 692 2065 764 perit
2095 691 2353 764 Anglicus
2381 691 2469 764 ille
2512 690 3208 764 scriptorfdeprehendisse
3236 706 3323 745 me
3359 690 3509 764 blan-

1925 760 2074 828 ilior;
2103 763 2177 835 ita
2190 760 2500 835 ienimlcgo
2542 763 2595 817 in
2622 760 2779 835 titulo
2802 760 3167 835 Homiliarum
3193 760 3505 818 hiemalium

1923 832 2177 889 editionis
2222 830 2459 899 ejusdem
2490 841 2648 886 antea
2697 833 2945 888 indicata!
2981 852 2993 886 :
3032 834 3210 887 Λιιάὶιί
3241 840 3361 886 sunt
3398 846 3509 884 ser-

1920 921 2098 959 mones
2127 902 2327 975 aliquot
2356 902 2693 975 pulcherrimi
2720 904 2954 975 ejusdem
2984 903 3277 975 Haymonis
3302 904 3357 975 in
3383 901 3509 971 Epi-

1921 976 2082 1047 stolas
2121 974 2423 1047 canonicas.
2470 973 2576 1027 Sed
2617 973 2885 1047 evolventi
2928 973 3212 1047 diligenter
3251 973 3506 1029 volumen

1921 1045 2053 1100 illud
2082 1044 2333 1116 nuSpiam
2359 1060 2452 1099 eos
2476 1044 2715 1115 reperire
2741 1045 2925 1099 datum
2952 1044 3053 1101 est.

238 1236 3500 1271 mm

1326 1403 1578 1485 VITA
1654 1404 1747 1479 D.
1829 1399 2260 1481 ΗΑῩΜΟΝ
2272 1401 2370 1479 IS

942 1625 1237 1670 AUCTOR!
1280 1626 1532 1671 JOANNE
1574 1627 1723 1670 '1‘an
1731 1627 1811 1669 ΗΕ

1920 1626 1937 1666 ι
1982 1626 2226 1682 Annua
2271 1625 2762 1675 SPANBEIMBNSI.

293 1953 505 2025 Βηνωο
546 1949 742 2007 tertius
791 1949 1077 2020 episcopus
1124 1946 1581 2003 Halberstatensis
1625 1946 1810 2003 Eccle—
1838 1928 1887 1989 Β

218 2045 320 2103 sia:
362 2045 419 2100 in
448 2042 706 2106 Saxonia,
755 2056 825 2097 ex
869 2040 1065 2097 abbate
1116 2037 1500 2095 Hirsl'eldensis
1546 2039 1804 2103 cmnobii,

216 2135 433 2193 ordinis
480 2134 650 2190 sancti
688 2132 1002 2197 Benedicti,
1053 2131 1271 2185 natione
1316 2129 1671 2193 Teutonicas,
1716 2128 1809 2183 Al-

214 2228 366 2283 cuini
397 2226 641 2282 monachi
671 2225 944 2296 quondam
976 2224 1209 2285 auditor,
1243 2223 1310 2277 ad
1332 2237 1493 2292 quem
1528 2221 1802 2285 Rabanus,

212 2316 505 2372 Fuldensis
532 2325 661 2370 tunc
702 2315 889 2380 abbas,
924 2328 1038 2368 xm
1075 2311 1243 2367 libros
1271 2312 1338 2366 de
1370 2310 1636 2367 Universo
1660 2327 1807 2366 corn-

213 2409 434 2480 posuit;
482 2407 565 2461 vir
609 2413 757 2462 certe
790 2404 1147 2474 undecunque
1176 2403 1542 2468 doctissimus,
1594 2403 1805 2457 divina-

213 2516 339 2555 rum
372 2498 774 2571 Scripturarum
808 2496 1191 2565 sagacissimus
1226 2496 1513 2565 interpres,
1545 2496 1599 2550 in
1628 2495 1806 2550 decla-

212 2591 431 2647 mandis
454 2590 692 2646 homiliis
720 2589 788 2644 ad
816 2588 1073 2658 populum
1106 2588 1425 2644 excellentis
1450 2586 1651 2658 ingenii
1680 2586 1800 2643 fuit.

210 2684 317 2740 Hic
365 2684 541 2754 primo
582 2682 683 2737 fuit
734 2681 1032 2737 monachus
1076 2680 1359 2736 Fuldensis
1402 2682 1633 2754 etenobii
1680 2698 1801 2736 cum

209 2752 469 2839 Rabano,
498 2780 688 2845 postea
720 2770 896 2826 factus
920 2780 1004 2826 est
1032 2772 1226 2827 tertius
1264 2771 1432 2826 abbas
1468 2752 1801 2827 Hir‘s'felden-

210 2865 317 2929 sis,
344 2872 620 2935 postremo
656 2862 848 2917 tertius
878 2861 1164 2932 episcopus
1192 2860 1649 2917 Halberstatensis
1677 2877 1805 2916 con-

207 2963 477 3011 secratus.
511 2954 767 3010 Eamdem
794 2952 1091 3009 Ecclesiam
1115 2954 1281 3009 verbo
1309 2961 1364 3008 ct
1393 2952 1640 3023 exemplo
1661 2963 1800 3009 stre-

208 3063 324 3103 nne
351 3046 675 3118 gubernavit
698 3048 858 3104 annis
887 3049 1167 3105 tredecim.
1197 3047 1429 3119 Scripsit
1448 3057 1629 3104 autem
1663 3063 1801 3119 pene

208 3138 427 3193 inﬁnita
472 3139 748 3210 opuscula,
796 3140 864 3196 de
901 3140 1097 3212 quibus
1142 3141 1243 3197 ista
1291 3155 1410 3212 quae
1448 3140 1795 3210 subiecimus,

205 3228 481 3287 feruntur.

352 3322 417 3379 In
444 3325 686 3395 quinque
706 3324 875 3382 libros
905 3324 1075 3396 Moysi
1536 3322 1629 3379 lib.
1670 3323 1725 3379 5.

351 3412 413 3470 In
438 3412 694 3471 Judicum
1538 3415 1631 3472 lib.
1674 3416 1729 3470 1.

354 3505 416 3561 In
442 3505 655 3577 Regum
1536 3506 1630 3563 lib.
1674 3508 1725 3562 1.

354 3596 415 3651 In
442 3597 670 3652 Tobiam
1242 3596 1247 3601 ’
1538 3597 1633 3651 lib.
1676 3598 1727 3652 1.

359 3687 420 3742 In
443 3686 631 3743 Juditb
1541 3687 1636 3742 lib.
1675 3688 1727 3742 1.

356 3778 417 3833 In
443 3777 546 3833 Job
1540 3778 1634 3835 lib.
1678 3779 1731 3833 1.

355 3871 415 3927 1n
441 3871 659 3927 Esaiam
688 3872 881 3944 prepb.
1536 3874 1632 3929 lib.
1671 3875 1728 3930 5.

354 3962 416 4018 1n
444 3962 777 4021 Hieremiam
1533 3964 1630 4021 lib.
1672 3966 1725 4022 1.

353 4055 414 4112 in
436 4055 779 4112 Ezechielem
1535 4056 1629 4113 lib.
1671 4058 1726 4113 1.

355 4150 415 4208 In
441 4150 723 4208 Danielern
1534 4154 1628 4213 lib.
1667 4158 1693 4211 1
1705 4196 1720 4211 .

352 4242 417 4301 In
440 4244 510 4299 12
529 4245 723 4315 proph.
747 4245 946 4302 minor.
1532 4249 1626 4306 lib.
1665 4249 1754 4305 η.

352 4336 413 4393 In
437 4336 674 4409 psalmos
695 4354 909 4411 quoque
1531 4342 1624 4399 lib.
1666 4345 1718 4398 1.

357 4430 418 4489 In
444 4429 703 4503 Evangel.
732 4431 975 4489 bomilia.
1533 4434 1625 4489 lib.
1663 4436 1721 4490 2.

1826 3287 1871 3350 C

2056 1948 2114 2002 ln
2140 1963 2330 2004 omnes
2361 1947 2531 2021 Epist.
2561 1948 2735 2005 Pauli.
3233 1948 3328 2004 lib.
3371 1950 3423 2005 1.

2053 2037 2115 2093 1η
2134 2038 2307 2107 Epist.
2341 2040 2635 2095 canonicas
3233 2037 3327 2093 lib.
3370 2039 3425 2094 7.

2054 2130 2109 2185 In
2133 2131 2513 2203 Apocalypsin]
3231 2130 3329 2186 lib.
3373 2131 3425 2186 1.

2054 2225 2127 2278 De
2154 2225 2417 2279 varietate
2449 2224 2711 2281 librorum
3233 2221 3329 2279 lib.
3368 2222 3422 2278 5.

2053 2314 2129 2369 De
2151 2323 2340 2370 sancta
2365 2314 2632 2371 Trinitate
3232 2313 3326 2369 lib.
3370 2314 3421 2368 1.

2053 2407 2127 2461 De
2154 2406 2354 2462 Christ.
2381 2422 2563 2461 rerum
2586 2420 2694 2461 me.
3239 2404 3332 2460 lib.
3374 2404 3426 2460 1.

2047 2497 2107 2551 ln
2134 2497 2298 2552 Josue
3232 2494 3329 2549 lib.
3370 2494 3423 2549 1.

2050 2591 2108 2645 1η
2140 2590 2284 2647 Ruth
3229 2587 3327 2642 lib.
3368 2586 3419 2640 1.
3523 2602 3531 2615 δ

2050 2681 2105 2736 In
2133 2680 2460 2751 Paralipom.
3234 2676 3332 2731 lib.
3370 2678 3423 2731 1.

2046 2776 2105 2831 In
2132 2776 2360 2830 Esdram
2390 2783 2445 2830 et
2472 2772 2659 2829 Neem.
3226 2770 3322 2824 lib.
3365 2771 3419 2826 1.

2047 2868 2106 2922 ln
2143 2867 2337 2922 Hester
3229 2861 3325 2916 lib.
3368 2862 3420 2915 l.

2045 2957 2104 3011 In
2133 2956 2354 3013 Cantica
2379 2962 2524 3013 cant.
3227 2951 3322 3007 lib.
3366 2953 3420 3008 1.

2045 3050 2236 3105 Esaias
2264 3051 2525 3121 propheta
2556 3048 2722 3105 nobil.

2043 3141 2111 3196 Et
2145 3141 2369 3206 factum,
2400 3149 2533 3205 etc.,
2553 3140 2685 3194 dicit
2711 3139 2923 3195 beatus.

2044 3234 2282 3288 Verbum
2305 3234 2447 3304 quod
2478 3232 2683 3287 factum
2711 3239 2813 3289 est.

2047 3325 2245 3399 Hymni
2272 3334 2555 3390 vocantur,
2581 3333 2688 3380 etc.

2045 3418 2347 3475 Consulens
2372 3418 2626 3474 dominus
2648 3420 2798 3475 hum.

2047 3516 2092 3569 Δ
2114 3515 2376 3570 Corintho
2412 3523 2674 3585 metropo.

2048 3606 2107 3661 ln
2137 3606 2307 3661 Actus
2334 3605 2564 3673 apostol.
3221 3600 3315 3657 lib.
3359 3597 3418 3655 1.

2048 3696 2302 3767 Legimus
2330 3695 2384 3747 in
2413 3694 2729 3749 Ecclesiast.

2046 3787 2180 3843 Cum
2212 3786 2287 3841 sis
2307 3784 2525 3840 unicum
2548 3793 2603 3839 et
2623 3781 2895 3838 sanctissi.

1973 3881 2092 3937 Alia
2139 3893 2355 3951 quoque
2402 3876 2568 3931 multa
2617 3874 2899 3945 scripsisse
2944 3871 3144 3927 dicitur
3193 3867 3493 3940 epistolas,

1902 3991 2183 4035 sermones
2229 3982 2284 4029 et
2332 3972 2577 4026 diversos
2630 3975 2934 4031 tractatus,
2994 3964 3085 4036 qui
3129 3963 3195 4017 ad
3241 3960 3489 4016 notitiam

1899 4083 2078 4124 meam
2102 4082 2209 4121 non
2254 4070 2547 4118 venerunt:
2575 4057 2802 4114 Moritur
2824 4057 2922 4111 sub
2946 4053 3219 4110 Ludovico
3250 4053 3485 4121 impera-

1901 4170 2022 4218 tore
2048 4160 2158 4215 ﬁlio
2180 4156 2356 4213 Caroli
2382 4154 2591 4225 Magni,
2631 4167 2774 4207 anno
2802 4149 3013 4203 Domini
3047 4142 3484 4208 DCCCXX‘XIHI,

1902 4255 2197 4311 indictione
2246 4249 2334 4304 l2.
2362 4245 2619 4318 Sepultus
2651 4245 2709 4299 in
2743 4240 2977 4299 ecclesia
3009 4237 3182 4294 sancti
3224 4230 3484 4305 Stephani

1902 4341 2350 4402 Halberstatensi.
