3984 6458
438 376 536 435 191

900 371 1256 432 HAYMONIS
1294 368 1774 428 HALBERST'AT.
1813 365 2030 425 EPISC.
2065 361 2216 438 OPP.
2256 359 2435 416 PARS
2472 359 2514 414 l.
2550 386 2619 398 --
2655 347 3008 411 COMMENT.
3046 345 3217 404 BIBL.

3575 337 3702 396 193

433 489 3698 545 _________________________________________.

1469 679 2622 831 HAYMONIS

1557 947 2211 1008 HALBERSTATENSIS
2248 943 2553 1003 EPISCOPI

345 1117 348 1120 ’
473 1142 935 1300 01’lllillll
1038 1135 1338 1293 PARS
1441 1131 1857 1290 PRIMA.
1943 1193 2123 1220 --
2184 1118 3015 1283 llllllllllllNTAlllA
3120 1109 3634 1273 BIBLIGA.

1783 1389 2310 1418 μ

852 1534 1098 1690 ΙΝ
1233 1519 2039 1688 OMNES
2165 1504 3259 1676 PSALMOS

1233 1823 1390 1896 PIA,
1434 1817 1718 1881 BREVIS
1760 1812 1863 1876 AC
1907 1809 2288 1874 DILUCIDA
2333 1803 2854 1869 EXPLANATIO
2880 1846 2895 1871 ,

434 1980 662 2060 Quam
702 1971 847 2059 ille,
892 1969 1108 2043 veluti
1140 1964 1866 2065 spiritualisepicula,
1895 1985 1979 2034 ex
2016 1959 2334 2065 omnium
2367 1970 2675 2028 veterum
2716 1950 2940 2065 hortis
2969 1972 3050 2065 ac
3092 1950 3312 2065 pratis
3341 1943 3702 2065 ﬂorentisf

533 2039 1862 2162 simis—decerpsitfquosimplicibus,
1896 2072 1966 2131 et
2018 2055 2376 2151 occupatis
2430 2065 2612 2126 esset
2661 2061 2900 2145 parata
2950 2039 3393 2120 saluberrimi
3458 2039 3702 2113 mellis

534 2169 736 2262 copia
750 2221 766 2239 .

887 2321 982 2382 (Ex
1009 2321 1224 2371 editione
1245 2319 1353 2370 data
1377 2319 1584 2372 Coloniae
1608 2329 1733 2367 anno
1755 2312 1892 2376 1561,
1915 2319 2117 2362 curante
2142 2310 2360 2372 Erasmo,
2383 2308 2510 2372 apud
2531 2308 2756 2360 heredes
2779 2307 2977 2358 Joannis
2999 2303 3258 2367 Quentel.)

1314 2540 2060 2690 πεβὶδετὶιιβ
2170 2545 2823 2683 QErasm‘tts

1767 2738 2401 2845 ROTERODAMUS.

873 2945 1105 2990 INSIGNI
1147 2942 1415 2987 ΡῙΕΤΔΤΕ
1456 2940 1607 2986 νικο
1651 2940 1878 2984 JOANNI
1917 2941 2040 2985 EMS

2119 2941 2261 2996 :DIO,
2306 2937 2746 2982 CARTHUSIANO
2791 2938 3071 2996 LOVANII,
3109 2939 3160 2984 S.
3199 2940 3262 2984 D.

507 3075 820 3144 Quanquam
870 3071 1010 3127 haud
1051 3073 1259 3143 ignoro,
1309 3071 1629 3127 charissime
1659 3071 1854 3137 frater,
1905 3085 2011 3125 non
2039 3073 2093 3134 Α
2117 3085 2219 3140 pus
2257 3083 2378 3123 cum
2422 3072 2696 3138 unguento
2743 3066 2977 3135 quodam
3022 3065 3375 3122 vehementer
3405 3075 3571 3122 esset
3609 3065 3702 3122 de-

435 3166 625 3222 deesse
671 3165 767 3220 tibi
816 3149 1347 3232 confabtilones,°qui
1387 3171 1439 3217 et
1481 3163 1820 3217 solitudinem
1865 3170 2012 3216 tuam

437 3258 764 3322 exhilarent,
806 3265 860 3311 et
892 3256 1166 3312 silentium
1201 3255 1344 3311 istud
1373 3271 1483 3311 non
1515 3256 1694 3312 sinant
1736 3267 1855 3310 esse
1897 3269 2014 3307 mu-

436 3360 570 3416 tum,
601 3359 781 3404 tamen
805 3348 980 3403 visum
1007 3355 1092 3402 est
1117 3362 1284 3402 unum
1322 3346 1522 3402 addere
1543 3387 1557 3412 ,
1585 3345 1800 3416 qui‘pia
1837 3344 2014 3414 loqui-

434 3450 521 3496 tur
562 3441 744 3496 verius
782 3455 944 3510 quam
980 3439 1182 3494 diserta
1217 3439 1476 3494 :tametsi
1515 3442 1643 3505 non“,
1673 3437 1854 3500 video,
1907 3451 2015 3506 quo

434 3541 600 3603 pacto
621 3531 803 3602 negari
839 3530 1012 3600 possit
1052 3531 1252 3586 diserte
1287 3531 1426 3597 dici,
1467 3530 1610 3600 quod
1655 3530 1741 3599 pie
1775 3528 2014 3584 dicitur:

435 3621 488 3678 Is
532 3629 615 3676 est
654 3620 858 3692 Haymo
891 3620 964 3674 'N.
1013 3621 1347 3686 monachus,
1384 3620 1550 3675 abbas
1594 3627 1650 3674 et
1693 3618 2013 3689 episcopus,

435 3711 570 3765 mira
613 3711 912 3774 brevitate,
946 3709 1190 3779 miraque
1229 3709 1579 3780 simplicitate
1618 3724 1684 3764 ac
1719 3709 2016 3779 perspicui-

437 3811 545 3857 tate
578 3817 840 3858 enarrans
883 3801 1120 3872 psalmos
1150 3800 1457 3856 Davidicos.
1486 3799 1613 3854 Fuit
1641 3800 1744 3856 hoc
1777 3800 2014 3855 studium

433 3893 642 3948 sarculis
666 3893 872 3962 aliquot
900 3891 1186 3947 monachis
1223 3892 1478 3956 eruditis,
1527 3900 1590 3946 ut
1617 3907 1736 3962 quae
1762 3908 1792 3946 a
1817 3891 2018 3947 veteri-

432 3981 534 4038 bus
564 3983 649 4038 vel
693 3983 946 4038 subtilius
997 3990 1182 4038 essent
1227 3983 1429 4052 scripta
1464 3982 1671 4048 doctis,
1715 3981 1800 4036 vel
1844 3981 2016 4038 fusius

435 4073 577 4128 dicta
632 4075 772 4143 apud
814 4073 1104 4144 populum,
1156 4074 1211 4128 in
1259 4075 1638 4144 compendium
1688 4075 2014 4144 redigerent,

435 4163 571 4217 adeo
597 4163 884 4234 perSpicua
910 4164 1196 4231 brevitate,
1214 4172 1274 4219 ut
1298 4172 1352 4220 et
1379 4165 1446 4220 ab
1468 4165 1770 4236 occupatis,
1795 4172 1850 4219 et
1875 4181 1906 4219 a
1933 4173 2016 4220 te-

434 4255 615 4310 nuiter
641 4254 896 4312 litteratis
922 4255 1080 4312 facile
1109 4256 1322 4313 valeant
1350 4259 1574 4329 percipi.
1609 4258 1778 4327 Hujus
1809 4259 2017 4315 ordinis

435 4345 705 4416 praecipue
726 4355 849 4402 sunt
885 4347 1193 4414 Anselmus,
1237 4348 1401 4416 Beda,
1435 4349 1710 4417 Claudius,
1735 4358 1789 4405 et
1810 4350 1898 4406 hic
1923 4350 2015 4421 qui

2115 3158 2364 3222 lectatus,
2400 3155 2536 3210 Male
2565 3155 2657 3221 sit,
2689 3155 2885 3225 inquit,
2915 3155 3036 3211 istis
3057 3155 3296 3222 cinaedis,
3320 3157 3411 3226 qui
3443 3171 3558 3211 rem
3590 3166 3700 3212 tam

2116 3249 2314 3305 bellam
2363 3247 2712 3303 infamarunt.
2766 3247 3045 3303 Similibus
3095 3247 3271 3304 verbis
3323 3265 3427 3305 non
3466 3249 3702 3306 absurde

2116 3344 2240 3414 quis
2268 3343 2641 3398 stomachetur
2665 3342 2720 3396 in
2748 3357 2859 3407 eos,
2891 3341 2981 3412 qui
3015 3356 3114 3397 suo
3136 3342 3299 3410 vitio,
3326 3345 3578 3399 monachi
3604 3359 3701 3400 no-

2115 3450 2241 3490 men
2270 3433 2323 3489 in
2353 3434 2611 3489 invidiam
2643 3433 2912 3498 vocarint,
2966 3448 3090 3488 cum
3129 3447 3316 3489 revera
3345 3450 3450 3489 non
3492 3450 3698 3492 conve-

2115 3527 2232 3582 niat
2275 3527 2445 3582 ullum
2480 3542 2600 3584 esse
2644 3526 3004 3598 plausibilius.
3058 3525 3189 3595 Quis
3223 3529 3367 3583 enim
3411 3544 3518 3583 non
3561 3537 3700 3584 amet

2116 3633 2210 3673 eos
2257 3619 2524 3683 homines,
2562 3618 2655 3688 qui
2684 3633 2810 3673 vere
2861 3615 3061 3672 mundo
3111 3618 3332 3682 mortui,
3389 3633 3508 3673 sese
3559 3627 3701 3673 totos

2117 3711 2230 3767 Deo
2257 3711 2610 3766 dedicarunt?
2641 3709 2881 3776 Quorum
2927 3708 3052 3764 talis
3079 3717 3161 3765 est
3187 3710 3318 3774 vita,
3350 3709 3474 3764 talis
3503 3710 3696 3774 oratio,

2115 3812 2176 3857 ut
2202 3819 2360 3858 nemo
2383 3805 2452 3858 ab
2478 3804 2691 3859 illorum
2719 3812 3036 3874 conspectu,
3061 3817 3220 3860 nemo
3239 3819 3270 3857 a
3301 3802 3565 3873 colloquio
3589 3815 3692 3856 non

2117 3894 2308 3950 melior
2335 3894 2616 3950 discedat:
2658 3911 2686 3948 a
2713 3894 2910 3964 quibus
2957 3911 3118 3952 nemo
3155 3895 3450 3965 quidquam
3499 3902 3698 3949 metuat

2117 3985 2484 4051 incommodi,
2535 4001 2642 4041 non
2675 3985 2919 4042 fraudem
2961 3985 3030 4042 ab
3059 3986 3146 4042 his
3180 3985 3271 4055 qui
3309 3985 3569 4055 pecunias
3607 3983 3702 4037 ha-

2115 4078 2246 4132 bent
2264 4092 2365 4147 pro
2399 4077 2720 4144 ruderibus,
2748 4086 2804 4133 ct
2836 4079 2940 4134 hoc
2974 4079 3117 4148 quod
3161 4079 3361 4134 habent
3407 4078 3703 4149 dilargiun-

2117 4179 2207 4224 tur
2242 4169 2474 4239 egenis:
2514 4184 2620 4224 non
2674 4169 2968 4245 vindictam
2992 4211 3006 4235 ,
3050 4170 3141 4240 qui
3187 4168 3341 4239 juxta
3396 4169 3703 4226 doctrinam

2118 4259 2504 4330 evangelicam,
2531 4269 2690 4315 orant
2720 4276 2820 4331 pro
2849 4262 3330 4333 persequentibus,
3363 4275 3548 4316 amore
3577 4276 3704 4330 pro-

2119 4358 2420 4418 sequuntur
2455 4365 2548 4405 eos
2588 4350 2784 4421 quibus
2815 4361 2942 4406 sunt
2991 4353 3171 4418 invisi,
3213 4350 3497 4407 benefacta
3544 4367 3706 4422 repo-

435 4452 578 4492 nunc
610 4439 758 4492 venit
786 4438 840 4493 in
871 4447 992 4494 tuos
1016 4440 1347 4511 complexus,
1381 4439 1590 4512 Haymo
1623 4461 1635 4495 :
1667 4457 1894 4511 quorum
1927 4442 2014 4495 in-
2041 4427 2089 4488 Β
2119 4450 2253 4494 nunt
2284 4455 2383 4510 pro
2416 4440 2756 4498 malefactis:
2799 4459 2899 4498 nec
2925 4452 3009 4499 est
3046 4444 3139 4498 ulli
3181 4444 3450 4514 pudicitia:
3489 4444 3706 4514 pericu-

436 4525 640 4581 dustria
670 4543 777 4583 non
820 4529 1148 4586 mediocrem
1191 4531 1477 4588 utilitatem
1507 4534 1687 4588 attulit
1716 4533 1971 4589 Ecclesia:
1996 4550 2011 4586 :

436 4619 740 4686 praesertim
769 4618 815 4674 si
844 4619 967 4690 quis
995 4630 1202 4691 spectet
1245 4632 1358 4677 tum
1387 4633 1649 4693 tempora,
1694 4632 1808 4678 tum
1837 4624 2016 4694 regio-

434 4721 552 4772 nes,
589 4708 642 4762 in
663 4710 858 4779 quibus
889 4711 965 4766 illi
995 4714 1265 4769 vixerunt.
1299 4714 1462 4771 Decet
1491 4724 1692 4782 autem,
1738 4723 1795 4769 ut
1815 4715 1906 4785 qui
1934 4730 2018 4770 re-

429 4797 592 4868 jectis
641 4802 892 4858 omnibus
941 4808 1168 4862 remoris
1213 4815 1510 4879 properant
1555 4808 1622 4868 ad
1659 4806 1804 4861 illam
1855 4807 2018 4863 coele-

436 4899 577 4980 διεῖπε
603 4893 788 4961 vitam,
820 4911 985 4967 quam
1028 4899 1265 4954 maxime
1310 4900 1420 4956 sint
1463 4900 1721 4970 expediti,
1756 4914 1853 4954 nec
1897 4899 2020 4956 ullis

438 4984 619 5041 minus
660 4990 984 5046 necessariis
1029 4993 1260 5048 sarcinis
1312 5001 1622 5063 graventur.
1677 4991 1794 5057 Quo
1848 4992 2020 5062 magis

437 5073 747 5132 mirandum
801 5088 907 5147 est,
955 5084 1096 5152 quod
1141 5082 1381 5152 quidam,
1436 5083 1529 5152 qui
1575 5081 1719 5138 victu
1765 5083 2020 5152 cultuque

438 5164 859 5241 simplicitatem.
893 5174 1244 5243 apostolicam
1305 5173 1660 5244 proﬁtentur,
1716 5175 2018 5231 doctrinam

438 5257 835 5325 amplectantur
863 5263 1104 5318 omnium
1133 5263 1354 5318 minime
1383 5264 1703 5334 simplicem,
1733 5267 1828 5321 sed
1858 5281 2020 5337 argu-

439 5347 530 5402 tiis
583 5353 1035 5421 supervacaneis,
1085 5363 1141 5409 et
1184 5353 1496 5410 Averroicis
1537 5356 1910 5427 dogmatibus,
1955 5374 2020 5414 ac

441 5441 598 5496 novis
640 5442 861 5515 insuper
903 5445 1130 5500 somniis
1171 5444 1624 5515 spinosissimam.
1680 5446 1813 5502 Cum
1853 5448 2020 5518 igitur

439 5533 574 5590 tales
604 5548 787 5593 essent
810 5537 1089 5602 monachi,
1131 5553 1326 5593 nomen
1357 5548 1477 5593 erat
1518 5543 1657 5611 apud
1680 5556 1867 5597 omnes
1897 5557 2020 5612 gra-

439 5624 656 5694 tiosum,
705 5637 761 5684 et
809 5629 1164 5684 honoriﬁcum
1200 5638 1318 5684 erat
1365 5631 1622 5702 appellari
1670 5635 2014 5689 monachum.

437 5715 588 5773 Nunc
620 5721 973 5788 quorumdam
1001 5722 1125 5777 mali
1158 5724 1419 5779 mores.in
1448 5741 1612 5780 causa
1633 5735 1778 5791 sunt,
1812 5733 1869 5781 ut
1891 5725 2019 5781 boni

2119 4531 2230 4585 lum
2257 4533 2324 4587 ab
2351 4533 2457 4600 his,
2484 4534 2574 4603 qui
2599 4544 2655 4589 et
2682 4535 2847 4590 corde
2875 4543 2930 4590 et
2966 4550 3192 4607 corpore
3223 4545 3349 4592 sunt
3383 4536 3703 4606 incorrupti.

2120 4624 2222 4690 Qui
2262 4633 2485 4694 propter
2524 4625 2848 4697 singularem
2901 4626 3067 4681 animi
3115 4629 3432 4684 modestiam
3476 4627 3608 4682 nulli
3645 4643 3706 4683 se

2120 4725 2468 4784 praeponunt,
2509 4717 2639 4770 nulli
2689 4717 2963 4783 invident,
3003 4718 3212 4774 nullum
3254 4718 3553 4784 fastidiunt,
3606 4719 3706 4774 sed

2120 4821 2228 4875 quo
2253 4807 2426 4874 magis
2447 4806 2513 4860 ad
2538 4807 2888 4876 perfectionis
2910 4809 3122 4864 culmen
3149 4811 3434 4876 accedunt,
3459 4811 3561 4867 hoc
3587 4827 3707 4865 ma-

2121 4897 2203 4968 gis
2246 4897 2449 4952 ducunt
2491 4912 2610 4953 sese
2645 4899 2885 4955 omnium
2930 4899 3145 4956 inﬁmos
3190 4919 3204 4956 :
3248 4910 3303 4957 et
3347 4917 3469 4957 cum
3513 4917 3708 4957 revera

2123 5005 2350 5061 gemma:
2393 4989 2502 5044 sint
2534 4999 2588 5045 et
2622 4989 2782 5046 ﬂores
2812 4991 3086 5059 Ecclesiae,
3129 5001 3309 5048 tamen
3339 4993 3439 5063 ipsi
3464 5007 3583 5047 sese
3614 4991 3710 5055 fae-

2124 5094 2240 5134 cem
2267 5078 2557 5149 appellant.
2582 5078 2827 5135 Aliorum
2853 5081 3035 5151 lapsus
3057 5092 3150 5138 aut
3178 5083 3412 5149 elevant,
3443 5090 3535 5136 aut
3558 5095 3708 5138 com-

2123 5169 2281 5224 mode
2315 5169 2764 5238 interpretantur,
2800 5172 2853 5226 in
2887 5173 3138 5242 proprios
3169 5173 3372 5228 austeri
3393 5187 3704 5232 censores:

2123 5260 2298 5315 aliena
2334 5259 2614 5316 benefacta
2654 5261 2882 5318 candide
2927 5263 3292 5334 ampliﬁcant,
3337 5279 3432 5319 sua
3459 5263 3713 5318 modeste

2122 5361 2419 5407 extenuant
2451 5372 2461 5406 :
2493 5353 2694 5408 nemini
2737 5352 3041 5420 adulantur,
3087 5355 3354 5411 neminem
3380 5353 3709 5425 procacibus

2121 5441 2305 5497 verbis
2329 5441 2633 5512 percellunt
2660 5452 3005 5512 praesentem,
3028 5444 3232 5500 nemini
3260 5444 3568 5500 obtrectant
3609 5442 3709 5498 ab-

2124 5534 2263 5589 senti
2300 5552 2312 5588 :
2341 5533 2474 5588 nihil
2499 5533 2716 5588 auditur
2739 5547 2806 5588 ex
2832 5548 2929 5590 ore
2950 5534 3189 5602 illorum,
3220 5536 3321 5591 nisi
3355 5533 3496 5604 quod
3526 5542 3610 5588 est
3649 5533 3706 5587 in

2124 5625 2307 5690 corde,
2344 5626 2508 5680 verba
2538 5625 2842 5692 charitatis,
2891 5629 3056 5682 verba
3085 5627 3491 5690 consolationis,
3535 5626 3710 5681 verba.

2126 5717 2315 5772 amicae
2335 5717 2719 5772 admonitionis
2747 5727 2800 5773 et
2841 5721 3136 5789 gratiarum
3166 5719 3413 5775 actionis.
3454 5717 3620 5772 Adest
3648 5716 3704 5770 in

437 5823 651 5882 quoque
671 5811 972 5870 communis
992 5814 1206 5872 invidia:
1225 5815 1531 5874 molestiam
1551 5817 1753 5874 ferant.
1774 5817 2014 5889 Aristip-
2042 5803 2088 5867 C
2118 5815 2204 5872 his
2242 5815 2470 5872 comitas
2515 5831 2622 5871 non
2670 5813 2871 5882 fucata,
2923 5815 3019 5872 sed
3071 5831 3140 5872 ex
3185 5815 3322 5872 bona
3371 5811 3708 5872 conscientia
