3984 6450
275 395 380 453 195

1399 399 1836 460 EXPLANATIO
1874 401 1944 458 IN
1981 402 2321 462 PSALMOS.

3417 415 3521 473 194

272 511 648 583 proficiscens.
683 509 739 566 ln
770 526 1002 577 summa,
1031 513 1266 571 caelestis
1285 515 1426 572 illius
1449 519 1684 574 civitatis
1713 520 1845 574 ima-
1871 526 1918 585 Α
1947 520 2372 590 magistratibus,
2423 531 2478 579 et
2524 524 2578 579 in
2624 525 2814 582 mediis
2853 525 3132 584 hominum
3176 534 3520 590 commerciis

273 606 451 676 ginem
491 605 776 674 quamdam
809 606 962 660 nobis
990 605 1252 673 referunt,
1276 618 1328 664 et
1355 611 1623 682 angelicos
1651 613 1846 683 choros

274 697 672 768 quodammodo
698 707 1086 767 reprrcsentant
1106 741 1120 766 ,
1153 693 1403 772 vel'quod
1420 702 1622 774 jugiter
1642 705 1843 760 decan-

275 796 395 842 tant
430 787 612 843 Iaudes
640 786 759 852 Dei,
795 787 878 842 vel
906 790 1050 858 quod
1107 792 1478 848 transformati
1531 795 1584 847 in
1624 796 1845 865 spiritus

274 877 404 932 nihil
439 877 672 932 habeant
705 881 1015 936 commercii
1057 897 1180 936 cum
1210 884 1390 938 carnis
1428 882 1728 948 affectibus,
1761 887 1844 942 vel

272 968 418 1038 quod
459 969 510 1022 in
541 984 750 1023 summa
777 970 965 1025 vivunt
1002 974 1311 1041 concordia,
1347 975 1428 1030 vel
1460 978 1601 1046 quod
1629 978 1845 1047 angelo-

274 1074 392 1114 rum
430 1061 534 1115 ritu
562 1061 705 1116 inter
730 1062 978 1120 homines
1017 1080 1082 1120 ac
1121 1067 1286 1123 Deum
1323 1069 1466 1124 velut
1501 1071 1842 1140 internuntii,

271 1164 326 1207 et
356 1152 671 1224 populorum
702 1163 825 1210 vota
848 1156 921 1210 illi
943 1160 1343 1226 commendant,
1376 1169 1429 1215 et
1454 1163 1680 1232 plurima
1704 1165 1843 1220 bona

269 1243 340 1298 ab
367 1243 458 1298 illo
479 1243 728 1312 precibus
752 1247 983 1302 assiduis
1010 1247 1320 1318 impetrant,
1344 1266 1448 1305 non
1478 1252 1577 1306 sibi
1609 1261 1840 1319 tantum,

270 1336 367 1390 sed
396 1336 449 1389 in
477 1350 781 1390 commune.
816 1337 953 1404 Quid
997 1353 1160 1409 porro
1187 1340 1233 1394 si
1264 1341 1332 1395 ad
1368 1341 1466 1397 has
1500 1343 1726 1399 virtutes
1755 1360 1844 1400 ac-

270 1428 426 1484 cedat
454 1428 652 1483 donum
683 1429 1022 1499 prophetiaz?
1069 1440 1131 1486 ut
1165 1435 1351 1504 gratis,
1378 1443 1438 1490 ut
1475 1453 1638 1507 pure,
1681 1446 1739 1493 ut
1761 1439 1842 1493 in-

271 1527 524 1588 corrupte
555 1520 783 1574 doceant
810 1521 1096 1592 populum,
1141 1525 1253 1580 sive
1288 1541 1436 1592 voce,
1479 1527 1591 1584 sive
1626 1529 1842 1601 scriptis

271 1612 443 1693 libris,
473 1612 585 1666 sive
612 1614 1031 1682 utroque?Quid
1062 1619 1202 1687 quod
1225 1616 1468 1688 jejuniis,
1515 1621 1730 1693 vigiliis,
1767 1623 1843 1678 la-

269 1689 494 1757 boribus
531 1702 906 1774 crucifigentes
948 1721 1166 1762 carnem
1196 1723 1348 1764 suam
1390 1689 1652 1780 quantum
1692 1713 1838 1780 licet,

268 1795 518 1865 supplent
567 1811 630 1851 ea
681 1812 801 1867 qua:
853 1797 1047 1854 desunt
1102 1802 1440 1869 passionibus
1493 1803 1724 1872 Christi,
1776 1823 1843 1863 ac

1944 625 2063 664 esse
2091 611 2432 666 monachum.
2465 613 2720 680 Qumnam
2757 617 2918 686 igitur
2945 627 3028 672 est
3054 619 3218 674 animi
3247 624 3514 690 perversi-

1945 708 2050 764 tas,
2077 700 2254 755 odisse
2279 703 2618 768 monachum,
2643 707 2712 759 ob
2733 707 2834 761 hoc
2859 707 3029 778 ipsum
3053 711 3195 779 quod
3221 716 3518 771 monachus

1943 790 2066 845 est?
2100 789 2380 846 Profiteris
2407 802 2460 846 te
2497 793 2884 863 Christianum,
2923 806 2977 853 et
3011 803 3279 856 aversaris
3302 819 3396 860 eos
3423 803 3523 874 qui

1943 881 2159 937 Christo
2184 883 2442 939 simillimi
2484 887 2646 940 sunt?
2670 887 2768 942 Hic
2805 891 3053 959 protinus
3081 893 3350 957 occinent,
3385 897 3516 962 scio,

1942 973 2227 1043 plerosque
2251 974 2540 1044 plurimum
2570 976 2760 1033 abesse
2790 981 2858 1034 ab
2888 981 2991 1036 hac
3025 982 3276 1055 imagine.
3303 985 3517 1043 Nullum

1944 1063 2107 1133 igitur
2132 1064 2256 1118 vitae
2279 1081 2448 1135 genus
2481 1066 2846 1136 probabimus.
2873 1069 2917 1123 si
2940 1080 3160 1142 propter
3186 1075 3358 1130 malos
3388 1077 3522 1134 ode-

1944 1153 2114 1208 rimus
2141 1163 2195 1208 et
2224 1155 2413 1210 bonos.
2443 1154 2582 1222 Quid
2618 1155 2783 1227 igitur
2808 1162 3086 1229 superest?
3131 1162 3290 1229 Quid,
3330 1164 3434 1220 nisi
3462 1173 3524 1220 ut

1944 1259 2185 1299 amemus
2224 1246 2492 1311 homines,
2536 1247 2740 1302 incerta
2778 1248 2831 1302 in
2876 1249 3155 1306 meliorem
3203 1255 3524 1326 interprete-

1944 1352 2066 1390 mur
2097 1345 2329 1406 partem,
2357 1338 2425 1392 ad
2453 1338 2583 1392 vitia
2628 1337 2828 1394 leviora
2867 1342 3270 1408 eonniveamus,
3314 1347 3524 1415 gravio-

1943 1427 2092 1484 ribus
2133 1428 2336 1484 mederi
2387 1429 2698 1486 studeamus
2743 1431 2920 1500 potius
2965 1448 3128 1502 quam
3176 1449 3523 1506 exasperare,

1942 1520 2189 1575 ordinem
2253 1521 2430 1592 ipsum
2487 1531 2543 1578 et
2599 1523 2903 1579 institutum
2956 1541 3280 1583 veneremur
3336 1531 3520 1586 etiam.

1943 1609 2097 1678 Quod
2137 1612 2182 1667 si
2209 1612 2274 1666 ad
2313 1613 2586 1670 hominum
2615 1615 2918 1688 vulgarium
2952 1618 3266 1676 civilitatem
3304 1624 3526 1680 accedat

1944 1703 2352 1770 monachorum,
2399 1719 2520 1761 sese
2549 1706 2616 1760 ad
2643 1721 2706 1760 ea
2734 1723 2854 1777 quae
2881 1723 3025 1764 vera:
3059 1720 3183 1764 sunt
3226 1711 3524 1781 religionis,

1943 1802 2058 1850 toto
2108 1805 2326 1865 pectore
2368 1795 2754 1864 referentium,
2807 1799 3069 1854 industria
3110 1816 3122 1855 :
3175 1800 3331 1858 facile
3386 1803 3527 1859 revi-

269 1885 478 1955 scipsos
520 1885 917 1956 quodammodo
958 1888 1233 1944 immolant
1284 1906 1383 1960 pro
1416 1893 1587 1948 salute
1624 1895 1840 1966 populi?
1868 1884 1915 1944 B
1942 1895 2124 1958 gescet
2149 1888 2408 1958 pristinus
2436 1889 2584 1944 orbis
2624 1890 2796 1955 favor,
2838 1891 2996 1946 facile
3029 1893 3402 1950 obmutescent
3429 1911 3525 1952 ora

270 1975 339 2029 Et
379 1986 456 2040 tu,
484 1975 636 2042 laice,
669 1987 822 2046 potes
848 1978 991 2034 male
1027 1979 1161 2035 velle
1185 1980 1313 2046 illis,
1344 1982 1434 2051 qui
1460 1983 1587 2038 dum
1621 1986 1842 2056 crapula

273 2077 526 2139 gravatus
545 2069 708 2124 altum
730 2072 934 2135 stertis,
957 2080 1179 2144 propter
1200 2081 1250 2128 le
1270 2074 1514 2146 vigilant,
1539 2087 1760 2146 propter
1790 2087 1843 2134 te

263 2157 515 2228 jejunant
531 2177 544 2213 :
561 2159 686 2214 dum
702 2167 760 2214 tu
778 2161 942 2215 Deum
961 2161 1098 2227 alea,
1113 2164 1306 2218 scortis
1317 2165 1541 2236 aliisque
1552 2167 1844 2224 sceleribus

217 2236 219 2238 ’
269 2250 338 2303 ad
370 2250 506 2304 iram
546 2266 827 2320 provocas,
857 2252 931 2306 illi
961 2268 1058 2322 pro
1099 2261 1155 2309 te
1195 2254 1588 2324 deprecantur:
1621 2257 1748 2313 dum
1785 2267 1841 2314 tu

269 2344 410 2415 apud
443 2345 688 2401 homines
722 2345 860 2401 male
889 2347 955 2401 de
985 2347 1092 2401 illis
1122 2347 1374 2417 loqueris,
1421 2349 1498 2404 illi
1525 2350 1590 2406 de
1621 2360 1673 2406 te
1705 2353 1844 2408 bene

269 2435 562 2504 loquuntur
591 2437 729 2506 apud
755 2438 966 2492 Deum?
1011 2439 1141 2507 Quis
1167 2439 1301 2495 tales
1332 2441 1498 2506 viros,
1528 2457 1634 2497 non
1670 2450 1729 2497 ut
1757 2458 1843 2499 se-

269 2526 476 2582 mideos
520 2528 781 2596 quosdam
806 2541 1109 2596 veneretur,
1142 2547 1248 2585 non
1276 2541 1454 2600 amet,
1493 2542 1748 2604 tanquam
1775 2536 1843 2590 ad

267 2619 538 2690 publicam
585 2619 870 2676 utilitatem
913 2621 1069 2691 quasi
1109 2622 1364 2679 divinitus
1402 2624 1578 2690 datos,
1629 2627 1843 2682 etiamsi

270 2708 385 2777 ipse
411 2708 483 2764 sit
509 2708 591 2761 vir
615 2709 924 2779 improbus?
965 2710 1100 2765 Nam
1127 2712 1325 2767 eximia
1349 2714 1516 2769 virtus
1545 2715 1707 2770 etiam
1739 2716 1842 2770 ini-

269 2801 440 2857 micos
491 2816 618 2857 suos
669 2801 811 2872 rapit
850 2801 905 2856 in
955 2803 1365 2860 admirationem
1409 2805 1512 2860 sui.
1548 2806 1616 2860 Et
1640 2808 1731 2877 qui
1777 2809 1846 2864 de

267 2890 416 2945 nullo
445 2893 580 2947 bene
609 2900 905 2959 merentur,
947 2901 1126 2950 tamen
1166 2895 1422 2950 instinctu
1460 2905 1668 2952 natura:
1693 2913 1846 2953 reve-

266 2991 458 3038 rentur
485 2999 600 3050 eos,
640 2984 733 3054 qui
767 2984 1108 3041 benefaciunt
1147 2985 1304 3041 malis
1332 2987 1533 3056 pariter
1574 3004 1638 3043 ac
1666 2989 1840 3044 bonis.

267 3077 526 3143 Qutenam
559 3078 721 3149 igitur
747 3087 831 3134 est
857 3080 1213 3149 quorumdam
1243 3081 1592 3151 perversitas,
1619 3082 1711 3152 qui
1743 3083 1846 3138 hoc

267 3169 386 3239 ipso
422 3180 774 3226 contemnunt
818 3172 1052 3243 aliquem
1091 3174 1236 3244 quod
1275 3175 1569 3230 monachus
1600 3176 1716 3230 est?
1744 3175 1844 3243 Qui

267 3263 593 3318 monachum
615 3263 762 3328 dicit,
793 3265 1032 3320 omnium
1057 3263 1397 3319 heroicarum
1420 3265 1680 3320 virtutum
1705 3281 1845 3320 sum-
1871 3239 1918 3304 ο

269 3368 414 3407 mam
448 3353 597 3412 dicit.
630 3369 750 3424 quae
795 3354 1222 3410 benevolentiam
1259 3370 1322 3410 ac
1357 3354 1595 3410 favorem
1630 3371 1660 3410 a
1688 3355 1844 3412 bonis

267 3455 666 3516 promerentur,
743 3461 774 3499 a
822 3446 980 3500 malis
1023 3454 1367 3516 extorquent.
1424 3446 1576 3513 Quod
1615 3445 1659 3500 si
1711 3445 1844 3502 nihil

269 3535 414 3590 aliud
438 3536 698 3605 displicet
731 3553 893 3606 quam
921 3538 1268 3606 vocabulum,
1306 3539 1571 3609 appellent
1605 3555 1702 3608 pro
1732 3555 1847 3595 mo-

271 3627 468 3691 nacho,
495 3627 540 3681 si
569 3627 801 3693 videtur,
830 3629 1129 3699 simplicem
1157 3645 1221 3685 ac
1245 3630 1564 3686 solitarium.
1606 3631 1846 3688 Solitudo

273 3726 454 3771 autem
482 3731 546 3772 ea
591 3733 698 3774 non
735 3719 1036 3775 aestimatur
1067 3735 1293 3776 numero
1326 3722 1716 3786 conviciorum,
1755 3720 1851 3777 sed

270 3808 613 3876 separatione
633 3809 896 3865 malorum
927 3809 1216 3866 aﬂ‘ectuum
1237 3827 1250 3864 :
1273 3809 1472 3881 alioqui
1501 3823 1598 3866 nec
1615 3810 1849 3866 Carthu-

267 3899 408 3954 siani
455 3900 553 3956 soli
584 3910 727 3957 sunt.
762 3902 1081 3972 Ubicunque
1123 3904 1276 3959 adest
1310 3904 1426 3960 haec
1472 3905 1725 3970 solitudo,
1774 3904 1850 3961 ibi

269 3993 425 4047 adest
475 3993 910 4064 frequentissima
962 3994 1239 4050 sodalitas.
1297 3994 1390 4050 Ille
1431 3995 1663 4050 feliciter
1704 3997 1850 4052 solus

269 4091 375 4147 est,
407 4083 496 4152 qui
531 4083 728 4139 nullius
759 4083 991 4155 improbi
1023 4084 1273 4139 convictu
1321 4085 1705 4154 corrumpitur,
1756 4084 1850 4156 qui

267 4173 452 4230 nullos
493 4177 656 4232 habet
687 4177 741 4232 in
779 4179 960 4232 animo
993 4176 1254 4232 tumultus
1289 4176 1579 4232 affectuum
1620 4178 1763 4232 inter
1791 4193 1848 4234 se

266 4267 625 4337 pugnantium
650 4309 666 4335 ,
703 4283 806 4324 nec
836 4277 1015 4324 tamen
1057 4283 1181 4323 cum
1221 4269 1333 4324 Deo
1373 4269 1842 4324 consentientium.

266 4358 387 4415 Hoc
412 4370 574 4430 pacto
596 4360 724 4418 licet
749 4369 806 4417 et
832 4361 888 4417 in
909 4361 1217 4432 principum
1257 4361 1416 4429 aulis,
1448 4370 1504 4418 et
1533 4362 1589 4418 in
1618 4361 1848 4434 publicis

1944 1980 2349 2035 maledicorum.
2378 1980 2564 2050 Itaque
2597 1980 2708 2047 ﬁet,
2737 1990 2797 2036 ut
2823 1999 2932 2038 non
2964 1984 3138 2038 solum
3167 1985 3354 2042 vivant
3385 1987 3526 2058 grati

1944 2071 2075 2138 Deo,
2121 2073 2343 2143 gratiosi
2379 2073 2520 2142 apud
2561 2072 2825 2138 homines,
2869 2089 3054 2130 verum
3091 2075 3258 2130 etiam
3297 2075 3527 2132 feliciter

1945 2162 2033 2218 hic
2079 2163 2265 2217 vivant
2293 2172 2349 2219 et
2392 2163 2661 2218 hilariter.
2700 2163 2839 2218 Nulli
2879 2167 3023 2220 enim
3059 2166 3247 2221 vivunt
3290 2167 3527 2238 quietius

1945 2266 2040 2312 aut
2065 2256 2284 2312 suavius
2327 2255 2394 2310 iis
2438 2255 2531 2326 qui
2562 2270 2690 2311 vere
2715 2257 2967 2312 monachi
2994 2265 3118 2313 sunt
3152 2276 3165 2312 :
3201 2258 3330 2312 nulli
3361 2260 3524 2313 mise-

1944 2349 2080 2413 rius,
2126 2361 2287 2416 quam
2335 2347 2427 2416 qui
2464 2361 2572 2402 non
2611 2361 2679 2401 ex
2714 2347 2894 2401 animo
2941 2348 3194 2402 monachi
3234 2357 3375 2404 sunt.
3417 2349 3527 2405 lllis

1944 2437 2333 2494 monasterium
2363 2436 2648 2506 paradisus
2675 2445 2779 2503 est,
2813 2437 2896 2492 his
2927 2438 3240 2508 pistrinum.
3275 2438 3381 2494 Sed
3411 2439 3526 2495 cui-

1945 2545 2050 2600 que
2079 2544 2274 2599 magna
2307 2543 2375 2584 ex
2399 2538 2553 2598 parte
2577 2530 2632 2584 in
2669 2545 2831 2584 manu
2872 2539 2976 2595 est,
3014 2539 3074 2586 ut
3103 2531 3205 2586 sibi
3236 2531 3526 2602 pistrinum

1944 2629 2123 2676 vertat
2151 2621 2204 2675 in
2239 2619 2571 2690 paradisum.
2599 2619 2679 2674 Ad
2709 2618 3040 2691 Haymonem
3073 2621 3236 2676 redeo
3255 2662 3269 2687 ,
3308 2622 3400 2692 qui
3425 2623 3528 2676 Da-

1944 2715 2175 2769 vidicam
2197 2714 2459 2768 citharam
2483 2712 2725 2782 pulsans,
2752 2712 3051 2782 angelicum
3075 2723 3273 2767 cretum
3286 2723 3525 2769 vestrum

1945 2805 2014 2859 ad
2057 2803 2364 2874 Spirituales
2403 2803 2662 2858 excitabit
2701 2804 2962 2868 choreas,
3011 2810 3070 2858 ut
3118 2804 3172 2858 in
3214 2805 3430 2876 hymnis
3472 2812 3528 2860 et

1945 2896 2172 2951 canticis
2198 2895 2426 2950 Domino
2446 2895 2688 2966 psallatis
2717 2895 2770 2950 in
2810 2896 3064 2951 cordibus
3091 2897 3308 2951 vestris.
3357 2897 3526 2953 Nemo

1946 2987 2187 3042 fastidiat
2236 2987 2488 3042 dictionis
2538 2987 2977 3057 simplicitatem,
3025 2987 3116 3042 sed
3171 2987 3528 3059 amplectatur

1947 3077 2338 3133 sententiarum
2370 3077 2648 3147 pietatem.
2683 3077 2796 3134 Hoc
2821 3093 2887 3134 eo
2917 3079 3200 3144 admoneo,
3237 3081 3376 3149 quod
3411 3096 3528 3137 sus-

1945 3171 2095 3240 picer
2144 3169 2343 3224 multos
2396 3185 2512 3225 esse
2565 3168 2718 3236 tales,
2769 3169 2945 3241 qualis
2987 3185 3088 3241 ego
3134 3170 3208 3225 fui
3243 3171 3390 3238 olim,
3436 3173 3528 3243 qui

1948 3272 2213 3320 nauseant
2254 3263 2322 3318 ad
2365 3264 2545 3318 omnia
2573 3304 2588 3330 ,
2634 3279 2755 3334 qua:
2785 3273 2974 3320 carent
3017 3267 3295 3322 rhetorum
3338 3266 3528 3324 condi-

1946 3358 2146 3412 mentis
2171 3365 2226 3412 et
2251 3356 2610 3412 ornamentis.
2645 3355 2754 3412 Sed
2795 3373 2918 3412 cum
2951 3373 3127 3413 essem
3170 3359 3426 3431 parvulus
3471 3360 3527 3416 in

1947 3445 2184 3512 Christo,
2231 3446 2505 3516 sapiebam
2540 3453 2601 3500 ut
2634 3446 2894 3516 parvulus
2921 3464 2933 3501 :
2963 3456 3124 3518 atque
3147 3449 3354 3504 utinam
3385 3464 3531 3504 nunc

1945 3553 2170 3608 prorsus
2189 3552 2537 3592 evacuassem
2565 3553 2629 3592 ea
2655 3553 2776 3607 quae
2800 3546 2926 3593 sunt
2945 3539 3188 3609 parvuli!
3214 3539 3327 3595 Hoc
3350 3554 3529 3596 meum

1948 3628 2183 3683 ollicium
2212 3627 2258 3682 si
2283 3643 2445 3696 quam
2485 3628 2628 3697 apud
2658 3637 2711 3682 te
2744 3630 2970 3699 gratiam
3010 3639 3372 3700 promeretur,
3407 3647 3527 3700 oro,

1955 3728 2018 3774 ut
2045 3719 2188 3774 hunc
2233 3718 2530 3794 ἁμαρτωλὸν
2561 3719 2853 3787 aliquando
2889 3721 3141 3790 precibus
3183 3722 3286 3776 tuis
3317 3723 3534 3778 Christo

1956 3810 2322 3868 commendes.
2354 3809 2644 3880 Exemplar
2665 3809 2912 3864 exhibuit
2932 3809 3239 3864 venerabile
3273 3819 3536 3866 monaste-

1958 3901 2098 3955 rium
2141 3901 2528 3956 cauonicorum
2559 3899 2907 3971 regularium,
2953 3898 3112 3970 vulgo
3141 3899 3342 3954 dictum
3389 3899 3534 3954 Mar-

1955 3993 2088 4063 pach
2119 3993 2173 4047 in
2209 3992 2431 4058 Elsatia,
2460 3993 2717 4062 reliquias
2759 3991 3235 4062 inauspicatissimi
3277 3991 3535 4048 tumultus

1958 4086 2337 4157 agricolarum.
2384 4085 2644 4141 Dominus
2673 4085 2777 4141 illis
2806 4101 2903 4156 pro
2941 4084 3098 4139 malis
3127 4092 3351 4154 reponat
3371 4086 3532 4140 bona.

1955 4178 2206 4249 Frihurgi
2244 4179 2531 4250 Brisgoiae,
2568 4194 2710 4234 anno
2746 4193 2776 4232 a
2817 4177 3036 4233 Christo
3080 4185 3209 4232 nato
3252 4176 3536 4232 millesimo

1954 4271 2386 4341 quingentesimo
2408 4271 2688 4342 trigesimo
2704 4271 2888 4336 tertio,
2908 4269 3084 4341 pridie
3102 4267 3370 4324 Kalendas
3395 4267 3537 4323 Mar-

1955 4363 2079 4418 tias.

281 4527 3530 4557 Μ

1787 4676 2053 4738 NCIPIT

824 4863 1960 4983 COMMENTARIUS
2045 4869 2191 4983 IN
2281 4861 2958 4982 PSALMOS.

675 5194 746 5252 IN
784 5193 1056 5252 PRIMUM
1092 5193 1420 5251 PSALMUM

341 5290 537 5364 Dymni
561 5296 826 5345 vocantur
845 5286 1042 5359 singuli
1064 5285 1286 5358 psalmi:
1319 5285 1552 5358 hymnus
1584 5287 1732 5342 enim
1763 5298 1850 5346 est

266 5382 390 5442 laus
417 5385 510 5440 Dei
539 5399 659 5440 cum
687 5381 918 5438 cantico.
947 5379 1004 5434 In
1031 5378 1258 5450 singulis
1280 5379 1502 5449 psalmis
1528 5380 1620 5435 Dei
1645 5381 1851 5437 inveni-

265 5489 359 5533 tur
389 5477 506 5530 laus
537 5492 550 5529 :
591 5475 704 5529 sive
741 5472 886 5527 enim
923 5479 1115 5540 agatur
1149 5469 1214 5523 de
1252 5470 1494 5538 potentia
1529 5471 1850 5540 divinitatis,

268 5568 387 5624 sive
428 5568 492 5623 de
549 5555 883 5637 perfectiohe
931 5559 1284 5616 humanitatis
1342 5560 1577 5625 Christi,
1630 5565 1742 5619 sive
1785 5566 1852 5620 de

271 5663 558 5718 sanctitate
596 5661 961 5715 membrorum
983 5697 998 5720 ,
1039 5656 1154 5711 sive
1193 5655 1261 5710 de
1298 5658 1650 5714 conversione
1683 5659 1852 5729 paeni-

271 5755 532 5818 tentium,
576 5751 859 5807 laudabilis
902 5749 1042 5804 Deus
1089 5746 1409 5802 ostenditur.
1459 5749 1593 5805 Cum
1641 5751 1853 5807 cantico

273 5848 414 5914 ideo,
439 5848 563 5918 quia
588 5855 643 5903 et
669 5861 791 5902 cum
820 5841 1179 5900 exsultatione
1207 5847 1332 5894 sunt
1357 5839 1483 5898 facti
1509 5859 1539 5897 a
1567 5844 1851 5912 propheta,

1870 5203 1926 5263 D
1949 5212 2006 5257 et
2039 5202 2093 5256 in
2133 5202 2374 5257 animum
2398 5212 2544 5259 recte
2563 5203 2980 5278 intelligentiam
3001 5201 3418 5260 exsultationem
3443 5217 3540 5276 ge-

1955 5302 2167 5350 nerant.
2207 5293 2435 5366 Cognito
2471 5312 2706 5368 namque
2733 5297 2954 5352 interitu
2995 5297 3159 5352 totius
3195 5294 3414 5351 humani
3451 5310 3543 5366 ge-

1955 5386 2100 5440 neris
2125 5397 2344 5457 propter
2371 5387 2788 5443 inohcdicntiam
2824 5389 2986 5459 primi
3025 5386 3288 5448 hominis,
3328 5388 3539 5456 prospi-

1954 5476 2212 5547 ciensquc
2230 5493 2328 5546 per
2350 5479 2610 5548 Spiritum
2627 5488 2874 5534 sanctum
2899 5465 3290 5552 reparationem
3307 5475 3540 5532 futuram

1955 5582 2052 5637 per
2094 5568 2456 5623 obedientiam
2506 5570 2747 5635 secundi,
2785 5585 2907 5624 cum
2947 5581 3136 5637 magna
3181 5565 3542 5623 exsultatione

1962 5673 2084 5712 cum
2122 5659 2382 5728 propheta
2427 5659 2733 5713 annuntiat.
2778 5656 3132 5726 Soliloquium
3171 5645 3542 5726 unusquisque

1956 5749 2194 5819 psalmus
2220 5751 2438 5815 dicitur,
2470 5751 2725 5819 quoniam
2758 5751 2810 5804 in
2841 5749 2968 5819 ipsis
2990 5747 3134 5803 solus
3160 5747 3393 5818 Spiritus
3418 5763 3542 5804 san-

1958 5853 2076 5900 ctus
2099 5845 2216 5900 sine
2245 5845 2392 5900 omni
2431 5843 2634 5900 auxilio
2671 5843 2892 5899 humani
2927 5842 3130 5915 ingenii
3159 5841 3414 5914 loquitur.
3445 5839 3541 5898 Vel
