3984 6464
460 440 568 500 195
723 464 758 508 ο

923 438 1284 499 HAYMONIS
1322 438 1806 498 HALBERSTAT.
1848 434 2062 493 EPISC.
2100 432 2251 492 OPP.
2290 433 2471 493 PARS
2510 437 2553 493 l.
2592 468 2665 481 —
2695 436 3270 497 COMMENT.'BIBL.

3638 435 3758 498 196

460 564 832 637 soliloquimn,
853 578 966 621 non
993 564 1119 634 quia
1146 562 1242 619 soli
1269 560 1463 634 psalmi
1491 562 1557 619 de
1583 561 1798 618 Christo
1818 560 2051 631 loquun-
2078 565 2132 628 Α
2156 564 2425 629 praecepta
2444 555 2582 611 bene
2611 554 2816 626 implet,
2845 555 2936 625 qui
2959 570 3024 612 ea
3049 570 3170 626 quae
3193 556 3247 611 iu
3269 553 3538 612 Psalterio
3561 556 3761 626 legun-

432 663 572 722 ‘tur,
604 657 699 713 sed
728 656 855 727 quia
893 656 1109 725 dignius
1139 662 1193 710 et
1219 653 1557 709 manifestius
1585 654 1797 709 caeteris
1825 652 2053 724 prophe-

465 747 589 814 tiis,
635 748 844 804 scilicet
884 744 1220 817 frequentius
1258 754 1311 800 et
1344 745 1584 815 apertius
1622 745 1675 799 in
1712 744 2058 816 paucioribus

464 841 668 895 verbis.
702 839 783 895 Ex
813 853 917 909 qua
950 836 1214 909 dignitate
1242 835 1403 906 hujus
1441 836 1735 907 prophetia:
1759 837 1899 891 hanc
1924 850 2055 906 pro-

464 931 704 1002 phetiam
736 931 791 985 in
825 928 1177 1000 frequentiori
1206 945 1307 984 usu
1339 928 1501 983 habet
1528 928 1788 984 Ecclesia.
1819 928 1953 984 Cum
1979 928 2060 982 di-

468 1021 544 1075 cit
573 1021 855 1091 Prophetaa
890 1020 1249 1090 simpliciter,
1288 1020 1458 1075 David
1505 1021 1659 1076 nobis
1702 1021 2061 1077 determinate

468 1114 703 1169 insinuat
733 1132 745 1168 :
779 1113 922 1169 sicut
954 1128 1052 1184 per
1082 1112 1398 1183 Apostolum
1421 1154 1435 1179 ,
1475 1112 1700 1171 Paulum
1735 1113 2062 1168 determina-

467 1219 605 1260 mus.
634 1205 927 1276 Prophetia
959 1204 1100 1259 idem
1130 1213 1214 1259 est
1233 1204 1378 1274 quod
1398 1212 1453 1258 et
1477 1204 1616 1259 visio
1641 1222 1654 1257 :
1678 1204 1819 1258 unde
1842 1203 1893 1257 in
1924 1203 2062 1259 libro

464 1297 672 1370 Regum
695 1299 1017 1371 prophetam
1043 1297 1348 1354 Samuclem
1379 1297 1506 1352 Saul
1534 1298 1801 1353 videntem
1828 1296 2062 1368 appellat

468 1389 688 1445 dicens:
713 1410 731 1440 ι
754 1389 857 1445 Ubi
877 1398 963 1443 est
981 1390 1173 1444 domus
1194 1390 1464 1445 videntis?
1492 1410 1509 1441 ι
1538 1388 1654 1444 Non
1680 1399 1855 1444 tamen
1881 1388 2064 1458 quaeli-

466 1483 562 1539 bet
585 1483 723 1538 visio
752 1482 1039 1555 prophetia
1064 1482 1279 1547 dicitur,
1311 1485 1404 1537 sed
1429 1496 1490 1535 ea
1526 1490 1730 1536 tantum
1753 1496 1873 1552 qua:
1896 1497 1927 1536 a
1949 1480 2063 1536 solo

468 1576 663 1647 spiritu
679 1577 1050 1641 ministratur;
1075 1591 1138 1630 ea
1155 1574 1212 1629 ﬁt
1226 1576 1290 1631 de
1306 1574 1599 1645 przeterito,
1618 1580 1675 1627 ut
1692 1571 1929 1644 Moyses:
1956 1590 1973 1623 ι
2004 1571 2064 1626 ln

436 1680 439 1683 ·
462 1664 737 1737 principio
756 1667 961 1720 creavit
977 1667 1117 1720 Deus
1141 1666 1336 1721 coelum
1354 1673 1406 1721 et
1422 1672 1659 1731 terram;
1688 1684 1706 1716 )
1732 1664 1812 1719 vel
1840 1665 1905 1720 de
1926 1680 2065 1735 prae-

474 1757 637 1821 senti,
666 1765 725 1811 ut
755 1757 799 1812 si
830 1757 953 1826 quis
982 1772 1079 1827 per
1110 1757 1359 1829 spiritum
1400 1772 1463 1812 ea
1488 1757 1541 1811 in
1568 1757 1855 1827 praesentia
1885 1757 2067 1812 videat

469 1865 591 1921 quae
632 1865 731 1921 per
761 1858 1008 1903 naturam
1049 1850 1232 1905 videre
1272 1865 1377 1904 non
1416 1859 1635 1920 posset,
1674 1860 1733 1903 ut
1766 1849 2068 1907 Ezechielis

2160 656 2250 703 tur
2281 647 2619 718 exsequitur.
2652 645 2808 702 Sicut
2844 648 2988 702 enim
3015 647 3334 718 psalterium
3363 648 3491 719 quia
3519 648 3763 718 desuper

2158 750 2313 799 sonat
2339 782 2354 809 ,
2385 740 2804 797 vivificationem
2830 742 3058 813 spiritus
3094 742 3398 815 signiﬁcat,
3435 744 3513 798 ita
3540 744 3759 799 cithara

2158 834 2285 906 quia
2329 833 2586 890 desubtus
2626 841 2819 901 sonat,
2860 835 3042 890 carnis
3081 834 3563 891 mortificationem
3606 834 3760 891 desi-

2159 936 2306 1000 gnat.
2342 927 2466 983 Ideo
2494 937 2674 983 autem
2709 926 3034 983 Psalterium
3072 927 3489 985 vivificationem
3526 928 3763 999 spiritus

2159 1019 2452 1092 significat,
2484 1020 2613 1090 quia
2640 1034 2855 1091 semper
2881 1035 2982 1075 nos
3009 1028 3193 1076 monet
3219 1035 3286 1075 ea
3309 1019 3514 1086 facere,
3542 1020 3601 1075 in
3632 1021 3760 1090 qui-

2160 1115 2263 1171 bus
2304 1114 2526 1186 spiritus
2569 1113 2892 1168 vivificatur.
2935 1112 3165 1169 Melodia
3199 1128 3362 1178 vero,
3400 1128 3524 1182 qua:
3553 1128 3629 1167 ex
3669 1113 3763 1169 illo

2162 1210 2373 1265 musico
2400 1209 2761 1264 instrumento
2785 1207 3007 1263 chordis
3032 1220 3198 1262 manu
3223 1206 3384 1263 tactis
3404 1207 3591 1272 fiebat,
3616 1206 3767 1277 psal—

2165 1316 2287 1355 mus
2329 1299 2549 1370 proprie
2589 1298 2911 1368 appellatur,
2946 1312 2976 1351 a
3008 1297 3163 1368 cujus
3199 1296 3557 1353 similitudine
3604 1297 3766 1353 istius

2164 1392 2461 1464 prophetiae
2485 1399 2671 1462 partes
2700 1390 2993 1455 distinctae,
3017 1388 3210 1459 psalmi
3233 1398 3520 1455 vocantur,
3548 1389 3685 1461 quia
3710 1389 3766 1443 in

2167 1487 2298 1557 ipsis
2328 1486 2396 1540 ad
2423 1485 2712 1554 quamdam
2749 1483 3121 1554 operationem
3157 1497 3444 1547 manuum,
3489 1483 3613 1539 sive
3639 1481 3767 1537 aﬂe—

2167 1577 2429 1641 ctionurn,
2467 1576 2581 1630 sive
2621 1574 2919 1630 carnalium
2952 1589 3213 1630 manuum
3255 1575 3581 1640 invitamur,
3622 1583 3687 1629 ut
3714 1576 3765 1629 iu

2167 1669 2272 1725 hoc
2298 1668 2474 1738 primo
2493 1667 2698 1738 psalmo
2727 1666 2795 1721 ad
2815 1665 3251 1723 conformitatem
3271 1668 3492 1722 secundi
3521 1667 3769 1737 parentis

2169 1762 2483 1817 invitemur.
2510 1758 2661 1815 Sicut
2683 1767 2865 1814 autem
2890 1758 2983 1813 illa
3004 1757 3257 1824 melodia,
3280 1758 3372 1813 ubi
3392 1757 3525 1812 sola:
3544 1758 3770 1812 chortL'e

2171 1854 2289 1910 sine
2314 1869 2445 1910 voce
2472 1854 2758 1919 sonabant,
2790 1852 3030 1923 psalmus
3054 1850 3351 1907 vocabatur
3377 1869 3390 1906 :
3421 1851 3505 1906 sic
3526 1849 3645 1913 illa,
3676 1849 3770 1904 ubi

471 1944 694 2014 spiritus
723 1942 1151 1997 transferebatur
1191 1942 1245 1996 in
1285 1941 1626 2007 Jerusalem,
1669 1950 1727 1996 ut
1766 1941 1975 1996 videret
2001 1957 2066 1999 ea
2094 1936 2142 1995 B
2168 1947 2283 2004 sola
2322 1962 2454 2003 voce
2494 1945 2612 2001 sine
2655 1945 2872 2001 chordis
2913 1944 3266 2009 cantabatur,
3309 1943 3586 1999 canticum
3610 1941 3770 1996 dice-

472 2049 593 2105 qum
624 2033 697 2090 ibi
729 2034 959 2100 fiebant;
991 2034 1056 2089 de
1084 2032 1287 2098 futuro,
1324 2043 1381 2087 ut
1405 2034 1520 2089 hmc
1542 2033 1730 2089 eadem
1761 2033 2066 2104 pr0phetia.

470 2126 775 2197 Inspiratur
804 2135 983 2181 autem
1014 2127 1298 2198 prophetia
1326 2126 1410 2182 vel
1441 2143 1537 2198 per
1567 2128 1863 2193 somnium,
1896 2137 1955 2181 ut
1981 2126 2073 2183 Jo-

472 2220 635 2291 seph;
669 2218 751 2275 vel
781 2234 880 2289 per
909 2219 1181 2291 angelum,
1218 2228 1279 2273 ut
1310 2218 1617 2285 Zacharim;
1659 2219 1742 2272 vel
1776 2234 1874 2289 per
1905 2220 2073 2274 inter-

474 2329 600 2368 nam
623 2313 1055 2384 inspirationem,
1081 2322 1141 2367 ut
1166 2314 1277 2368 hmc
1299 2314 1507 2377 eadem,
1534 2313 1587 2367 id
1608 2322 1693 2368 est
1718 2313 2065 2384 psalterium;

472 2404 559 2460 vel
597 2419 696 2475 per
733 2404 970 2475 ﬁguras,
1013 2412 1074 2459 ut
1113 2403 1225 2459 Noe
1263 2420 1362 2477 per
1386 2406 1607 2460 archam
1641 2422 1804 2477 quam
1841 2408 1982 2461 rexit
2017 2408 2071 2462 in

471 2494 637 2551 ﬂuctu
661 2495 869 2563 diluvii,
889 2497 1454 2567 figuravitEcclesiam
1477 2514 1508 2551 a
1530 2499 1747 2554 Christo
1769 2514 1864 2568 per
1887 2499 2073 2554 mundi

474 2588 718 2660 pericula
754 2590 1070 2661 regendam.
1102 2588 1229 2644 Haec
1270 2603 1402 2643 vero
1432 2590 1713 2659 prophetia
1751 2590 2072 2645 Psalterium

476 2691 723 2746 vocatur,
753 2680 901 2750 quod
931 2692 1126 2734 nomen
1160 2694 1188 2733 a
1216 2680 1450 2748 quodam
1482 2680 1688 2734 musico
1714 2680 2075 2735 instrumento

479 2780 711 2827 tractum
745 2780 848 2837 cst,
878 2786 987 2841 quo
1018 2771 1384 2826 instrumento
1404 2771 1570 2825 David
1592 2779 1646 2825 et
1662 2771 1751 2825 alii
1780 2780 2078 2842 praecento—

475 2881 566 2921 res
591 2864 831 2936 psalmos
856 2862 1297 2919 modulabantur.
1327 2864 1600 2919 Ditlinitur
1628 2874 1809 2920 autem
1837 2865 2073 2935 prophe-

473 2959 552 3014 tia
582 2957 662 3015 sic
691 2975 703 3012 :
741 2957 1033 3027 Prophetia
1059 2965 1144 3013 est
1184 2956 1363 3013 divina
1396 2957 1710 3027 inspiratio,
1746 2973 1868 3028 quae
1893 2973 2075 3013 rerum

474 3059 726 3117 eventus,
753 3059 845 3104 aut
871 3064 969 3121 per
988 3050 1245 3116 visiones,
1271 3059 1364 3104 aut
1386 3065 1483 3121 per
1512 3049 1680 3116 facta,
1708 3060 1802 3104 aut
1826 3064 1926 3120 per
1946 3066 2079 3120 quo-

476 3143 725 3198 rumdam
756 3141 900 3197 dicta
940 3142 1267 3197 immutabili
1309 3142 1538 3198 veritate
1576 3143 1933 3198 demonstrat.
1975 3143 2079 3198 Per

476 3236 734 3302 visiones,
758 3244 818 3290 ut
840 3234 1132 3301 Ezechieli,
1157 3243 1212 3290 et
1234 3234 1392 3291 beato
1413 3233 1607 3290 Joanni
1630 3234 1683 3290 in
1705 3236 1904 3291 exstasi
1932 3236 2078 3306 posi-

478 3330 569 3385 tis.
593 3329 698 3385 Per
720 3300 892 3396 facta,
920 3339 980 3384 ut
1002 3328 1257 3395 Abrahae,
1282 3344 1378 3399 per
1407 3330 1831 3387 immolationem
1860 3300 2073 3396 arietis;
2104 3300 2150 3363 Ο

480 3432 533 3479 et
577 3422 766 3489 Jacob,
822 3424 938 3494 qui,
990 3425 1337 3495 transpositis
1384 3426 1657 3493 manibus,
1708 3425 1994 3483 Manassen
2026 3435 2083 3482 et

481 3512 741 3584 Ephraim
759 3514 1109 3585 filiosJoseph
1126 3516 1421 3571 benedixit.
1446 3515 1549 3571 Per
1564 3516 1732 3582 dicta,
1758 3525 1817 3571 ut
1830 3518 1885 3572 in
1899 3516 2081 3589 Moyse
2102 3570 2109 3579 ,

484 3606 550 3660 de
576 3604 794 3662 Christo
824 3606 1024 3679 legitur
1056 3626 1068 3661 :
1118 3627 1137 3659 ι
1173 3606 1462 3664 Suscitabo
1493 3610 1560 3665 de
1597 3609 1861 3667 fratribus
1886 3612 2082 3667 vestris

468 3686 826 3768 ‘prophctam,
851 3699 1029 3770 ipsum
1056 3707 1315 3769 tanquam
1344 3713 1429 3754 me
1448 3700 1822 3771 audite(Deut.
1845 3702 1999 3774 xvnt)
2019 3718 2033 3767 ;
2057 3720 2075 3754 ι

480 3787 567 3844 vel
588 3790 641 3844 in
656 3789 941 3846 Psalterio.
971 3790 1056 3846 Fit
1076 3799 1254 3845 autem
1282 3793 1561 3862 prophetia
1586 3808 1684 3863 per
1706 3794 1849 3849 dicta
1873 3793 2083 3849 duobus

481 3880 679 3944 modis,
707 3881 919 3936 scilicet
946 3882 1251 3951 autgratia,
1271 3893 1363 3936 aut
1382 3883 1760 3952 permissione.
1786 3883 1998 3947 Gratia,
2024 3892 2085 3937 ut

484 3972 539 4027 in
564 3972 745 4043 Moyse
769 3982 826 4027 et
848 3974 1064 4028 caeteris
1090 3974 1270 4028 bonis.
1293 3973 1679 4039 Permissione,
1711 3983 1769 4027 ut
1796 3975 1850 4029 in
1880 3973 2084 4045 Sibylla

484 4072 633 4128 vate,
661 4072 717 4118 et
747 4064 801 4117 in
831 4062 1139 4119 infidelibus
1170 4051 1541 4134 philosophis,
1573 4065 1663 4133 qui
1699 4063 1869 4119 multa
1903 4064 2086 4127 divino

487 4156 749 4212 instinctu
784 4156 851 4212 de
887 4154 1105 4212 Christo
1145 4157 1530 4228 praedixerunt.
1578 4156 1777 4211 Volens
1802 4156 1948 4211 enim
1979 4155 2086 4210 Da-

485 4246 577 4299 vid
604 4245 808 4299 cultum
850 4247 945 4301 Dei
977 4246 1344 4318 ampliﬁcare,
1389 4263 1513 4303 cum
1553 4247 1803 4303 homines
1841 4262 1942 4317 per
1967 4262 2089 4303 sen-

488 4353 607 4392 sum
644 4338 974 4408 psalmorum
1003 4340 1072 4395 ad
1094 4341 1298 4397 cultum
1328 4342 1446 4407 Dei,
1474 4342 1602 4412 quia
1627 4342 1884 4397 bestiales
1908 4353 2085 4408 erant,

489 4443 597 4484 non
627 4437 810 4499 posset
840 4431 1131 4499 adducere,
1156 4448 1251 4488 eos
1278 4442 1333 4488 et
1361 4448 1459 4503 per
1485 4433 1862 4505 symphoniam
1894 4434 2091 4489 instru-

478 4530 835 4588 mentorum,
864 4531 930 4578 et
970 4538 1076 4593 per
1102 4533 1341 4579 cantum
1383 4525 1664 4579 hominum
1702 4527 1770 4579 ad
1805 4525 2089 4581 colendum

2173 2042 2353 2097 batur.
2385 2039 2487 2095 Ubi
2526 2054 2658 2095 vero
2699 2038 2931 2094 melodia
2973 2038 3318 2108 pmcedebat
3354 2036 3410 2091 in
3439 2035 3692 2100 chordis,
3720 2045 3775 2090 et

2172 2132 2297 2186 viva
2324 2146 2426 2185 vox
2466 2132 2834 2201 sequebatur,
2880 2130 3153 2185 canticum
3184 2127 3374 2199 psalmi
3423 2126 3772 2182 vocabatur:

2172 2224 2265 2279 ubi
2295 2231 2478 2279 autem
2515 2224 2639 2279 viva
2670 2237 2774 2278 vox
2805 2222 3179 2293 praecedebat,
3206 2230 3263 2279 et
3290 2221 3523 2277 melodia
3576 2234 3774 2291 seque-

2171 2313 2351 2377 batur,
2401 2313 2644 2384 psalmus
2687 2313 2886 2369 cantici
2931 2313 3247 2379 dicebatur;
3290 2311 3590 2368 secundum
3630 2326 3772 2381 quas

2172 2408 2519 2464 diversitates
2569 2407 2793 2477 quidam
2842 2406 3035 2477 psalmi
3088 2405 3346 2461 intitulati
3399 2405 3769 2460 inveniuntur.

2175 2498 2466 2555 Sciendum
2511 2507 2596 2554 est
2637 2506 2852 2564 autem,
2905 2496 3048 2567 quod
3095 2512 3204 2551 non
3248 2510 3315 2552 eo
3359 2496 3554 2552 ordine
3601 2494 3773 2550 David

2173 2592 2411 2663 psalmos
2437 2591 2759 2663 composuit,
2783 2608 2891 2663 quo
2912 2592 3004 2647 hic
3028 2600 3155 2647 sunt
3173 2590 3429 2647 ordinati.
3455 2588 3594 2646 Cum
3622 2590 3770 2644 enim

2174 2683 2232 2739 in
2259 2699 2428 2740 uxore
2451 2683 2595 2740 Uriae
2617 2692 2917 2754 peccasset,
2954 2702 2974 2733 ε
3006 2683 3278 2760 Miserere.
3289 2684 3421 2748 mei,
3452 2682 3621 2748 Deus,
3645 2699 3664 2733 ι
3695 2679 3775 2737 fe-

2175 2774 2250 2828 cit
2267 2791 2279 2826 :
2295 2782 2416 2845 post
2432 2775 2549 2830 haec
2561 2790 2689 2830 vero
2701 2789 2801 2845 pro
2812 2775 3191 2845 persecutione
3206 2774 3439 2830 Absalon
3449 2815 3464 2840 ,
3486 2794 3507 2826 ‹
3519 2773 3773 2833 Domine.

2175 2866 2304 2936 quid
2330 2865 2673 2935 multiplicati
2692 2872 2840 2931 sunt,
2868 2883 2889 2917 ι
2916 2865 3106 2921 edidit.
3132 2865 3265 2920 Item
3291 2880 3416 2920 cum
3437 2866 3494 2920 in
3523 2879 3713 2935 regem
3741 2879 3773 2919 a

2160 2957 2429 3037 Samuele
2460 2959 2843 3029 inungeretur,
2872 2976 2891 3010 ι
2925 2957 3188 3014 Dominus
3214 2958 3538 3015 illuminatio
3571 2973 3717 3014 mea.
3748 2976 3769 3011 ι

2176 3050 2387 3107 Mortuo
2409 3066 2625 3123 quoque.
2651 3050 2806 3117 Saul,
2833 3071 2853 3104 ‹
2879 3051 3109 3123 Diligam
3129 3061 3201 3117 te,
3238 3071 3258 3104 ι
3280 3061 3387 3108 etc.
3414 3051 3621 3107 Esdras
3644 3065 3776 3107 vero

2177 3146 2359 3201 divino
2378 3147 2688 3202 admonitus
2715 3145 2975 3201 instinctu
2992 3186 3008 3211 ,
3036 3146 3089 3200 in
3119 3145 3265 3200 hunc
3286 3143 3535 3199 ordinem
3564 3156 3778 3215 compo-

2180 3237 2307 3292 suit.
2322 3236 2541 3293 Ordinis
2555 3252 2683 3293 vero
2694 3237 2964 3292 rationem
2978 3237 3161 3307 (quem
3178 3244 3359 3290 tamen
3376 3249 3500 3290 eum
3518 3233 3778 3290 habuisse

2181 3329 2476 3400 credimus)
2500 3330 2556 3385 in
2580 3329 2830 3401 pluribus
2848 3329 3182 3400 ignoramus.
3212 3326 3531 3384 Communis
3552 3327 3779 3382 materia

2182 3425 2351 3479 totius
2380 3422 2769 3493 hujus'operis,
2790 3422 3043 3479 Christus
3066 3430 3155 3477 est
3185 3421 3472 3493 tripliciter
3500 3428 3777 3491 acceptus,

2182 3517 2410 3583 scilicet,
2428 3516 2729 3572 secundum
2742 3515 2999 3580 deitatem
3010 3555 3024 3580 ,
3047 3514 3345 3570 secundum
3360 3512 3775 3577 humanitatem,

2182 3609 2479 3667 secundum
2522 3622 2739 3679 corpus.
2773 3606 2929 3675 Quod
2954 3621 3086 3663 vero
3126 3606 3197 3662 de
3235 3604 3557 3668 contrariis,
3594 3603 3648 3657 id
3673 3610 3778 3667 est,

2183 3700 2519 3757 daemonibus
2546 3699 2729 3769 impiis
2754 3698 3119 3762 interseritur,
3147 3711 3254 3751 non
3283 3695 3405 3751 ideo
3425 3694 3504 3757 fit,
3534 3693 3678 3764 quod
3707 3692 3781 3748 sit

2182 3797 2250 3849 de
2270 3791 2557 3863 principali
2581 3791 2844 3846 materia:
2868 3790 2962 3845 sed
2986 3798 3044 3844 ut
3070 3787 3352 3861 principali
3376 3785 3614 3842 materiei
3639 3783 3774 3839 sub-

2185 3886 2409 3949 serviat,
2441 3900 2539 3954 per
2563 3883 2825 3954 quasdam
2854 3881 3271 3937 commoditates
3304 3879 3638 3934 admiscetur
3668 3893 3686 3930 :
3712 3885 3778 3930 ut

2184 3978 2241 4033 in
2270 3978 2446 4046 primo
2475 3975 2686 4046 psalmo
2726 3976 2794 4031 de
2828 3974 3014 4046 impiis
3055 3973 3307 4040 adducit,
3348 3982 3412 4027 ut
3448 3986 3549 4043 per
3591 3984 3782 4027 eorum

2176 4083 2402 4139 poenam
2439 4069 2690 4123 homines
2726 4067 2796 4123 ab
2841 4081 3032 4123 eorum
3068 4064 3452 4122 conformitate
3487 4064 3784 4129 deterreat,

2168 4167 2242 4219 set
2281 4156 2350 4212 ad
2390 4155 2593 4213 Christi
2633 4155 3075 4212 conformitatem
3113 4156 3358 4210 reducat.
3405 4154 3483 4209 De
3520 4154 3626 4208 hac
3653 4165 3787 4208 vero

2187 4250 2416 4305 materia
2438 4250 2543 4304 hoc
2564 4249 2726 4305 modo
2740 4256 2960 4314 tractat,
2976 4247 3215 4303 ostendit
3226 4246 3526 4317 potentiam
3540 4244 3787 4308 deitatis,

2187 4342 2575 4414 perfectionem
2596 4340 2958 4396 thumanitau’s
2976 4338 3206 4405 Christi,
3226 4337 3642 4394 universitatem
3662 4350 3790 4392 san-

2189 4433 2393 4490 ctitatis
2420 4432 2811 4497 membrorum,
2829 4430 3239 4486 conversionem
3266 4436 3640 4499 peccatorum.
3654 4425 3790 4482 Item

2190 4526 2493 4584 communis
2516 4520 2753 4582 intentio
2782 4534 2890 4593 est,
2916 4533 2977 4581 ut
3000 4541 3099 4581 nos
3125 4523 3344 4580 Christo
3374 4522 3686 4578 conformes
3706 4520 3788 4577 el-

490 4613 663 4671 Deum
695 4615 902 4671 studuit
938 4616 1188 4672 incitare.
1221 4616 1515 4672 Constituit
1549 4633 1679 4688 ergo
1711 4634 1833 4673 cum
1862 4618 2088 4672 archam
2114 4662 2167 4689 η
2193 4619 2358 4685 liciat,
2387 4627 2447 4675 ut
2481 4638 2500 4671 ι
2524 4618 3018 4689 sicutportavimus
3048 4617 3337 4688 imaginem
3359 4615 3589 4680 terreni,
3607 4622 3792 4685 porte-

493 4706 561 4761 de
591 4705 721 4778 Sylo
749 4707 1068 4775 reduceret,
1102 4710 1203 4765 tria
1234 4711 1402 4766 millia
1436 4712 1678 4767 virorum
1706 4714 1851 4767 omni
1879 4712 2089 4769 musico

493 4798 858 4856 instrumento
893 4803 1263 4869 cantantium,
1311 4814 1367 4859 et
1408 4804 1514 4859 illis
1556 4814 1776 4860 centum
1825 4806 2092 4876 quinqua-

492 4889 643 4961 ginta
661 4891 902 4960 praefecit
927 4910 941 4946 :
966 4894 1165 4963 quibus
1185 4895 1439 4951 omnibus
1459 4905 1691 4966 quatuor
1710 4896 1861 4960 alios,
1892 4897 2085 4964 Ethan,

494 4980 693 5047 Eman,
723 4982 905 5052 Asaph
928 4991 984 5038 et
1006 4983 1199 5039 lditum
1226 4984 1511 5055 praefectos
1535 4987 1811 5043 adhibuit:
1832 4990 1945 5060 ipse
1966 5005 2095 5059 quo-

494 5087 603 5143 que
639 5089 762 5128 cum
791 5074 1051 5143 psalterio
1093 5075 1379 5131 modulans
1410 5077 1463 5131 in
1496 5077 1843 5135 tabernaculo
1864 5122 1878 5146 ,
1915 5081 1983 5135 ad
2012 5082 2095 5137 di-

495 5168 682 5222 vinum
711 5168 915 5224 cultum
943 5178 1171 5226 caeteros
1201 5171 1485 5227 invitabat.
1519 5172 1632 5229 Hoc
1657 5185 1840 5230 autem
1862 5191 2000 5246 opus
2022 5177 2092 5232 ab

495 5254 590 5315 illo
624 5260 987 5335 instrumento
1006 5258 1127 5319 hac
1158 5264 1550 5336 significatione
1583 5267 1906 5326 Psalterium
1936 5287 2095 5327 voca-

501 5364 619 5411 tum
649 5365 756 5422 est,
784 5356 912 5427 quia
942 5357 1084 5412 sicut
1108 5357 1239 5413 illud
1266 5358 1686 5418 instrumentum
1716 5364 1903 5420 decem
1929 5366 2093 5420 chor-

500 5445 603 5502 das
625 5447 856 5512 habens,
884 5455 941 5502 et
966 5447 1215 5518 superius
1235 5464 1535 5506 concavum
1564 5455 1704 5509 unde
1731 5466 1948 5511 resonat
1977 5473 1989 5510 :
2020 5457 2095 5511 ita

501 5538 621 5597 hac
646 5540 929 5611 prophetia
956 5548 1204 5612 resonat,‘
1221 5560 1437 5618 semper
1461 5547 1732 5619 loquendo
1756 5550 1823 5606 de
1847 5552 2094 5622 superio-

499 5635 672 5692 ribus.
713 5634 981 5707 Loquitur
1027 5639 1173 5694 enim
1218 5641 1284 5696 de
1329 5642 1736 5711 spiritualibus,
1781 5660 1887 5699 non
1930 5660 2096 5701 causa

504 5726 728 5783 humani
754 5728 981 5796 favoris,
1008 5731 1150 5787 sicut
1194 5734 1452 5788 mundani
1492 5735 1822 5806 philosophi,
1867 5737 1961 5791 sed
2001 5752 2096 5809 ap-

501 5820 673 5893 petitu
700 5823 823 5880 vita:
859 5834 1096 5882 mterntc.
1129 5826 1326 5884 Decem
1352 5842 1483 5883 vero
1523 5832 1739 5885 chordae
1770 5831 1912 5886 illius
1948 5832 2091 5901 psal-

507 5914 660 5984 lerii,
699 5916 886 5975 decem
931 5919 1068 5992 legis
1096 5928 1366 5991 praecepta
1396 5922 1724 5991 signiﬁcant.
1757 5926 1887 5991 Qum
1910 5925 2091 5981 omnia

2113 4662 2168 4723 D

2194 4730 2315 4769 mus
2335 4712 2626 4783 imaginem
2652 4708 2913 4765 caelestis.
2938 4728 2957 4762 ›
2978 4708 3178 4765 Esdras
3208 4715 3390 4763 autem
3419 4721 3546 4761 cum
3574 4703 3791 4760 caeteris

2192 4803 2417 4875 psalmis
2446 4800 2661 4856 titulum
2691 4800 3071 4872 ascripsisset,
3108 4800 3232 4856 ideo
3267 4800 3395 4856 huic
3428 4798 3645 4870 psalmo
3678 4813 3789 4853 non

2194 4893 2472 4965 ascripsit,
2504 4893 2632 4963 quia
2658 4892 2761 4949 iste
2784 4892 3034 4962 psalrnus
3060 4892 3305 4947 omnium
3333 4890 3567 4947 aliorum
3598 4890 3792 4947 titulus

2194 4996 2308 5053 est;
2358 4987 2484 5056 quia
2520 4985 2662 5041 sicut
2696 4984 2887 5040 titulus
2926 4993 3094 5041 totam
3141 4985 3424 5040 materiam
3468 4992 3792 5055 sequentem

2195 5081 2444 5155 prmlibat
2472 5106 2484 5135 -.
2512 5081 2585 5136 ita
2605 5079 2848 5151 psalmus
2873 5080 2976 5137 iste
2997 5082 3281 5137 materiam
3304 5081 3584 5153 sequentis
3608 5082 3795 5153 operis

2199 5181 2390 5253 tangit.
2420 5182 2495 5236 De
2521 5178 2858 5235 humanitate
2893 5178 3037 5238 enim
3069 5178 3268 5238 Christi
3306 5182 3506 5255 tangit,
3544 5182 3641 5238 ubi
3666 5197 3794 5239 eum

2202 5273 2498 5328 immunem
2518 5286 2642 5328 esse
2663 5274 2737 5328 ab
2757 5274 2903 5329 omni
2935 5282 3160 5345 peccato
3184 5274 3449 5343 ostendit;
3471 5276 3539 5332 de
3566 5274 3792 5341 deitate,

2204 5365 2297 5419 ubi
2322 5379 2444 5419 eum
2470 5380 2627 5421 secus
2647 5367 2911 5423 decursus
2935 5382 3199 5438 aquarum
3236 5368 3537 5439 plantatum
3560 5383 3685 5425 esse
3706 5368 3795 5424 di-

2205 5457 2282 5512 cit
2308 5474 2321 5509 :
2344 5457 2411 5512 de
2438 5472 2665 5528 corpore
2689 5458 2916 5525 Christi,
2945 5460 3036 5516 ubi
3062 5462 3300 5534 ostendit
3325 5462 3471 5534 quod
3499 5462 3659 5519 nobis
3681 5462 3797 5517 uti-

2204 5546 2409 5615 lisfuit,
2426 5565 2547 5605 cum
2572 5551 2734 5606 dicit:
2758 5571 2778 5604 ‹
2797 5552 2943 5623 quod
2958 5528 3209 5610 fructum.
3220 5528 3375 5610 suum
3405 5555 3553 5611 dabit
3576 5553 3632 5610 in
3656 5563 3799 5611 tem-

2208 5658 2229 5692 c
2250 5656 2383 5712 pore
2409 5657 2528 5697 suo.
2554 5659 2575 5694 ι
2597 5642 2694 5698 Vel
2725 5644 2846 5700 ideo
2871 5646 3036 5702 etiam
3058 5646 3184 5702 huic
3206 5648 3416 5719 psalmo
3443 5647 3657 5702 titulum
3682 5662 3799 5703 non

2203 5734 2490 5802 apposuit,
2543 5736 2669 5805 quia
2718 5737 2772 5791 in
2819 5738 3051 5807 quodam
3102 5737 3220 5794 loco
3266 5738 3470 5811 legerat
3515 5738 3797 5795 Christum

2202 5828 2377 5897 ipsum
2410 5832 2556 5886 hunc
2594 5831 2861 5901 psalmum
2903 5833 3263 5903 appellantem
3310 5842 3473 5904 caput
3512 5833 3670 5899 libri,
3699 5833 3796 5888 ubi

2202 5926 2432 5983 dicitur:
2457 5946 2474 5978 ι
2496 5927 2552 5982 ln
2576 5928 2754 5998 capite
2779 5927 2901 6001 libri
2932 5929 3191 6009 scriptum
3210 5939 3294 5985 est
3321 5928 3387 5985 de
3409 5943 3516 5996 me,
3539 5946 3556 5980 ι
3588 5936 3695 5985 etc.
3727 5926 3800 5983 Et
