3984 6448
279 429 383 485 197

1450 420 1894 484 EXPLANATIO
1933 425 2000 481 IN
2038 426 2381 488 PSALMOS.

3172 462 3259 517 ’λ
3460 442 3570 508 198

277 549 405 606 ideo
448 545 650 602 Esdras
686 560 793 601 non
828 544 931 600 fuit
967 559 1132 601 ausus
1170 560 1441 617 apponere
1470 544 1707 609 titulum,
1748 558 1868 597 cum
1900 546 1951 607 Α
1974 544 2067 613 qui
2108 544 2161 598 in
2203 546 2315 601 sola
2337 546 2612 605 voluntate
2636 556 2743 604 est.
2777 548 2915 606 Mala
2946 566 3110 624 opera
3138 556 3283 613 viam
3316 540 3570 630 peccato-

276 640 529 699 Christus
542 655 639 709 per
652 638 821 693 David
836 638 1109 692 vocaverit
1125 636 1269 692 hunc
1284 637 1553 708 psalmum
1568 643 1729 705 caput
1750 635 1871 688 libri

278 732 672 807 (Psal.xxxrx).
692 731 1052 787 Hahetautem
1071 732 1159 785 hic
1171 731 1414 801 psalmus
1428 730 1709 785 materiam
1727 727 1876 783 Chri-

277 835 446 893 stum,
469 824 609 881 sicut
626 823 945 894 praedictum
969 832 1072 878 est.
1097 822 1211 879 lloc
1229 824 1389 879 modo
1414 821 1603 894 agitde
1630 820 1870 885 Christo,

276 929 521 977 removet
546 917 729 974 omnia
756 916 896 971 mala
921 917 989 971 ab
1010 930 1095 981 eo,
1118 917 1271 986 ponit
1297 917 1350 970 in
1373 931 1438 972 eo
1456 929 1670 969 omnem
1691 912 1873 984 perfe-

276 1014 512 1070 ctionem
542 1012 800 1066 virtutum
825 1052 838 1075 ,
871 1011 1115 1065 ostendit
1151 1026 1274 1065 eum
1315 1009 1499 1064 utilem
1537 1023 1658 1063 esse
1695 1009 1869 1063 nobis.

276 1103 571 1162 Sciendum
603 1118 732 1158 vero
769 1103 910 1172 quod
942 1102 1061 1157 illas
1100 1102 1462 1174 perfectiones
1482 1144 1497 1168 ,
1528 1118 1662 1172 quas
1690 1101 1778 1157 hic
1809 1104 1875 1156 de

273 1198 494 1255 Christo
536 1196 686 1269 ponit
724 1197 1118 1263 communiter,
1166 1197 1219 1251 in
1256 1197 1484 1268 psalmis
1524 1196 1875 1267 sequentibus

272 1306 373 1362 per
398 1300 582 1361 partes
612 1287 855 1361 singulas
892 1289 1231 1359 exsequitur.
1263 1289 1319 1344 ln
1361 1289 1467 1344 alio
1493 1290 1635 1344 enim
1664 1289 1875 1360 psalmo

274 1384 342 1440 de
373 1383 675 1439 humilitate
702 1381 928 1449 Christi,
955 1384 1008 1437 in
1040 1382 1147 1438 alio
1177 1385 1243 1439 de
1273 1384 1556 1454 patientia,
1591 1384 1646 1438 in
1680 1383 1785 1437 alio
1809 1383 1875 1438 de

274 1475 678 1531 resurrectione
713 1474 918 1532 Christi
959 1477 1106 1549 agit,
1148 1486 1205 1533 et
1253 1477 1307 1533 in
1350 1478 1563 1533 caeteris
1600 1477 1869 1533 similiter.

274 1568 453 1625 Habet
480 1579 537 1625 et
562 1570 804 1640 psalmus
834 1570 935 1626 iste
964 1586 1312 1626 communem
1348 1571 1730 1637 intentionem,
1763 1571 1871 1625 sci-

271 1661 421 1727 licet,
455 1672 515 1717 ut
545 1662 949 1718 conformetnur
979 1679 1120 1718 novo
1142 1664 1373 1718 homini.
1402 1663 1468 1718 Et
1488 1663 1616 1735 quia
1644 1664 1877 1718 intendit

272 1771 375 1811 nos
412 1753 720 1810 conformes
762 1756 992 1812 reddere
1039 1756 1291 1822 Christo,
1337 1756 1508 1827 ipsius
1554 1756 1870 1827 dignitatem

272 1847 551 1916 proponit,
581 1845 659 1901 sic
687 1863 785 1902 nos
806 1849 1067 1920 prOpheta
1094 1849 1330 1904 invitatis
1355 1867 1367 1902 :
1394 1850 1503 1906 Vos
1531 1850 1621 1920 qui
1650 1850 1866 1920 lugetis,

269 1939 572 2010 compressi
609 1940 825 1995 miseria
864 1943 1022 2013 primi
1062 1943 1305 2012 parentis
1329 1985 1343 2008 ,
1376 1945 1691 2006 deserentes
1719 1943 1870 1998 illum
1905 1910 1951 1973 Β

269 2038 535 2100 vethrem,
563 2033 628 2089 ad
659 2034 825 2088 istum
856 2034 1118 2099 accedite,
1151 2035 1279 2105 quia
1308 2036 1408 2090 iste
1436 2045 1521 2091 est
1548 2036 1738 2090 beatus
1766 2036 1873 2102 vir,

268 2124 452 2196 primo
478 2125 799 2180 contrarius.
831 2124 875 2179 A
907 2125 1258 2180 similitudine
1284 2125 1583 2181 exsulantis
1614 2127 1870 2197 loquitur,

269 2218 429 2287 quia
468 2215 703 2271 naturali
742 2216 862 2272 loco
893 2217 1060 2283 abiit,
1094 2228 1149 2272 et
1187 2215 1409 2273 invento
1450 2218 1568 2274 loco
1593 2218 1696 2273 sibi
1724 2234 1875 2274 com-

266 2306 489 2380 placita,
526 2309 691 2379 cepit
724 2308 1023 2374 immorari,
1054 2317 1107 2363 et
1127 2310 1239 2379 jam
1274 2326 1379 2365 non
1412 2319 1521 2364 tam
1552 2310 1661 2365 cito
1694 2318 1874 2379 potest.

268 2399 549 2465 revocari,
593 2398 733 2453 sicut
768 2400 917 2470 prius
953 2402 1170 2470 quando
1204 2401 1353 2455 abire
1396 2401 1636 2470 incwpit.
1682 2400 1782 2456 llic
1825 2402 1870 2456 si

267 2486 465 2543 deinde
491 2489 544 2543 in
570 2488 855 2554 cathedra,
880 2489 931 2543 id
958 2499 1063 2555 est,
1094 2491 1145 2545 in
1175 2492 1493 2561 magisterio
1522 2491 1868 2557 sublimetur,

269 2589 425 2636 tanto
456 2582 638 2637 minus
666 2581 828 2638 facile
860 2584 1157 2639 retrahitur
1190 2600 1203 2638 :
1235 2586 1308 2639 ita
1344 2586 1517 2640 Adam
1550 2585 1604 2639 in
1632 2585 1868 2640 beatitu-

262 2675 397 2731 dine
434 2675 673 2746 positus,
717 2677 850 2730 abiit
898 2693 1004 2733 non
1050 2677 1294 2733 localiter
1331 2679 1399 2732 ab
1440 2694 1506 2734 eo
1540 2680 1631 2749 qui
1670 2679 1870 2750 ubique

266 2780 512 2837 praesens
542 2774 660 2832 est,
700 2776 759 2821 ut
788 2783 887 2838 per
910 2768 1249 2839 psalmistam
1284 2770 1515 2824 dicitur:
1547 2790 1565 2823 ι
1596 2769 1655 2825 Si
1680 2787 1871 2826 ascen-

265 2856 403 2913 dero
422 2858 475 2912 in
498 2858 717 2923 coelum,
739 2868 794 2913 tu
820 2859 928 2915 illic
947 2875 1036 2926 es;
1063 2862 1107 2916 si
1126 2861 1456 2917 descendero
1484 2862 1550 2918 ad
1574 2864 1868 2929 infernum,

266 2949 402 3006 ades
415 2948 587 3023 (Paul.
610 2952 758 3024 vni):
788 2974 806 3005 ι
828 2954 919 3010 sed
938 2954 1204 3011 recessita
1222 2955 1330 3011 Deo
1352 2971 1453 3027 per
1478 2955 1872 3011 dissimilitudi-

264 3056 415 3107 nem,
434 3043 500 3098 ad
521 3059 680 3113 quem
704 3045 984 3101 acceditur
1005 3063 1103 3117 per
1124 3048 1555 3105 similitudinem.
1586 3048 1691 3104 Per
1712 3050 1872 3105 dissi-

266 3133 628 3189 militudinem
658 3137 811 3203 abiit,
832 3153 955 3193 cum
984 3140 1192 3193 ratione
1214 3142 1536 3210 postposita,
1554 3141 1609 3195 in
1628 3155 1734 3211 qua
1758 3141 1869 3197 Deo

265 3226 461 3283 similis
502 3238 618 3283 erat
655 3238 872 3285 creatus
895 3272 909 3296 ,
944 3230 1070 3286 Eva:
1108 3241 1164 3287 et
1206 3233 1434 3289 consilio
1472 3235 1739 3302 serpentis
1772 3251 1869 3305 pa-

263 3317 396 3374 ruit.
428 3318 485 3373 ln
515 3320 600 3374 via
629 3330 980 3390 peccatorum
1009 3324 1192 3387 stetit,
1218 3327 1434 3393 quando
1457 3327 1743 3383 actualiter
1768 3344 1865 3397 po-

264 3425 414 3464 mum
440 3413 697 3467 comedit.
736 3413 794 3466 ln
823 3416 1082 3469 cathedra
1115 3418 1623 3487 pestilentiabsedit,
1655 3439 1776 3476 cum
1809 3440 1868 3480 se

263 3503 593 3557 occultando
624 3513 679 3558 et
714 3506 1026 3559 excusando
1042 3507 1128 3587 ⁸(ιε
1170 3519 1393 3577 peccato
1414 3552 1427 3575 ,
1464 3520 1711 3581 posteros
1742 3531 1868 3571 suos

268 3608 371 3647 suo
397 3592 644 3662 exemplo
674 3594 1081 3650 excusationem
1122 3597 1306 3653 docuit
1338 3614 1351 3653 :
1384 3609 1438 3654 et
1469 3603 1548 3656 sic
1579 3603 1752 3659 factus
1782 3616 1867 3659 est

269 3683 545 3747 infirmus,
574 3700 694 3739 cum
717 3702 744 3739 a
777 3686 885 3741 Deo
910 3686 1081 3742 factus
1104 3697 1248 3743 esset
1276 3689 1483 3745 firmus.
1514 3691 1701 3747 Posset
1722 3694 1866 3748 enim

264 3773 595 3829 immortalis
642 3783 697 3829 et
749 3776 1096 3847 impassibilis
1142 3793 1502 3848 permanere,
1554 3782 1600 3838 si
1650 3782 1862 3839 Domini

261 3866 549 3938 prteceptis
586 3876 902 3923 constanter
948 3869 1107 3923 vellet
1142 3869 1367 3926 obedire
1405 3890 1417 3924 :
1464 3873 1608 3928 Deus
1633 3875 1775 3929 enim
1806 3875 1859 3929 in

262 3959 518 4030 paradiso
557 3961 889 4017 amazuitatis
927 3961 1202 4019 locaverat
1245 3979 1407 4030 eum,
1455 3966 1509 4020 in
1550 3982 1659 4037 quo
1708 3976 1864 4021 erant

260 4049 506 4118 fructus,
530 4069 759 4125 quorum
787 4054 926 4108 alius
953 4053 1171 4121 famem,
1205 4055 1342 4112 alius
1368 4058 1513 4113 sitim
1546 4061 1858 4131 exstingue-

259 4153 368 4209 ret,
397 4143 490 4199 alii
515 4145 649 4200 alias
672 4145 1061 4215 passibilitates
1082 4148 1492 4219 exstinguerent
1512 4149 1596 4203 vel
1623 4151 1857 4221 depelle-

260 4244 405 4291 rent.
436 4237 565 4291 Erat
594 4236 792 4291 ibidem
818 4245 1079 4307 praeterea
1108 4238 1311 4311 lignum
1335 4241 1479 4307 vitae,
1506 4241 1657 4312 cujus
1682 4242 1859 4298 fructu

258 4328 309 4383 si
352 4327 797 4383 convenientibus
836 4330 1169 4400 temporibus
1214 4338 1481 4397 uteretur,
1522 4342 1750 4387 mortem
1783 4334 1860 4390 vi-

261 4427 407 4476 taret
453 4429 508 4475 et
551 4421 782 4476 senium.
838 4420 1043 4476 Contra
1089 4436 1220 4479 vero
1264 4424 1424 4493 hujus
1476 4423 1855 4498 fragilitatem,

258 4510 513 4568 Christus
537 4513 621 4567 vir
659 4528 690 4566 a
725 4512 932 4567 viribus
967 4513 1204 4568 dicitur:
1241 4516 1329 4585 qui
1363 4532 1486 4570 cum
1514 4527 1661 4572 esset
1701 4528 1859 4574 natus

258 4605 320 4663 in
351 4607 523 4679 fragili
551 4622 732 4672 carne,
769 4622 868 4661 nec
898 4607 1287 4662 tentationibus
1328 4609 1514 4673 cessit,
1546 4625 1648 4663 nec
1676 4610 1855 4680 aliqua

259 4700 611 4756 tribulatione
641 4696 839 4754 defecit
870 4717 882 4751 :
910 4707 1100 4753 contra
1150 4713 1280 4753 vero
1308 4698 1450 4754 illius
1481 4699 1854 4756 infelicitatem

258 4792 512 4850 Christus
539 4793 733 4849 beatus
760 4791 961 4847 dicitur
995 4810 1006 4844 :
1047 4810 1065 4841 ι
1106 4789 1207 4858 Qui
1258 4806 1364 4845 non
1415 4792 1571 4856 abiit,
1611 4811 1629 4844 ι
1666 4793 1717 4847 id
1750 4801 1855 4861 est,

258 4902 370 4943 non
404 4886 627 4942 recessit
651 4900 680 4938 a
701 4884 815 4939 Deo
845 4902 856 4937 :
885 4881 1162 4937 voluntate
1189 4883 1396 4938 scilicet
1416 4884 1499 4938 vel
1526 4885 1856 4953 cogitatione

256 4979 345 5035 vel
382 4993 647 5035 consensu
671 5018 685 5043 ,
723 4986 778 5031 et
818 4984 876 5030 ut
920 4974 1095 5045 majus
1135 4975 1387 5029 meritum
1425 4975 1542 5044 ejus
1579 4978 1852 5045 ostendat,

257 5080 413 5128 notat
450 5086 573 5126 eum
606 5068 859 5125 habuisse
888 5082 1268 5139 persuasorem
1310 5068 1690 5134 discessionis,
1729 5084 1852 5125 cum

256 5164 484 5223 subdit:
524 5184 540 5215 ι
578 5163 634 5219 lu
666 5163 895 5219 concilio
926 5162 1212 5233 impiorum
1240 5176 1254 5216 :
1287 5182 1306 5214 ι
1336 5163 1769 5233 persuasitenim
1798 5165 1848 5218 ei

258 5258 530 5323 diabolus,
562 5265 621 5311 ut
646 5255 899 5311 adoraret
929 5270 1075 5321 eum,
1104 5265 1159 5309 et
1185 5256 1341 5311 daret
1366 5256 1415 5310 ei
1442 5270 1607 5328 regna
1639 5256 1846 5312 mundi.

260 5349 462 5420 lmpios
486 5357 672 5414 vocat,
700 5356 890 5403 contra
934 5348 1135 5403 cultum
1174 5347 1270 5402 Del
1311 5348 1519 5405 scilicet
1553 5348 1797 5405 infideles
1832 5369 1846 5405 :

260 5452 577 5514 peccatores
598 5450 780 5496 autem
804 5447 948 5505 sunt,
978 5440 1068 5511 qui
1090 5440 1145 5494 in
1172 5440 1315 5511 turpi
1336 5442 1444 5495 vita
1473 5450 1616 5497 sunt.
1643 5441 1707 5497 Et
1733 5443 1847 5515 ipse

262 5538 410 5594 idem
439 5537 686 5592 Christus
712 5552 819 5591 non
857 5535 1006 5591 stetit
1050 5535 1104 5591 in
1140 5535 1226 5590 via
1256 5544 1632 5606 peccatorum,
1663 5536 1715 5591 id
1739 5544 1843 5601 est,

261 5629 318 5686 in
345 5628 503 5685 malis
526 5628 799 5701 operibus.
829 5626 937 5683 Per
962 5635 1108 5683 stare
1149 5626 1270 5683 ideo
1312 5637 1494 5685 actum
1528 5629 1842 5700 accipimus,

263 5721 390 5793 quia
412 5722 550 5777 sicut
571 5721 658 5778 ille
682 5720 774 5793 qui
788 5720 903 5790 jam
931 5728 1040 5777 stat
1063 5721 1116 5776 in
1141 5720 1311 5776 aliena
1335 5729 1477 5778 terra
1493 5717 1646 5788 ,non
1672 5733 1848 5793 potest

266 5814 339 5869 ita
371 5815 605 5881 retrahi,
632 5815 769 5869 sicut
794 5814 882 5868 ille
904 5814 994 5885 qui
1027 5814 1176 5869 abire
1202 5814 1365 5884 ca‘pit
1400 5833 1411 5868 :
1442 5816 1522 5870 sic
1549 5816 1636 5870 ille
1666 5817 1752 5886 qui
1791 5817 1844 5871 in

265 5913 392 5961 actu
411 5906 615 5977 peccati
643 5914 745 5974 est,
770 5922 875 5962 non
900 5915 1009 5961 tam
1035 5906 1229 5963 leviter
1255 5906 1567 5974 retrahitur,
1595 5907 1732 5989 sicut
1760 5906 1845 5962 ille

1980 651 2097 690 rum
2126 637 2255 692 dicit
2278 678 2292 703 ,
2320 653 2418 708 per
2443 656 2562 710 quae
2587 649 2900 711 peccatores
2930 645 2998 701 ad
3039 654 3302 705 aeternam
3335 652 3568 711 damna-

1978 727 2179 782 tionem
2217 730 2490 786 incedunt.
2525 751 2543 783 ι
2578 733 2635 788 ln
2661 734 2917 790 cathedra
2942 738 3279 807 pestilentia},
3321 761 3340 794 ι
3377 742 3431 799 id
3459 751 3568 814 est,

1974 833 2077 874 nec
2108 822 2275 876 verbo
2305 839 2406 879 nec
2430 838 2593 894 opere
2614 825 2820 879 studuit
2841 821 2981 882 mala
3006 828 3207 895 facere,
3237 847 3337 889 nec
3358 834 3565 893 docuit.

1974 912 2031 966 ln
2060 917 2317 971 cathedra
2346 918 2563 989 quidem
2590 919 2751 985 sedit,
2776 921 2899 990 quia
2929 922 3121 981 doctor
3150 927 3398 999 egregius
3419 927 3523 986 fuit
3550 948 3564 987 :

1976 1006 2232 1061 cathedra
2275 1010 2420 1063 enim
2463 1010 2618 1065 sedes
2658 1012 2905 1082 magistri
2946 1023 3065 1081 est,
3105 1015 3300 1072 solium
3341 1034 3564 1090 regum,

1977 1096 2209 1150 tribunal
2245 1097 2464 1167 judicis.
2502 1101 2579 1155 Ex
2620 1102 2737 1172 ejus
2774 1119 2903 1159 vero
2941 1107 3185 1162 doctrina
3222 1109 3366 1167 nulla
3400 1112 3570 1181 pestis

1976 1191 2257 1254 successit,
2284 1205 2349 1245 ex
2377 1192 2493 1261 ipso
2511 1194 2653 1248 enim
2676 1195 2824 1249 nulla
2847 1195 2902 1250 in
2919 1197 3054 1254 alios
3080 1199 3367 1258 inﬁrmitas
3392 1212 3570 1259 trans-

1976 1281 2036 1335 it.
2083 1280 2391 1336 Pestilentia
2436 1284 2654 1354 quidem
2693 1286 2981 1343 inﬁrmitas
3025 1300 3135 1352 est,
3195 1307 3315 1360 quae
3356 1294 3426 1359 ab
3464 1308 3572 1351 uno

1976 1374 2197 1427 animali
2220 1375 2285 1428 ad
2311 1375 2488 1445 plura,
2512 1377 2626 1432 sive
2647 1379 2716 1432 ad
2736 1379 2918 1433 omnia
2938 1381 3151 1435 transit.
3176 1381 3281 1437 Per
3303 1384 3407 1439 hoc
3424 1383 3573 1456 quod

1976 1466 2139 1530 dicit,
2168 1480 2274 1520 non
2302 1466 2466 1533 abiit,
2499 1483 2604 1523 non
2634 1472 2813 1534 stetit,
2854 1485 2963 1525 non
2992 1472 3166 1538 sedit,
3196 1471 3471 1530 Christum
3501 1474 3572 1532 ab

1976 1558 2123 1613 omni
2163 1567 2389 1628 peccato
2426 1560 2723 1617 immunem
2766 1565 3025 1620 ostendit.
3060 1566 3232 1622 Omne
3268 1567 3414 1624 enim
3438 1582 3571 1638 pec-

1976 1656 2157 1701 eatum
2184 1658 2301 1715 est,
2336 1650 2419 1704 vel
2451 1651 2759 1720 voluntate,
2790 1655 2905 1711 sive
2936 1657 3296 1728 cogitatione,
3328 1659 3415 1715 vel
3443 1675 3572 1717 con-

1976 1756 2139 1797 sensu
2173 1757 2188 1797 :
2221 1759 2343 1813 quae.
2380 1745 2631 1801 voluntas
2665 1763 2763 1818 per
2799 1748 2951 1805 abire
2993 1750 3328 1824 designatur.
3378 1752 3476 1810 Vel
3516 1754 3570 1808 in

1975 1846 2099 1892 actu
2124 1878 2139 1903 ,
2166 1839 2260 1908 qui
2285 1854 2382 1909 per
2410 1847 2560 1894 stare
2586 1841 2925 1914 intelligitur,
2957 1844 3044 1899 vel
3069 1845 3125 1899 in
3154 1846 3424 1913 doctrina,
3452 1861 3573 1915 qua:

1976 1945 2074 2001 per
2101 1931 2293 1986 sedere
2325 1932 2377 1985 in
2405 1934 2663 1987 cathedra
2689 1935 3011 2005 pestilentiae
3036 1938 3378 2008 intelligitur.
3409 1938 3571 2005 Qua:-

1976 2024 2117 2079 ritur
2129 2040 2299 2095 quare
2323 2037 2532 2082 remota
2547 2027 2829 2082 voluntate
2844 2030 3105 2099 peccandi
3132 2047 3164 2084 a
3188 2029 3408 2086 Christo
3435 2049 3453 2082 ι
3477 2045 3576 2101 per

1976 2132 2086 2172 non
2114 2119 2276 2184 abiit,
2317 2139 2335 2171 ι
2368 2128 2548 2174 actum
2577 2128 2632 2174 et
2656 2120 2963 2176 doctrinam
2991 2132 3299 2189 removeat,
3333 2139 3459 2178 cum
3479 2137 3577 2179 vo-

1977 2206 2182 2263 luntate
2227 2217 2466 2275 remota,
2506 2211 2622 2265 haec
2663 2211 2768 2266 alia
2813 2214 3230 2269 removeantur?
3257 2214 3411 2281 Quod
3451 2214 3575 2271 ideo

1976 2300 2181 2355 factum
2208 2302 2462 2366 dicimus,
2486 2310 2548 2355 ut
2566 2305 2878 2359 ostenderet
2902 2313 3127 2375 peccata
3157 2322 3224 2361 eo
3249 2306 3443 2361 ordine
3464 2320 3576 2379 quo

1975 2401 2227 2447 crescunt
2272 2393 2326 2446 in
2374 2392 2532 2457 aliis,
2568 2409 2634 2449 eo
2670 2395 2861 2451 ordine
2899 2411 2931 2451 a
2964 2396 3185 2453 Christo
3224 2399 3572 2455 removenda.

1974 2483 2133 2538 Prius
2157 2484 2300 2538 enim
2333 2484 2493 2539 homo
2535 2485 2842 2553 voluntate,
2873 2488 2928 2543 id
2953 2497 3067 2554 est,
3099 2504 3365 2545 consensu
3395 2500 3450 2547 et
3477 2506 3573 2547 eo-

1973 2577 2232 2647 gitatione
2260 2586 2479 2646 peccat,
2508 2578 2701 2632 deinde
2728 2587 2889 2645 actu,
2917 2581 3135 2636 tandem
3165 2581 3408 2637 doctrina
3427 2622 3441 2647 ,
3470 2582 3575 2639 sci-

1972 2668 2099 2725 licet
2145 2670 2395 2741 exemplo
2445 2678 2503 2726 et
2546 2672 2741 2737 verbo,
2782 2687 2903 2742 quae
2952 2673 3159 2729 eaedem
3209 2683 3321 2730 tres
3372 2684 3578 2732 mortes

1973 2764 2190 2828 animae,
2218 2778 2317 2833 per
2341 2773 2454 2818 tres
2478 2777 2723 2819 mortuos
2752 2781 2783 2818 a
2810 2764 3041 2820 Domino
3063 2766 3418 2822 resuscitatos
3440 2767 3576 2838 lign-
3654 2768 3663 2771 ’

1972 2866 2183 2910 rantur.
2218 2856 2324 2912 Per
2360 2856 2525 2910 ﬁliam
2567 2857 2983 2930 archisynagogi
3011 2873 3175 2929 quam
3209 2859 3264 2912 in
3302 2859 3464 2914 domo
3487 2873 3576 2916 re-

1973 2951 2288 3017 suscitavit,
2326 2952 2586 3022 peccandi
2628 2953 2915 3017 voluntas,
2957 2954 3011 3008 id
3050 2962 3167 3018 est,
3209 2953 3384 3023 prima
3427 2967 3575 3011 mors

1974 3044 2168 3097 animm
2192 3044 2539 3116 designatur,
2580 3045 2673 3115 qui
2715 3045 2857 3099 enim
2901 3054 3113 3101 tantum
3143 3045 3419 3101 voluntate
3443 3060 3573 3117 pec-

1971 3144 2092 3198 eat,
2125 3135 2303 3189 adhuc
2335 3136 2388 3189 in
2434 3136 2595 3190 domo
2620 3144 2706 3192 est
2741 3150 2755 3190 :
2799 3136 3042 3191 nundnm
3082 3135 3228 3191 enim
3270 3136 3339 3190 ad
3374 3149 3572 3207 Opera-

1972 3225 2173 3279 tionem
2202 3227 2489 3296 processit.
2519 3227 2623 3282 Per
2649 3242 2772 3283 eum
2798 3229 2944 3282 enim
2971 3240 3266 3295 mortuum,
3295 3242 3457 3299 quem
3479 3244 3574 3285 ex-

1974 3324 2056 3369 tra
2097 3326 2310 3387 portam
2352 3320 2731 3387 resuscitavit,
2770 3320 2873 3375 alia
2914 3336 3062 3376 mors
3104 3322 3333 3388 animat,
3373 3322 3426 3375 id
3465 3330 3571 3389 est,

1973 3419 2126 3462 actus
2163 3411 2371 3480 peccati
2405 3412 2753 3481 designatur,
2791 3412 2916 3481 quia
2955 3411 3286 3482 perficiendo
3324 3420 3569 3481 peccata,

1973 3511 2129 3554 extra
2166 3511 2353 3570 portas
2393 3518 2648 3557 sensuum
2693 3504 2940 3569 eximus,
2977 3518 3084 3558 non
3128 3510 3475 3557 remanentes
3514 3501 3569 3557 in

1973 3591 2085 3644 sola
2128 3594 2474 3662 cogitatione.
2507 3595 2611 3649 Per
2638 3604 2911 3651 mortuum
2948 3595 3058 3664 jam
3095 3594 3354 3650 fetentem
3385 3604 3440 3650 et
3468 3610 3573 3665 an:

1972 3694 2065 3734 ras
2094 3692 2533 3751 corrumpentem
2551 3725 2567 3746 ,
2596 3688 2800 3754 peccati
2834 3688 3082 3741 doctrina
3110 3688 3355 3758 signatur
3374 3726 3388 3754 ,
3416 3688 3571 3758 cujus

1973 3768 2146 3826 fetore
2176 3780 2231 3826 et
2258 3773 2350 3827 alii
2378 3784 2821 3844 corrumpuntur.

2049 3904 2066 3935 c
2106 3885 2211 3940 Sed
2244 3887 2295 3940 in
2324 3887 2444 3958 lege
2474 3888 2706 3944 Domini.
2742 3910 2759 3943 ›
2796 3890 3041 3948 Remotis
3077 3908 3107 3947 a
3144 3893 3365 3952 Christo
3395 3899 3570 3954 omni-

1968 3978 2069 4033 bus
2097 3980 2336 4048 peccatis
2366 3989 2528 4051 atque
2554 3983 2729 4049 malis,
2755 3999 2878 4039 eum
2906 3987 3053 4041 omni
3082 4002 3281 4058 genere
3304 3990 3569 4048 virtutum

1966 4071 2231 4140 repletum
2260 4074 2517 4130 ostendit.
2543 4075 2893 4134 Continuatio
2917 4078 3200 4137 :Christus
3224 4083 3442 4153 quidem
3461 4101 3568 4142 non

1965 4162 2130 4229 abiit,
2162 4165 2257 4218 sed
2285 4165 2535 4222 voluntas
2571 4164 2689 4235 ejus
2729 4167 2832 4224 fuit
2871 4169 2924 4223 in
2972 4170 3088 4240 lege
3120 4172 3362 4238 Domini,
3396 4174 3447 4229 id
3483 4185 3568 4231 est

1964 4254 2298 4312 voluntatem
2321 4257 2511 4312 habuit
2538 4259 2792 4329 implendi
2823 4260 2993 4332 legem
3020 4262 3253 4318 Domini.
3280 4262 3390 4319 Lex
3419 4266 3562 4322 enim

1962 4345 2059 4401 Dei
2094 4356 2211 4413 est,
2239 4349 2292 4403 in
2321 4349 2625 4406 devitandis
2653 4353 2925 4422 peccatis,
2955 4353 3219 4425 bonisque
3240 4365 3565 4427 perpetran-

1964 4438 2048 4493 dis
2076 4447 2263 4495 sancta
2292 4441 2607 4510 praeceptio.
2647 4441 2703 4496 ln
2734 4442 2881 4512 lege,
2911 4451 2964 4497 et
2996 4460 3101 4499 non
3134 4446 3234 4500 sub
3264 4446 3409 4517 lege,
3440 4447 3562 4504 ideo

1962 4531 2101 4587 bene
2129 4533 2293 4597 dicit,
2325 4534 2451 4602 quia
2490 4535 2749 4595 subnotat
2784 4537 3144 4592 eoactiouem.
3185 4538 3437 4594 Christus
3465 4554 3562 4595 vo-

1965 4627 2170 4683 luntate
2210 4637 2506 4698 spontanea
2554 4629 2725 4700 legem
2769 4630 3077 4701 adimplevit
3102 4672 3116 4696 ,
3155 4639 3211 4685 et
3246 4647 3353 4685 non
3384 4632 3560 4689 solum

1964 4717 2261 4788 adimplere
2289 4718 2493 4783 voluit,
2526 4719 2618 4773 sed
2658 4719 2820 4773 etiam
2854 4736 2952 4791 per
2984 4721 3166 4776 omnia
3197 4721 3509 4794 adimplevit
3539 4741 3554 4779 :

1959 4817 2014 4862 et
2042 4808 2145 4862 hoc
2183 4816 2301 4871 est,
2331 4816 2386 4863 et
2424 4808 2477 4861 in
2510 4808 2626 4879 lege
2654 4807 2770 4876 ejus
2805 4809 3149 4881 adimplenda
3180 4812 3555 4882 meditabitur,
3631 4880 3635 4891 τ

1959 4898 2012 4953 id
2042 4911 2150 4965 est,
2178 4898 2231 4954 in
2259 4898 2375 4967 ejus
2399 4900 2707 4969 impletione
2726 4904 2998 4958 studiosus
3023 4905 3129 4958 erit
3145 4906 3416 4975 quomodo
3441 4922 3558 4963 me-

1957 4986 2063 5045 lius
2088 4990 2396 5061 impleatur.
2428 4990 2544 5048 Non
2569 4993 2700 5048 dicit
2723 4994 3093 5061 meditabitur,
3126 4996 3270 5065 quod
3300 4997 3411 5066 ipse
3440 5012 3555 5053 me-

1957 5084 2225 5139 ditaretur
2251 5104 2262 5138 :
2288 5086 2381 5140 sed
2413 5085 2556 5151 ideo,
2582 5086 2707 5156 quia
2733 5086 2891 5143 sicuti
2924 5088 3122 5157 aliquis
3150 5086 3419 5143 meditans
3440 5104 3553 5145 me-

1959 5176 2284 5249 lius'implet
2321 5179 2524 5251 aliquid
2555 5197 2661 5237 non
2704 5183 3027 5244 meditante,
3071 5183 3144 5236 ita
3174 5182 3421 5238 Christus
3450 5183 3549 5237 ad-

1959 5269 2203 5341 implevit
2234 5271 2404 5343 legem
2444 5271 2638 5329 melius
2681 5274 2934 5329 omnibus
2972 5274 3111 5329 aliis.
3144 5273 3277 5329 Cum
3305 5273 3548 5331 futurum

1957 5364 2125 5433 ponit,
2161 5364 2213 5419 id
2242 5374 2324 5419 est
2353 5365 2727 5433 meditabitur,
2752 5368 3043 5423 secundum
3072 5368 3347 5423 hominem
3374 5365 3548 5438 loqui-

1958 5464 2048 5510 tur
2079 5474 2095 5509 :
2123 5465 2207 5512 est
2244 5456 2389 5512 enim
2439 5457 2750 5525 hominum,
2794 5465 2853 5513 ut
2892 5459 2958 5515 de
2998 5459 3191 5514 futuris
3228 5472 3325 5528 per
3365 5457 3547 5519 futura
3604 5454 3611 5461 ’

1956 5544 2266 5617 loquantur.
2297 5545 2522 5615 Quando
2551 5562 2680 5604 vero
2708 5564 2773 5605 ea
2800 5566 2921 5621 quae
2950 5550 3127 5605 futura
3166 5558 3321 5615 sunt,
3355 5550 3544 5622 utjam

1956 5640 2233 5711 prmterita
2262 5650 2483 5709 narrat,
2510 5658 2616 5698 non
2653 5643 2894 5714 loquitur
2916 5644 3211 5699 secundum
3242 5645 3539 5713 hominem,

1955 5734 2047 5787 sed
2075 5734 2201 5803 quia
2227 5735 2451 5805 spiritus
2490 5734 2632 5792 illius
2659 5738 2972 5808 rapiebatur
3000 5755 3170 5809 usque
3206 5741 3273 5795 ad
3316 5740 3541 5797 consilia

1926 5823 2070 5903 ‘Dei,
2098 5824 2149 5877 in
2181 5824 2339 5893 cujus
2362 5827 2695 5896 providentia
2717 5828 2828 5898 jam
2860 5828 3039 5884 omnia
3070 5831 3344 5902 pneterita
3366 5839 3493 5886 sunt
3521 5848 3535 5884 :

1955 5923 2010 5970 et
2038 5915 2178 5971 sicut
2208 5916 2260 5970 in
2285 5916 2421 5972 libro
2451 5918 2541 5974 illo
2575 5918 2781 5992 legebat
2807 5921 2917 5992 jam
2947 5925 3250 5992 prmterita,
3289 5923 3372 5980 sic
3394 5919 3538 5979 refe-
