3984 6444
469 407 576 466 I99

928 398 1288 460 HAYMONlS
1326 395 1806 455 HALBERSTAT.
1847 393 2061 451 EPlSC.
2099 391 2251 452 OPP.
2289 389 2492 449 PARS.
2523 390 2564 447 l.
2589 420 2660 434 —
2687 389 3042 450 COMMENT.
3082 389 3256 447 BlBL.

3613 387 3727 447 200

469 529 623 584 rebat
649 522 956 582 hominibus
973 520 1088 592 jam
1111 521 1202 577 illa
1225 518 1530 592 praesentia.
1563 538 1582 570 ‹
1604 517 1700 574 Die
1721 532 1784 573 ac
1808 524 1984 581 nocte,
2013 535 2032 568 ι
2065 517 2119 578 Α
2220 532 2240 565 ‹
2277 511 2395 567 Νοη
2423 511 2502 566 sic
2526 509 2699 581 impii,
2728 525 2836 566 non
2863 510 2961 566 sic.
2998 529 3017 563 ι
3049 509 3343 581 Postquam
3369 522 3470 565 nos
3499 508 3568 566 ad
3596 524 3733 565 con-

468 617 524 673 id
558 626 677 682 est,
700 615 953 671 continue
984 631 998 668 :
1026 613 1111 668 vel
1140 612 1196 668 in
1225 612 1584 683 prosperitate
1611 618 1666 664 et
1694 609 2038 664 adversitate.

466 708 804 779 Prosperitas
829 707 1049 771 dicitur,
1069 704 1287 775 quando
1306 712 1430 773 post
1459 702 1779 758 miraculum
1802 702 1867 756 de
1889 700 2044 770 quiu-

467 816 572 871 que
597 799 827 871 panibus
859 796 1092 862 factum,
1132 810 1256 851 eum
1292 793 1463 849 ιιιόωί
1503 793 1604 849 sibi
1632 808 1816 864 regem
1839 791 2040 848 consti-

469 902 622 948 tuere
643 890 964 946 voluerunt:
994 887 1318 953 adversitas,
1343 886 1398 941 in
1425 885 1696 956 passione.

543 1002 562 1034 ι
594 982 664 1037 Et
687 980 812 1036 erit.
846 999 865 1032 ι
905 978 1138 1035 Ostenso
1159 976 1375 1033 Christo
1400 976 1626 1031 immuni
1651 975 1719 1031 ab
1739 975 1884 1030 omni
1911 989 2042 1046 pec-

466 1083 609 1139 cato,
635 1072 792 1142 pleno
816 1071 965 1126 omni
991 1069 1155 1135 bono,
1184 1069 1310 1140 quia
1336 1069 1450 1123 haec
1479 1076 1702 1139 possent
1733 1081 1854 1123 esse
1873 1075 1928 1122 et
1959 1067 2044 1122 ni-

465 1163 540 1217 hil
568 1162 892 1232 prodessent
915 1160 1098 1225 nobis,
1119 1158 1404 1214 utilitatem
1429 1157 1665 1228 apponit,
1694 1171 1858 1227 quam
1886 1157 2043 1211 nobis

462 1252 689 1308 contulit
716 1267 842 1309 cum
871 1251 1041 1307 dicit:
1075 1271 1093 1303 ‹
1125 1250 1193 1305 Et
1218 1251 1322 1305 erit
1349 1258 1602 1322 tanquam
1627 1250 1852 1322 lignum.
1891 1269 1910 1303 ι
1943 1248 2043 1304 Hic

457 1345 722 1416 propheta
766 1343 1042 1416 persimile
1079 1344 1145 1400 de
1182 1342 1402 1400 Christo
1435 1343 1704 1414 loquitur,
1745 1343 1874 1414 quia
1903 1343 2042 1400 sicut

458 1439 642 1509 aliqua
671 1438 832 1493 arbor
867 1438 920 1492 in
954 1437 1178 1492 humido
1211 1437 1330 1492 loco
1356 1436 1628 1508 plantata,
1663 1436 1717 1492 in
1753 1445 1879 1507 apto
1906 1446 2042 1493 tem-

457 1545 592 1602 pore
617 1540 674 1586 et
692 1530 930 1586 ﬂorescit
948 1538 1005 1586 et
1025 1529 1337 1596 fructificat,
1359 1529 1608 1584 similiter
1633 1528 1900 1585 Christus.
1926 1529 2042 1600 Ipse

455 1637 693 1692 namque
721 1622 1027 1693 plantatus,
1057 1621 1112 1676 id
1141 1629 1224 1676 est
1265 1621 1320 1676 in
1349 1620 1701 1690 conceptione
1738 1619 1854 1675 sine
1890 1629 2039 1676 motu

457 1711 700 1768 libidinis
719 1726 818 1784 per
846 1712 1105 1784 Spiritum
1137 1718 1386 1767 sanctum
1417 1710 1804 1775 sanctificatus,
1833 1710 2040 1767 stabilis

457 1813 648 1857 contra
688 1818 903 1859 omnem
945 1803 1206 1873 impetum
1250 1801 1527 1857 diabolicae
1564 1801 1874 1857 tentationis
1910 1814 2035 1872 per-

2145 602 2475 660 formitatem
2511 603 2710 658 Christi
2742 618 2841 674 per
2868 602 2984 673 ejus
3021 599 3317 657 bonitatem
3353 601 3630 667 invitavit,
3659 601 3735 658 ad

2144 695 2391 751 eamdem
2419 709 2518 765 per
2545 693 2664 764 ejus
2705 693 3142 749 adversariorum
3178 700 3440 747 terrorem
3471 689 3726 747 advocat.

2145 786 2489 842 Continuatio
2519 800 2533 840 :
2563 785 2812 841 Christus
2857 784 2982 840 talis
3029 783 3162 850 fuit,
3207 784 3356 854 impii
3396 791 3578 839 autem
3617 799 3733 840 non

2145 878 2224 935 sic
2249 878 2514 932 immunes
2539 892 2570 931 a
2593 884 2840 947 peccato,
2862 891 2969 932 non
2993 875 3070 931 sic
3089 856 3232 945 pleni
3252 873 3482 944 justitia,
3509 891 3619 930 non
3648 875 3733 932 sic

2143 970 2326 1037 utiles,
2357 978 2413 1026 et
2443 970 2521 1025 sic
2546 985 2717 1041 usque
2747 971 2800 1025 in
2827 969 3128 1036 inﬁnitum,
3155 970 3300 1039 quod
3333 971 3490 1026 nobis
3514 985 3613 1041 per
3637 986 3733 1043 ge-

2142 1066 2406 1122 minatum
2434 1066 2748 1122 adverbium
2770 1065 3122 1137 signiﬁcatur.
3156 1083 3176 1116 ι
3207 1063 3326 1120 Non
3351 1066 3433 1120 sic
3455 1065 3597 1131 dico,
3633 1066 3734 1121 sed

2143 1167 2401 1228 tanquam
2453 1158 2659 1229 pulvis,
2703 1178 2723 1212 ι
2765 1158 2820 1214 id
2845 1165 2929 1214 est
2956 1157 3306 1225 infructuosi,
3337 1169 3391 1214 et
3419 1157 3566 1214 nullo
3598 1159 3736 1214 cha—

2143 1251 2323 1307 ritatis
2348 1249 2564 1307 vinculo
2590 1235 2825 1322 colligati
2852 1268 2872 1303 (
2907 1264 3069 1321 quem
3102 1248 3321 1322 projicit
3353 1261 3581 1316 ventus,
3619 1271 3642 1306 ι
3676 1251 3736 1308 id

2141 1351 2227 1400 est
2251 1343 2517 1400 diabolica
2555 1344 2822 1410 tentatio,
2857 1362 2878 1396 ι
2910 1358 2942 1399 a
2976 1343 3115 1400 facie
3153 1352 3313 1399 terra:
3345 1363 3365 1397 ι
3400 1359 3432 1399 a
3454 1343 3741 1400 soliditate

2139 1435 2416 1493 Ecclesiae.
2442 1436 2687 1493 Ecclesia
2711 1444 2939 1493 vocatur
2968 1445 3114 1491 terra
3147 1443 3370 1508 propter
3396 1435 3738 1492 soliditatem

2140 1539 2196 1588 et
2219 1530 2718 1596 fructiﬁcationem,
2747 1530 2874 1601 quia
2897 1528 3064 1586 facies
3094 1537 3253 1586 terrae
3276 1545 3386 1585 non
3415 1530 3613 1586 dicitur
3635 1527 3746 1587 ubi

2139 1625 2338 1698 pulvis,
2368 1625 2462 1680 sed
2487 1625 2580 1680 ubi
2609 1632 2752 1679 terra
2787 1623 2960 1679 solida
2985 1631 3089 1679 est.

2219 1735 2238 1768 ‹
2272 1716 2398 1772 Ideo
2431 1735 2450 1768 ι
2484 1699 2695 1771 scilicet
2719 1714 2846 1786 quia
2886 1714 3063 1784 pulvis
3106 1721 3266 1781 sunt,
3305 1714 3502 1771 remoti
3530 1729 3562 1768 a
3589 1713 3744 1770 facie

2141 1816 2306 1864 terrae
2339 1823 2358 1858 ι
2397 1805 2548 1877 impii
2579 1807 2698 1861 ideo
2735 1820 2844 1860 non
2871 1814 3178 1877 resurgunt,
3217 1823 3236 1858 ι
3265 1805 3321 1860 id
3355 1813 3458 1871 est,
3492 1820 3601 1860 non
3632 1805 3742 1861 ha-

458 1897 676 1951 mansit.
710 1914 729 1948 ι
770 1895 940 1952 Secus
975 1896 1236 1952 decursus
1272 1909 1564 1965 aquarum,
1596 1914 1614 1946 ›
1651 1894 1704 1950 id
1737 1903 1849 1959 est,
1879 1908 2036 1950 secus
2063 1877 2113 1938 Β
2138 1899 2270 1954 bent
2298 1911 2581 1967 resurgere
2609 1911 2626 1951 :
2655 1903 2712 1953 et
2752 1897 2879 1967 quia
2919 1912 3112 1953 omnes
3156 1912 3261 1952 non
3298 1907 3588 1968 resurgunt
3616 1905 3739 1951 tam

458 1987 809 2042 decurrentes
836 2001 1024 2057 aquas.
1055 1987 1162 2042 Per
1189 2001 1361 2057 aquas
1391 1984 1652 2056 Spiritum
1677 1992 1925 2040 sanctum
1955 1985 2035 2040 in-

459 2079 767 2150 telligimus.
786 2080 939 2136 Unde
961 2091 1015 2136 et
1041 2079 1168 2135 alibi
1195 2079 1425 2136 dicitur:
1449 2100 1467 2132 ‹
1489 2079 1736 2135 Flumina
1761 2082 1827 2137 de
1847 2091 2038 2136 ventre

454 2171 572 2241 ejus
586 2169 753 2226 fluent
773 2187 928 2242 aquae
947 2171 1103 2239 vivae,
1131 2191 1150 2224 ›
1167 2173 1271 2227 hoc
1297 2180 1478 2227 autem
1495 2172 1629 2227 dixit
1651 2188 1666 2227 :
1691 2190 1709 2223 ι
1731 2172 1806 2226 De
1827 2187 1904 2239 se,
1930 2173 2037 2228 sci-

452 2263 598 2327 licet,
625 2280 785 2336 quem
813 2265 1087 2337 accepturi
1117 2274 1300 2321 essent
1319 2265 1602 2320 credentes
1623 2265 1676 2320 in
1703 2280 1824 2320 eum
1849 2265 2030 2337 (Joan.

451 2357 569 2429 vn).
607 2377 626 2411 ι
655 2359 778 2415 ideo
800 2369 981 2415 autem
1009 2359 1242 2429 Spiritus
1271 2367 1492 2414 sanctus
1521 2373 1619 2428 per
1640 2373 1836 2429 aquam
1862 2358 2031 2429 signi-

451 2451 665 2518 ﬁcatur,
695 2452 822 2523 quia
843 2452 983 2508 sicut
1010 2467 1108 2522 per
1130 2467 1328 2523 aquam
1355 2459 1501 2506 terra
1533 2449 1794 2506 solidatur
1823 2458 1880 2505 et
1903 2449 2037 2504 facit

448 2539 720 2610 fructum,
768 2543 848 2599 sic
889 2559 988 2614 per
1028 2541 1292 2614 Spiritum
1335 2550 1581 2598 sanctum
1620 2540 1866 2596 dissoluti
1911 2540 2034 2596 colli

453 2633 858 2689 consolidantur
876 2633 1091 2688 vinculo
1126 2631 1430 2688 dilectionis
1466 2640 1522 2686 et
1552 2631 1673 2686 fidei
1692 2671 1706 2693 ,
1733 2638 1786 2686 et
1828 2629 2036 2686 faciunt

452 2723 688 2779 fructum
710 2725 865 2779 bonae
882 2723 1245 2794 Operationis:
1265 2733 1320 2779 et
1336 2723 1476 2779 sicut
1491 2739 1633 2794 aqua
1644 2723 1939 2794 exstinguit
1961 2723 2032 2778 si-

454 2816 572 2881 tim,
589 2816 668 2871 sic
684 2814 918 2887 Spiritus
929 2825 1151 2873 sanctus
1164 2819 1410 2872 ardorem
1424 2815 1651 2886 peccati.
1671 2815 2034 2872 Decurrentes

449 2905 600 2972 dicit,
617 2905 743 2976 quia
755 2906 959 2962 nullum
975 2907 1314 2962 obstaculum
1335 2905 1560 2978 Spiritui
1579 2914 1766 2962 sancto
1777 2906 2032 2962 resistere

446 3004 644 3066 potest.
664 2996 818 3052 Unde
838 2997 1066 3052 dicitur:
1093 3017 1111 3049 ι
1133 2995 1300 3052 Nemo
1314 3005 1528 3068 poterat
1549 2997 1804 3054 resistere
1819 2999 2032 3068 sapien-

449 3087 538 3142 tia:
560 3097 615 3142 et
640 3088 854 3158 spiritui
881 3089 972 3159 qui
995 3089 1316 3159 loquebatur
1345 3089 1480 3162 (Act.
1508 3088 1606 3163 vr).
1630 3109 1649 3143 ι
1685 3109 1704 3141 ε
1734 3090 1923 3157 Secus,
1950 3090 2032 3146 di-

447 3179 542 3243 cit,
573 3181 698 3250 quia
729 3188 922 3235 natum
948 3181 1305 3237 humanitatis
1333 3198 1440 3238 non
1466 3182 1568 3238 fuit
1597 3199 1752 3240 versa
1784 3186 1839 3239 in
1867 3192 2028 3240 natu-

447 3283 564 3322 ram
594 3270 914 3336 divinitatis,
947 3274 1040 3328 sed
1056 3272 1234 3342 juxta,
1260 3273 1316 3328 id
1335 3282 1439 3340 est,
1468 3274 1754 3345 conjuncta
1777 3274 1876 3329 fuit
1903 3293 1916 3329 :
1945 3275 2032 3332 vel

445 3372 544 3428 per
585 3359 937 3417 decurrentes
982 3378 1186 3433 aquas,
1231 3364 1456 3435 populos
1503 3364 1842 3433 deﬂuentes;
1890 3367 2033 3423 unde

445 3445 674 3504 Joannis
702 3449 757 3505 in
782 3449 1104 3524 Apocalypsi
1131 3453 1264 3508 dicit
1288 3472 1301 3508 :
1329 3473 1348 3507 ι
1383 3455 1549 3525 Aqua:
1576 3457 1760 3513 multa:
1785 3466 1910 3513 sunt
1937 3474 2032 3531 po-

445 3539 556 3610 puli
576 3541 749 3597 multi.
776 3562 796 3595 »
819 3543 988 3601 Secus
1009 3546 1235 3617 populos
1248 3545 1524 3604 Christum
1542 3549 1708 3606 fuisse
1727 3552 1877 3618 dicit,
1903 3552 2030 3624 quia

443 3647 552 3688 non
591 3635 950 3703 peccatricem
989 3652 1243 3704 carnem,
1290 3640 1386 3694 sed
1424 3643 1633 3710 peccati
1674 3643 1903 3700 similem
1931 3645 2030 3700 ba-

443 3725 582 3781 buit.
621 3745 640 3778 (
674 3727 829 3795 Quod
862 3727 1065 3801 lignum
1104 3731 1252 3788 dabit
1283 3732 1521 3790 fructum
1546 3751 1732 3802 suum,
1771 3757 1789 3789 ι
1831 3737 1886 3792 id
1919 3747 2024 3805 est,

441 3813 788 3873 fructiﬁcabit
829 3818 884 3874 in
934 3829 1174 3892 tempore
1211 3839 1340 3890 suo,
1380 3825 1459 3880 sic
1497 3834 1552 3881 et
1589 3825 1838 3883 Christus
1881 3828 2028 3883 dedit

442 3906 680 3966 fructum
718 3926 911 3979 suum,
938 3914 1146 3970 scilicet
1189 3919 1586 3986 reparationem
1617 3921 1837 3977 humani
1866 3935 2026 3992 gene-

441 4001 535 4058 ris.
574 4019 593 4052 ε
624 4001 681 4056 In
712 4011 954 4074 tempore
975 4021 1094 4072 suo,
1127 4026 1146 4058 ι
1179 4007 1232 4061 id
1259 4018 1365 4074 est,
1393 4010 1447 4064 in
1473 4012 1811 4067 convenienti
1851 4031 1864 4066 :
1898 4013 2025 4082 quia

440 4096 497 4154 in
537 4097 789 4166 passione
824 4100 1138 4156 redimendo
1172 4103 1381 4159 animas
1407 4105 1473 4160 de
1498 4114 1763 4176 potestate
1804 4107 2020 4176 diaboli,

439 4188 494 4244 in
522 4190 920 4246 resurrectione
950 4207 1098 4261 spem
1130 4193 1277 4250 dedit
1305 4197 1460 4252 nobis
1483 4199 1821 4270 resurgendi,
1853 4200 1904 4254 in
1931 4216 2021 4257 as-

438 4280 695 4336 censione
717 4282 968 4341 ctelestes
997 4286 1154 4342 nobis
1178 4288 1356 4344 aditus
1379 4290 1654 4360 patefecit,
1681 4302 1736 4348 et
1765 4295 1840 4350 ita
1867 4295 2022 4352 Chri-

438 4379 556 4425 stus
590 4371 643 4426 in
676 4370 881 4442 lignum
925 4376 1050 4433 vitae
1093 4378 1248 4434 nobis
1285 4380 1441 4436 datus
1480 4381 1602 4438 fuit.
1644 4383 1836 4440 Aufert
1875 4388 2022 4443 enim

439 4460 688 4518 Christus
720 4479 751 4518 a
778 4467 935 4522 nobis
961 4483 1060 4538 per
1081 4470 1165 4525 sui
1188 4473 1432 4542 corporis
1457 4489 1616 4529 usum
1633 4516 1647 4541 ,
1675 4486 1731 4532 et
1757 4477 2019 4535 imitatio-

2135 1990 2266 2046 boni
2296 2005 2458 2061 quam
2497 1988 2655 2056 mali,
2689 1989 3017 2046 determinat
3049 2008 3068 2062 ᾳ
3111 1989 3166 2044 in
3204 1988 3444 2060 judicio,
3488 2010 3507 2043 ι
3541 1990 3595 2046 id
3620 2000 3736 2056 est,

2133 2098 2244 2138 non
2271 2083 2345 2138 ita
2373 2089 2660 2153 resurgent
2683 2089 2745 2138 ut
2761 2081 3102 2154 judicentur,
3131 2080 3218 2137 vel
3244 2089 3307 2136 ut
3321 2080 3586 2151 judicent.
3617 2081 3739 2136 lm-

2133 2173 2210 2244 pii
2233 2171 2408 2238 en'im,
2453 2173 2508 2228 id
2543 2181 2627 2227 est
2664 2172 2930 2239 inﬁdeles,
2961 2180 3023 2227 ut
3060 2170 3232 2228 Judaai
3275 2181 3333 2230 et
3375 2173 3624 2244 gentiles,
3675 2180 3742 2229 et

2134 2266 2299 2322 etiam
2319 2265 2396 2321 illi
2416 2265 2510 2336 qui
2535 2266 2604 2322 ab
2624 2267 2727 2323 hac
2752 2267 2863 2322 vita
2885 2265 3232 2330 divelluntur,
3259 2266 3328 2321 ab
3355 2265 3599 2322 Ecclesia
3626 2280 3735 2322 ex-

2134 2357 2313 2430 pulsi,
2359 2373 2468 2413 non
2517 2359 2573 2414 in
2621 2359 2856 2414 secunda
2893 2358 3294 2415 resurrectione
3316 2357 3734 2428 judicabuntur,

2134 2455 2262 2524 quia
2287 2453 2378 2510 hic
2407 2453 2522 2524 jam
2557 2453 2789 2526 judicati
2820 2463 2977 2521 sunt,
3005 2466 3063 2510 ut
3082 2453 3371 2527 Apostolus
3408 2454 3486 2508 ait
3517 2471 3531 2507 :
3566 2474 3586 2506 ι
3624 2453 3736 2520 Qui

2135 2546 2253 2602 sine
2277 2546 2395 2620 lege
2421 2556 2804 2618 peccaverunt,
2834 2547 2950 2604 sine
2977 2546 3095 2617 lege
3123 2545 3375 2617 peribunt
3396 2545 3677 2618 (RomJt).
3707 2566 3729 2600 ι

2133 2640 2214 2695 llli
2242 2656 2374 2696 vero
2403 2641 2492 2712 qui
2514 2641 2569 2696 in
2592 2641 2832 2698 Ecclesia
2849 2640 3146 2698 existentes
3166 2655 3195 2696 a
3216 2640 3465 2712 praesenti
3492 2640 3604 2696 vita
3637 2655 3736 2696 re;

2134 2732 2366 2798 cedunt,
2394 2733 2461 2788 de
2483 2748 2714 2803 quorum
2743 2732 3000 2805 operibus
3029 2747 3098 2788 an
3143 2733 3286 2788 bona
3327 2747 3396 2788 an
3421 2732 3564 2788 mala
3593 2733 3730 2801 sint,

2134 2823 2404 2878 incertum
2432 2832 2537 2889 est,
2561 2824 2969 2896 judicabuntur,
3001 2825 3220 2895 quidam
3261 2824 3329 2879 ad
3366 2824 3536 2879 vitam
3556 2865 3571 2890 ,
3603 2825 3733 2894 qui-

2133 2914 2257 2969 dam
2293 2915 2360 2970 ad
2401 2923 2654 2971 mortem.
2697 2915 2774 2970 llli
2813 2930 2944 2972 vero
2980 2916 3048 2972 de
3079 2930 3308 2986 quorum
3352 2915 3646 2972 sanctitate
3672 2915 3732 2970 in

2131 3005 2372 3062 Ecclesia
2399 3015 2611 3063 certum
2640 3013 2744 3075 est,
2771 3023 2876 3063 non
2902 3006 3294 3076 judicabuntur
3330 3025 3344 3063 :
3378 3008 3507 3078 quia
3529 3005 3645 3077 jam
3672 3008 3732 3063 in

2132 3097 2238 3152 hac
2259 3097 2373 3152 vita
2416 3098 2486 3153 ad
2517 3097 2686 3153 vitam
2724 3100 2792 3154 ab
2820 3098 3063 3155 Ecclesia
3096 3099 3266 3166 ducti,
3297 3097 3528 3170 judicati
3554 3108 3683 3155 sunt
3711 3116 3728 3154 :

2135 3203 2193 3243 se
2215 3185 2559 3257 judicabunt,
2583 3204 2691 3245 non
2721 3197 2898 3245 tamen
2922 3202 3133 3256 omnes,
3159 3190 3253 3245 sed
3283 3189 3360 3246 illi
3385 3191 3476 3261 qui
3507 3198 3731 3262 aposto-

2057 3236 2103 3300 Ο
2135 3278 2311 3334 lorum
2341 3279 2517 3335 vicem
2542 3279 2810 3347 obtinent,
2837 3288 2898 3336 ut
2922 3281 3158 3352 episcopi
3185 3291 3241 3336 et
3271 3236 3602 3354 huju‘smodi.
3633 3282 3731 3338 Ju-

2133 3368 2397 3424 tlicabunt
2438 3377 2651 3473 autem,
2683 3370 2809 3441 quia
2850 3373 3256 3443 comparatione
3301 3373 3386 3428 sui
3433 3375 3731 3430 ostendunt

2131 3460 2268 3516 alios
2310 3460 2646 3518 damnabiles
2684 3477 2805 3518 esse
2848 3480 2863 3518 :
2906 3463 3034 3534 quia
3072 3479 3195 3520 cum
3231 3463 3473 3534 ejusdem
3514 3475 3728 3523 natura:

2130 3555 2240 3609 sint
2259 3552 2392 3623 justi
2422 3564 2475 3610 et
2502 3555 2684 3627 impii,
2708 3570 2816 3612 non
2842 3556 2994 3625 impii
3022 3538 3188 3610 vitam
3215 3555 3422 3612 Christi
3449 3567 3577 3613 sunt
3605 3559 3725 3614 imi-

2131 3646 2249 3713 tati,
2281 3648 2424 3702 sicut
2447 3645 2601 3719 justi.
2633 3647 2788 3719 lmpii
2823 3649 3040 3719 quidem
3071 3665 3178 3705 non
3210 3660 3518 3722 resurgent,
3548 3667 3724 3722 neque

2126 3749 2472 3810 peccatores,
2507 3741 2559 3796 id
2600 3751 2687 3797 est
2717 3740 3014 3797 Christiani
3037 3741 3248 3799 occulte
3278 3753 3597 3815 peccantes,
3630 3761 3721 3802 re-

2127 3841 2378 3903 surgent,
2411 3833 2486 3888 ita
2518 3834 2662 3903 quod
2693 3835 2803 3890 sint
2841 3835 2894 3890 in
2943 3835 3171 3892 consilio
3197 3837 3503 3908 justorum,
3547 3839 3597 3894 id
3633 3847 3716 3893 est

2126 3919 2183 3975 in
2212 3922 2417 3990 judicio
2451 3939 2575 3978 cum
2612 3923 2811 3994 justis,
2853 3941 2886 3980 a
2927 3927 3126 3997 quibus
3160 3927 3420 3999 quidquid
3461 3929 3552 3996 fit,
3596 3945 3719 3985 cum

2127 4012 2356 4068 consilio
2385 4021 2441 4068 et
2470 4014 2682 4071 ratione
2700 4015 2780 4071 fit.
2807 4015 2902 4072 Vel
2924 4019 3049 4088 quia
3078 4017 3133 4072 in
3159 4017 3388 4075 Hebraeo
3410 4021 3465 4075 in
3495 4037 3724 4092 congre-

2126 4101 2340 4172 gatione
2377 4103 2610 4160 habetur
2634 4145 2650 4172 ,
2689 4105 2745 4160 in
2786 4107 3016 4164 concilio
3053 4123 3085 4163 a
3132 4110 3462 4179 quibusdam,
3500 4109 3720 4182 legitur,

2125 4193 2333 4273 scilicet
2361 4209 2469 4250 non
2496 4206 2656 4253 erunt
2681 4208 2997 4269 peccatores
3023 4201 3080 4256 in
3118 4203 3396 4258 consortio
3417 4201 3718 4271 justorum.

2125 4284 2220 4341 Vel
2248 4297 2426 4356 potest
2449 4290 2594 4346 idem
2630 4307 2820 4349 versus
2853 4293 2960 4365 legi
2998 4294 3065 4350 de
3103 4296 3277 4366 prima
3318 4303 3724 4358 resurrectione

2123 4380 2319 4436 anima:
2346 4398 2444 4452 per
2469 4384 2843 4453 paenitentiam
2862 4427 2878 4454 ,
2909 4395 2970 4441 ut
3001 4387 3246 4447 dicamus
3273 4388 3468 4460 :lmpii
3493 4407 3603 4448 non
3631 4405 3722 4450 re-

2122 4479 2346 4542 surgent
2392 4472 2444 4526 in
2497 4472 2737 4543 judicio,
2785 4477 2841 4532 id
2881 4485 2964 4533 est
3014 4477 3070 4532 in
3118 4478 3448 4536 discretione
3485 4482 3615 4539 boni
3665 4494 3726 4543 et

437 4567 559 4608 nem
580 4552 827 4623 justitiae,
867 4567 1096 4615 mortem
1135 4570 1394 4618 azternam
1423 4573 1478 4620 et
1511 4568 1742 4636 senium,
1774 4572 1918 4640 quod
1943 4571 2012 4627 1i-
2040 4581 2094 4643 Β
2119 4563 2280 4631 mali,
2321 4565 2400 4620 sic
2431 4566 2640 4622 scilicet
2677 4576 2738 4623 ut
2777 4570 2919 4624 bono
2948 4569 3186 4625 devitato
3221 4571 3424 4627 bonum
3459 4571 3670 4631 faciant
3702 4595 3720 4634 :

438 4661 602 4718 gnum
628 4649 752 4704 vita:
773 4648 1025 4717 faciebat,
1058 4661 1117 4707 ut
1145 4670 1308 4726 supra
1337 4657 1592 4713 diximus.

513 4755 532 4787 c
565 4737 633 4792 Et
658 4738 845 4795 folium
870 4742 1008 4812 ejus,
1041 4763 1058 4795 ι
1091 4745 1144 4800 id
1170 4755 1272 4813 est,
1299 4763 1477 4804 sermo
1505 4749 1696 4821 ipsius,
1719 4752 1866 4809 nullo
1891 4769 2022 4811 casu

439 4843 471 4884 a
497 4831 728 4887 veritate
755 4833 982 4901 defluet,
1015 4836 1070 4891 id
1100 4846 1186 4893 est
1212 4840 1441 4897 decidet.
1477 4842 1568 4899 Sic
1599 4846 1800 4902 etenim
1840 4847 2021 4905 Domi-

437 4939 539 4979 nus
568 4924 644 4980 ait
673 4943 685 4980 :
724 4943 743 4977 ι
779 4925 988 4982 Caelum
1014 4937 1068 4984 et
1101 4940 1247 4986 terra
1275 4935 1614 5002 transibunt,
1644 4938 1806 4995 verba
1837 4949 2020 4997 autem

437 5030 556 5069 mea
589 5031 696 5072 non
730 5019 994 5075 transient
1029 5019 1244 5092 (Matth.
1276 5024 1448 5095 xxrv).
1489 5044 1507 5078 ι
1535 5025 1728 5084 Sermo
1752 5030 2022 5102 significav-

440 5117 526 5161 tur
548 5122 646 5176 per
675 5106 885 5175 folium,
912 5110 1035 5179 quia
1070 5111 1211 5166 sicut
1239 5111 1425 5168 folium
1451 5118 1686 5190 protegit
1709 5128 1764 5175 et
1795 5119 2020 5180 decorat

436 5195 701 5264 fructum,
735 5199 813 5254 sic
849 5201 1012 5254 verba
1051 5201 1250 5258 Christi
1277 5203 1419 5261 dona
1458 5209 1714 5266 decorant
1744 5219 1800 5267 et
1827 5222 2044 5290 prote-.

436 5298 587 5359 gunt.
620 5290 679 5344 1n
720 5291 867 5346 nullo
905 5291 1050 5346 enim
1079 5295 1254 5363 gratia
1285 5295 1411 5351 data
1450 5298 1504 5353 in
1543 5301 1868 5372 baptismate
1896 5319 2016 5362 ser-

434 5380 549 5433 vari
580 5391 783 5451 posset,
814 5382 918 5437 nisi
957 5383 1201 5440 doctrina
1220 5386 1492 5460 Evangelii
1515 5397 1856 5463 postmodum
1886 5413 2014 5454 con-

435 5479 692 5524 servaret.
730 5470 855 5526 llaec
896 5475 1160 5542 promissa
1203 5479 1357 5535 nobis
1390 5491 1552 5538 erunt
1591 5486 1657 5541 ad
1698 5487 2008 5544 utilitatem.

441 5578 458 5611 ι
494 5559 561 5615 Et
587 5563 764 5616 omnia
796 5579 1126 5638 quaecunque
1156 5568 1315 5626 faciet
1347 5591 1369 5628 ι
1404 5575 1520 5645 ipse
1543 5577 1811 5645 Christus,
1847 5582 2009 5636 etiam

434 5653 742 5724 ignominia:
769 5672 904 5726 quas
931 5661 1186 5717 sustinuit
1213 5683 1230 5715 ι
1266 5670 1746 5736 prosperahuntur,
1783 5691 1800 5722 ›
1835 5673 1886 5729 id
1907 5681 2009 5739 est,

433 5743 590 5798 nobis
629 5760 884 5816 prospera
931 5750 1312 5820 inveniuntur,
1361 5767 1420 5811 ut
1461 5759 1670 5830 ﬂagella
1715 5779 1836 5832 qua:
1888 5772 2013 5820 sunt

434 5833 589 5906 nobis
615 5838 921 5910 exemplum
946 5842 1268 5902 humilitatis
1294 5857 1349 5901 et
1376 5849 1668 5915 patientiae.

2125 4672 2302 4727 neque
2332 4666 2680 4728 peccatores,
2711 4660 2786 4715 ita
2821 4669 2882 4717 ut
2923 4661 3035 4716 sint
3064 4663 3120 4717 in
3159 4680 3388 4722 numero
3416 4666 3719 4739 justorum.

2124 4749 2239 4805 Hoc
2271 4751 2489 4819 quidem
2527 4751 2735 4808 dictum
2760 4762 2847 4810 est
2874 4754 2940 4808 de
2971 4755 3257 4812 induratis.

2201 4862 2219 4894 ι
2259 4842 2525 4911 Quoniam
2562 4845 2715 4900 novit
2741 4846 3020 4904 Dominus.
3058 4867 3078 4902 ›
3107 4848 3231 4904 Ideo
3261 4848 3412 4920 impii
3438 4860 3494 4908 et
3517 4868 3721 4924 pecca-

2121 4941 2270 4990 tores
2307 4947 2418 4988 non
2464 4944 2787 5006 resurgent,
2829 4937 3087 5007 quoniam
3128 4953 3237 4994 non
3275 4941 3423 4996 novit
3450 4942 3719 5007 Dominus

2122 5025 2231 5082 iter
2254 5041 2466 5093 eorum,
2487 5035 2542 5082 et
2563 5027 2722 5097 hujus
2744 5029 3116 5086 antecedentis
3139 5045 3480 5102 consequens
3506 5040 3662 5106 ponit
3695 5057 3712 5097 :

2125 5137 2147 5173 s
2187 5119 2255 5175 Et
2284 5121 2388 5176 iter
2411 5121 2698 5192 impiorum
2723 5123 2921 5193 peribit
2949 5142 2968 5176 ι
3000 5124 3136 5190 iter,
3177 5123 3229 5177 id
3261 5137 3348 5183 est
3373 5130 3516 5185 mala
3539 5145 3714 5202 opera

2119 5227 2306 5273 eorum
2336 5213 2538 5268 ducent
2563 5228 2657 5269 eos
2680 5213 2734 5269 in
2757 5215 3182 5284 damnationem,
3206 5230 3260 5275 et
3281 5220 3440 5290 hujus
3465 5222 3544 5277 rei
3569 5239 3714 5294 pras-

2121 5307 2284 5361 missa
2304 5313 2389 5360 est
2407 5307 2655 5376 probatio
2675 5322 2774 5378 per
2794 5310 3150 5379 contrarium,
3173 5313 3264 5370 ubi
3285 5315 3500 5382 dicitur,
3525 5335 3544 5368 ι
3572 5334 3712 5388 quo-

2115 5399 2262 5452 niam
2287 5398 2437 5454 novit
2455 5399 2733 5466 Dominus,
2762 5419 2780 5452 ι
2808 5400 2860 5456 id
2881 5411 2984 5468 est,
3002 5405 3264 5474 approbat
3282 5405 3462 5477 justus
3479 5417 3534 5466 et
3557 5413 3710 5470 viam

2114 5489 2410 5561 justorum.

2642 5587 2709 5641 IN
2746 5587 3076 5646 PSALMUM
3115 5591 3180 5648 ll.

2119 5679 2357 5736 Tmrws
2391 5695 2404 5735 :
2442 5682 2684 5758 Psalmus
2715 5684 2892 5758 David
2936 5685 3056 5754 (etsi
3101 5689 3240 5758 apud
3282 5688 3535 5748 Hebraaos
3573 5693 3708 5752 huic

2399 5754 2603 5826 psalmo
2638 5755 2813 5810 nullus
2839 5754 3149 5826 praeligatur
3177 5760 3407 5832 titulus).

2197 5879 2216 5912 ‹
2252 5861 2432 5931 Quare
2461 5865 2800 5925 fremuerunt
2831 5873 3039 5938 gentes.
3075 5888 3094 5922 ι
3125 5868 3372 5932 Psalmus
3411 5873 3610 5941 David.
3643 5874 3703 5937 id
