3984 6456
134 531 234 589 201

1315 519 1758 581 EXPLANATIO
1795 521 1862 578 1N
1899 519 2242 578 PSALMOS.

3301 519 3410 577 202

132 646 239 704 εει,
267 639 533 694 tractatus
555 631 658 689 iste
681 632 775 704 qui
793 638 1018 688 vocatur
1037 631 1302 703 psalmus,
1331 633 1460 704 quia
1484 633 1626 689 sicut
1654 648 1721 690 ex
1747 635 1804 696 Α
1903 651 1922 684 ι
1955 631 2057 701 Qui
2099 633 2312 689 habitat
2349 634 2402 688 in
2441 632 2615 690 caelis.
2657 653 2675 686 ι
2707 633 3194 702 Confremuerunt,
3225 637 3415 692 astite-

131 729 454 802 operatione
480 741 736 782 manuum
763 725 927 781 motis
959 725 1175 782 chordis
1191 766 1207 793 ,
1234 726 1288 781 in
1316 725 1574 796 psalterio
1597 726 1720 782 red-

134 823 284 878 ditur
312 818 486 876 dulcis
518 816 780 883 melodia,
814 833 935 888 quae
962 825 1190 874 vocatur
1214 816 1454 888 psalmus
1472 857 1487 883 ,
1519 817 1594 872 ita
1622 817 1726 873 iste

136 921 406 970 tractatus
441 917 623 966 movet
651 925 751 965 nos
787 910 855 965 ad
891 910 1268 981 operationes,
1307 909 1365 963 in
1391 908 1589 980 quibus
1615 907 1726 962 Deo

137 1008 197 1062 ﬁt
223 1003 396 1063 dulcis
423 1002 674 1059 melodia.
719 1020 738 1054 ι
770 1003 1100 1059 Attribuitur
1132 1001 1318 1066 David,
1358 1021 1377 1054 ι
1407 1001 1460 1055 id
1483 1009 1588 1066 est,
1617 999 1728 1071 agit

135 1098 202 1154 de
227 1095 467 1160 Christo,
499 1094 592 1164 qui
613 1093 859 1150 Christus
888 1093 1231 1164 signiﬁcatur
1251 1108 1351 1163 per
1374 1091 1566 1160 David,
1599 1091 1726 1163 quia

134 1189 305 1246 David
344 1189 736 1260 interpretatur
774 1187 894 1244 visu
935 1187 1334 1255 desiderabilis,
1375 1187 1490 1242 sive
1535 1201 1728 1240 manu-

135 1281 312 1338 fortis.
335 1280 470 1349 Quis
505 1280 651 1336 enim
679 1279 870 1335 fortior
904 1288 989 1336 est
1012 1280 1232 1337 Christo
1252 1320 1267 1346 ,
1295 1279 1388 1350 qui
1419 1278 1599 1334 aerias
1625 1292 1726 1348 po-

136 1383 360 1432 testates
400 1373 832 1444 devicit?lpsum
879 1374 1046 1429 etiam
1093 1363 1279 1430 videre
1305 1387 1494 1429 omnes
1518 1371 1729 1444 priores

135 1477 320 1540 patres
351 1467 818 1533 desideraverunt,
853 1475 916 1522 ut
946 1466 1170 1523 Simeon
1203 1487 1216 1522 :
1258 1467 1474 1524 dicebat
1501 1466 1646 1523 enim
1673 1465 1728 1519 in

135 1561 474 1618 orationibus
516 1560 648 1617 suis.
695 1559 922 1627 Quando
969 1559 1186 1615 veniet?
1231 1559 1449 1630 quando
1498 1556 1730 1614 videbo?

135 1652 302 1722 Cujus
327 1651 503 1707 visum
534 1650 846 1707 desiderant
883 1651 1060 1708 adhuc
1105 1652 1270 1706 etiam
1305 1665 1499 1706 omnes
1527 1649 1725 1706 sancti.

133 1743 193 1800 ln
238 1745 342 1799 hoc
385 1741 598 1814 psalmo
635 1741 883 1797 Christus
928 1757 1058 1808 rex,
1096 1750 1181 1800 est
1223 1742 1485 1808 materia,
1517 1741 1584 1796 de
1623 1755 1731 1811 quo

135 1843 336 1892 tractat
358 1836 460 1890 hoc
480 1833 644 1890 modo
671 1851 685 1887 :
712 1835 950 1890 ostendit
968 1850 1160 1891 omnes
1178 1835 1271 1906 qui
1293 1843 1481 1890 contra
1504 1847 1728 1904 regnum

135 1928 306 2000 ipsius
332 1926 533 1998 aliquid
555 1927 848 1983 machinati
875 1937 1002 1984 sunt
1020 1928 1154 1984 nihil
1183 1929 1472 2000 proﬁcere,
1502 1929 1597 1983 sed
1627 1941 1724 1998 po-

1831 733 1990 791 runt,
2019 727 2114 782 sed
2144 725 2232 780 ille
2263 724 2356 796 qui
2392 725 2602 781 habitat
2639 725 2694 780 in
2731 725 2915 792 caelis,
2960 725 3202 792 scilicet,
3247 727 3331 782 vel
3360 727 3416 781 in

1830 817 1984 874 caelis
2022 817 2406 881 materialiter,
2444 817 2530 872 vel
2578 815 2636 871 in
2680 817 2914 885 sanctis,
2961 817 3018 873 in
3063 818 3261 888 quibus
3296 818 3420 875 ideo

1832 911 1976 967 Deus
2002 911 2250 967 habitare
2277 909 2507 977 dicitur,
2548 909 2673 980 quia
2705 910 2906 966 nullam
2935 910 2992 966 in
3028 911 3108 966 eis
3141 911 3308 967 habet
3332 908 3421 966 of-

1832 1001 2134 1058 fensionem
2167 1020 2185 1054 ι
2220 1001 2470 1067 irridebit
2505 1015 2600 1056 eos
2620 1041 2635 1067 ,
2673 1020 2692 1054 ι
2729 1001 2782 1056 id
2806 1011 2920 1067 est,
2953 1001 3204 1058 irrisione
3232 1003 3423 1074 dignos

1832 1093 2021 1150 reddet
2050 1109 2175 1161 eos,
2207 1094 2334 1164 quia
2375 1095 2714 1164 apparebunt
2740 1103 2931 1148 contra
2961 1110 3188 1164 regnum
3213 1093 3310 1150 Dei
3339 1093 3424 1149 ni-

1830 1187 1907 1242 hil
1935 1196 2183 1258 potentes
2205 1185 2402 1244 facere.
2440 1205 2460 1238 ι
2491 1187 2558 1240 Ει
2586 1185 2848 1242 Dominus
2879 1187 3234 1243 subsannabit
3259 1203 3374 1255 eos,
3397 1207 3417 1240 ι

1832 1278 1887 1334 id
1909 1287 2015 1347 est,
2045 1279 2432 1351 ignominiosos
2463 1278 2654 1335 reddet
2687 1297 2699 1333 :
2733 1279 2876 1334 unde
2903 1279 3068 1334 etiam
3089 1279 3145 1334 in
3171 1280 3427 1336 universo

1831 1371 1964 1427 orbe
2003 1371 2164 1426 hodie
2197 1369 2492 1443 opprobrio
2531 1377 2676 1426 sunt.
2717 1369 2900 1426 Sanna
2941 1378 3025 1426 est
3064 1371 3247 1428 irrisio
3283 1370 3429 1428 facta

1832 1479 1932 1535 per
1961 1479 2176 1519 nasum.
3061 1513 3070 1523 ,

1875 1547 1930 1607 ἰ
1975 1555 2146 1614 Τιιιιε.
2187 1577 2206 1611 ι
2239 1556 2367 1614 Haec
2395 1559 2578 1616 irrisio
2612 1568 2670 1615 et
2711 1559 3065 1614 subsannatio
3100 1558 3284 1614 fuitin
3324 1559 3431 1616 hoc

1833 1649 2032 1705 saeculo
2063 1670 2076 1704 :
2105 1652 2198 1708 sed
2229 1660 2386 1717 tunc,
2426 1652 2481 1709 id
2519 1662 2636 1718 est,
2667 1660 2960 1723 praeterea,
2991 1655 3073 1711 vel
3104 1656 3160 1710 in
3183 1653 3292 1711 alia
3317 1655 3431 1710 vita

1840 1762 1859 1796 ι
1896 1743 2149 1815 loquetur
2183 1765 2202 1797 ›
2245 1746 2332 1802 vel
2366 1763 2464 1817 per
2506 1760 2694 1802 vocem
2740 1747 3006 1814 ministri,
3046 1749 3132 1804 vel
3171 1763 3269 1818 per
3305 1761 3435 1820 pro-

1833 1833 2032 1904 priam,
2063 1849 2172 1890 non
2196 1835 2501 1906 placabilis,
2531 1836 2625 1892 sed
2652 1855 2670 1886 ι
2704 1836 2758 1891 in
2781 1838 2863 1893 ira
2892 1857 2911 1891 ι
2943 1853 3052 1895 non
3071 1839 3216 1908 quod
3245 1840 3300 1893 in
3323 1838 3434 1895 Deo

1837 1925 1918 1982 ira
1947 1927 2031 1982 vel
2057 1930 2286 1986 mutatio
2317 1929 2496 2002 aliqua
2526 1931 2698 2000 possit
2723 1947 2863 1999 esse,
2897 1932 2991 1988 sed
3021 1949 3052 1986 a
3081 1932 3436 1988 similitudine

133 2019 246 2074 tius
274 2019 377 2075 sibi
408 2019 538 2090 ipsis
565 2034 783 2076 nocere.
809 2019 1013 2076 Deinde
1038 2021 1276 2077 ostendit
1301 2036 1426 2077 eum
1453 2029 1730 2090 potentem
1759 2015 1808 2076 B
1835 2021 2063 2093 alicujus
2105 2023 2253 2078 irati’
2279 2024 2372 2093 qui
2421 2039 2639 2094 pinnam
2682 2024 2846 2081 infert
2894 2027 2998 2082 hoc
3048 2026 3264 2082 dicitur.
3317 2025 3437 2080 Erit

132 2130 322 2185 regem
351 2113 657 2172 Judaeorum
687 2125 744 2172 et
768 2117 1034 2187 gentium.
1068 2116 1304 2172 Intentio
1334 2130 1466 2171 vero
1492 2123 1594 2180 est,
1629 2116 1728 2171 ad-

131 2223 381 2276 monere,
411 2217 470 2265 ut
494 2208 709 2266 Christo
733 2211 847 2282 regi
884 2227 1008 2266 cum
1045 2211 1240 2270 timore
1264 2222 1318 2270 et
1349 2223 1583 2269 tremore
1612 2226 1730 2267 ser-

133 2302 367 2357 viamus.
396 2301 526 2370 Quze
546 2311 700 2358 notat
729 2302 785 2358 in
806 2302 916 2358 ﬁne
941 2303 1160 2375 psalmi,
1189 2307 1282 2362 ubi
1307 2307 1443 2362 dicit
1473 2326 1488 2362 :
1519 2301 1732 2362 Servite

133 2393 366 2451 Domino
393 2395 449 2450 in
480 2397 698 2453 timore.

211 2507 228 2540 ι
267 2485 449 2555 Quare
485 2487 828 2545 fremuerunt
863 2499 1072 2562 gentes.
1113 2511 1132 2545 ι
1174 2491 1370 2550 Petrus
1414 2493 1639 2566 loquens
1677 2493 1733 2549 in

132 2576 363 2634 Actibus
379 2580 774 2650 apostolorum,
792 2581 937 2638 hunc
949 2583 1217 2655 psalmum
1233 2585 1368 2642 dicit
1383 2587 1622 2658 primum
1643 2601 1733 2643 es-

133 2686 214 2727 se.
235 2671 488 2738 Domine,
503 2688 661 2746 reges
681 2676 996 2747 congregati
1012 2685 1137 2733 sunt
1158 2687 1347 2734 contra
1366 2679 1537 2734 ﬁlium
1558 2688 1732 2747 tuum,

133 2764 281 2819 sicut
309 2763 477 2819 David
500 2765 634 2820 dicit
657 2764 712 2819 in
733 2765 904 2836 priori
927 2767 1156 2836 psalmo.
1185 2770 1262 2825 De
1284 2769 1391 2824 illis
1422 2769 1616 2842 incipit
1642 2769 1736 2841 qui

133 2865 334 2913 contra
362 2857 644 2913 Christum
668 2859 968 2916 machinati
993 2869 1138 2916 sunt.
1167 2860 1267 2918 Hic
1289 2863 1552 2919 Dominus
1573 2864 1740 2919 inter-

134 2949 428 3020 rogatione
461 2949 722 3021 loquitur,
757 2966 868 3007 non
907 2961 1132 3024 pr0pter
1171 2952 1600 3025 inquisitionem,
1643 2955 1738 3012 sed

131 3051 365 3112 propter
394 3042 832 3114 redargutionem
852 3084 868 3111 ,
911 3045 1099 3102 dicens
1133 3064 1146 3099 :
1185 3045 1382 3114 Quare,
1414 3047 1468 3102 id
1495 3056 1603 3114 est,
1631 3062 1740 3118 qua

134 3149 308 3189 causa
335 3134 674 3192 fremuerunt
699 3139 923 3211 gentes?
962 3138 1068 3195 Per
1094 3140 1435 3197 fremuerunt
1463 3149 1617 3198 notat
1643 3157 1740 3199 eos

133 3225 402 3285 bestiales
432 3244 571 3296 esse,
601 3232 726 3302 quia
751 3230 990 3288 fremere
1013 3233 1312 3290 bestiarum
1333 3242 1436 3290 est.
1467 3233 1740 3291 Fremitus

133 3318 268 3384 fuit,
295 3320 386 3375 ubi
414 3320 619 3377 dictum
645 3330 731 3378 est
759 3341 770 3376 :
802 3321 974 3390 Tolle,
1003 3323 1147 3388 tolle,
1183 3324 1440 3394 cruciﬁge
1461 3339 1604 3379 eum.
1636 3323 1741 3379 Per

136 3421 364 3484 gentes,
400 3413 605 3469 milites
637 3412 915 3470 Romanos
943 3413 1236 3486 intelligit,
1277 3415 1370 3484 qui
1407 3414 1530 3471 ideo
1559 3423 1748 3487 gentes

139 3508 430 3576 dicuntur,
461 3509 591 3580 quia
624 3509 765 3564 sicut
792 3515 920 3564 sunt
949 3509 1138 3580 geniti,
1170 3508 1246 3562 ita
1267 3516 1572 3574 remanent,
1602 3507 1748 3564 scili-

135 3611 271 3666 cet,
310 3601 428 3656 sine
458 3599 613 3670 lege,
649 3608 706 3653 et
738 3600 855 3654 sine
893 3599 1043 3654 omni
1083 3599 1470 3654 constitutione
1502 3599 1746 3668 justitiae,

145 3712 166 3744 ι
216 3700 277 3746 ει
299 3690 505 3762 populi,
544 3709 563 3743 ι
597 3689 808 3748 scilicet
840 3689 1010 3746 διιόωί
1030 3731 1046 3758 ,
1075 3690 1168 3760 qui
1203 3691 1327 3746 ideo
1357 3699 1622 3746 vocantur
1649 3705 1749 3760 po-

133 3783 287 3856 puli,
319 3783 447 3854 quia
479 3791 605 3838 sunt
631 3783 945 3854 congregati
983 3781 1052 3838 ad
1067 3782 1192 3852 jure
1223 3781 1516 3837 vivendum
1545 3796 1644 3852 per
1670 3780 1748 3834 le-

139 3893 295 3949 gem.
328 3894 346 3928 ι
379 3876 620 3932 Meditati
641 3886 772 3932 sunt
796 3877 1001 3943 inania,
1035 3896 1056 3929 ι
1082 3876 1310 3942 scilicet,
1341 3874 1617 3930 Christum
1639 3890 1750 3931 non

143 3985 272 4027 esse
316 3969 601 4037 Messian),
639 3969 726 4026 vel
763 3985 823 4026 se
856 3985 982 4027 eum
1017 3969 1255 4026 retinere
1288 3982 1450 4039 posse
1477 3968 1534 4023 in
1572 3968 1752 4040 sepul-

143 4079 268 4120 ει-ο.

226 4177 246 4210 ι
292 4158 596 4214 Astiterunt
627 4172 804 4228 reges.
855 4175 874 4209 ι
928 4155 1046 4212 Non
1090 4164 1300 4212 tantum
1341 4154 1588 4211 meditati
1621 4161 1750 4209 sunt

147 4251 338 4323 populi
363 4261 554 4308 contra
583 4250 874 4307 Dominum
897 4291 912 4316 ,
935 4251 1030 4306 sed
1063 4257 1120 4306 et
1157 4265 1314 4320 reges
1339 4248 1663 4314 astiterunt,
1696 4247 1751 4303 id

148 4354 259 4412 est,
302 4353 491 4401 contra
519 4343 794 4400 Christum
827 4349 1117 4408 steterunt,
1152 4341 1205 4396 id
1231 4347 1336 4407 est,
1362 4352 1748 4411 perseverave-

151 4448 288 4497 runt
323 4439 464 4495 male
487 4438 764 4511 operando
791 4446 985 4493 contra
1016 4451 1161 4492 eum.
1186 4434 1364 4507 Reges
1389 4433 1606 4504 accipit,
1635 4431 1748 4503 pri-

153 4551 311 4591 mum
345 4533 635 4602 Herodem,
666 4533 759 4604 qui
789 4547 988 4604 pueros
1010 4530 1308 4588 occidendo
1330 4528 1606 4585 Christum
1630 4541 1753 4597 per-

157 4626 527 4698 sequebatur;
564 4633 620 4680 et
656 4621 953 4680 secundum
986 4621 1256 4678 Herodem
1285 4628 1535 4689 nepotem
1569 4617 1752 4687 primi,

159 4721 318 4791 cujus
349 4733 575 4775 assensu
606 4717 868 4772 Dominus
913 4715 1129 4771 occisus
1167 4720 1270 4768 est.
1321 4729 1340 4763 ι
1379 4709 1556 4781 Reges
1589 4727 1607 4760 ι
1636 4709 1758 4764 dico

163 4832 186 4867 ιι
232 4823 418 4880 teme,
458 4833 478 4866 ι
507 4813 561 4869 id
581 4821 664 4868 est
688 4811 912 4867 terreni.
943 4827 963 4861 ι
997 4809 1065 4864 Ει
1088 4807 1383 4879 principes,
1423 4825 1442 4858 ι
1475 4805 1531 4860 id
1559 4811 1644 4860 est
1665 4801 1756 4857 Pi-

162 4904 337 4969 latus,
375 4903 562 4960 Annas
587 4912 643 4959 et
672 4903 907 4972 Caiphas
925 4941 941 4966 ,
980 4909 1036 4954 et
1068 4899 1159 4954 alii
1185 4899 1458 4970 principes
1487 4909 1756 4952 convene-

165 5005 296 5052 runt
328 4996 383 5052 in
415 5012 604 5062 unum,
634 5005 691 5050 et
718 4995 766 5050 si
790 5010 898 5049 non
919 5007 1130 5058 omnes,
1156 5000 1337 5046 tamen
1361 5004 1550 5045 omnes
1575 4986 1762 5042 volun-

171 5098 300 5155 tate,
341 5108 358 5140 ι
393 5089 652 5144 adversus
680 5087 966 5142 Dominum
997 5105 1016 5136 ι
1052 5083 1304 5149 Patrem,
1335 5081 1460 5153 quia
1499 5079 1760 5134 adversus

168 5181 450 5237 Christum
472 5179 606 5250 ejus.
639 5179 960 5248 Quicunque
980 5177 1125 5232 enim
1148 5176 1374 5232 missum
1396 5169 1758 5244 persequitur,

168 5280 225 5327 et
252 5274 579 5329 mittentem.
611 5271 712 5328 Hic
746 5286 877 5328 vero
903 5269 1154 5326 Christus
1189 5268 1256 5324 de
1289 5265 1469 5337 seipso
1498 5262 1652 5332 quasi
1693 5261 1760 5318 de

177 5366 338 5422 tertia
368 5365 631 5436 loquitur.
1479 5344 1493 5354 ’

253 5475 272 5509 ι
320 5457 752 5527 Disrumpamus.
803 5476 822 5509 ι
863 5455 1245 5512 Convenerunt
1281 5451 1435 5516 dico,
1475 5449 1759 5505 dicentes:

181 5567 206 5605 ε
240 5550 645 5622 disrumpamus
682 5548 895 5604 vincula
924 5562 1147 5611 eorum,
1178 5565 1197 5597 ι
1232 5543 1285 5599 id
1317 5550 1398 5599 est
1417 5583 1432 5607 ,
1463 5540 1558 5596 Dei
1587 5538 1766 5594 Patris

179 5649 237 5698 et
252 5642 478 5708 Christi,
502 5642 588 5698 vel
615 5641 817 5698 Christi
839 5650 894 5696 et
922 5639 1328 5710 discipulorum.
1360 5633 1606 5699 Vincula,
1630 5649 1766 5704 prae-

183 5734 509 5791 dicationem
539 5733 741 5790 Christi
771 5733 1036 5800 nominat,
1073 5739 1130 5787 et
1163 5726 1423 5785 miracula
1461 5737 1516 5781 et
1539 5725 1768 5797 promis-

183 5827 394 5892 siones,
429 5826 626 5898 quibus
662 5826 731 5882 ad
768 5825 927 5882 ﬁdem
960 5823 1329 5881 Christianam
1366 5819 1615 5876 homines
1647 5818 1768 5872 vin-

187 5920 432 5985 ciuntur,
470 5928 527 5974 et
565 5919 645 5975 sic
684 5918 881 5990 spretis
914 5916 1140 5972 vinculis
1177 5914 1281 5970 illis
1313 5932 1331 5965 ‹
1365 5901 1714 5982 projiciamus
1742 5925 1773 5964 a

189 6013 344 6070 nobis
387 6012 578 6088 jugum
609 6014 880 6086 ipsorum,
917 6033 933 6064 ι
974 6013 1028 6066 id
1055 6021 1159 6077 est,
1201 6009 1483 6066 Dominum
1515 6006 1771 6078 ipsorum.

596 6107 866 6168 Ρηιιοι..
914 6105 1139 6167 CXVI.

1832 2117 1979 2172 enim
2003 2117 2120 2174 haec
2142 2133 2247 2173 vox
2265 2117 2320 2172 in
2340 2117 2578 2188 judicio:
2602 2138 2619 2171 ι
2651 2119 2926 2175 Discedite
2947 2134 2978 2172 a
3001 2133 3109 2186 me,
3133 2117 3432 2183 maledicti,

1833 2209 1890 2264 in
1929 2209 2109 2280 ignem
2156 2218 2420 2267 aeternum
2470 2211 2687 2283 (Matth.
2719 2212 2882 2283 xxv).
2933 2230 2951 2264 ι
3005 2210 3130 2277 Vel,
3171 2213 3216 2268 si
3269 2211 3436 2267 etiam

1835 2301 1982 2356 nulla
2019 2317 2126 2358 vox
2155 2311 2302 2358 esset
2330 2303 2384 2357 in
2423 2301 2652 2372 judicio,
2694 2312 2877 2359 tamen
2908 2305 3023 2375 ipsa
3054 2305 3134 2360 rei
3160 2303 3438 2360 evidentia

1835 2393 1991 2465 quasi
2027 2393 2200 2449 iratus
2233 2395 2495 2450 Dominus
2524 2394 2672 2465 loqui
2701 2395 2935 2450 videtur.
2965 2394 3072 2450 Per
3099 2396 3238 2450 iram
3261 2395 3440 2450 vindi-

1836 2500 1981 2546 ctam
2013 2490 2208 2561 accipit
2241 2508 2254 2544 :
2289 2491 2385 2546 sed
2413 2490 2541 2560 quia
2574 2505 2674 2560 per
2709 2491 2848 2545 iram
2877 2489 3060 2546 brevis
3089 2489 3326 2545 vindicta
3354 2488 3436 2545 in-

1837 2583 2117 2654 telligitur,
2156 2583 2341 2638 subdit
2385 2599 2398 2636 :
2445 2601 2464 2633 ι
2511 2581 2578 2636 Ει
2623 2582 2972 2638 conturbabit
3015 2597 3109 2638 eos
3146 2582 3202 2637 in
3253 2581 3441 2638 furore

1843 2696 1864 2728 ι
1899 2691 2019 2741 ειιο,
2061 2696 2081 2728 ι
2113 2674 2169 2730 id
2192 2683 2297 2741 est,
2328 2674 2588 2730 continua
2627 2673 2889 2729 vindicta.

1909 2751 2183 2823 Ractenus
2228 2766 2465 2824 ostendit
2502 2782 2598 2824 eos
2656 2766 2964 2823 inefﬁcaces
3015 2775 3070 2822 et
3124 2767 3444 2838 ignominio-

1841 2879 1950 2930 sos,
1979 2865 2073 2935 qui
2111 2873 2305 2920 contra
2334 2877 2561 2934 regnum
2599 2859 2802 2916 Christi
2839 2860 3244 2926 laboraverunt,
3277 2860 3439 2918 modo

1841 2971 1972 3011 vero
2016 2957 2256 3012 ostendit
2301 2970 2426 3012 eum
2470 2961 2750 3025 potentem
2795 2969 2980 3026 regem
3020 2953 3328 3009 Iudaeorum
3384 2961 3443 3007 et

1841 3049 2118 3116 Gentium,
2145 3058 2201 3105 et
2224 3049 2466 3120 loquitur
2494 3047 2551 3102 in
2575 3062 2674 3104 sua
2700 3047 2920 3119 propria
2948 3061 3183 3117 persona
3210 3047 3290 3101 sic
3322 3064 3335 3100 :
3363 3045 3444 3100 illi

1841 3143 2260 3206 conturbantur,
2295 3158 2314 3190 ι
2340 3154 2442 3212 ego
2470 3147 2648 3194 autem
2677 3125 3015 3194 constitutus
3033 3153 3156 3193 sum
3183 3152 3306 3204 rex,
3343 3157 3362 3188 ι
3388 3137 3443 3192 id

1844 3244 1948 3300 est,
1981 3235 2050 3290 ab
2077 3249 2143 3290 eo
2166 3233 2280 3290 Deo
2305 3233 2538 3290 ﬁrmiter
2561 3231 2850 3288 stabilitus.
2876 3231 3078 3303 Regem
3107 3239 3272 3294 vocat
3291 3245 3439 3296 eum,

1850 3327 1977 3397 quia
2005 3325 2246 3397 perfecte
2281 3326 2420 3397 regit
2451 3339 2578 3380 suos
2608 3339 2770 3395 super
2809 3322 2962 3378 Sion.
3007 3320 3139 3378 Sion
3177 3323 3448 3392 interpre-

1776 3398 1822 3462 ί)
1853 3426 2002 3474 tatur
2029 3419 2325 3490 speculatio
2345 3459 2360 3485 ,
2395 3433 2496 3490 per
2519 3432 2683 3488 quam
2712 3415 2968 3471 universa
3005 3413 3236 3470 ecclesia
3267 3420 3448 3484 potest

1853 3513 2048 3583 accipi,
2077 3513 2204 3583 quia
2224 3525 2447 3582 semper
2476 3517 2559 3564 est
2588 3509 2641 3563 in
2667 3506 3036 3579 speculatione
3063 3506 3187 3562 vitae
3209 3512 3446 3570 aeternae,

1852 3611 1910 3658 et
1932 3601 2305 3673 providentia,
2333 3599 2688 3670 praecavenda
2726 3599 2793 3652 ab
2833 3599 3098 3653 hostibus.
3133 3596 3239 3652 Sed
3268 3605 3449 3651 tamen

1854 3695 1945 3750 hic
1987 3708 2085 3766 per
2134 3693 2301 3759 Sion,
2345 3693 2631 3748 ecclesiam
2671 3701 2881 3748 tantum
2906 3691 3217 3747 Judaeon
3250 3691 3450 3760 accipi-

1855 3803 1980 3843 mus
2011 3803 2024 3840 :
2051 3785 2180 3856 quia
2216 3784 2349 3840 Sion
2377 3794 2543 3855 caput
2569 3792 2691 3837 erat
2726 3783 2875 3854 regni
2906 3781 3217 3837 Judzcorum
3239 3822 3254 3847 ,
3287 3795 3450 3849 quam

1855 3877 2143 3936 ecclesiam
2184 3884 2409 3948 propter
2448 3873 2798 3931 stabilitatem
2829 3881 2884 3928 et
2918 3871 3182 3926 virtutum
3211 3870 3454 3926 eminen-

1856 3975 1991 4030 tiam
2035 3979 2276 4028 montem
2325 3977 2572 4025 sanctum
2611 3965 2866 4038 appellat.
2915 3984 2933 4017 ι
2974 3963 3138 4034 Ejus,
3184 3983 3202 4015 ι
3242 3962 3454 4019 scilicet

1856 4065 1972 4121 Dei.
2005 4082 2024 4116 ι
2058 4062 2370 4119 Ριτειίἰεειιε
2395 4080 2415 4114 ι
2446 4061 2502 4116 in
2527 4059 2620 4115 illa
2647 4057 2875 4114 ecclesia
2905 4076 2926 4110 ι
2959 4063 3310 4128 praeceptum,
3344 4073 3364 4106 ι
3399 4054 3453 4111 id

1855 4168 1938 4215 est
1968 4157 2140 4229 legem
2163 4156 2301 4227 ejus.

1927 4249 1997 4304 Et
2045 4264 2153 4304 non
2204 4255 2420 4302 tantum
2472 4245 2752 4302 constituit
2785 4257 2875 4299 me
2915 4256 3099 4314 regem
3143 4255 3309 4313 super
3359 4237 3456 4296 Ju-

1857 4340 2028 4406 dazos,
2077 4339 2174 4396 sed
2225 4347 2280 4395 et
2332 4352 2497 4410 super
2549 4347 2737 4410 gentes
2786 4356 2798 4392 :
2860 4337 3003 4409 quod
3051 4337 3314 4392 habemus
3359 4336 3453 4390 ubi

1857 4433 2025 4490 dicit:
2046 4450 2065 4483 ι
2092 4431 2234 4488 dabo
2261 4430 2360 4486 tibi
2386 4439 2604 4502 gentes;
2635 4450 2654 4482 ι
2683 4439 2739 4486 ει
2768 4429 2834 4486 ad
2866 4431 2971 4486 hoc
2997 4429 3453 4494 conﬁrmandum,

1856 4522 2137 4593 praemittit
2171 4522 2551 4577 auctoritatem
2597 4520 2771 4590 ipsius
2810 4519 3024 4575 Domini
3055 4518 3449 4590 promittentis,

1860 4630 1984 4669 cum
2007 4614 2169 4670 dicit:
2198 4632 2216 4666 ι
2239 4613 2500 4669 Dominus
2522 4613 2664 4668 Deus
2685 4613 2840 4669 dixit.
2865 4633 2884 4664 ι
2911 4612 3063 4680 Quod
3085 4612 3268 4667 dicere
3293 4625 3456 4681 appa-

1861 4717 1946 4762 ret
1987 4707 2042 4762 in
2067 4707 2182 4778 ipsa
2217 4707 2296 4763 rei
2333 4706 2668 4779 expletione,
2701 4726 2719 4758 ι
2752 4706 2820 4760 ad
2859 4720 2948 4760 me
2976 4725 2995 4756 ι
3027 4706 3309 4776 praemissa
3333 4719 3460 4776 pro«

1863 4798 2084 4854 batione
2123 4798 2312 4870 regni,
2348 4812 2417 4854 ex
2465 4797 2788 4852 auctoritate
2831 4797 3001 4867 ipsius
3046 4796 3451 4865 promittentis,

1864 4890 2104 4947 ostendit
2134 4906 2388 4956 causam,
2433 4905 2604 4961 quare
2643 4889 2786 4945 Deus
2819 4889 2867 4944 ei
2906 4897 3097 4960 gentes
3139 4888 3452 4959 subiiceret,

1865 4984 2108 5050 scilicet,
2139 4985 2266 5054 quia
2294 4983 2435 5038 ﬁlius
2459 4983 2577 5054 ejus
2602 4991 2705 5038 est.
2753 4982 2821 5037 Et
2863 4983 2966 5037 hoc
3007 4983 3142 5038 dicit
3173 5001 3185 5036 :
3226 5000 3245 5034 ι
3281 4981 3453 5036 Filius

1867 5094 2020 5134 meus
2034 5093 2095 5134 es
2109 5086 2187 5144 tu,
2201 5092 2302 5149 ego
2321 5077 2501 5142 hodie,
2535 5097 2554 5130 ι
2581 5075 2634 5130 id
2650 5086 2734 5131 est
2753 5075 3086 5131 mternaliter
3111 5094 3129 5127 ι
3159 5075 3319 5148 genui
3346 5082 3417 5129 te.
3431 5094 3450 5126 ι

1866 5170 1994 5227 ldeo
2011 5187 2110 5242 per
2135 5170 2294 5225 hodie
2323 5169 2682 5224 aeternitatem
2706 5167 2930 5239 intelligi
2956 5166 3155 5232 voluit,
3188 5165 3316 5237 quia
3341 5163 3459 5220 nul-

1867 5263 1975 5319 lam
2002 5278 2193 5318 vocem
2220 5261 2630 5317 convenientem
2660 5259 2870 5325 habuit,
2902 5274 3002 5330 per
3034 5273 3198 5330 quam
3221 5269 3460 5329 praesen-

1871 5357 2002 5412 tiam
2031 5355 2362 5427 designaret,
2393 5369 2513 5424 qua:
2543 5368 2823 5423 nunquam
2852 5352 2920 5408 ab
2953 5351 3256 5406 aeternitate
3283 5347 3462 5402 disce.

1873 5448 1970 5503 dit.
2002 5445 2192 5502 Melius
2219 5445 2379 5516 genui
2411 5445 2540 5500 dicit
2569 5460 2732 5515 quam
2764 5444 2957 5514 gigno,
2988 5457 3056 5498 ne
3097 5441 3184 5496 illa
3217 5436 3461 5494 ineffabi-

1871 5540 1939 5596 lis
1957 5539 2237 5612 generatio
2263 5538 2474 5594 noviter
2493 5537 2704 5607 incepta
2728 5536 3024 5592 videretur.
3037 5533 3162 5589 Ideo
3182 5529 3462 5604 conjungit

1875 5633 2236 5704 praeteritum,
2255 5641 2313 5686 ut
2344 5645 2442 5702 per
2465 5631 2571 5686 hoc
2597 5629 2782 5683 innuat
2805 5627 2960 5682 nobis
2988 5624 3134 5680 illam
3155 5623 3464 5695 generatio-

1871 5743 1998 5784 nem
2017 5736 2074 5782 et
2097 5742 2238 5793 esse,
2263 5735 2316 5781 et
2343 5724 2531 5780 fuisse.
2559 5720 2713 5778 Unde
2735 5722 2933 5776 dicitur
2957 5738 2970 5775 :
3001 5739 3019 5771 ι
3043 5715 3464 5776 Generationem

1875 5820 1992 5890 ejus
2020 5820 2144 5892 quis
2169 5817 2478 5875 enarrabit?
2517 5837 2535 5869 ι
2573 5814 2708 5887 (Isa.
2741 5813 2882 5886 Llll.)

1950 5915 2018 5969 Et
2040 5913 2166 5984 quia
2192 5911 2334 5967 ﬁlius
2359 5927 2508 5966 meus
2533 5926 2592 5966 es
2617 5919 2693 5975 tu,
2723 5908 2846 5964 ideo
2876 5925 2895 5959 ‹
2928 5904 3140 5979 postula
3167 5920 3197 5959 a
3218 5921 3329 5970 me,
3367 5926 3383 5956 ι
3412 5903 3466 5958 id

1880 6015 1962 6064 est
2003 6022 2219 6064 assume
2251 6005 2642 6060 humanitatem
2664 6043 2677 6069 ,
2712 6002 2766 6058 in
2800 6017 2906 6073 qua
2942 5999 3126 6055 valeas
3167 5993 3470 6068 postulares,

2983 6093 3024 6153 7
