3984 6452
562 418 673 478 205

563 531 872 591 Secundum
897 531 1237 589 divinitatem
1264 550 1370 589 non
1400 543 1615 615 poterat
1636 534 1936 607 postulare,
1960 551 2151 593 secun-
2175 539 2227 601 Α

563 631 689 686 dum
714 632 879 700 quam
916 630 1140 699 aequalis
1176 630 1322 685 Patri
1350 638 1489 687 erat.
1516 653 1533 683 ι
1560 628 1778 692 Postilla
1822 646 1845 687 ι
1878 633 2017 701 dico,
2046 654 2064 687 ε
2095 643 2151 690 et

560 722 704 781 dabo
732 724 825 779 tibi
862 727 1056 795 gentes
1087 724 1457 783 haereditatem
1486 735 1661 794 tuam,
1695 747 1715 781 ι
1744 726 1797 783 id
1824 736 1929 798 est,
1955 728 2149 799 quibus

561 820 956 888 domib‘eflb,et
980 830 1118 894 quas
1133 822 1373 879 excolas.
1404 822 1498 881 Ille
1516 826 1661 883 enim
1693 825 1784 897 qui
1817 822 2043 893 alicujus
2069 822 2147 877 rei

560 910 738 968 haeres
766 924 884 978 est,
928 913 977 969 ei
1006 912 1184 986 magis
1221 922 1384 985 quam
1434 916 1526 972 alii
1568 917 1907 983 dominatur,
1938 920 1994 971 et
2028 928 2148 970 eam

554 1005 776 1060 excolit.
806 1003 874 1059 Et
903 1012 1010 1061 non
1036 1004 1307 1075 quaslibet
1328 1016 1515 1079 gentes
1539 1008 1680 1065 dabo
1697 1009 1818 1075 tibi,
1843 1016 1903 1064 ut
1930 1000 2149 1064 Crzecos

557 1096 642 1152 vel
670 1090 937 1163 alios,se‘d
962 1099 1128 1154 etiam
1160 1117 1179 1151 α
1213 1101 1476 1157 terminos
1514 1098 1696 1165 terrae,
1720 1112 1742 1155 δ
1765 1102 1818 1158 id
1842 1109 1944 1168 est,
1961 1106 2150 1174 gentes

546 1206 677 1262 quae
707 1193 760 1247 in
791 1194 1053 1250 extremis
1081 1196 1266 1251 mundi
1302 1197 1549 1268 partibus
1577 1198 1855 1266 habitant,
1885 1194 2025 1255 dabo
2052 1197 2147 1252 tibi

556 1294 580 1333 ι
607 1284 1026 1352 possessionem,
1048 1302 1067 1340 ι
1099 1285 1269 1354 idest,
1294 1287 1369 1343 ita
1398 1297 1459 1343 ut
1484 1289 1537 1344 in
1564 1296 1822 1345 :eternum
1845 1288 2144 1361 possideas.

628 1372 782 1431 Juste
809 1374 981 1433 debeo
1019 1377 1117 1432 tibi
1145 1382 1333 1449 gentes
1360 1380 1628 1449 subjicere
1646 1420 1660 1445 ,
1686 1380 1816 1449 quia
1843 1386 1901 1433 tu
1939 1396 1957 1429 ι
1990 1388 2148 1445 reges

557 1481 650 1518 eos
676 1465 729 1518 iu
756 1466 909 1538 virga
952 1466 1152 1532 ferrea,
1191 1488 1211 1521 ι
1263 1468 1316 1523 id
1364 1478 1470 1535 est,
1508 1469 1788 1526 inﬂexibili
1840 1468 2146 1538 disciplina,

552 1565 613 1609 et
624 1570 721 1611 eos
742 1558 835 1627 qui
852 1572 964 1613 non
981 1559 1245 1628 recipient
1262 1558 1626 1629 disciplinam,
1655 1577 1673 1611 ι
1696 1558 2031 1630 cohl'ringes,
2052 1576 2072 1609 ι
2093 1556 2149 1612 id

554 1662 642 1710 “est
666 1652 859 1722 punies
875 1692 891 1719 ,
917 1652 1181 1722 quosdam
1222 1652 1289 1708 ad
1328 1655 1725 1709 correctionem
1746 1696 1759 1721 ,
1786 1653 2051 1725 quosdam
2078 1650 2149 1707 ad

554 1746 981 1801 damnationem.
1020 1754 1045 1797 t
1093 1745 1377 1815 Tanquam
1415 1760 1512 1801 vas
1548 1745 1699 1818 ﬁguli
1745 1765 1762 1797 ι
1806 1744 1996 1801 leviter
2020 1759 2148 1799 con-

1027 416 1384 477 HAYMONIS
1424 418 1907 478 HALBERSTAT.
1950 420 2168 477 EPlSC.
2208 419 2361 479 OPP.
2397 416 2579 479 PARS
2613 421 2653 479 l.
2695 451 2764 467 -·
2803 422 3163 481 COMMENT.
3201 423 3376 482 BlBL.

3747 428 3859 486 τοι

2768 539 2838 595 ΙΝ
2869 539 3202 597 PSALMUM
3230 541 3314 597 Ill.

2252 620 2513 688 'l‘mtus.
2540 614 2791 688 Psalt'nus
2810 622 3347 772 Dabgsifugifugeret
3371 652 3403 691 a
3432 634 3570 706 [acie
3612 637 3857 695 Absalon

2329 812 2616 883 «Domine,
2664 816 2799 887 quid
2821 806 3165 891 multiplicati
3213 816 3358 875 sunt.
3394 838 3413 871 ι
3449 804 3648 892 Tangit
3681 820 3859 878 histo-

2248 905 2389 961 riam
2424 910 2587 977 quam
2624 900 2797 960 David
2844 898 2913 961 ab
2958 904 3199 963 Absalon
3244 908 3523 963 sdstinuit.
3570 904 3860 966 Dubitavit

2250 997 2392 1052 enim
2447 992 2681 1053 Absalon
2715 998 2871 1068 patre
2925 998 3161 1065 vivente,
3209 1000 3299 1056 cui
3342 992 3575 1056 ﬁliorum
3620 1018 3857 1073 regnum

2249 1088 2410 1145 vellet
2452 1086 2760 1158 dimittere,
2819 1094 3155 1162 regnumque
3205 1082 3306 1147 sibi
3348 1090 3715 1151 immoderate
3763 1109 3860 1152 cu-

2247 1181 2423 1252 piens,
2454 1182 2653 1238 multos
2702 1181 2767 1238 de
2815 1182 3011 1255 populo
3055 1174 3247 1237 callida
3290 1182 3685 1255 pollicitatione
3740 1201 3861 1242 oor-

2250 1272 2397 1343 rupit
2417 1280 2472 1328 et
2488 1272 2708 1328 tandem
2736 1273 3277 1344 peroceupationem
3323 1275 3378 1330 in
3428 1288 3613 1348 regem
3649 1277 3858 1332 consti-

2248 1365 2331 1421 tui
2360 1360 2507 1422 fceit.
2534 1364 2710 1423 David
2749 1376 2881 1423 vero
2908 1368 3085 1423 sciens
3117 1364 3262 1423 illam
3296 1373 3719 1442 'occdpationem
3752 1388 3854 1427 non

2248 1471 2370 1513 esse
2392 1454 2590 1513 factam
2618 1470 2717 1529 per
2740 1452 2834 1513 Dei
2868 1459 3227 1524 voluntatem,
3253 1468 3309 1517 et
3334 1462 3512 1517 sciens
3541 1464 3649 1518 boc
3674 1462 3856 1535 ﬂagel-

2248 1548 2359 1603 lum
2382 1562 2412 1603 a
2440 1549 2541 1605 deo
2567 1550 2669 1605 sibi
2697 1550 2881 1606 datum
2918 1564 3018 1621 pro
3043 1563 3268 1622 peccato
3302 1554 3557 1611 adulterii
3587 1566 3645 1611 et
3678 1556 3854 1613 homi-

2244 1639 2515 1712 cidii,pro
2537 1648 2644 1712 quo
2670 1653 2895 1714 peccato
2913 1640 3172 1699 divinitus
3197 1645 3245 1700 ei
3272 1642 3474 1701 dictum
3489 1646 3646 1701 erat:
3689 1668 3709 1699 ‹
3746 1646 3855 1703 Non

2250 1731 2465 1787 deﬁciet
2509 1730 2720 1805 gladius
2761 1750 2792 1788 a
2844 1732 3006 1789 domo
3068 1732 3239 1790 D'avld
3299 1724 3383 1807 (ΙΙ
3430 1726 3562 1809 Reg.
3608 1739 3773 1810 xu):
3833 1760 3851 1797 ι

554 1838 866 1909 [ﬁnguntur
888 1855 902 1892 ε
928 1852 1025 1908 ρει.
1048 1837 1154 1893 hoc
1171 1837 1349 1894 simile
1372 1842 1528 1895 nom
1544 1848 1643 1894 eos
1672 1850 1793 1894 esse
1814 1828 1989 1894 ῖυυεοε
2009 1848 2148 1907 quos
2176 1904 2215 1909 _
2245 1824 2515 1893 patienter
2558 1820 2655 1879 lilii
2708 1826 3148 1895 persecutionem
3192 1828 3467 1884 sustinens
3499 1870 3514 1896 ,
3582 1824 3856 1902 nudisque

550 1934 861 2005 confringet
889 1935 1172 1989 Dominus.

624 2022 801 2081 Verba
824 2027 995 2097 patris
1023 2026 1222 2081 adhuc.
1252 2025 1431 2081 Etiam
1459 2025 1625 2081 talem
1652 2032 1833 2097 regem
1863 2024 2142 2081 constitui.

558 2138 578 2171 ι
610 2119 679 2174 Et
704 2134 869 2185 nunc,
902 2137 923 2170 ι
952 2119 1005 2174 id
1036 2129 1137 2186 est,
1163 2126 1382 2175 ostenso
1405 2130 1470 2175 eo
1498 2119 1613 2174 tali.
1656 2139 1674 2171 ‹
1703 2118 1771 2175 Et
1799 2128 1894 2175 vos
1918 2132 2093 2190 reges,
2116 2126 2140 2172 δ

552 2210 605 2264 id
632 2219 739 2276 est,
773 2210 1144 2266 terrenitatem
1170 2216 1411 2266 vestram
1441 2210 1581 2267 bene
1603 2218 1855 2284 regentes
1889 2230 1907 2264 ‹
1949 2209 2146 2267 intelli-

540 2305 659 2375 gite
708 2324 729 2359 ι
768 2314 1004 2376 quantus
1032 2306 1105 2361 sit
1150 2324 1172 2359 ε
1226 2313 1284 2362 "et
1311 2316 1408 2362 vos
1449 2308 1541 2378 qui
1564 2306 1823 2378 iudicatis
1854 2314 2081 2376 terram,
2119 2328 2139 2362 ο

548 2397 603 2452 id
632 2405 745 2463 est,
776 2398 984 2470 praelati
1016 2399 1267 2455 Ecclesire
1304 2400 1396 2470 qui
1431 2398 1695 2469 judicium
1726 2400 1939 2458 habetis
1982 2418 2147 2472 super

538 2490 685 2547 alios
710 2510 732 2543 ί
770 2492 1082 2560 erudimini,
1121 2512 1139 2545 ι
1172 2491 1226 2547 id
1260 2501 1345 2548 est
1378 2502 1539 2548 extra
1568 2495 1731 2549 rudes
1756 2493 1907 2559 sitis,
1931 2500 1994 2548 ut
2016 2508 2145 2565 pru-

544 2582 738 2636 denter
766 2583 954 2637 sciatis
974 2582 1222 2650 judicare
1246 2582 1312 2638 de
1340 2582 1594 2637 subditis.

625 2689 643 2721 σ
688 2671 757 2725 Ει
783 2672 985 2727 servite
1018 2672 1247 2727 Domino
1280 2672 1337 2726 in
1366 2671 1582 2739 timore,
1620 2691 1638 2724 ι
1675 2676 1730 2728 et
1767 2684 1836 2728 ne
1861 2671 2144 2729 videretur

544 2770 825 2817 austerum
877 2776 1103 2833 regnum
1144 2762 1294 2834 ejus,
1339 2762 1405 2819 de
1437 2776 1546 2832 quo
1581 2762 1783 2835 legitur
1825 2782 1838 2818 :
1884 2778 1903 2815 I
1946 2758 2142 2836 Jugum

538 2856 690 2912 enim
740 2870 922 2911 meum
952 2870 1119 2912 suave
1146 2864 1250 2922 est,
1295 2865 1350 2911 et
1392 2870 1530 2912 onus
1570 2870 1751 2913 meum
1776 2856 1895 2913 leve
1922 2854 2136 2930 (Matth.

542 2946 608 3000 lli
630 2945 678 3019 ),
712 2965 733 3000 ι
765 2946 888 3003 ideo
913 2947 1096 3003 subdit
1123 2965 1135 3001 :
1167 2964 1187 2999 ι
1209 2954 1263 3004 et
1284 2947 1556 3003 exsultate
1572 2947 1646 3003 ei.
1674 2967 1693 3001 ι
1716 2948 1785 3003 Et
1807 2963 1875 3004 ne
1904 2947 2140 3004 exsulta-

540 3038 624 3093 tio
653 3047 712 3094 et
754 3040 999 3097 suavitas
1042 3039 1161 3109 ejus
1200 3041 1353 3112 regni
1396 3041 1784 3113 negligentiam
1831 3049 2137 3113 generaret,

544 3128 698 3184 addit
741 3146 763 3182 ι
795 3142 921 3187 cum
958 3141 1197 3187 tremore
1244 3150 1265 3183 ι
1301 3128 1473 3188 subde
1512 3136 1777 3205 corporis.
1822 3134 1889 3191 Et
1934 3136 1989 3190 in
2035 3136 2140 3192 hoc

2173 1904 2223 1965 B
2248 1917 2476 1987 pedibus
2494 1932 2618 1972 cum
2648 1912 2977 1987 quibusdam
3010 1930 3233 1975 Suorum
3265 1921 3541 1978 civitatem
3575 1920 3853 1991 deferens,

2249 2007 2343 2063 lilii
2370 2011 2721 2078 pmsentiam
2743 2009 2972 2081 aufugit.
2996 2011 3246 2082 Cllmtwe
3270 2010 3349 2067 illi
3376 2016 3599 2070 abeunti
3628 2018 3855 2086 quidam

2244 2101 2653 2169 maledicerent,
2700 2107 2754 2159 et
2780 2113 2937 2173 jartu
2998 2100 3238 2176 lapidum
3295 2100 3643 2175 insultarent,
3708 2110 3853 2165 illum

2242 2193 2422 2247 virum
2468 2192 2797 2263 sanguinutn
2845 2192 3201 2268 appellantes,
3231 2202 3359 2254 s‘ubs
3395 2197 3570 2255 vicem
3626 2202 3855 2258 reddere

2240 2292 2354 2339 non
2382 2287 2651 2355 permisit,
2684 2286 2780 2342 sed
2804 2282 3078 2357 patienter
3104 2290 3539 2360 permotionem
3566 2293 3851 2361 sustinuit,

2247 2377 2472 2433 dicens:
2502 2377 2754 2449 Flagellis
2788 2378 2884 2433 Dei
2937 2394 3043 2434 non
3079 2380 3279 2435 debere
3301 2388 3403 2437 nec
3442 2390 3605 2453 posse
3647 2385 3851 2441 resisti.

2241 2466 2381 2523 doab
2416 2478 2548 2523 vero
2573 2476 2783 2536 contra,
2828 2469 3144 2540 patientiam
3178 2466 3346 2527 David
3372 2482 3483 2529 non
3541 2478 3852 2542 attendens,

2243 2572 2367 2615 cum
2397 2561 2634 2617 Absaloa
2666 2570 2791 2616 cum
2834 2562 3084 2619 exercitu
3118 2572 3566 2635 persequeretur,
3603 2580 3737 2623 eum
3792 2570 3852 2622 ab

2241 2651 2441 2708 arbore
2492 2652 2818 2723 pendentem
2866 2662 2969 2723 per
3024 2653 3271 2726 capillos,
3328 2657 3553 2711 occidit.
3612 2657 3853 2728 Fugiens

2240 2745 2390 2799 enim
2431 2742 2675 2801 Absalon
2719 2756 2882 2817 super
2915 2747 3118 2803 mulam
3165 2742 3426 2806 involutis
3467 2753 3683 2823 capillis
3711 2756 3852 2809 circa

2244 2850 2453 2892 ramum
2487 2838 2775 2911 (intonsus
2814 2840 2960 2895 enim
2994 2840 3152 2914 erat)
3200 2850 3498 2913 suspensus
3547 2842 3849 2915 respontit.

2239 2924 2347 2984 Per
2372 2929 2531 2985 istam
2557 2942 2689 2985 vero
2720 2932 3164 3001 persecutionem
3191 2928 3363 2989 David
3392 2928 3556 2990 istum
3581 2936 3851 3007 psalmum

2237 3022 2565 3091 composuit,
2602 3023 2658 3076 in
2696 3036 2810 3093 quo
2845 3022 3048 3093 Spiritu
3080 3034 3269 3083 sancto
3294 3027 3552 3093 imbutus,
3576 3042 3678 3100 per
3702 3044 3850 3085 suam

2239 3109 2443 3168 Christi
2458 3114 2789 3184 patientiam
2822 3114 3132 3187 respondit,
3174 3117 3400 3174 Putnam
3446 3119 3583 3186 luit;
3626 3134 3731 3193 per
3759 3122 3851 3177 lilii

543 3235 705 3277 νθιιειι
756 3222 812 3277 ί,
848 3236 959 3293 quo
1006 3223 1362 3279 admonemur
1412 3223 1486 3279 de
1512 3225 1738 3281 δανειίο
1766 3224 1893 3293 Dei,
1952 3233 2137 3297 πρεηρ
2169 3278 2210 3297 Α
2240 3220 2370 3262 vero
2414 3206 2565 3264 Iuda:
2620 3211 2923 3279 nequitiam
2982 3214 3444 3282 praemonstravit.
3506 3212 3615 3270 Per
3682 3214 3851 3271 David

542 3322 764 3369 nom“
812 3278 1039 3369 idem,
1062 3313 1277 3385 psalmi,
1310 3315 1379 3370 Ει
1402 3278 2014 3385 ὼξείίεξεᾶιξίήἷ
2166 3278 2210 3344 (ἶ
2239 3308 2477 3371 namque
2530 3278 2783 3359 Christus
2820 3278 3184 3373 signiﬁcatur,
3236 3312 3360 3383 cum
3395 3306 3449 3362 in
3482 3307 3589 3363 hoc
3643 3308 3852 3379 psalmo

542 3408 877 3479 prebendite,
914 3426 934 3461 ι
967 3409 1025 3464 id
1066 3416 1173 3476 est,
1209 3410 1374 3464 etiam
1395 3408 1443 3464 si
1492 3409 1756 3465 Dominus
1804 3426 1914 3466 non
1960 3409 2135 3477 daret,

541 3499 778 3570 appetito
805 3519 826 3552 ι
854 3500 1221 3571 disciplinam,
1250 3516 1269 3554 ι
1301 3501 1358 3556 id
1384 3509 1491 3569 est,
1520 3515 1899 3571 quamcunque
1923 3502 2137 3557 Domini

540 3593 963 3659 correctionem,
988 3594 1116 3664 quia
1143 3592 1436 3664 Apostolus
1466 3593 1638 3649 dicit:
1675 3612 1693 3646 ι
1724 3586 1885 3660 Quod
1914 3593 1961 3649 si
1980 3602 2138 3649 extra

538 3684 883 3755 disciplinam
941 3686 1113 3753 estis,
1163 3696 1295 3757 ergo
1341 3686 1577 3741 adulteri
1621 3694 1813 3741 etnon
1866 3685 1963 3740 ﬁlii
2007 3685 2142 3741 estis

540 3776 731 3847 (Hebr.
748 3777 869 3849 xu).
902 3797 923 3830 ι
951 3777 1356 3849 Apprehendite
1378 3778 1501 3833 dico
1519 3797 1539 3830 ε
1562 3792 1632 3833 ne
1660 3777 1877 3849 quando
1906 3794 1926 3830 ι
1962 3776 2016 3832 id
2030 3783 2138 3842 est,

540 3868 595 3923 in
647 3870 736 3925 die
778 3870 1001 3940 judicii,
1031 3870 1155 3925 licet
1186 3868 1347 3924 modo
1379 3877 1568 3940 parcat
1596 3880 1616 3921 ι
1656 3870 1931 3926 irascatur
1958 3869 2143 3926 Domi-

542 3974 664 4026 nus,
703 3978 724 4013 ο
761 3961 813 4013 id
849 3967 967 4026 est,
1006 3959 1261 4015 eﬂ‘ectum
1290 3960 1419 4015 irati
1466 3959 1723 4016 ostendat
1769 3960 1825 4015 in
1860 3960 2036 4027 vobis,
2086 3966 2144 4014 et

539 4048 621 4106 sic
649 4068 669 4100 ‹
700 4049 939 4120 pereatis
962 4060 984 4102 δ
1013 4050 1208 4105 remoti
1232 4062 1257 4102 ε
1282 4051 1352 4106 de
1384 4049 1472 4105 via
1491 4051 1658 4122 iusta,
1686 4067 1705 4102 ι
1730 4050 1989 4117 idest,de
2015 4063 2145 4120 ope-

543 4142 696 4197 ribus
709 4140 1005 4210 justorum.

619 4253 638 4284 ‹
659 4233 1089 4305 Appiebenditei
1105 4232 1279 4300 dico“
1300 4236 1667 4305 nepereatis,t
1686 4234 2144 4293 etetiamutbeati

539 4326 682 4382 sitis.
722 4324 870 4381 Beati
909 4326 1053 4382 enim
1092 4340 1285 4383 muses
1305 4337 1468 4383 erunt
1496 4329 1588 4398 qui
1616 4329 1921 4394 conﬁdunt,
1955 4328 2009 4382 id
2036 4330 2144 4392 est,

541 4419 634 4488 qui
673 4432 824 4489 spem
877 4418 1081 4474 habent
1122 4430 1190 4473 ex
1223 4432 1360 4489 pura
1401 4417 1735 4474 conscientia
1764 4418 1821 4471 in
1852 4430 1939 4473 eo.
1993 4414 2146 4470 Tunc

540 4510 759 4582 quidem
788 4510 933 4567 beati
966 4518 1145 4576 erunt,
1167 4527 1187 4561 ι
1211 4524 1333 4567 cum
1358 4511 1462 4575 ira,
1488 4528 1508 4562 ι
1536 4511 1587 4565 id
1611 4519 1716 4577 est,
1750 4508 1991 4564 vindicta
2025 4508 2147 4579 ejus

2235 3394 2499 3463 patientia
2557 3394 2966 3451 demonstratur
3004 3408 3022 3451 ι
3066 3404 3164 3470 per
3211 3393 3451 3473 Absalon
3510 3408 3643 3455 Vero
3688 3392 3852 3456 indas

2237 3486 2561 3557 intelligitur
2582 3527 2597 3554 ,
2621 3488 2715 3558 qui
2744 3486 2889 3545 {ilius
2912 3487 3119 3545 Christi
3140 3530 3155 3555 ,
3198 3490 3327 3561 quia
3372 3484 3677 3563 discipulus
3711 3492 3849 3561 ejus,

2239 3579 2457 3634 dicitur.
2494 3568 2731 3637 Absalon
2778 3582 2982 3652 quippe
3040 3588 3145 3654 pax
3202 3578 3374 3655 patris
3409 3580 3847 3655 interpretatur:

2238 3682 2351 3727 non
2400 3672 2531 3743 quia
2598 3684 2721 3728 cum
2774 3682 2940 3744 patre
3006 3682 3198 3745 pacem
3239 3670 3519 3743 haberet,
3564 3670 3659 3731 sed
3721 3677 3849 3748 quia

2244 3776 2367 3819 eum
2396 3776 2465 3819 eo
2510 3772 2700 3833 pacem
2746 3766 2939 3821 habuit
2980 3775 3160 3836 pater.
3210 3764 3307 3822 Sic
3342 3774 3401 3823 et
3455 3765 3616 3823 ludas
3653 3780 3853 3836 pacem

2242 3867 2367 3911 cum
2398 3855 2621 3912 Christo
2648 3868 2755 3912 non
2794 3858 3013 3926 habuit,
3046 3860 3299 3931 quamvis
3338 3856 3591 3916 Christus
3622 3869 3677 3915 et
3714 3868 3853 3915 cum

2240 3947 2498 4003 omnibus
2524 3946 2647 4003 aliis
2672 3956 2730 4003 et
2756 3960 2883 4004 cum
2912 3956 2978 4005 eo
3003 3962 3196 4021 pacem
3223 3960 3456 4008 teneret.
3487 3952 3645 4009 Sicut
3662 3960 3852 4009 autem

2243 4039 2482 4095 Absalon
2510 4055 2610 4110 per
2636 4041 2877 4111 seipsum
2901 4060 3195 4115 suspensus
3222 4053 3326 4110 est,
3350 4047 3426 4101 ita
3456 4054 3511 4101 et
3533 4045 3723 4102 ludas.
3752 4042 3851 4102 Ti-

2246 4129 2394 4186 tulus
2424 4139 2609 4186 autem
2634 4134 2721 4187 sic
2751 4136 3044 4205 esponitur
3072 4154 3085 4189 :
3114 4135 3363 4192 Psaiuius
3389 4138 3492 4194 iste
3531 4138 3852 4194 attribuitur

2246 4222 2440 4290 David,
2471 4225 2528 4278 id
2550 4234 2661 4287 est.
2688 4224 2934 4291 Christo,
2966 4240 3136 4299 agens
3159 4231 3228 4285 de
3251 4214 3487 4301 quodam
3516 4230 3745 4302 itegotio
3770 4233 3851 4303 ip-

2247 4313 2382 4379 sius,
2414 4314 2605 4371 habito
2630 4330 2754 4372 cum
2789 4316 3002 4389 fugeret
3030 4332 3060 4375 a
3088 4318 3232 4376 facie
3258 4320 3495 4377 Absaion
3513 4363 3530 4387 ,
3565 4322 3620 4377 id
3640 4330 3754 4390 est,
3783 4324 3852 4379 ab

2246 4405 2494 4462 interiori
2530 4408 2671 4464 facie
2706 4408 2883 4478 Iudae,
2922 4424 3029 4468 non
3076 4413 3345 4482 localiter,
3374 4415 3469 4470 sed
3511 4416 3846 4488 cognitione.

2245 4496 2554 4570 Antequam
2583 4502 2730 4558 enim
2764 4501 2937 4559 ludas
2971 4504 3304 4562 voluntatem
3338 4495 3655 4564 traditionis
3690 4509 3853 4565 babe-

544 4622 567 4656 ι
596 4604 879 4665 exarserit,
904 4603 1171 4668 iscilicet,
1193 4604 1334 4659 sicut
1361 4601 1500 4674 ignis
1520 4603 1751 4658 durante
1779 4601 2007 4657 materia
2032 4615 2140 4656 non
2170 4650 2219 4674 η
2248 4598 2355 4657 τα,
2396 4592 2524 4650 ίίοα
2562 4595 2841 4664 είιηπιδιθ,
2875 4597 3104 4653 Mitto
3142 4601 3438 4669 quamdam
3472 4601 3850 4658 Obedienliam

539 4694 756 4760 deﬁcit,
782 4694 856 4750 ita
883 4695 1123 4751 vindicta
1155 4693 1357 4750 Christi
1399 4693 1514 4748 illis
1540 4694 1865 4749 durantibus
1909 4704 2015 4748 non
2049 4694 2143 4750 de-

539 4784 984 4857 ﬁciet,quantum
998 4795 1086 4842 est
1104 4803 1124 4837 ι
1147 4786 1201 4840 in
1217 4785 1391 4850 brevi,
1407 4802 1429 4837 ο
1450 4793 1661 4853 tempus
1680 4784 1827 4840 enim
1851 4786 2014 4841 breve
2033 4793 2139 4840 est.

538 4873 641 4949 Yet
668 4896 689 4930 ι
716 4878 771 4935 in
813 4878 964 4933 brevi
998 4897 1017 4930 ι
1055 4877 1310 4949 quoniam
1356 4876 1677 4931 imminente
1706 4884 1761 4932 te
1793 4875 2020 4944 judicio,
2052 4891 2142 4931 su-

539 4971 653 5028 bita
681 4985 841 5041 pana
871 4970 1054 5040 impiis
1083 4969 1336 5024 infertur.
1371 4969 1559 5023 Potest
1582 4969 1748 5024 etiam
1773 4969 1829 5023 in
1859 4982 1993 5024 voce
2020 4983 2144 5039 pro-

538 5062 739 5135 phetia
766 5061 888 5134 legi,
914 5071 973 5117 et
1002 5062 1263 5118 inducens
1305 5060 1586 5117 Christum
1626 5062 1716 5118 ubi
1756 5063 1888 5118 dicit
1921 5078 1936 5117 :
1974 5083 1993 5113 ‹
2028 5062 2143 5136 Ego

539 5162 720 5210 autem
750 5153 1077 5208 constitutus
1100 5167 1220 5208 sum
1248 5166 1265 5207 :
1299 5172 1317 5205 ›
1351 5154 1432 5209 sic
1461 5151 1629 5225 junge
1662 5172 1675 5208 :
1705 5172 1724 5207 ι
1753 5154 2137 5211 Convenerunt

541 5247 803 5303 adversus
827 5248 1107 5303 Christum
1134 5245 1271 5314 ejus,
1306 5266 1326 5301 ι
1358 5248 1439 5304 sic
1457 5248 1731 5305 dicentem
1763 5266 1777 5305 :
1806 5250 1883 5305 Illi
1906 5258 2133 5305 eontur-s

539 5339 832 5405 babuntur,
866 5357 889 5391 ι
934 5348 1042 5408 ego
1070 5347 1249 5394 autem
1293 5342 1620 5397 constitutus
1660 5354 1802 5409 sum,
1838 5361 1858 5395 ι
1892 5350 1999 5397 etc.
2030 5341 2134 5397 ιο·

539 5433 725 5502 quitur
744 5432 909 5487 etiam
938 5433 1202 5503 propheta
1224 5434 1316 5490 ubi
1348 5435 1477 5491 dicit
1506 5454 1519 5490 :
1555 5450 1575 5487 ι
1608 5437 1677 5491 Et
1702 5448 1845 5492 nunc
1873 5448 2027 5507 reges
2052 5434 2133 5489 in-

542 5524 785 5596 telligite.
839 5544 859 5577 ι
904 5522 975 5581 Et
998 5526 1077 5582 sic
1094 5527 1262 5601 junge
1290 5546 1303 5583 ε
1333 5528 1585 5587 Christus
1609 5530 1736 5587 talis
1765 5542 1861 5587 rex
1885 5536 1990 5595 est,
2019 5546 2042 5581 θ
2074 5533 2132 5584 et

537 5620 1321 5696 memmintetﬁgtte.
1360 5640 1382 5675 ο

1227 5786 1461 5806 Μ

2166 4650 2220 4711 D

2240 4684 2561 4752 exhibebat,
2603 4696 2664 4742 et
2713 4689 2877 4743 etiam
2922 4689 3188 4745 miracula
3232 4688 3511 4747 faciebat:
3545 4692 3645 4748 sed
3695 4698 3848 4763 post-

2245 4791 2410 4846 quam
2448 4779 2502 4834 in
2548 4795 2646 4835 cor
2679 4778 2819 4850 ejus,
2866 4792 2928 4837 ut
2962 4778 3251 4839 Dominum
3287 4786 3551 4851 traderet,
3594 4785 3848 4842 diabolus

2245 4868 2491 4935 intravit,
2537 4872 2803 4931 Dominus
2844 4874 2914 4931 ob
2945 4873 3065 4945 ejus
3111 4876 3277 4931 corde
3310 4876 3556 4940 recessit,
3606 4893 3639 4931 a
3682 4879 3851 4934 corde

2244 4960 2397 5018 Iudae
2417 4964 2540 5019 dico
2564 4966 2716 5036 prius
2748 4967 2843 5022 lilii
2873 4969 2978 5024 sui.
3009 4967 3231 5022 Materia
3260 4982 3392 5024 veno
3421 4970 3474 5023 in
3496 4969 3603 5024 hoc
3628 4971 3852 5041 psalmo

2246 5063 2330 5109 est
2377 5055 2652 5121 Christus,
2699 5058 2769 5112 de
2816 5072 2925 5128 quo
2975 5060 3091 5131 agit
3132 5061 3237 5115 hoc
3279 5060 3441 5116 modo
3482 5073 3499 5114 :
3540 5052 3748 5133 Tangit
3784 5063 3852 5118 de

2237 5147 2489 5217 passione
2509 5156 2565 5202 et
2591 5148 2987 5219 glorificatione
3020 5165 3035 5204 :
3062 5159 3121 5205 et
3147 5165 3256 5206 non
3283 5152 3512 5222 exponit
3535 5164 3639 5220 per
3659 5162 3852 5222 partes

2236 5242 2566 5310 passionem,
2605 5243 2749 5298 sicut
2790 5242 2845 5297 in
2890 5242 3217 5312 quibusdam
3264 5244 3386 5298 aliis
3414 5244 3645 5313 psalmis
3690 5245 3850 5301 iacit.

2236 5332 2471 5390 Intentio
2500 5349 2632 5389 vero
2661 5344 2768 5400 est,
2800 5350 2900 5390 nos
2925 5335 2991 5391 ad
3018 5336 3338 5406 patientiam
3363 5346 3461 5406 per
3486 5336 3659 5406 ipsius
3686 5337 3854 5393 Chri-

2238 5431 2307 5488 sti
2337 5431 2647 5502 exemplum
2680 5433 2948 5499 invitare,
2988 5440 3050 5487 ut
3080 5447 3186 5488 non
3219 5444 3575 5504 quascunque
3608 5432 3856 5504 injurias

2238 5527 2530 5582 timeamus
2564 5545 2577 5581 :
2609 5528 2752 5582 unde
2775 5534 2831 5582 et
2851 5525 3141 5597 Apostolus
3168 5540 3180 5580 :
3216 5536 3239 5579 η
3270 5526 3327 5581 Si
3356 5526 3748 5597 eompatimur,
3792 5528 3855 5585 et

2235 5618 2689 5690 conregnabimus
2708 5619 2884 5691 (Rom.
2910 5619 3050 5690 vui).
3084 5638 3102 5670 ι
3132 5618 3257 5674 Περ
3281 5619 3513 5675 intentio
3536 5626 3771 5677 notatur
3789 5616 3852 5678 in

2234 5712 2342 5767 hoc
2378 5713 2611 5783 psalmo,
2657 5712 2749 5769 ubi
2788 5712 2925 5769 dicit
2962 5732 2974 5767 ε
3011 5712 3129 5768 Non
3166 5712 3370 5770 timebo
3416 5713 3590 5769 millia
3620 5716 3849 5786 populi,

2233 5819 2338 5862 vox
2377 5804 2599 5863 Christi.
2645 5807 2714 5864 Et
2740 5807 2933 5880 incipit
2969 5822 2999 5863 a
3028 5806 3302 5879 passione,
3337 5808 3415 5864 sic
3454 5800 3651 5864 dicens
3690 5809 3848 5878 pum

2232 5898 2333 5955 sub
2361 5899 2593 5970 quadam
2622 5900 3004 5957 admiratione.
