3984 6440
453 454 558 511 207

921 451 1280 510 HAYMONIS
1317 452 1803 510 llALBERSTAT.
1841 450 2058 508 EPISC.
2101 449 2252 506 OPP.
2296 447 2474 504 PARS
2508 447 2550 503 l.
2592 476 2661 487 -
2695 445 3055 505 COMMENT.
3095 447 3268 504 BlBL.

3629 448 3747 504 208

451 574 808 645 quorumdam
830 571 1188 639 dubitatione,
1210 572 1449 628 ostendit
1476 571 1635 628 nobis
1660 569 2046 627 certitudinem
2071 569 2126 631 Α
2149 565 2285 621 casti
2314 579 2409 620 cor
2453 578 2656 631 meum,
2710 572 2771 619 ut
2799 562 2964 620 etiam
3009 563 3290 619 inimicum
3328 559 3635 633 diligerem,
3687 571 3750 618 et

451 667 577 720 vita:
602 671 842 728 atteram,
864 663 956 719 ubi
986 663 1156 718 dicit:
1186 679 1205 712 ι
1238 661 1524 734 Signatum
1545 669 1631 718 est
1659 676 1822 733 super
1846 675 1943 715 nos
1970 678 1981 712 :
2014 677 2033 711 ι

451 765 524 822 et,
545 776 561 807 ι
599 757 655 811 in
679 771 814 826 pace
840 755 893 809 in
918 754 1174 824 idipsum.
1221 774 1238 804 ›
1265 754 1332 808 Et
1356 755 1483 825 quia
1511 756 1577 810 de
1606 753 1698 809 illo
1719 753 1863 810 bono
1886 752 2042 808 nobis

451 839 832 904 eisultandum
857 855 961 912 est,
983 847 1128 902 unde
1150 845 1240 901 hic
1260 846 1502 917 psalmus
1525 846 1743 918 dignius
1764 847 1896 918 agit,
1921 846 2042 901 ideo

452 943 724 1000 canticum
765 947 1031 996 vocatur:
1080 949 1138 995 et
1186 939 1313 1009 quia
1359 939 1449 994 illa
1485 938 2045 1005 exsultatio,'scilicet

455 1045 672 1092 atterna:
693 1036 840 1101 vitae,
872 1041 956 1090 est
975 1033 1135 1088 nobis
1166 1049 1330 1088 causa
1362 1033 1518 1088 bona:
1539 1031 1894 1103 operationis,
1923 1031 2044 1086 ideo

453 1136 678 1183 vocatur
716 1126 963 1197 psalmus
1009 1126 1231 1180 cantici.
1261 1125 1419 1192 Quod
1466 1132 1647 1180 autem
1696 1123 1774 1180 sic
1823 1122 2041 1189 dicitur,

448 1218 688 1289 psalmus
734 1217 968 1282 cantici,
1019 1223 1250 1271 tractum
1288 1223 1375 1271 est
1419 1230 1486 1271 ex
1530 1213 1920 1279 modulatione,
1953 1212 2046 1266 ubi

382 1381 384 1383 g
447 1312 570 1366 viva
595 1326 701 1365 vox
733 1307 1092 1380 praecedebat,
1123 1315 1178 1361 et
1202 1307 1488 1362 harmonia
1521 1307 1870 1376 sequebatur.
1898 1303 2046 1358 Psal-

382 1391 402 1398 ”
448 1417 572 1458 mus
598 1401 704 1456 iste
735 1399 1056 1454 attribuitur
1088 1397 1278 1464 David,
1306 1398 1435 1469 quia
1475 1397 1565 1452 hic
1608 1396 1848 1466 loquitur
1877 1395 2048 1450 David

449 1495 744 1565 propheta,
772 1492 858 1546 vel
885 1507 1220 1562 quacunque
1249 1490 1424 1546 ﬁdelis
1455 1490 1660 1555 anima,
1710 1505 1831 1559 quze
1877 1488 2045 1559 signi-

451 1586 650 1639 ﬁcatur
687 1598 783 1653 per
808 1582 1002 1647 David,
1033 1582 1088 1636 id
1115 1591 1199 1636 est
1227 1580 1479 1646 ecclesia,
1513 1581 1642 1650 quia
1673 1579 1900 1635 ecclesia
1931 1579 2046 1648 ipsa

455 1673 782 1729 manufortis
836 1672 891 1726 in
927 1671 1290 1727 devincendas
1336 1671 1634 1728 diabolicas
1670 1670 1997 1726 tentationes
2029 1687 2042 1723 :

451 1774 506 1820 ct
524 1765 641 1820 visu
667 1762 1064 1825 desiderabilis,
1094 1771 1320 1833 propter
1358 1762 1819 1833 pulchritudinem
1846 1761 2046 1816 sancti-

2141 657 2209 712 de
2237 656 2585 713 tribulatione
2613 655 2931 727 gauderem,
2977 663 3086 711 etc.
3133 654 3269 710 Cum
3302 653 3454 723 prius
3481 653 3549 708 de
3575 653 3750 709 tertia

2142 762 2376 819 persona
2431 746 2659 812 diceret,
2687 746 2981 814 exaudivit,
3032 761 3100 800 ex
3151 745 3322 800 nimia
3365 743 3751 800 familiaritate

2143 839 2412 894 convertit
2436 854 2496 894 se
2523 839 2592 893 ad
2616 837 2934 904 secundam,
2973 852 3097 892 cum
3125 836 3279 902 dicit,
3310 835 3550 891 dilatain
3585 836 3749 892 mihi.

2219 951 2238 982 ι
2267 929 2534 997 Dilatasti,
2573 950 2591 983 ι
2623 938 2679 986 et
2703 931 2881 985 adhuc
2911 948 2930 980 ‹
2967 931 3228 986 miserere
3243 929 3373 995 mei,
3415 948 3433 981 ι
3463 929 3520 984 id
3549 936 3639 985 est
3659 945 3752 985 re-

2143 1037 2302 1078 move
2327 1038 2358 1077 a
2383 1038 2469 1078 me
2487 1022 2740 1078 miserias
2753 1020 2914 1092 hujus
2935 1023 3144 1088 mundi,
3168 1029 3229 1077 ut
3247 1021 3410 1078 nullis
3429 1021 3749 1092 subjaceam

2146 1115 2542 1172 tentationibus
2568 1135 2588 1169 ι
2623 1123 2680 1172 et
2713 1115 2912 1172 exaudi
2940 1115 3246 1172 orationem
3294 1131 3496 1182 meam,
3521 1136 3539 1169 ι
3580 1117 3638 1172 id
3661 1129 3752 1174 est

2144 1223 2285 1280 pone
2311 1211 2366 1265 in
2415 1225 2505 1266 me
2534 1219 2880 1284 augmentum
2920 1210 3208 1277 virtutum,
3268 1211 3749 1268 conﬁrmationem

2145 1315 2332 1356 eorum
2385 1301 2650 1356 bonorum
2680 1317 2802 1371 qua)
2846 1301 2901 1355 in
2941 1315 3028 1356 me
3075 1309 3220 1356 sunt.
3276 1300 3576 1374 Postquam
3605 1303 3751 1357 dixit

2152 1412 2172 1444 ι
2198 1392 2497 1459 exaudivit,
2532 1412 2552 1445 ι
2579 1392 2851 1463 superfluo
2870 1393 3085 1448 videtur
3102 1406 3392 1464 apponere,
3429 1415 3447 1445 σ
3478 1395 3753 1450 miserere

2147 1490 2204 1539 ct
2228 1483 2420 1538 exaudi
2451 1503 2463 1537 :
2497 1503 2517 1536 ι
2545 1486 2640 1540 sed
2666 1484 2996 1540 conveniens
3023 1483 3124 1540 fuit
3144 1500 3436 1557 apponere,
3462 1487 3595 1556 quia
3627 1497 3754 1557 post

2147 1574 2551 1630 exauditionem
2601 1583 2812 1630 restant
2871 1576 3137 1644 miserim,
3181 1584 3238 1632 et
3273 1577 3395 1633 ideo
3430 1580 3751 1634 necessaria

2149 1665 2491 1720 conservatio
2509 1672 2566 1720 et
2590 1665 2856 1721 bonorum
2877 1666 3267 1737 augmentatio.

2220 1756 2352 1812 Post
2402 1757 2800 1814 exauditionem
2850 1758 3004 1828 ponit
3053 1759 3504 1830 increpationem.
3554 1759 3754 1817 Conti-

451 1856 600 1922 tatis,
629 1855 698 1910 ad
724 1853 877 1923 cujus
905 1854 1298 1926 perfectionem
1335 1855 1489 1910 multi
1528 1855 1594 1911 de
1627 1863 1849 1924 pectore
1895 1867 2049 1907 com-
2082 1925 2095 1926 7
2151 1849 2367 1905 nuatio:
2390 1869 2408 1900 ‹
2429 1847 3094 1918 Me,iquiajustuseram¢
3117 1851 3707 1907 exaudivitDominus:
3730 1871 3751 1906 ι

449 1949 634 2020 puncti
676 1925 962 2019 pervenire
1011 1948 1356 2004 desiderant:
1406 1947 1563 2016 juxta
1611 1946 1755 2016 quod
1795 1945 1996 2001 dicitur
2024 1963 2035 1998 :
2073 1925 2124 1989 Β
2153 1950 2206 1998 et
2230 1941 2349 1997 ideo
2369 1956 2466 1996 vos
2491 1962 2508 1992 ι
2531 1939 2625 1994 ﬁlii
2648 1941 2928 1996 hominum
2950 1958 3253 2014 usquequo,
3279 1964 3298 1996 ι
3323 1944 3376 1998 id
3397 1953 3483 1998 est
3502 1945 3753 2014 quandiu

453 2041 905 2113 Deprecabuntur
929 2055 1122 2096 omnes
1175 2041 1371 2096 divites
1415 2039 1608 2110 plebis.
1647 2038 1897 2093 Psalmus
1923 2037 2047 2094 dico

451 2133 681 2188 tendens
707 2132 763 2187 in
797 2132 982 2195 ﬁnem,
1027 2132 1081 2186 id
1111 2141 1194 2187 est
1223 2132 1280 2186 in
1309 2131 1608 2196 Christum,
1658 2129 1870 2185 scilicet
1916 2145 2046 2200 pro-

451 2238 656 2292 ponens
708 2222 866 2279 nobis
915 2222 1243 2293 exemplum.
1295 2222 1430 2278 Cum
1479 2237 1609 2278 vero
1660 2221 1785 2278 finis
1837 2222 2048 2278 duobus

452 2315 670 2370 dicatur
701 2315 900 2380 modis,
941 2314 1148 2370 scilicet
1195 2315 1554 2387 consumptio,
1603 2315 1744 2370 sicut
1795 2330 2048 2370 consum-

449 2405 564 2474 ptio
596 2403 728 2473 ligni
778 2413 862 2459 est
909 2419 1008 2474 per
1056 2405 1276 2476 ignem:
1311 2415 1367 2461 et
1415 2406 1831 2471 consummatio,
1864 2405 1918 2459 id
1964 2414 2048 2458 est

449 2495 740 2567 cujuslibet
769 2496 852 2551 rei
876 2496 1166 2565 completio
1193 2515 1204 2551 :
1235 2497 1488 2552 Christus
1535 2511 1814 2566 nunquam
1848 2495 2047 2549 dicitur

449 2588 813 2659 consumptio,
846 2589 942 2644 sed
989 2591 1424 2645 consummatio:
1488 2590 1542 2644 in
1592 2605 1658 2644 eo
1682 2590 1827 2644 enim
1863 2589 2045 2645 omnia

457 2696 577 2749 quae
606 2681 749 2734 Deus
786 2695 886 2748 per
913 2681 1210 2750 pr0phetas
1255 2681 1584 2751 promiserat
1611 2679 1875 2751 completa
1898 2689 2042 2736 sunt.

460 2772 614 2826 Unde
642 2771 931 2841 Apostolus
956 2787 971 2824 :
1007 2790 1026 2823 ι
1079 2771 1331 2828 Christus
1373 2773 1498 2828 ﬁnis
1527 2785 1609 2829 est
1633 2773 1769 2845 legis
1796 2774 1862 2828 ad
1886 2773 2047 2843 justi-

451 2864 586 2918 tiam
614 2863 762 2918 omni
792 2862 1032 2918 credenti
1067 2862 1247 2934 (Rom.
1285 2862 1362 2935 Χ).
1389 2883 1407 2916 ι
1448 2863 1543 2920 Vel
1569 2879 1676 2935 per
1693 2865 1875 2927 ﬁnem,
1909 2873 2046 2919 tem-

455 2970 558 3024 pus
593 2955 782 3025 gratize
803 2962 982 3024 potest
1010 2955 1209 3024 accipi,
1237 2955 1382 3025 quod
1409 2955 1530 3011 ideo
1572 2956 1694 3010 ﬁnis
1739 2965 2043 3024 temporum

450 3047 670 3113 dicitur,
703 3047 850 3117 quod
876 3048 931 3102 in
978 3062 1044 3102 eo
1087 3048 1271 3102 omnia
1325 3049 1595 3117 promissa
1642 3047 1739 3102 Dei
1776 3049 2043 3119 completa

451 3146 599 3206 sunt,
629 3139 773 3193 unde
801 3137 1132 3209 Apostolus:
1164 3157 1182 3190 ‹
1241 3138 1352 3193 Nos
1397 3154 1585 3194 sumus
1613 3138 1667 3192 in
1723 3155 1859 3210 quos
1909 3139 2045 3196 lines

451 3232 772 3289 saeculorum
801 3233 1136 3288 devenerunt
1160 3232 1212 3300 (I
1245 3232 1368 3287 Cor.
1395 3231 1473 3302 χ).
1498 3251 1516 3284 ι
1566 3230 1788 3287 Materia
1833 3248 1965 3288 vero
1989 3234 2044 3287 in

2151 2032 2304 2087 eritis
2325 2051 2344 2083 ι
2367 2031 2519 2102 gravi
2545 2031 2732 2096 corde,
2764 2050 2783 2083 ι
2813 2031 2867 2086 id
2893 2040 2976 2086 est
2992 2033 3230 2102 quandiu
3250 2033 3498 2105 gravabit
3524 2049 3626 2088 vos
3658 2049 3756 2087 Vo-

2148 2121 2328 2177 luntas
2352 2121 2672 2176 idololatria:
2695 2121 2780 2176 vel
2800 2122 3148 2192 appetitionis
3176 2125 3548 2179 terrenarum?
3569 2123 3753 2179 Homo

2149 2214 2361 2269 duobus
2400 2213 2577 2268 modis
2626 2213 2683 2269 in
2713 2213 2896 2268 divina
2943 2215 3141 2286 pagina
3197 2216 3477 2287 accipitur,
3515 2215 3601 2271 vel
3660 2233 3754 2272 se-

2148 2307 2382 2362 cundum
2429 2306 2833 2373 carnalitatem,
2879 2307 2965 2363 vel
3016 2309 3312 2364 secundum
3339 2310 3752 2376 terrenitatem,

2147 2406 2380 2468 utroque
2401 2399 2561 2453 modo
2577 2398 2659 2452 sic
2678 2397 2894 2469 legitur,
2927 2417 2945 2449 ι
2966 2399 3063 2454 ﬁlii
3085 2400 3385 2466 hominum,
3417 2421 3437 2454 ι
3458 2401 3509 2456 id
3525 2413 3636 2468 est,
3651 2403 3753 2457 ﬁlii

2147 2493 2470 2559 carnalium,
2499 2493 2738 2563 quandiu
2765 2493 2972 2550 similes
2995 2493 3101 2550 illis
3123 2495 3316 2551 eritis?
3343 2495 3429 2550 vel
3465 2515 3483 2548 ι
3521 2497 3616 2552 ﬁlii
3650 2498 3754 2553 ho-

2148 2586 2378 2652 minum,
2415 2605 2433 2637 ›
2466 2585 2520 2640 id
2545 2593 2630 2640 est
2657 2585 3080 2652 rationabilium,
3121 2603 3290 2658 quare
3314 2603 3418 2642 non
3453 2588 3751 2643 imitamini

2147 2679 2456 2734 rationem?
2478 2677 2733 2734 Ostendit
2761 2695 2856 2735 eos
2893 2696 3123 2752 peccare
3152 2681 3432 2737 voluntate
3459 2700 3472 2734 :
3503 2683 3750 2737 ostendit

2145 2769 2310 2823 etiam
2336 2783 2565 2841 peccare
2587 2769 2974 2839 delectatione,
3006 2788 3127 2828 cum
3154 2773 3284 2828 dicit
3311 2792 3322 2826 :
3362 2791 3380 2824 ι
3411 2771 3482 2827 Ut
3503 2774 3637 2842 quid
3659 2775 3750 2828 di-

2145 2861 2314 2934 ligitis
2336 2865 2716 2920 vanitatem?»
2738 2865 2804 2920 Et
2831 2867 2994 2921 etiam
3020 2867 3074 2920 in
3103 2875 3248 2932 actu,
3275 2882 3398 2921 cum
3419 2866 3552 2922 dicit
3577 2884 3591 2920 :
3630 2887 3649 2918 ι
3682 2867 3752 2923 Et

2146 2957 2392 3025 quaeritis
2417 2957 2786 3024 mendacium,
2823 2979 2841 3010 ι
2874 2959 2927 3013 id
2955 2967 3040 3014 est
3060 2959 3201 3015 idola
3229 2977 3241 3013 :
3274 2974 3414 3014 vana
3440 2968 3587 3022 sunt,
3617 2962 3749 3029 quia

2148 3047 2220 3102 dii
2260 3063 2368 3102 non
2391 3057 2553 3103 sunt:
2605 3049 2889 3104 mendacia
2918 3057 3067 3115 sunt,
3095 3049 3224 3120 quia
3251 3063 3348 3118 per
3390 3065 3453 3104 ea
3487 3050 3743 3106 homines

2148 3146 2465 3207 exspectant
2482 3137 2672 3205 vitam,
2694 3155 2856 3209 quam
2879 3140 3009 3196 dare
3034 3155 3139 3194 non
3155 3149 3401 3210 possunt.
3431 3139 3567 3197 Item
3591 3158 3749 3197 mun-

2153 3227 2294 3282 dana
2340 3243 2481 3283 vana
2525 3238 2672 3295 sunt,
2719 3229 2840 3299 quia
2891 3245 3016 3285 cum
3060 3229 3205 3285 bona
3247 3231 3316 3286 ab
3345 3233 3746 3303 appetitoribus

449 3327 554 3380 hoc
579 3325 790 3396 psalmo
815 3335 899 3380 est
935 3324 1168 3394 justitia,
1219 3324 1287 3379 de
1320 3293 1445 3378 hac.
1463 3332 1647 3379 autem
1669 3325 1899 3380 materia
1936 3325 2048 3393 agit
2076 3293 2122 3360 α
2156 3328 2440 3391 putentur,
2489 3321 2633 3378 bona
2677 3336 2783 3376 non
2814 3330 2959 3376 sunt.
3010 3322 3143 3377 ltem
3187 3293 3433 3378 multum.
3468 3324 3746 3392 laborant,

448 3417 553 3473 hoc
567 3417 749 3483 modo,
768 3417 1100 3487 increpando
1123 3415 1437 3471 idololatras
1457 3424 1514 3471 et
1533 3416 1816 3471 dilectores
1838 3416 2046 3483 mundi,

449 3509 542 3564 ubi
556 3508 716 3564 dicit:
739 3528 756 3560 ι
783 3507 1071 3578 Usquequo
1082 3508 1232 3579 gravi
1249 3507 1447 3562 corde?
1470 3526 1489 3560 ο
1515 3504 1869 3561 Admonendo
1881 3507 2046 3561 etiam

448 3599 517 3654 ad
543 3598 839 3668 justitiam,
872 3599 963 3652 ubi
1005 3599 1177 3653 dicit:
1212 3618 1230 3650 ι
1268 3596 1587 3654 Sacriﬁcate
1612 3597 1937 3652 sacriﬁcium
1959 3596 2046 3666 ju-

446 3691 632 3757 stitiaa,
663 3710 684 3743 ι
702 3699 809 3745 etc.
826 3688 1098 3744 Faciendo
1124 3689 1373 3760 egregias
1393 3689 1804 3761 promissiones,
1820 3689 2045 3759 promit-

446 3793 567 3839 tens
609 3782 887 3838 Christum
936 3781 1184 3837 vocando
1233 3795 1362 3836 eum
1411 3789 1662 3836 sanctum
1701 3789 2042 3847 sanctorum,

446 3877 540 3932 ubi
561 3875 695 3930 dicit
721 3890 734 3928 :
767 3881 1017 3930 sanctum
1049 3889 1229 3938 suum,
1253 3888 1362 3943 quo
1387 3873 1660 3928 mediante
1686 3871 2046 3927 exaudientur

445 3966 722 4022 orationes
775 3973 1116 4029 sanctorum,
1163 3963 1613 4018 ostendit-etiam
1662 3963 2042 4019 certitudinem

447 4059 640 4115 aeterni
667 4058 821 4124 boni,
847 4073 968 4128 qua:
989 4065 1074 4113 est
1101 4057 1226 4112 ﬁnis
1253 4065 1574 4112 cteterarum
1600 4057 2039 4127 promissionum.

448 4152 682 4208 Intentio
727 4166 859 4206 vero
886 4159 973 4206 est
1019 4166 1119 4206 nos
1147 4151 1460 4217 admonere,
1510 4159 1732 4221 propter
1755 4166 1919 4220 quam
1945 4153 2042 4206 ha-

447 4246 685 4302 bendam
708 4244 846 4299 ﬁunt
863 4254 919 4299 et
955 4244 1361 4314 increpationes
1391 4251 1447 4299 et
1475 4244 1885 4314 promissiones.
1914 4243 2041 4300 Hazc

446 4338 676 4394 intentio
724 4346 944 4393 notatur
971 4337 1064 4392 ubi
1095 4337 1226 4392 dicit
1261 4355 1273 4391 :
1306 4357 1324 4388 ι
1365 4337 1684 4393 Sacriﬁcate
1710 4336 2040 4392 sacriﬁcium

440 4435 688 4504 justitiaa.
733 4454 752 4488 ι
786 4435 1188 4504 lncrepationes
1225 4444 1281 4491 et
1317 4436 1714 4492 admonitiones
1745 4436 2038 4505 separatim

446 4528 622 4597 ponit,
657 4527 1048 4597 promissiones
1079 4544 1208 4584 vero
1234 4529 1592 4584 commixtim.
1643 4529 1710 4583 Et
1744 4543 1775 4582 a
1800 4529 2035 4598 promis-

2153 3419 2214 3466 ut
2260 3411 2548 3468 obtineant
2597 3428 2660 3467 ea
2702 3428 2819 3482 qua:
2868 3411 3120 3484 diligunt,
3181 3415 3390 3470 scilicet
3438 3417 3738 3483 mundana,

2151 3523 2271 3578 qua:
2322 3515 2501 3562 tamen
2555 3507 2834 3563 mendacia
2886 3516 3049 3562 sunt:
3112 3509 3240 3578 quia
3281 3508 3660 3564 sufﬁcientiam
3688 3518 3745 3565 et

2147 3599 2536 3655 beatitudinem
2557 3599 2899 3669 promittunt,
2928 3614 3089 3670 quam
3125 3601 3252 3656 dare
3283 3615 3393 3655 non
3418 3611 3669 3671 possunt.

2225 3709 2245 3742 ‹
2279 3689 2485 3746 Scitote
2512 3710 2532 3743 ι
2562 3690 2819 3760 quoniam
2848 3689 2964 3745 haec
3003 3691 3284 3746 mendacia
3311 3699 3438 3745 sunt
3463 3709 3478 3744 :
3527 3701 3580 3747 et
3627 3693 3743 3746 hmo

2153 3804 2172 3836 ‹
2192 3783 2405 3851 scitote,
2421 3783 2678 3854 quoniam
2698 3781 2960 3838 Dominus
2971 3783 3298 3848 miriﬁcavit,
3325 3803 3344 3837 ι
3364 3784 3419 3838 id
3433 3792 3515 3839 est
3527 3783 3741 3838 mirabi-

2147 3877 2253 3933 lem
2283 3877 2413 3932 fecit
2445 3896 2464 3928 ‹
2493 3884 2743 3931 sanctum
2771 3892 2949 3945 suum,
2981 3897 3000 3930 ι
3029 3878 3084 3934 id
3113 3888 3196 3936 est
3218 3878 3521 3944 Christum,
3543 3880 3633 3949 qui
3654 3879 3736 3933 di-

2145 3969 2288 4024 citur
2309 3977 2528 4024 sanctus
2547 3977 2879 4035 sanctorum,
2905 3987 3013 4042 quo
3035 3973 3308 4028 mediante
3334 3991 3353 4024 ι
3381 3972 3638 4026 exaudiet
3660 3986 3747 4026 me

2145 4058 2406 4115 Dominus
2426 4076 2549 4115 cum
2581 4046 2892 4118 clamavero
2927 4063 2993 4118 ad
3024 4079 3148 4118 eum
3182 4083 3200 4114 ι
3235 4065 3566 4124 habendum.

2216 4150 2285 4204 Et
2312 4152 2442 4206 item
2467 4151 2523 4205 in
2569 4151 2675 4207 hoc
2702 4168 2866 4209 versu
2909 4149 3062 4224 ponit
3086 4154 3506 4225 promissionem
3549 4153 3747 4210 nobis?

2143 4242 2323 4301 Nolite
2347 4261 2595 4316 quaarere
2621 4247 2986 4314 mendacium,
3013 4246 3108 4302 sed
3139 4248 3321 4319 potius
3346 4267 3364 4299 ι
3397 4249 3701 4305 irascimini
3725 4269 3744 4301 ι

2141 4337 2380 4407 peccatis
2403 4340 2603 4394 vestris
2619 4339 2941 4412 praeteritis,
2965 4359 2983 4390 ‹
3014 4347 3069 4395 et
3101 4360 3119 4392 ›
3144 4341 3490 4411 postmodum
3523 4359 3543 4392 ι
3578 4341 3750 4397 nolite

2139 4445 2388 4502 peccare.
2433 4453 2451 4486 ι
2488 4432 2584 4488 Vel
2617 4433 2694 4488 ita
2730 4453 2742 4487 :
2776 4433 2952 4489 Nolite
2973 4433 3315 4492 mendacium
3349 4450 3632 4506 quaerere,
3655 4436 3750 4492 sed

2146 4541 2164 4573 ι
2202 4523 2522 4580 irascimini.
2564 4545 2584 4578 ›
2615 4525 2772 4593 Quod
2800 4527 2926 4596 quia
2952 4528 3201 4584 naturale
3225 4537 3339 4594 est,
3375 4544 3485 4584 non
3522 4543 3749 4598 possum

445 4618 601 4673 sione
651 4619 731 4673 sic
777 4618 1004 4690 incipit:
1059 4618 1236 4676 Nolite
1275 4620 1417 4676 idola
1453 4619 1654 4683 colere,
1683 4626 1735 4673 et
1763 4619 2034 4673 mundana
2064 4659 2116 4720 Β
2141 4615 2430 4684 prohibere
2446 4618 2620 4685 vobis,
2635 4619 2832 4690 patior,
2858 4638 2877 4670 ‹
2898 4627 2951 4674 et
2972 4640 2988 4672 ι
3012 4629 3192 4676 tamen
3219 4639 3237 4672 ι
3260 4621 3426 4676 nolite
3447 4636 3699 4691 peccare,
3723 4642 3743 4671 ι

446 4709 692 4780 diligere,
745 4709 841 4764 sed
887 4710 1157 4766 adhaerete
1205 4711 1450 4781 justitiaa,
1500 4718 1556 4766 et
1600 4725 1789 4780 preces
1843 4718 2036 4766 vestrae

407 4804 411 4809 '
445 4799 826 4865 cxaudientur,
864 4800 1009 4869 quod
1054 4799 1194 4856 Deus
1222 4801 1378 4856 vobis
1406 4801 1462 4855 in
1487 4799 1736 4869 exemplo
1779 4801 1885 4855 mei
1911 4817 2037 4871 pro-

444 4887 647 4942 mittit:
673 4887 801 4958 quia
829 4903 847 4937 ι
878 4901 1000 4942 cum
1049 4887 1380 4953 invocarem,
1416 4907 1434 4938 ›
1472 4887 1526 4942 id
1552 4895 1655 4951 est,
1710 4903 1832 4942 cum
1865 4889 2034 4944 Deum

445 4979 595 5036 utin
649 4993 738 5034 me
788 4978 1121 5033 inhabitaret
1179 4978 1512 5043 invocarem,
1541 4996 1559 5028 ι
1621 4981 1899 5035 exaudivit
1948 4998 2034 5037 me

444 5072 590 5128 Deus
624 5090 643 5123 ι
683 5070 841 5125 dator
865 5069 1134 5140 justitiae:
1187 5085 1295 5124 non
1353 5070 1574 5139 quidem
1623 5071 1878 5141 perfecte,
1939 5077 2035 5131 sed

452 5181 471 5213 ς
503 5176 660 5226 meae,
691 5179 710 5213 ι
738 5160 793 5215 id
819 5167 923 5226 est,
948 5159 1160 5229 qualem
1190 5166 1371 5227 potest
1387 5161 1588 5216 habere
1608 5177 1727 5217 mea
1751 5163 2036 5235 fragilitas.

447 5254 706 5320 Dicendo,
727 5272 747 5305 ι
769 5269 892 5309 cum
908 5253 1216 5308 invocarem
1229 5253 1527 5317 exaudivit,
1542 5275 1560 5308 ι
1582 5257 2039 5316 notatsimulesse

448 5349 791 5405 vocationem
825 5356 880 5402 et
905 5346 1346 5402 exauditionem:
1380 5363 1504 5403 cum
1533 5349 1681 5414 dicit,
1712 5370 1730 5402 ι
1763 5354 2039 5409 exaudivit

447 5460 534 5500 me
559 5445 701 5500 Deus
722 5443 971 5514 justitiae,
1009 5461 1028 5494 ι
1063 5442 1304 5498 ostendit
1331 5459 1362 5498 a
1393 5443 1504 5500 Deo
1530 5445 1735 5500 nullum
1768 5447 2031 5515 exaudiri,

447 5537 551 5592 nisi
582 5537 818 5606 aliquam
870 5533 1137 5603 justitiam
1174 5536 1389 5592 habeat.
1422 5537 1582 5593 Ponit
1623 5539 1677 5594 in
1723 5555 1832 5611 quo
1861 5557 2033 5598 exau-

448 5627 630 5690 dierit,
663 5627 854 5680 dicens
879 5643 892 5679 :
917 5645 936 5677 ι
983 5627 1037 5681 in
1069 5627 1418 5684 tribulatione
1461 5630 1695 5687 dilatasti
1725 5633 1880 5698 mihi,
1914 5655 1931 5685 ι
1979 5636 2033 5691 id

447 5725 533 5772 est
566 5716 958 5787 multiplicasti.
1004 5717 1138 5774 Cum
1161 5719 1306 5774 enim
1337 5721 1612 5777 tribulatio
1643 5723 1812 5778 soleat
1841 5724 2034 5781 aﬁ‘erre

450 5809 750 5878 angustias,
780 5818 838 5862 ut
864 5809 1048 5865 dolere
1076 5813 1142 5866 de
1173 5811 1536 5878 tribulatione,
1593 5815 1718 5868 odio
1767 5815 2030 5870 tribulati-

453 5909 559 5958 tem
611 5902 832 5970 habere,
880 5907 1162 5961 veritatem
1213 5907 1376 5962 ctiam
1412 5915 1609 5973 tacere,
1638 5919 1770 5977 etc.,
1805 5911 2032 5980 ampliﬁ-

2146 4708 2199 4764 id
2219 4717 2303 4766 est
2324 4710 2474 4766 illam
2498 4712 2633 4766 iram
2656 4713 2725 4767 ad
2747 4721 2930 4769 actum
2953 4715 3270 4786 perducere.
3293 4713 3360 4768 Et
3381 4712 3451 4769 de
3472 4714 3557 4769 his
3576 4733 3594 4764 ι
3625 4729 3750 4784 qum

2145 4801 2347 4870 dicitis,
2381 4822 2399 4856 ι
2429 4803 2482 4859 id
2503 4813 2587 4859 est
2607 4805 2879 4875 cogitatis,
2903 4826 2920 4856 ι
2943 4806 2999 4860 in
3026 4806 3281 4862 cordibus
3299 4805 3520 4871 vestris,
3547 4825 3566 4858 ›
3585 4806 3641 4860 id
3663 4814 3751 4860 est

2144 4895 2198 4950 in
2235 4895 2654 4966 cogitationibus
2686 4900 2887 4954 vestris
2919 4919 2938 4951 ι
2971 4899 3395 4970 compungimini
3426 4919 3444 4952 ι
3479 4908 3535 4954 et
3561 4899 3630 4953 de
3662 4900 3749 4956 his

2148 5008 2167 5040 ι
2203 5003 2327 5059 quae
2349 4989 2529 5046 dicitis
2554 4991 2608 5045 in
2635 4991 2902 5046 cubilibus
2933 4992 3162 5057 vestris,
3200 5010 3218 5043 ι
3254 4990 3309 5046 id
3333 4998 3419 5044 est
3449 4989 3504 5044 in
3541 4990 3751 5059 quibus

2145 5082 2307 5138 alicui
2360 5081 2706 5138 delectationi
2764 5084 2944 5139 carnis
3003 5083 3342 5140 consentitis.
3403 5082 3597 5138 Cubile
3659 5092 3750 5138 est

2143 5171 2317 5228 lectus
2363 5172 2603 5228 ferarum
2646 5173 2736 5228 ubi
2785 5174 2915 5229 fera:
2944 5174 3279 5230 volutantur.
3313 5173 3518 5229 Eodem
3570 5175 3745 5230 modo

2141 5281 2340 5337 corpus
2362 5275 2611 5321 nostrum
2649 5265 2848 5321 dicitur
2868 5265 3046 5322 cubile
3068 5267 3282 5332 animas,
3305 5264 3608 5320 secundum
3636 5265 3747 5322 hoc

2141 5361 2286 5432 quod
2309 5360 2472 5416 stulta
2499 5359 2679 5414 anima
2720 5369 2910 5415 nostra
2940 5357 3391 5415 delectationibus
3417 5358 3699 5412 consentit
3723 5376 3739 5411 :

2139 5462 2197 5509 et
2241 5454 2294 5509 in
2338 5455 2441 5510 hoc
2480 5468 2642 5508 versu
2677 5460 2930 5509 notamus
2975 5451 3400 5509 admonitionem
3442 5467 3455 5505 :
3505 5469 3523 5501 ι
3559 5449 3748 5509 Nolite

2141 5563 2387 5619 peccare.
2428 5568 2445 5600 ι

2212 5641 2277 5693 Ει
2307 5641 2436 5709 quia
2484 5655 2593 5696 non
2637 5637 2835 5696 suﬁicit
2879 5640 3159 5696 abstinere
3207 5654 3237 5693 a
3287 5635 3451 5703 malo,
3485 5636 3591 5692 nisi
3645 5636 3747 5692 ﬁat

2141 5732 2282 5800 quod
2322 5732 2522 5787 bonum
2569 5741 2672 5796 est,
2731 5732 2974 5789 addidit:
3011 5732 3104 5787 se'd
3142 5731 3323 5802 potius
3359 5751 3377 5782 ι
3433 5729 3748 5786 sacriﬁcate

2141 5820 2475 5878 sacriﬁcium
2520 5821 2771 5892 justitiae,
2809 5842 2828 5875 ι
2859 5824 2910 5878 id
2937 5833 3019 5878 est
3062 5823 3328 5893 justitiam
3377 5838 3494 5892 quae
3533 5821 3736 5876 dicitur

2142 5911 2488 5982 sacriﬁcium,
2514 5911 2567 5970 id
2596 5922 2696 5982 est,
2721 5915 2937 5984 placens
2962 5917 3071 5969 Deo
3099 5924 3351 5986 tanquam
3382 5911 3741 5970 sacriﬁcium.
