3984 6450
233 457 340 514 209

230 669 399 732 critaz,
447 664 544 722 sed
571 665 872 720 sacriﬁcate
916 681 1059 732 eam,
1117 666 1323 722 scilicet
1374 676 1432 722 ut
1460 668 1670 739 placeat
1699 669 1829 726 Deo.

237 780 255 813 ι
278 760 346 814 Ει
366 779 384 812 ι
404 759 479 814 ita
499 776 518 810 ι
546 765 760 829 sperate
783 757 838 812 in
866 757 1123 823 Domino,
1149 777 1170 812 ι
1190 758 1243 813 id
1264 766 1346 814 est
1369 760 1505 815 certi
1521 761 1639 816 sitis
1659 761 1726 816 de
1750 760 1834 815 fu-

229 862 355 909 turo
381 853 545 935 bono,
573 851 638 908 de
672 866 782 920 quo
808 850 967 906 multi
1016 851 1344 918 dubitantes,
1376 861 1430 908 et
1475 855 1654 910 adhuc
1703 870 1829 910 car-

228 943 430 998 naliter
457 944 732 1014 sapientes
761 941 948 997 dicunt
978 942 1137 998 nobis
1162 961 1175 996 :
1203 941 1312 998 Vos
1333 944 1649 1014 praedicatis
1672 945 1830 1002 nobis

229 1037 319 1092 illa
356 1036 515 1101 bona,
546 1036 641 1091 sed
686 1034 808 1104 quis
833 1034 1073 1090 ostendit
1102 1034 1259 1089 nobis
1288 1050 1352 1090 ea
1378 1035 1562 1091 bona?
1592 1037 1824 1104 scilicet,

227 1131 350 1201 quis
374 1130 499 1186 inde
533 1128 758 1186 veniens
784 1127 1117 1184 renuntiavit
1143 1128 1320 1196 nobis,
1354 1143 1474 1199 quae
1502 1137 1686 1185 essent
1729 1129 1818 1185 illa

226 1222 393 1278 bona.

292 1337 402 1410 Ipsi
426 1333 694 1402 dubitant,
747 1335 842 1392 sed
881 1350 981 1392 nos
1009 1334 1392 1391 certitudinem
1441 1334 1566 1390 inde
1596 1334 1821 1401 scimus,

225 1429 354 1500 quia
395 1447 414 1481 ε
451 1428 723 1500 signatum
757 1434 843 1482 est
869 1441 1038 1498 super
1065 1441 1186 1493 nos,
1218 1445 1237 1478 ι
1267 1425 1321 1480 id
1343 1433 1427 1481 est
1452 1425 1506 1480 in
1536 1426 1820 1496 superiore

226 1531 413 1576 nostra
451 1530 627 1591 parte,
662 1519 714 1574 id
735 1527 821 1574 est
842 1519 897 1573 in
928 1518 1162 1583 ratione,
1192 1518 1399 1574 scilicet
1424 1518 1478 1572 in
1511 1517 1692 1572 anima
1736 1524 1820 1573 est

225 1611 548 1682 impressum
579 1610 791 1681 signum
820 1609 943 1674 hoc,
968 1609 1178 1664 scilicet
1203 1629 1221 1660 ‹
1249 1609 1432 1664 lumen
1457 1608 1637 1664 vultus
1669 1609 1765 1676 tui,
1793 1629 1812 1663 ›

225 1703 280 1758 id
320 1713 404 1759 est
453 1719 605 1766 crux,
662 1717 783 1772 quae
819 1702 940 1758 ideo
969 1702 1063 1757 lux
1104 1703 1319 1766 dicitur,
1371 1704 1495 1772 quia
1545 1711 1818 1759 estcausa

219 1811 318 1868 per
350 1812 515 1868 quam
545 1796 770 1851 irradiat
802 1796 983 1850 vultus
1024 1795 1141 1861 Dei,
1169 1796 1221 1849 id
1254 1803 1337 1854 est
1366 1796 1614 1851 voluntas
1637 1796 1730 1851 Dei
1762 1796 1817 1851 in

223 1893 406 1947 anima
444 1899 650 1946 nostra.
704 1890 764 1944 In
795 1905 859 1944 ea
887 1890 1064 1945 anima
1093 1898 1177 1944 est
1211 1889 1425 1960 signum
1461 1890 1655 1952 crucis,
1696 1905 1816 1960 qua:

1404 455 1848 518 EXPLANATIO
1884 459 1950 515 IN
1992 458 2336 515 PSAIMOS.

234 576 384 630 [lane
408 589 515 628 non
563 571 723 627 facile
753 573 818 626 ad
869 572 1109 627 favorem
1159 574 1436 630 hominum
1498 577 1636 632 sicut
1664 579 1831 650 hypo-
1859 586 1912 642 Α

3407 469 3512 526 llo

2469 578 2536 634 IN
2564 578 2894 636 PSALMUM
2924 583 2987 638 Υ.

1937 667 2174 726 Τιτυιυε
2204 687 2216 726 :
2242 668 2308 723 In
2357 669 2512 740 ﬁnem
2556 688 2650 741 pro
2699 690 2761 754 ea
2804 690 2919 744 qua:
2963 674 3322 732 Itwreditatem
3346 694 3524 735 come-

2634 752 2832 814 quitur.

2009 875 2027 906 ‹
2071 853 2247 910 Verba
2285 870 2426 910 mea.
2454 875 2472 909 ι
2501 856 2608 913 ιειε
2635 859 2880 927 psalmus
2920 860 3035 932 agit
3068 876 3168 932 pro
3190 876 3274 927 ea,
3319 863 3529 921 scilicet

1931 945 2000 1000 ad
2026 945 2288 1000 honorem
2322 945 2468 1002 illius
2494 947 2774 1015 Ecclesiae,
2801 965 2923 1020 qua:
2949 954 3302 1022 consequitur
3323 955 3438 1026 jam
3470 955 3527 1010 in

1928 1038 2211 1108 praesenti,
2239 1046 2294 1094 et
2323 1038 2557 1109 amplius
2597 1039 2652 1094 in
2682 1039 2866 1096 futuro
2906 1042 3299 1109 hmreditatem,
3335 1045 3389 1100 id
3419 1055 3521 1114 est,

1927 1128 2098 1184 Deum
2139 1131 2230 1200 qui
2271 1130 2449 1201 pascit
2477 1139 2534 1186 et
2567 1139 2836 1187 sustentat
2872 1149 2991 1190 nos.
3023 1134 3124 1190 Hic
3162 1137 3333 1208 tangit
3356 1137 3528 1192 histo-

1929 1220 2069 1276 riam
2103 1220 2172 1278 de
2201 1221 2371 1278 libera
2393 1231 2448 1278 et
2469 1223 2685 1289 ancilla,
2716 1224 2924 1280 scilicet
2943 1226 3010 1282 de
3031 1226 3187 1294 Sara,
3212 1243 3332 1299 quae
3354 1231 3529 1286 luere-

1930 1306 2158 1361 ditatem
2187 1307 2422 1362 obtinuit
2469 1323 2592 1363 cum
2637 1309 2786 1363 filio:
2820 1318 2875 1365 et
2899 1310 3044 1381 Agar
3093 1329 3214 1383 qua:
3248 1330 3370 1369 cum
3413 1316 3526 1373 ﬁlio

1925 1400 2100 1471 ejecta
2128 1408 2210 1455 est
2238 1399 2404 1473 (Gen.
2435 1400 2578 1474 xvr).
2617 1401 2815 1458 Libera
2851 1420 3086 1475 namque
3123 1423 3319 1464 novam
3349 1409 3524 1481 legem

1925 1495 2234 1565 significat:
2268 1494 2411 1551 ﬁlius
2436 1511 2569 1551 vero
2599 1494 2716 1565 ejus
2761 1497 2933 1564 Isaac,
2964 1498 3223 1570 populum
3253 1500 3522 1558 Christia-

1924 1602 2054 1640 num
2109 1587 2375 1658 designat.
2421 1587 2633 1642 Ancilla
2676 1597 2917 1644 veterem
2962 1588 3174 1661 legem:
3233 1590 3378 1646 ﬁlius
3407 1591 3522 1661 ejus

1920 1679 2116 1736 lsmaet
2155 1680 2454 1737 inﬁdelium
2489 1696 2728 1752 gregem.
2760 1682 3010 1737 Psalmus
3051 1683 3173 1738 dico
3205 1683 3434 1740 tendens
3466 1685 3522 1740 in

1921 1769 2120 1836 ﬁnem,
2158 1771 2213 1826 id
2253 1780 2370 1839 est,
2427 1773 2666 1843 dirigens
2715 1789 3154 1844 unumquemque
3202 1774 3414 1830 ﬁdelem
3465 1776 3522 1830 in

1919 1865 2217 1920 Christum.
2243 1866 2466 1922 Materia
2497 1875 2582 1922 est
2610 1867 2870 1932 Ecclesia,
2908 1876 2964 1922 et
2991 1868 3104 1924 haec
3144 1868 3402 1938 loquitur.
3445 1869 3522 1925 De

219 1985 373 2040 omni
419 1983 687 2040 desiderio
739 1982 942 2038 carnali
993 1991 1208 2037 mortua
1241 1944 1344 2036 est.
1381 1980 1534 2038 Unde
1578 1944 1814 2038 Paulus:
1849 1944 1898 2008 Β
1926 1957 2028 2013 hac
2049 1965 2231 2013 autem
2259 1958 2340 2014 Sic
2383 1959 2533 2030 33“:
2565 1958 2836 2014 Describit
2873 1973 2993 2014 eam
3037 1969 3315 2031 Ρθίθυιθω
3345 1961 3519 2016 hmre’

235 2098 255 2129 ι
291 2077 398 2132 Ρει·
443 2092 600 2148 quem
628 2076 761 2131 mihi
793 2075 1030 2131 mundus
1067 2074 1378 2140 cruciﬁxus,
1412 2082 1467 2129 et
1497 2089 1596 2144 ego
1620 2075 1822 2129 mundo

221 2166 370 2239 (Gal.
401 2170 501 2238 vt).
527 2190 545 2222 ι
583 2169 794 2236 Quanto
841 2168 1016 2239 magis
1065 2178 1247 2222 autem
1280 2166 1445 2221 homo
1495 2181 1553 2221 se
1590 2167 1823 2222 retrahit

216 2277 250 2315 a
277 2262 558 2318 desideriis
588 2262 801 2328 carnis,
827 2267 978 2315 tanto
1009 2258 1224 2330 proﬁcit
1255 2258 1428 2328 magis
1461 2258 1515 2312 in
1559 2258 1823 2328 cognitio-

214 2369 339 2410 nem
370 2354 485 2409 Dei.
517 2353 621 2410 Per
649 2355 750 2409 hoc
777 2368 964 2408 sumus
991 2351 1127 2408 certi
1159 2351 1302 2421 quod
1323 2368 1343 2402 ‹
1371 2350 1640 2421 signatum
1655 2358 1762 2416 est,
1794 2370 1812 2403 ι

213 2457 270 2502 ει
291 2448 453 2504 etiam
474 2463 573 2518 per
600 2448 722 2514 hoc,
755 2447 881 2517 quia
906 2454 963 2500 tu
996 2463 1015 2496 ι
1047 2444 1273 2501 Domine
1303 2442 1500 2499 dedisti
1530 2443 1769 2497 laetitiam
1793 2463 1812 2496 ι

216 2544 284 2597 de
318 2541 408 2596 illo
459 2539 644 2595 futuro
692 2542 856 2605 bono,
905 2553 1006 2610 per
1045 2552 1235 2608 puram
1277 2536 1672 2592 conscientiam
1709 2555 1728 2587 ε
1761 2536 1818 2591 in

216 2633 386 2687 corde
433 2647 578 2698 meo,
611 2652 628 2683 ι
665 2631 720 2686 id
764 2639 849 2687 est
896 2630 1112 2685 diverso
1138 2645 1170 2684 a
1201 2629 1457 2685 cordibus
1503 2628 1813 2700 impiorum,

213 2726 283 2781 de
304 2724 501 2795 quibus
526 2725 762 2780 dicitur:
792 2744 810 2776 ι
842 2723 1026 2793 lmpiis
1053 2738 1163 2778 non
1195 2730 1280 2777 est
1299 2722 1534 2792 gaudere
1559 2721 1690 2777 dicit
1715 2721 1817 2776 Do-

212 2817 416 2873 minus.
439 2837 459 2870 ι
481 2817 579 2872 Vel
595 2816 782 2872 aliter:
807 2835 824 2867 ‹
845 2815 1053 2870 Lumen
1076 2815 1258 2870 vultus
1279 2815 1376 2882 tui,
1401 2835 1419 2864 ι
1442 2815 1496 2869 id
1514 2823 1598 2869 est
1619 2814 1816 2870 illumi-

211 2922 384 2964 nosus
414 2908 591 2965 vultus
626 2916 774 2973 tuus,
826 2907 1033 2963 scilicet
1087 2906 1352 2978 sapientia
1402 2914 1514 2971 tua,
1562 2921 1682 2975 quae
1731 2914 1813 2961 est

211 2997 341 3052 viva
376 2998 554 3070 imago
586 2999 750 3055 totius
785 3007 890 3055 tua:
935 2998 1232 3055 voluntatis
1269 3016 1282 3052 :
1315 2997 1444 3053 illud
1467 2998 1647 3053 lumen
1684 3016 1703 3049 ι
1735 3000 1811 3055 si-

209 3099 436 3160 gnatum
458 3101 543 3148 est
567 3106 726 3164 super
751 3108 871 3159 nos,
896 3113 914 3143 ι
945 3092 996 3147 id
1011 3099 1113 3159 est,
1133 3092 1187 3146 in
1210 3091 1390 3146 anima
1411 3099 1618 3158 nostra,
1633 3100 1693 3146 ut
1714 3107 1813 3162 per

213 3185 566 3254 sapientiam,
597 3186 648 3240 id
673 3196 779 3253 εει,
801 3202 900 3258 per
929 3186 1097 3241 ﬁlium
1138 3194 1287 3240 tuum
1335 3186 1723 3242 inhabitantem
1753 3186 1806 3242 in

209 3275 371 3330 nobis
411 3277 549 3332 ratio
588 3285 774 3333 nostra
817 3277 1120 3332 illuminata
1144 3317 1158 3342 ,
1204 3283 1382 3333 certos
1407 3292 1506 3332 nos
1531 3275 1698 3332 faciat
1742 3278 1809 3332 de
1835 3313 1882 3378 α

209 3377 421 3425 ίειεηιο
441 3370 585 3425 bono
613 3389 626 3424 :
651 3371 913 3441 quiaillud
942 3390 960 3422 ι
991 3371 1170 3426 lumen
1197 3381 1280 3426 est
1301 3385 1464 3442 super
1486 3386 1603 3438 nos,
1639 3393 1658 3423 ι
1687 3371 1808 3427 ideo

215 3480 238 3514 ι
278 3461 473 3518 dedisti
502 3463 747 3517 laetitiam
779 3463 837 3518 in
858 3463 1023 3518 corde
1053 3477 1194 3518 meo.
1234 3482 1252 3512 ι

294 3591 312 3624 ι
338 3571 398 3625 lu
420 3572 584 3625 corde
608 3585 731 3626 meo
759 3589 776 3621 ι
807 3579 890 3625 εει
913 3570 1128 3634 laetitia,
1160 3578 1216 3624 at
1240 3569 1314 3624 illi
1350 3589 1368 3621 ι
1398 3579 1522 3625 ειιηι
1554 3571 1805 3641 multipli-

215 3661 349 3726 cati,
372 3681 393 3714 ι
420 3660 475 3715 id
495 3669 580 3716 est
601 3659 970 3732 multipliciter
991 3661 1170 3727 divisi,
1187 3662 1483 3717 secundum
1511 3663 1809 3731 appetitum

213 3752 486 3809 bonorum
505 3753 878 3824 temporalium
906 3774 918 3808 :
950 3754 1129 3810 ethoc
1155 3763 1238 3810 est
1262 3773 1281 3806 ι
1309 3771 1339 3810 a
1357 3754 1534 3809 fructu
1555 3755 1809 3810 frumenti

210 3849 327 3903 vini
355 3857 409 3903 ct
429 3848 534 3903 olei
561 3849 665 3904 sui.
692 3868 711 3901 ι
735 3848 880 3915 «δαὶ,
906 3873 925 3901 ρ
953 3849 1085 3904 dicit
1106 3849 1173 3904 ad
1200 3848 1561 3905 differentiam
1590 3850 1760 3904 nostri
1791 3871 1804 3906 :

207 3940 547 3996 frumentum
595 3942 738 3997 enim
789 3951 1053 4006 nostrum,
1103 3950 1187 3996 est
1232 3943 1389 4011 panis
1436 3943 1528 4013 qui
1577 3943 1643 3997 de
1667 3943 1806 3998 caelo

207 4034 528 4089 descendit:
577 4035 762 4089 vinum
806 4042 1072 4099 nostrum,
1102 4034 1242 4089 calix
1291 4033 1600 4089 inebrians:
1628 4033 1804 4089 oleum

207 4134 482 4191 nostrum,
505 4127 674 4198 gratia
700 4127 872 4182 sancti
899 4125 1152 4198 Spiritus,
1177 4127 1242 4181 de
1262 4141 1370 4196 qua
1391 4125 1623 4180 dicitur:
1660 4145 1677 4176 ι
1703 4125 1806 4180 lm-

206 4216 485 4288 pinguasti
514 4219 568 4271 in
592 4217 709 4273 oleo
738 4226 901 4288 caput
927 4232 1105 4271 meum
1133 4215 1305 4290 (Psal.
1333 4218 1490 4290 χχιι).
1519 4238 1536 4269 ›
1569 4218 1804 4275 Fructus

205 4309 306 4364 hic
329 4308 624 4379 imprOprie
654 4309 870 4375 dicitur,
919 4310 1046 4380 quia
1074 4309 1223 4364 illum
1263 4310 1438 4366 solum
1467 4309 1701 4366 fructum
1723 4311 1804 4366 di-

206 4402 412 4469 cimus,
445 4417 552 4472 quo
581 4417 680 4472 per
703 4417 760 4458 se
789 4401 904 4457 solo
939 4400 1190 4456 fruimur.

283 4509 387 4579 Ipsi
418 4530 436 4560 ‹
457 4510 796 4582 multiplicati
813 4520 955 4576 sunt,
973 4512 1066 4567 sed
1089 4526 1190 4580 ego
1209 4529 1227 4562 ‹
1260 4512 1526 4567 dormiam
1551 4513 1605 4567 in
1624 4527 1756 4583 pace
1779 4534 1796 4566 ι

205 4602 267 4656 in
297 4601 398 4655 hac
423 4602 571 4657 vita:
606 4604 857 4658 tendente
885 4623 904 4654 ι
941 4604 996 4657 in
1020 4603 1270 4673 idipsum,
1307 4623 1324 4656 ι
1359 4603 1413 4658 id
1439 4611 1521 4658 est
1559 4604 1614 4658 in
1658 4604 1805 4660 idcu-

210 4695 458 4751 titatem:
507 4697 561 4752 id
606 4705 708 4761 εει,
738 4697 807 4752 ad
835 4711 1017 4752 veram
1064 4711 1275 4767 pacem,
1322 4697 1387 4751 de
1432 4710 1539 4766 qua
1565 4695 1798 4752 dicitur:

213 4809 231 4838 ι
263 4786 460 4842 Pacem
487 4803 663 4844 meam
692 4788 759 4843 do
778 4788 963 4843 vobis:
988 4807 1006 4840 ι
1027 4797 1081 4842 ει
1105 4787 1321 4843 tandem
1339 4787 1394 4842 in
1415 4786 1506 4842 illa
1523 4802 1647 4842 vera
1665 4802 1800 4856 pace

215 4901 233 4933 ι
272 4881 631 4951 requiescam.
654 4901 672 4933 ι
698 4880 1003 4937 ευοινιηὶεπι
1034 4899 1052 4931 ι
1076 4880 1206 4935 dicit
1229 4895 1326 4952 per
1348 4880 1524 4936 simile
1549 4901 1560 4934 :
1581 4881 1706 4950 quia
1734 4881 1803 4935 si-

209 4981 308 5030 cut
336 4974 612 5030 dormiens
632 4989 740 5030 non
768 4973 933 5030 sentit
957 4971 1136 5041 aliqua
1163 4972 1434 5028 exteriora
1453 5013 1468 5038 ,
1501 4973 1576 5027 ita
1605 4971 1800 5041 aliquis

212 5071 394 5127 ﬁdelis
411 5085 520 5127 non
549 5069 817 5127 excitatur
837 5084 868 5124 a
886 5067 1277 5138 tranquillitate
1308 5067 1504 5123 mentis
1521 5081 1619 5136 per
1638 5081 1798 5121 curas

211 5165 542 5222 mundanas.

295 5301 313 5334 ‹
350 5281 708 5351 Requiescam
741 5279 796 5334 in
826 5291 981 5348 pace,
1008 5275 1264 5346 quoniam
1298 5281 1378 5341 tu,
1411 5273 1656 5339 Domine,
1687 5273 1800 5347 sin;

215 5371 483 5446 gulariter
526 5371 582 5426 in
625 5384 720 5442 spe
750 5367 1078 5424 constituisti
1108 5380 1214 5431 me,
1247 5385 1266 5417 ι
1297 5364 1353 5420 id
1379 5371 1482 5429 est,
1515 5364 1570 5419 in
1614 5365 1800 5436 singu-

218 5464 324 5520 lari
351 5478 468 5534 spe,
499 5461 707 5518 scilicet
734 5459 918 5514 habita
943 5457 1011 5513 de
1039 5465 1092 5512 te
1144 5455 1282 5522 solo,
1334 5456 1462 5526 quia
1516 5455 1652 5512 nihil
1695 5455 1800 5511 nisi

218 5566 276 5612 te
300 5556 475 5611 solum
501 5552 766 5609 desidero.
814 5548 911 5604 Vel
957 5547 1322 5619 singulariter,
1354 5547 1410 5602 id
1455 5555 1559 5614 est,
1589 5547 1802 5603 diverso

219 5647 402 5712 modo,
433 5665 452 5698 ι
487 5661 518 5700 a
559 5641 944 5714 multiplicatis,
984 5661 1003 5692 ι
1056 5641 1108 5695 id
1136 5650 1219 5695 εει
1264 5639 1596 5697 amatoribus
1636 5648 1807 5695 terre-

220 5752 437 5796 norum.

884 5873 1096 5891 -υ

1925 2053 2172 2120 ditatem,
2203 2051 2436 2108 afﬁrmat
2464 2054 2814 2110 habituram:
2860 2055 3097 2110 ostendit
3147 2055 3394 2110 aemulam
3427 2070 3523 2110 ex-

1925 2146 2262 2212 cludendam,
2304 2149 2443 2218 petit
2500 2157 2555 2204 et
2605 2149 2828 2204 liberari
2875 2149 2945 2204 ab
2987 2149 3230 2204 aemula:
3280 2149 3520 2206 ostendit

1922 2240 2086 2296 etiam
2117 2241 2261 2309 quod
2307 2241 2519 2307 :emula,
2576 2241 2785 2297 scilicet
2812 2240 3030 2308 ancilla,
3082 2242 3426 2312 persequitur
3454 2242 3520 2296 li-

1921 2330 2129 2397 beram,
2170 2332 2390 2387 modum
2425 2347 2642 2402 quoque
2672 2332 3024 2387 beatitudinis
3063 2333 3235 2401 ponit.
3284 2332 3520 2388 Intentio

1921 2431 2024 2488 est,
2053 2424 2182 2478 dare
2206 2423 2366 2478 nobis
2397 2424 2783 2478 certitudinem
2811 2424 3004 2478 :eterni
3033 2423 3179 2488 boni,
3213 2434 3267 2478 et
3286 2439 3384 2494 per
3403 2424 3518 2480 haec

1921 2512 2102 2568 omnia
2137 2513 2206 2567 ad
2231 2513 2509 2569 Christum
2540 2529 2642 2568 nos
2669 2514 2948 2580 admonet,
2987 2520 3042 2568 et
3065 2529 3095 2568 a
3124 2514 3386 2583 petitione
3408 2515 3519 2570 hae-

1918 2605 2168 2660 reditatis
2215 2605 2295 2659 sic
2340 2603 2531 2673 incipit
2558 2623 2570 2658 :
2599 2623 2617 2654 ‹
2654 2605 2832 2659 Verba
2874 2619 3057 2672 mea,»
3093 2605 3147 2659 id
3192 2614 3276 2661 est
3299 2607 3519 2663 vocales

1918 2696 2193 2751 orationes
2226 2715 2244 2746 ι
2273 2695 2522 2766 percipe,
2561 2714 2580 2746 ›
2608 2695 2661 2750 id
2681 2704 2765 2751 est
2783 2695 2993 2764 comple
3015 2695 3158 2765 quod
3184 2705 3310 2766 pcto
3341 2716 3360 2748 ‹
3402 2699 3513 2754 Do-

1919 2788 2102 2842 mine:
2143 2807 2160 2839 ›
2189 2787 2334 2856 quod
2358 2786 2488 2842 dicit
2520 2806 2538 2837 ‹
2571 2786 2817 2854 auribus,
2849 2807 2868 2839 ι
2902 2801 3000 2857 per
3028 2785 3205 2842 simile
3227 2787 3466 2858 loquitur
3494 2807 3508 2845 :

1917 2894 2079 2935 aures
2099 2879 2245 2933 cnim
2269 2878 2325 2932 in
2348 2877 2460 2933 Deo
2486 2877 2619 2932 nihil
2640 2876 2783 2931 aliud
2803 2886 2885 2933 est
2903 2918 2918 2944 ,
2953 2893 3116 2948 quam
3147 2877 3433 2934 clementia
3459 2885 3518 2937 et

1915 2973 2175 3044 potentia.
2191 2973 2298 3027 Pcr
2319 2973 2614 3042 potentiam
2635 2972 2864 3042 perﬁcit,
2892 2987 2988 3042 per
3009 2972 3355 3028 clementiam
3371 2974 3514 3029 Deus

1916 3066 2086 3121 audit.
2129 3085 2147 3115 ι
2175 3064 2482 3119 Clamorem
2512 3079 2715 3130 meum,
2746 3085 2764 3115 ι
2795 3063 2851 3118 id
2883 3071 2986 3131 est,
3030 3062 3281 3120 affectum
3333 3065 3513 3123 cordis

1913 3158 2189 3230 intellige:
2229 3157 2370 3227 quod
2417 3156 2625 3211 clamor
2675 3157 2730 3210 in
2777 3156 2939 3211 corde
2991 3171 3112 3212 esse
3164 3156 3509 3231 intelligitur.

1911 3255 2205 3326 Apostolus
2231 3262 2459 3309 testatur
2486 3254 2704 3309 dicens:
2735 3274 2753 3305 ι
2788 3252 2933 3308 Misit
2956 3255 3097 3309 Deus
3123 3253 3376 3324 spiritum
3412 3252 3512 3307 ﬁlii

1911 3349 1996 3405 sui
2046 3348 2102 3403 in
2149 3347 2314 3402 corda
2358 3354 2540 3402 nostra
2591 3345 2902 3412 clamantia,
2947 3346 3085 3402 abba
3149 3345 3312 3401 Pater
3361 3341 3507 3416 (Gal.

1912 3439 2011 3512 IV).
2037 3459 2056 3491 ι
2090 3437 2158 3492 Ει
2183 3438 2310 3508 quia
2339 3446 2486 3508 peto,
2538 3452 2673 3492 voce
2709 3446 2765 3492 et
2797 3435 2992 3492 affectu
3027 3437 3270 3505 intende,
3313 3436 3368 3490 id
3393 3445 3510 3502 'est,

1913 3534 2179 3587 intentum
2209 3540 2261 3586 te
2283 3531 2482 3602 praebe,
2499 3530 2708 3586 scilicet
2730 3530 2902 3602 magis
2925 3530 3088 3585 solito
3109 3529 3328 3585 intende
3347 3547 3365 3580 ‹
3389 3529 3510 3583 voci

1912 3625 2176 3679 orationis
2198 3638 2330 3678 mea:
2349 3664 2364 3688 ,
2399 3642 2417 3674 ι
2447 3624 2501 3678 id
2535 3632 2619 3678 est
2643 3624 2762 3678 voci
2789 3622 3103 3692 procedenti
3131 3637 3199 3677 ex
3228 3621 3510 3678 affectione

1914 3715 2118 3771 cordis.
2149 3715 2275 3768 Ilaec
2302 3714 2444 3767 trina
2482 3713 2672 3784 petitio
2702 3714 2772 3768 ad
2801 3713 2945 3767 idem
2975 3712 3182 3777 tendit,
3221 3713 3430 3766 scilicet
3454 3720 3512 3766 ut

1913 3808 2056 3863 Deus
2077 3807 2223 3862 illam
2257 3806 2560 3862 orationem
2592 3805 2867 3860 exaudiat.
2893 3803 3259 3859 Sicuttrinam
3289 3805 3509 3874 petitio-

1911 3914 2037 3954 nem
2063 3897 2214 3965 facit,
2245 3899 2323 3952 ita
2345 3897 2413 3952 ad
2435 3897 2726 3953 exauditus
2751 3911 2869 3952 rem
2893 3893 3325 3968 [Exauditorem]
3359 3895 3514 3951 triuio

1911 4000 2077 4046 tatem
2094 3991 2266 4061 ponit,
2283 3990 2528 4061 percipe,
2548 3989 2806 4061 intellige,
2835 3987 3074 4043 intende.
3106 4007 3124 4039 ι
3146 3987 3260 4042 Rex
3285 4004 3460 4054 meus,
3483 4007 3504 4042 ι

1909 4081 1962 4137 id
1987 4089 2092 4148 est,
2109 4080 2351 4146 Christe,
2367 4081 2458 4150 qui
2482 4081 2605 4135 ideo
2627 4095 2724 4135 rex
2747 4079 2963 4144 diceris,
2983 4080 3109 4150 quia
3136 4081 3326 4136 tuosin
3344 4081 3507 4152 justi-

1911 4174 1985 4229 tia
2008 4173 2152 4245 regis
2183 4191 2200 4223 1
2225 4182 2279 4228 et
2302 4173 2443 4228 Deus
2474 4187 2650 4239 meus,
2678 4192 2695 4224 ι
2728 4173 2783 4226 id
2811 4181 2894 4228 est
2925 4181 3163 4238 creator,
3208 4181 3263 4229 et
3293 4175 3399 4230 hoc
3439 4175 3508 4230 ad

1906 4267 2124 4322 Patrem
2149 4266 2403 4321 refertur.
2459 4265 2584 4321 Ideo
2613 4274 2794 4320 autem
2826 4263 3078 4320 Christus
3119 4266 3328 4336 primus
3354 4268 3509 4337 poni-

1907 4372 2018 4430 tur,
2047 4363 2171 4433 quia
2202 4378 2266 4417 eo
2293 4361 2564 4417 mediante
2588 4360 2656 4416 ad
2675 4360 2895 4416 Patrem
2926 4359 3142 4414 venitur
3172 4381 3190 4412 ε
3219 4370 3274 4416 ει
3293 4371 3372 4428 tu,
3404 4362 3507 4418 Do—

1907 4456 2052 4510 mine
2076 4475 2093 4506 »
2121 4454 2330 4510 scilicet
2351 4453 2575 4523 spiritus
2604 4460 2844 4517 sanctus,
2877 4469 2895 4501 ‹
2931 4451 3170 4521 percipe,
3211 4471 3230 4504 ι
3255 4461 3360 4507 etc.

1983 4566 2001 4598 ι
2033 4546 2301 4615 Quoniam
2330 4545 2500 4599 orabo
2526 4544 2595 4599 ad
2618 4553 2692 4609 te,
2722 4543 2969 4598 Domine.
3005 4563 3024 4596 ι
3065 4542 3192 4599 Haec
3232 4551 3315 4599 est
3343 4558 3504 4600 causa

1828 4624 2077 4737 D'quare
2107 4638 2300 4694 debeat
2325 4635 2629 4701 intendere,
2658 4635 2785 4704 quia
2806 4643 3122 4705 perseverat
3154 4635 3211 4689 in
3235 4637 3500 4701 oratione,

1906 4729 2049 4800 quod
2072 4736 2156 4784 est
2182 4747 2200 4780 ι
2229 4725 2415 4783 orabo.
2449 4746 2468 4778 ›
2500 4726 2698 4781 Tribus
2725 4726 2976 4795 personis
2997 4725 3214 4796 positis,
3239 4741 3347 4782 non
3374 4727 3508 4784 dicit

1906 4820 2187 4886 intendite,
2219 4818 2310 4875 sed
2338 4817 2578 4883 intende,
2609 4817 2736 4887 quia
2762 4826 2952 4872 sancta
2978 4815 3221 4872 Ecclesia
3241 4817 3504 4872 unitatem

1906 4912 2157 4983 intelligit
2200 4911 2255 4965 in
2287 4909 2549 4965 trinitate.
2581 4925 2599 4960 ι
2627 4907 2800 4963 Mane.
2832 4929 2851 4960 ›
2883 4907 2999 4979 Ego
3033 4908 3113 4964 sic
3153 4907 3421 4975 clamabo,
3451 4917 3506 4965 et

1908 5014 1963 5061 tu
1981 5026 2000 5059 ι
2019 5004 2279 5061 exaudies
2302 5017 2492 5058 vocem
2513 5015 2712 5066 meam,
2745 5020 2764 5054 ι
2784 5009 2840 5057 ει
2861 5000 3180 5058 interiorem
3201 5010 3256 5055 et
3268 5001 3507 5057 exterio-

1907 5111 2023 5153 rem
2047 5115 2060 5151 :
2091 5113 2109 5146 ‹
2129 5108 2307 5160 mane,
2335 5113 2352 5145 ι
2372 5094 2426 5148 id
2445 5099 2549 5157 est,
2564 5092 2619 5146 in
2641 5089 2910 5162 principio
2931 5105 3068 5145 mea?
3087 5090 3460 5146 conversionis
3483 5107 3501 5146 :

1914 5190 2040 5245 dum
2069 5187 2216 5243 enim
2245 5187 2408 5241 homo
2438 5185 2492 5239 in
2539 5181 2778 5254 peccatis
2820 5189 2922 5246 est,
2956 5182 3009 5236 in
3037 5190 3198 5237 nocte
3241 5189 3346 5247 est,
3379 5195 3499 5236 cum

1911 5295 2044 5338 vero
2072 5296 2103 5334 a
2131 5278 2367 5349 peccatis
2389 5275 2580 5347 surgit,
2630 5275 2686 5329 in
2731 5287 2893 5328 mane
2921 5282 3020 5338 est,
3069 5271 3122 5327 id
3160 5274 3319 5329 estin
3346 5273 3500 5342 prin-

1913 5375 2054 5445 cipio
2078 5372 2216 5428 lucis
2237 5383 2338 5428 est.
2369 5370 2523 5426 Mane
2550 5385 2581 5424 a
2611 5381 2788 5440 gmco
2837 5377 3111 5437 sumptum
3155 5376 3258 5430 est,
3286 5375 3340 5419 et
3364 5365 3499 5420 nihil

1912 5465 2056 5521 aliud
2083 5473 2259 5530 sonat,
2292 5463 2398 5518 nisi
2417 5462 2508 5517 lux
2536 5480 2549 5515 :
2585 5461 2726 5515 unde
2750 5459 2952 5516 dicitur
2973 5459 3295 5528 septimana,
3319 5455 3370 5509 id
3392 5463 3497 5522 est,

1911 5566 2120 5629 septem
2145 5556 2330 5611 luces:
2355 5563 2410 5608 et
2431 5568 2531 5624 per
2549 5552 2654 5608 hoc
2677 5551 2822 5622 quod
2841 5550 2972 5605 dicit
2999 5568 3019 5600 ι
3052 5562 3234 5612 mane,
3267 5567 3286 5600 ι
3315 5546 3367 5602 id
3389 5557 3495 5617 est,

1912 5651 1967 5705 in
2009 5647 2275 5719 principio
2317 5644 2689 5702 conversionis
2716 5641 2986 5706 exaudiri,
3035 5646 3187 5694 notat
3234 5640 3496 5710 propitia-

1912 5741 2117 5797 tionem
2160 5737 2512 5794 exauditoris.
2561 5735 2630 5790 Et
2676 5735 2798 5790 ideo
2833 5731 3093 5788 exaudies
3131 5732 3257 5804 quia
3283 5751 3301 5783 ι
3337 5748 3499 5789 mane

1911 5833 2099 5890 astabo
2143 5831 2308 5898 tibi,»
2355 5831 2410 5886 id
2458 5837 2562 5893 est,
2613 5827 2741 5882 talia
2787 5841 2954 5897 opera
2984 5825 3201 5894 faciam,
3233 5842 3332 5898 per
3375 5842 3498 5897 qua:

1912 5928 2013 5984 sim
2034 5927 2228 5999 dignus
2256 5931 2401 5982 stare
2433 5925 2487 5979 in
2511 5928 2804 5992 conspectu
2835 5929 2947 5988 tuo,
2979 5941 2997 5974 ι
3027 5930 3081 5979 ει
3111 5921 3304 5976 videbo
3343 5940 3361 5972 ι
3391 5919 3496 5974 sei-
