3984 6462
485 497 582 554 ΞΗ

948 499 1302 557 HAYMONIS
1340 498 1815 557 llALBERSTAT.
1861 501 2073 559 EPISC.
2102 502 2269 589 IOPP.
2308 503 2508 561 PARS.
2545 504 2585 559 ι.
2609 533 2680 546 --
2716 501 3068 560 COMMENT.
3108 500 3279 557 BIBL.

3639 501 3753 558 212

484 614 613 668 licet
640 615 809 670 Deum
836 634 848 670 :
890 618 1126 672 ostendit
1176 615 1319 685 quod
1350 613 1472 701 talis
1507 616 1691 673 videat
1715 616 1885 675 Deum
1911 637 1923 672 :
1959 632 2056 689 po—
2082 620 2133 682 Α
2229 617 2305 673 Ex
2328 634 2436 689 quo
2458 618 2612 685 dixit,
2635 639 2653 670 ι
2674 634 2783 673 non
2808 617 2949 672 Deus
2971 615 3155 671 volens
3178 614 3515 687 iniquitatem
3541 622 3595 669 tu
3613 631 3694 681 es,
3722 634 3745 668 ι

484 706 662 761 nendo
684 708 1011 777 oppositum,
1050 708 1127 762 sic
1167 706 1352 785 dicens
1388 725 1405 757 ι
1445 708 1568 776 quia
1605 716 1661 763 tu
1685 723 1746 763 es
1772 708 1934 774 Deus,
1959 729 1977 762 ι
2012 715 2067 764 ει
2168 709 2374 767 notavit
2395 710 2759 765 cxclusionem
2786 708 3021 773 aemulte,
3048 706 3240 762 dehinc
3267 706 3473 765 notabit
3506 722 3564 762 se
3594 705 3759 763 habia

484 796 607 853 ideo
638 816 657 849 ι
686 815 793 854 non
828 799 1013 854 volens
1044 799 1403 871 iniquitatem.
1440 820 1458 851 ι
1500 800 1579 855 lta
1606 823 1622 851 ι
1657 803 1845 858 astabo
1891 813 1946 859 et
1987 802 2067 857 vi-

2170 808 2344 855 turam
2378 802 2768 856 barreditatem.
2799 800 2891 855 lsti
2926 800 3280 859 excludantur
3311 818 3330 851 ι
3357 815 3457 872 ego
3491 809 3697 865 autem,
3720 821 3744 854 ι

480 887 644 955 debo,
680 908 698 940 ι
734 889 836 944 hoc
862 889 1086 955 scilicet,
1115 909 1134 941 ι
1163 891 1417 960 quoniam
1450 898 1505 946 tu
1528 907 1586 945 es
1615 890 1776 959 Deus,
1803 913 1821 945 ι
1857 902 1964 948 etc.
1998 892 2066 947 Et
2164 891 2217 946 id
2250 900 2350 956 est,
2375 891 2615 948 Ecclesia
2646 910 2665 944 ι
2687 890 2917 948 introibo
2941 892 2992 945 in
3016 892 3230 947 domum
3260 900 3428 957 tuam,
3453 911 3469 943 ι
3492 892 3545 946 id
3564 891 3750 954 est,in

477 979 607 1053 quia
636 995 739 1034 non
763 981 845 1036 vis
876 982 1287 1052 «iniquitatem,
1303 1003 1320 1035 ι
1341 982 1461 1036 ideo
1490 1001 1511 1034 ι
1530 984 1796 1053 malignus
1816 1006 1833 1037 ι
1855 984 2063 1043 scilicet

477 1046 571 1123 ille
596 1072 687 1140 qui
709 1046 1115 1129 malevolus‘est
1134 1046 1608 1147 erga-proximum,
1628 1096 1646 1126 ι
1662 1046 1775 1131 non
1799 1077 2063 1135 habitabit

471 1160 627 1231 juxta
657 1175 709 1217 te
736 1183 747 1217 :
772 1185 790 1215 ι
814 1164 944 1219 licet
960 1165 1103 1220 enim
1125 1166 1325 1236 ubique
1348 1167 1419 1222 sit
1442 1168 1599 1233 Deus,
1618 1183 1721 1222 non
1746 1178 1922 1225 tamen
1949 1186 2058 1225 ma-

495 1252 651 1329 ignus
671 1256 870 1310 dicitur
893 1272 1011 1312 esse
1035 1258 1187 1329 juxta
1216 1274 1358 1313 eum.
1378 1257 1537 1314 Juxta
1563 1258 1730 1314 Deum
1752 1261 1895 1316 enim
1915 1278 2053 1335 esse,

474 1351 555 1399 est
586 1346 741 1399 bonis
769 1345 937 1419 ipsius
979 1347 1181 1421 perfrui
1210 1368 1222 1403 :
1252 1348 1408 1421 longe
1440 1365 1567 1405 vero
1610 1365 1753 1416 esse,
1788 1367 1895 1407 non
1927 1352 2051 1415 frui.

479 1453 499 1486 ι
527 1435 711 1507 Neque
748 1439 956 1509 injusti,
981 1459 997 1489 ι
1019 1439 1098 1513 ,ἰιι
1124 1449 1207 1495 εει
1239 1442 1523 1497 actualitcr
1550 1453 1838 1513 peccantes
1874 1467 1893 1497 ι
1926 1462 2051 1517 per-

475 1526 773 1582 manebunt
816 1538 941 1583 ante
973 1532 1158 1587 oculos
1194 1540 1311 1589 tuos
1341 1555 1357 1585 »
1388 1534 1512 1607 quia
1544 1535 1670 1590 licet
1709 1538 1884 1592 omnis
1924 1555 2051 1596 caro

474 1616 654 1671 videat
685 1617 851 1673 Deum
879 1620 931 1676 in
956 1619 1194 1693 judicio,
1221 1634 1399 1678 tamen
1451 1642 1555 1680 non
1599 1643 1806 1693 omnes,
1836 1629 1928 1685 sed
1950 1630 2055 1691 soli

466 1705 600 1780 justi
626 1713 1043 1783 permanebunt,
1067 1713 1119 1767 in
1148 1717 1601 1787 contemplatione
1632 1717 1746 1775 Dei.

549 1823 568 1855 ι
612 1804 877 1873 Quoniam
902 1809 1070 1864 orabo
1103 1809 1175 1863 ad
1205 1818 1259 1863 te
1300 1830 1318 1863 ι
1356 1812 1527 1867 εοΙιιιιι
1563 1813 1888 1868 habendum.
1930 1813 2048 1870 Non

476 1912 495 1944 ι
514 1898 927 1969 permanebunt,
952 1919 973 1952 ι
992 1900 1115 1971 quia
1142 1911 1195 1957 tu
1218 1921 1237 1953 ι
1259 1901 1420 1957 odisti
1443 1918 1631 1958 omnes
1649 1903 2047 1977 quioperantur

472 1988 832 2059 iniquitatem.
858 2014 876 2045 ι
908 1993 1012 2047 Per
1046 1994 1149 2050 hoc
1178 1996 1320 2065 quod
1344 1995 1496 2060 dicit,
1526 2015 1544 2047 ι
1567 1997 1655 2067 qui
1686 2008 1999 2068 operantur,
2024 2019 2041 2054 ι

468 2088 523 2137 et
544 2096 646 2135 non
669 2083 873 2153 operati
900 2094 1045 2150 sunt,
1064 2086 1300 2141 ostendit
1323 2101 1416 2143 eos
1442 2088 1533 2158 qui
1562 2099 1924 2161 peccaverunt
1941 2107 2046 2145 non

467 2188 587 2229 esse
618 2176 975 2241 damnandos,
1018 2178 1121 2235 nisi
1156 2194 1248 2233 eos
1279 2179 1369 2249 qui
1400 2180 1453 2233 in
1484 2180 1759 2235 voluntate
1787 2192 2047 2254 peccante

466 2268 880 2338 permanebmit.
912 2289 929 2321 ι
959 2268 1157 2327 Perdes
1180 2287 1368 2329 omnes
1391 2273 1481 2343 qui
1508 2273 1802 2344 loquuntur
1826 2276 2047 2331 menda-

466 2361 632 2425 cium,
655 2383 673 2415 ι
695 2362 900 2419 scilicet
917 2365 1006 2435 qui
1029 2375 1377 2436 perseverant
1401 2367 1457 2421 in
1474 2367 1777 2423 mendacio.
1800 2388 1816 2419 ι
1845 2367 2046 2423 Perdes

467 2466 654 2507 omnes
693 2455 785 2523 qui
818 2453 1112 2526 loquuntur
1139 2457 1476 2511 mendacium
1506 2477 1523 2509 ι
1560 2438 1686 2527 quia
1714 2458 1816 2513 hoc
1845 2468 1928 2513 est
1957 2474 2047 2512 ve-

467 2544 612 2599 ritati
646 2548 1003 2601 contrarium.
1033 2546 1248 2603 Veritas
1279 2557 1364 2603 est
1392 2549 1458 2603 de
1490 2564 1555 2603 co
1586 2549 1869 2618 quodest:
1899 2564 2045 2603 men-

465 2637 676 2694 dacium
723 2655 830 2696 non
866 2649 952 2695 cst
999 2642 1301 2696 substantia
1354 2641 1437 2697 vel
1480 2652 1694 2708 natura,
1741 2643 1830 2697 sed
1879 2644 1943 2698 de
1982 2658 2046 2699 eo

465 2730 609 2799 quod
642 2745 749 2786 non
774 2743 858 2787 εει
891 2750 903 2786 :
936 2741 992 2789 et
1017 2734 1209 2789 merito
1242 2735 1486 2805 perditur
1508 2736 1599 2805 qui
1628 2735 1859 2790 declinat
1892 2736 2045 2793 abeo

463 2820 607 2892 quod
642 2829 724 2874 est
768 2822 836 2876 ad
885 2822 938 2876 id
986 2825 1127 2895 quod
1174 2841 1281 2879 non
1308 2832 1409 2881 est.
1463 2824 1707 2892 Meutiri,
1736 2836 1817 2882 est
1852 2838 2044 2885 contra

464 2909 568 2964 hoc
590 2910 734 2981 quod
761 2914 883 2985 quis
912 2914 1093 2969 animo
1123 2917 1287 2971 sentit
1308 2916 1473 2987 loqui.
1499 2917 1833 2988 Augustinus
1860 2938 1871 2972 :
1908 2909 2045 2974 Sunt

463 3001 744 3055 mendacia
784 3004 1029 3073 quzedam
1077 3021 1177 3077 pro
1204 3007 1375 3061 salute
1407 3008 1488 3061 vel
1514 3024 1613 3080 pro
1641 3010 1922 3065 commodo
1947 3009 2045 3063 ali-

464 3090 616 3161 cujus
648 3110 754 3149 non
786 3094 1012 3160 malitia,
1066 3097 1162 3152 sed
1209 3098 1574 3169 benignitate:
1619 3113 1677 3155 ut
1724 3101 2044 3157 obstetrices

461 3196 582 3252 quae
609 3183 863 3241 dixerunt
896 3201 992 3257 pro
1017 3184 1140 3243 ﬁliis
1161 3185 1507 3245 Hebraeorum
1539 3190 1731 3247 falsum
1753 3192 2039 3248 Pharaoni.

461 3272 588 3330 ﬂare
610 3287 790 3331 autem
822 3277 1101 3332 mendacia
1132 3294 1238 3333 non
1273 3296 1352 3346 re,
1377 3282 1467 3336 sed
1492 3282 1543 3336 in
1571 3284 1693 3337 dolo
1723 3283 2036 3341 laudantur:

460 3370 584 3437 quia
622 3372 711 3441 qui
745 3371 824 3426 sic
872 3374 1228 3439 mentiuntur,
1262 3375 1615 3430 merebuntur
1657 3375 1948 3447 aliquando
1972 3378 2040 3433 ab
2069 3346 2121 3411 ο

446 3462 605 3516 -omni
630 3464 912 3519 memlacio
938 3464 1176 3521 liberari.
1204 3466 1297 3521 Est
1328 3468 1489 3522 etiam
1536 3468 1873 3524 mendacium
1893 3469 2037 3541 joco,

459 3559 601 3628 quod
654 3575 760 3615 non
797 3559 970 3617 fallit:
1023 3563 1123 3616 scit
1171 3563 1314 3617 enim
1361 3563 1448 3617 cui
1494 3562 1710 3629 dicitur,
1743 3581 1904 3618 causa
1930 3564 2039 3636 joei

458 3651 818 3709 dicifethazc
847 3655 953 3710 duo
983 3671 1183 3728 genera
1230 3672 1336 3711 non
1370 3664 1494 3712 sunt
1542 3657 1658 3712 sine
1702 3657 1875 3729 culpa,
1923 3659 2035 3724 sed,

457 3759 561 3800 nou
585 3761 706 3800 cum
739 3763 954 3825 magna.
980 3746 1244 3807 Perl‘ectis
1269 3758 1449 3805 autem
1473 3767 1578 3805 non
1606 3751 1856 3806 convenit
1886 3767 2038 3807 meu—

459 3837 568 3903 tiri,
594 3854 692 3895 nec
723 3855 820 3910 pro
851 3840 1129 3911 temporali
1158 3842 1285 3908 vita,
1336 3841 1489 3912 cujus
1529 3852 1702 3897 morte
1734 3858 1829 3897 sua
1857 3842 1940 3897 vel
1964 3842 2039 3895 al-

460 3930 627 3986 terius
652 3947 759 3985 non
780 3933 1047 3987 occiditur
1074 3934 1292 3988 anima:
1340 3934 1465 3989 licet
1505 3944 1687 3989 autem
1728 3951 1807 3990 eis
1841 3934 1885 3989 si
1930 3950 2035 3989 non

456 4022 650 4078 falsum
678 4023 879 4087 dicere,
913 4040 1099 4079 verum
1158 4032 1371 4081 tacere:
1403 4034 1459 4080 ut
1504 4026 1546 4080 si
1597 4028 1717 4096 quis
1762 4025 2038 4082 hominem

456 4133 562 4172 non
600 4117 713 4171 vult
743 4116 810 4172 ad
833 4126 1062 4174 mortem
1090 4119 1334 4190 perdere,
1360 4135 1546 4174 verum
1574 4128 1765 4183 taceat,
1801 4120 1894 4174 sed
1930 4135 2038 4175 non

456 4209 649 4265 falsum
675 4210 838 4276 dicat,
862 4225 961 4265 nec
985 4228 1083 4285 pro
1110 4228 1334 4285 corpore
1361 4213 1582 4268 alterius
1620 4214 1855 4268 animam
1884 4229 2038 4269 suam

453 4303 689 4366 occidat,
722 4318 826 4356 non
872 4313 953 4357 est
1004 4304 1157 4374 culpa
1206 4322 1391 4363 verum
1424 4314 1621 4370 tacere,
1654 4314 1711 4359 ut
1737 4305 2032 4361 Dominus:

458 4413 478 4448 ι
511 4394 673 4450 Multa
702 4395 873 4451 habeo
897 4396 1049 4451 vobis
1076 4397 1256 4453 dicere
1286 4397 1469 4468 (Joan.
1491 4397 1624 4468 xvi).
1651 4418 1668 4448 ›
1694 4398 1826 4452 lllud
1854 4409 2033 4453 autem

454 4489 544 4545 ubi
573 4505 682 4549 non
727 4499 809 4547 est
839 4491 1031 4562 duplex
1060 4507 1176 4557 cor,
1205 4508 1310 4547 non
1340 4492 1499 4546 debet
1529 4491 1632 4546 dici
1670 4490 2032 4555 mendacium,

454 4584 577 4638 utsi
618 4582 737 4655 quis
779 4582 1085 4639 commodet
1133 4584 1389 4655 gladium,
1427 4592 1482 4638 et
1521 4584 1804 4655 promittat
1836 4599 1895 4638 se
1940 4598 2034 4653 po-

453 4681 623 4735 scenti
656 4680 989 4739 redditurum
1019 4700 1035 4737 :
1065 4681 1109 4737 si
1139 4678 1325 4737 furens
1363 4678 1557 4750 poscit,
1585 4693 1691 4734 non
1719 4679 1887 4733 debeo
1909 4682 2030 4733 red-
2057 4719 2111 4777 Β

452 4774 605 4838 dere,
639 4782 699 4827 ιιι
739 4787 797 4829 se
830 4772 914 4829 vel
948 4772 1114 4833 alium
1143 4772 1373 4831 occidat.
1415 4770 1542 4827 ideo
1578 4771 1667 4825 hic
1698 4787 1801 4825 non
1824 4783 1907 4825 est
1933 4770 2029 4827 du-

450 4866 575 4935 plex
600 4880 731 4921 eor:
777 4865 905 4939 quia
951 4879 1081 4921 cunt
1122 4861 1346 4933 promisi
1396 4861 1620 4916 reddere
1663 4878 1767 4915 non
1802 4862 2027 4933 cognovi

454 4959 721 5017 furentem
757 4963 945 5028 postea
984 4954 1360 5031 repetiturum.
1388 4952 1484 5009 Vel
1526 4952 1853 5027 accipiamus
1880 4969 2029 5008 men-

451 5051 667 5107 dacium
714 5050 781 5105 de
828 5047 1044 5111 haeresi.
1102 5054 1163 5101 ut
1209 5055 1295 5103 est
1344 5059 1540 5115 negare
1590 5043 1863 5100 Christum
1909 5062 2028 5101 esse

447 5140 640 5207 Deum,
670 5156 871 5211 negare
906 5148 1119 5213 partum
1166 5138 1425 5211 virginis:
1476 5147 1531 5197 et
1574 5155 1671 5213 pro
1725 5139 2027 5211 hujusmodi

450 5232 753 5291 ittendaciis
773 5242 1035 5303 aggravat
1062 5231 1270 5295 dicens,
1299 5250 1317 5283 ι
1357 5233 1569 5299 perdes.
1609 5252 1625 5282 ›

521 5324 676 5395 Quod
705 5324 844 5379 dixit
874 5342 894 5375 ι
930 5322 1094 5378 odisti
1117 5331 1404 5391 operantes
1431 5323 1767 5393 iniquitatem
1799 5345 1816 5376 ι
1854 5334 2032 5380 osten-

450 5418 526 5472 dit
549 5432 645 5487 per
666 5424 869 5488 partes,
887 5415 1075 5471 dicens
1095 5431 1108 5466 :
1128 5413 1267 5469 Vere
1294 5433 1312 5463 ι
1343 5414 1809 5483 odislioperantes
1834 5417 2031 5487 iniqui-

452 5517 639 5573 tatem,
663 5528 680 5559 ›
700 5506 825 5578 quia
845 5525 863 5557 ι
891 5507 1068 5560 virum
1098 5511 1439 5579 sanguinum,
1465 5529 1481 5559 ι
1502 5508 1555 5564 id
1575 5519 1678 5574 est,
1698 5510 2025 5565 homicidam

453 5618 475 5654 ι
504 5609 561 5655 et
584 5600 854 5663 dolosam,
873 5617 890 5648 ι
931 5597 982 5651 id
1010 5606 1095 5652 est
1132 5600 1223 5668 qui
1254 5597 1375 5654 dolo
1401 5600 1669 5655 viventem
1698 5601 1897 5654 occidit
1925 5602 2027 5655 sci-

448 5693 576 5750 licet
624 5692 709 5749 vel
752 5692 890 5748 mala
936 5694 1308 5765 persuasione,
1356 5694 1439 5749 vel
1495 5711 1713 5755 suorum
1763 5696 2025 5752 bonorum

449 5784 743 5853 ablatione,
791 5802 810 5835 ι
841 5783 1299 5848 abominabitur,»
1336 5785 1387 5839 id
1437 5794 1536 5850 est,
1585 5786 1652 5839 ab
1692 5786 1836 5841 omni
1887 5786 2025 5842 bono

449 5874 630 5931 omine
658 5884 935 5931 removet;
969 5874 1054 5929 vel
1080 5895 1097 5926 ι
1128 5875 1547 5938 abominabitur,
1580 5895 1597 5927 ι
1635 5876 1687 5931 id
1715 5885 1816 5942 est,
1844 5892 1872 5930 a
1899 5893 2025 5931 cou-

449 5970 619 6033 surtio
640 5969 982 6028 rationalium
1012 5968 1310 6026 removebit
1334 5968 1605 6025 Dominus.
1936 5976 1945 5983 ‘

2165 984 2439 1040 caelestem
2459 985 2622 1040 Hicru
2641 985 2937 1042 salem.Per
2956 986 3060 1043 hoc
3085 986 3227 1057 quod
3254 985 3382 1043 dicit
3410 1006 3427 1036 ι
3450 988 3693 1051 domum,
3718 1005 3743 1039 ι

2161 1087 2314 1133 notat
2342 1078 2587 1134 stabilem
2617 1079 2969 1137 mansionem.
3004 1098 3021 1129 ι
3050 1078 3307 1142 lntroibo,
3341 1099 3357 1130 ι
3386 1089 3440 1132 ει
3487 1080 3591 1133 hoc
3633 1096 3748 1135 non

2161 1171 2452 1224 secundum
2482 1171 2674 1224 merita
2724 1186 2864 1233 mea,
2898 1170 2992 1224 sed
3014 1190 3031 1220 ι
3068 1171 3120 1223 in
3154 1170 3495 1225 multitudine
3524 1172 3743 1226 miseri-

2161 1261 2358 1315 cordiae
2380 1269 2505 1325 ιιιιε,
2538 1281 2555 1333 ρ
2590 1261 2641 1314 id
2663 1270 2761 1322 est,
2791 1261 3084 1315 secundum
3109 1261 3503 1316 multitudinem
3528 1263 3750 1316 miscri-

2158 1354 2354 1409 eordia:
2378 1362 2482 1408 tu:e
2509 1372 2526 1403 ‹
2557 1363 2609 1407 ει
2629 1354 2863 1409 adorabo
2886 1354 3247 1424 adtemplum,
3273 1374 3291 1405 ι
3318 1353 3373 1407 id
3393 1364 3475 1409 est
3497 1356 3566 1408 ad
3587 1354 3747 1409 Chri-

2156 1454 2320 1511 stum,
2350 1460 2447 1517 per
2477 1458 2635 1515 Quem
2666 1447 2899 1501 intratur
2948 1448 3000 1500 in
3051 1446 3267 1501 domum
3299 1447 3575 1503 cmlestem
3602 1467 3614 1501 :
3649 1449 3753 1518 qui

2155 1537 2275 1591 ideo
2303 1537 2559 1606 templum
2592 1538 2809 1602 dicitur,
2841 1538 2964 1607 quia
3004 1537 3055 1591 in
3087 1552 3152 1591 eo
3182 1538 3389 1592 habitat
3420 1540 3599 1594 omnis
3628 1539 3752 1609 ple-

2154 1632 2341 1686 nitudo
2383 1632 2678 1688 divinitatis
2723 1631 3095 1701 corporaliter,
3146 1632 3211 1686 de
3254 1646 3361 1700 quo
3414 1632 3528 1701 ipse
3572 1632 3745 1685 dicit:

2154 1722 2356 1779 Solvite
2392 1722 2649 1791 templum
2685 1722 2807 1787 hoc,
2833 1742 2851 1772 ι
2878 1730 3143 1785 sanctum,
3168 1740 3185 1770 ι
3222 1720 3273 1775 id
3303 1729 3408 1786 est,
3443 1737 3510 1776 ex
3539 1737 3750 1776 conce-

2150 1814 2331 1885 ptione
2356 1812 2767 1875 sanctificatum,
2799 1832 2817 1863 ι
2847 1822 3020 1877 tuum,
3043 1832 3061 1863 ι
3096 1812 3147 1867 id
3169 1821 3272 1877 est,
3310 1828 3340 1866 a
3373 1820 3425 1867 te
3470 1829 3485 1866 :
3537 1831 3558 1863 ι
3606 1814 3749 1868 ado-

2152 1906 2285 1960 rabo
2313 1924 2329 1955 ι
2358 1904 2479 1958 dico
2508 1924 2525 1953 (
2557 1904 2609 1957 in
2643 1904 2838 1959 timore
2892 1912 3001 1965 tuo,
3033 1923 3050 1955 ι
3107 1904 3157 1957 id
3180 1914 3287 1967 est,
3318 1903 3371 1956 in
3392 1903 3746 1957 convenienti

2078 1978 2125 2038 Β
2154 1996 2268 2061 tibi,
2288 1992 2506 2050 ~sciiicet
2532 2010 2637 2049 non
2668 1994 2873 2062 servili,
2904 1994 2998 2049 sed
3031 1992 3199 2048 liliali.

2220 2086 2286 2141 Et
2310 2096 2367 2140 ιιι
2390 2087 2589 2156 possim
2620 2087 2874 2150 introire,
2903 2095 2963 2140 tu
2993 2104 3011 2137 ι
3044 2085 3271 2140 Domine
3290 2086 3467 2141 deduc
3496 2102 3602 2151 me,
3627 2106 3651 2139 ι
3690 2086 3746 2141 id

2146 2182 2252 2241 est,
2290 2174 2342 2228 in
2367 2174 2623 2245 praesenti
2648 2174 2722 2230 sis
2763 2175 2891 2229 mihi
2920 2175 3048 2229 dux.
3079 2174 3256 2229 dando
3278 2175 3420 2230 vires
3445 2192 3465 2226 ι
3496 2176 3550 2229 in
3565 2174 3747 2242 justi-

2148 2269 2218 2323 tia
2248 2277 2358 2332 tua,
2396 2288 2416 2319 ι
2452 2267 2503 2320 id
2536 2276 2642 2333 est,
2674 2283 2780 2322 non
2808 2276 2935 2338 peto
2954 2282 3021 2321 ex
3064 2267 3176 2322 sola
3212 2266 3606 2331 misericordia,
3638 2270 3741 2322 sed

2141 2356 2353 2429 justitia
2383 2366 2471 2411 tua
2499 2357 2600 2411 hoc
2639 2357 2826 2426 exigit,
2854 2368 2911 2410 at
2944 2356 3086 2411 sicut
3124 2357 3352 2411 damnas
3396 2358 3612 2427 impios,
3663 2360 3743 2412 ita

2148 2462 2462 2503 remuneres
2482 2447 2659 2515 justus
2685 2466 2699 2501 :
2728 2465 2751 2498 ι
2783 2447 2956 2502 deduc
2990 2466 3008 2497 ι
3040 2447 3209 2501 dicet
3232 2453 3456 2517 propter
3484 2448 3747 2503 inimicos

2147 2556 2297 2595 meos
2320 2564 2333 2585 ι
2353 2542 2445 2610 qui
2472 2540 2764 2595 mevolunt
2784 2539 3076 2610 impedire:
3095 2548 3149 2593 et
3167 2539 3221 2592 in
3245 2537 3428 2593 futuro
3454 2558 3473 2589 ι
3493 2539 3690 2611 dirige,
3714 2560 3738 2592 ι

2148 2632 2482 2688 ostendendo
2519 2632 2793 2701 quomodo
2840 2645 3063 2685 caveam
3112 2630 3181 2683 ab
3231 2629 3488 2692 inimicis,
3534 2649 3554 2681 ι
3591 2632 3740 2684 viam

2147 2740 2345 2787 meam,
2378 2744 2399 2776 ι
2432 2721 3595 2793 idest,operamea.itantsintoperaiﬂa
3629 2740 3648 2774 ι
3683 2723 3741 2776 in

2147 2828 2436 2889 conspectu
2467 2828 2579 2885 tuo,
2617 2840 2636 2873 ι
2674 2819 2729 2873 id
2753 2827 2858 2883 est,
2889 2819 2943 2871 in
2964 2816 3309 2887 beneplaeito
3340 2825 3453 2880 tuo,
3486 2824 3548 2870 ut
3570 2816 3742 2871 intel-

2146 2915 2309 2991 ligam
2338 2914 2503 2969 illam.
2536 2913 2634 2969 Hic
2661 2913 2797 2983 petit
2820 2912 3038 2966 liberari
3061 2912 3135 2964 ab
3152 2910 3367 2971 matula,
3394 2919 3549 2965 notat
3568 2910 3741 2964 etiam

2146 3008 2602 3079 persecutionem,
2634 3006 2859 3061 dicens:
2894 3023 2912 3054 ι
2945 3013 3170 3075 propter
3198 3003 3465 3057 inimicos.
3509 3021 3531 3054 ι

2218 3099 2340 3154 Ideo
2370 3098 2493 3152 dico
2540 3116 2559 3148 ι
2600 3097 2791 3167 dirige,
2837 3096 3011 3150 deduc
3054 3103 3278 3164 propter
3312 3094 3564 3152 inimicos
3605 3108 3738 3161 quo-

2146 3191 2299 3245 niam
2332 3205 2441 3245 non
2488 3196 2573 3244 est
2608 3190 2659 3243 in
2697 3203 2797 3244 ore
2838 3202 3027 3243 eorum
3074 3188 3296 3243 veritas.
3337 3206 3357 3240 ι
3405 3186 3519 3241 Nec
3563 3188 3739 3242 miror

2146 3285 2274 3356 quia
2328 3300 2424 3340 cor
2451 3298 2638 3339 eorum
2688 3297 2886 3336 vanum
2930 3292 3040 3346 est;
3080 3302 3099 3333 ι
3134 3282 3280 3337 unde
3305 3281 3508 3336 dicitur
3543 3323 3556 3336 .
3597 3302 3616 3334 ι
3653 3281 3733 3336 Ex

2145 3376 2469 3431 abundantia
2500 3373 2679 3429 cordis
2704 3387 2765 3427 os
2790 3372 3026 3441 loquitur
3055 3369 3270 3441 (Manli.
3302 3372 3425 3443 xu).

2218 3488 2236 3519 ι
2271 3467 2469 3523 Guttur
2492 3467 2656 3521 etiam
2685 3481 2893 3528 eorum,
2936 3485 2956 3518 ι
2991 3464 3166 3529 idest,
3198 3479 3267 3521 os
3286 3479 3497 3531 um,
3525 3466 3657 3535 quia
3676 3465 3733 3520 in

2142 3568 2361 3632 gutture
2404 3558 2709 3615 formantur
2740 3572 2905 3615 voces
2934 3576 2953 3610 ι
2987 3565 3070 3613 εει
3108 3556 3415 3627 sepulcrum
3457 3566 3679 3627 patens.
3708 3574 3726 3605 ι

2141 3652 2197 3707 id
2233 3661 2332 3715 est,
2383 3650 2561 3707 simile
2604 3649 2807 3720 patenti
2843 3647 3092 3719 sepulcro
3134 3667 3147 3703 :
3178 3648 3305 3717 quia
3349 3649 3494 3705 sicut
3530 3658 3729 3717 pateas

2141 3743 2446 3812 sepulcrum
2490 3740 2718 3797 fetorem
2742 3740 2973 3800 emittit.
3002 3747 3059 3795 et
3088 3739 3323 3799 cadaver
3369 3738 3586 3809 aliquod
3623 3754 3725 3793 ex-

2142 3842 2368 3904 spectat,
2398 3833 2478 3889 sie
2509 3832 2583 3888 illi
2612 3831 2871 3889 emittunt
2894 3830 3057 3891 fetida
3089 3829 3284 3898 verba,
3317 3831 3525 3888 scilicet
3552 3830 3718 3885 luere-

2141 3942 2249 3989 ses,
2274 3934 2331 3980 et
2354 3926 2702 3994 incorporant
2733 3922 2837 3978 sibi
2861 3923 2996 3979 alios
3020 3964 3035 3989 ,
3073 3923 3281 3985 scilicet
3310 3938 3341 3978 a
3364 3937 3591 3993 cornere
3620 3921 3723 3977 Ec-

2140 4017 2321 4073 clesiae
2357 4014 2681 4086 separando,
2728 4024 2783 4073 et
2823 4016 2926 4075 sibi
2971 4014 3279 4075 conformes
3310 4015 3578 4073 faciendo.
3627 4014 3727 4093 llic

2141 4117 2297 4164 notat
2325 4117 2569 4179 apertam
2624 4108 2857 4165 hmresis
2876 4108 3340 4180 medicationem,
3361 4116 3419 4163 et
3450 4108 3632 4178 inan
3648 4105 3729 4167 la.-

2144 4208 2349 4257 tentem
2370 4201 2659 4261 verborum
2686 4200 3087 4261 seductionem.
3114 4216 3132 4250 ι
3162 4196 3387 4268 Linguis
3404 4197 3525 4252 suis
3541 4196 3739 4257 dolose,

2141 4296 2398 4367 agebant,
2450 4314 2469 4346 ι
2509 4294 2565 4355 id
2596 4303 2681 4351 est
2713 4294 2909 4349 blanda
2943 4292 3259 4357 adulatione
3299 4291 3357 4349 in
3389 4292 3727 4351 audientium

2138 4388 2303 4444 corda
2328 4386 2609 4441 mortifera
2636 4386 2938 4441 suadebant
2961 4400 3188 4443 venena.
3221 4384 3351 4441 Ideo
3374 4385 3514 4442 dixit
3538 4404 3557 4435 ι
3590 4401 3726 4458 age-

2138 4480 2292 4546 bant,
2322 4497 2339 4530 ι
2376 4486 2437 4533 ιιι
2464 4475 2728 4535 malitiam
2761 4492 2868 4535 non
2891 4476 3064 4532 solum
3091 4478 3144 4539 in
3171 4477 3388 4549 linguis,
3433 4477 3529 4533 sed
3558 4476 3731 4532 etiam

2137 4570 2191 4624 in
2221 4577 2342 4624 actu
2373 4583 2562 4623 eorum
2595 4581 2715 4621 esse
2738 4566 3009 4639 probaret.
3040 4566 3317 4622 Occultam
3350 4566 3729 4621 seductionem

2137 4659 2294 4725 dicit,
2328 4660 2417 4716 ubi
2445 4658 2660 4714 veritati
2688 4657 2896 4715 falsitas
2924 4658 3252 4714 admiscetur
3282 4672 3297 4713 :
3328 4668 3595 4728 apertam,
3633 4656 3726 4711 ubi

2138 4746 2250 4800 sola
2290 4744 2501 4802 falsitas
2539 4756 2639 4803 est.
2677 4748 2745 4802 Et
2787 4748 2915 4817 quia
2944 4748 3077 4802 tales
3100 4755 3224 4804 sunt
3259 4756 3337 4815 tu,
3381 4765 3399 4797 ι
3444 4747 3609 4813 Deus,
3633 4745 3728 4815 ju-

2137 4837 2257 4893 dica
2289 4838 2426 4903 illos,
2469 4858 2488 4890 ι
2522 4839 2576 4895 id
2611 4848 2724 4905 est,
2752 4840 2978 4895 ostende
3006 4855 3100 4896 eos
3123 4839 3473 4895 damnabiles.
3502 4839 3619 4893 Non
3647 4839 3730 4893 di-

2135 4929 2212 4985 cit
2240 4930 2343 4985 hoc
2378 4938 2504 4985 voto
2537 4929 2928 4989 malevolentia:
2948 4972 2963 4998 ,
2990 4931 3084 4988 sed
3113 4947 3219 4987 non
3248 4938 3427 5009 potest
3454 4944 3560 4985 non
3588 4946 3726 4985 con-

2137 5028 2339 5084 sentire
2364 5029 2557 5093 divina:
2580 5031 2882 5087 sententia).

2205 5139 2735 5210 Ostenditquomodo
2747 5140 3243 5210 veliteosjudicari,
3263 5140 3448 5195 dicens
3477 5157 3493 5199 ;
3528 5160 3547 5192 ι
3569 5139 3728 5199 Ι)εεί-

2140 5233 2268 5287 dant
2304 5248 2332 5287 a
2356 5233 2774 5304 cogitationibus
2805 5233 2938 5301 suis,
2977 5252 2995 5285 ›
3030 5231 3082 5285 id
3107 5239 3188 5287 est
3217 5230 3402 5286 inanes
3431 5231 3721 5289 invenian-

2140 5338 2229 5383 tur
2264 5327 2623 5399 cogitationes
2658 5342 2846 5381 eorum
2866 5366 2881 5391 ,
2911 5325 3105 5396 quibus
3145 5331 3365 5395 sperant
3388 5339 3447 5378 se
3472 5323 3727 5381 obtinere

2140 5435 2362 5491 regnum
2391 5419 2534 5489 quod
2565 5435 2667 5475 non
2694 5425 3093 5488 promerentur.
3120 5413 3219 5469 Vel
3244 5435 3262 5467 ι
3300 5413 3570 5477 decidant,
3608 5433 3626 5464 ›
3670 5414 3743 5467 ἱάν

2138 5522 2219 5568 εει
2257 5528 2363 5568 non
2398 5512 2614 5569 valeant
2645 5510 2866 5580 implere
2905 5525 3022 5578 qua:
3050 5508 3308 5580 cogitant.
3360 5525 3378 5557 ι
3413 5505 3481 5561 Et
3510 5505 3727 5576 expelle

2137 5620 2230 5661 eos
2278 5624 2295 5656 ι
2352 5604 2416 5657 de
2470 5617 2631 5675 regno
2677 5613 2767 5658 tuo
2817 5616 2831 5655 :
2886 5601 3155 5671 puniendo
3209 5614 3302 5654 eos
3348 5617 3365 5648 ι
3420 5599 3723 5653 secundum

2134 5695 2529 5751 multitudinem
2564 5695 2899 5765 impietatum
2941 5708 3150 5755 eorum,
3184 5711 3201 5742 ι
3240 5689 3288 5744 id
3322 5698 3724 5755 est,utseCun-

2133 5791 2257 5844 dum
2311 5790 2670 5860 quantitatem
2719 5788 3034 5843 delictorum
3082 5786 3151 5840 sit
3196 5786 3468 5855 quantitas
3509 5783 3721 5854 suppli-

2132 5881 2359 5934 ciorum.
2404 5899 2423 5929 ι
2453 5878 2672 5949 Expelle
2704 5897 2721 5928 ι
2754 5877 2874 5933 dico
2910 5894 2927 5926 ι
2970 5875 3223 5945 quoniam
3265 5873 3617 5929 irritaverant
3640 5880 3720 5943 te,

2131 5972 2378 6037 Domine,
2415 5991 2432 6024 ι
2467 5971 2517 6028 id
2549 5980 2629 6025 est
2666 5970 2729 6025 ad
2762 5971 2891 6025 iram
2919 5975 3371 6040 provocaverunt.
