3984 6490
199 426 316 484 Ξιε

1385 416 1827 478 EXPLANATIO
1861 417 1930 475 ΙΝ
1968 417 2310 478 PSALMOS.

3378 431 3483 489 2M

281 540 349 601 Et
377 540 466 599 isti
495 537 853 617 expellautur,
887 537 985 607 sed
1011 556 1035 601 ι,
1061 547 1253 605 omnes
1276 536 1367 613 qui
1401 544 1625 607 sperant
1657 535 1711 592 in
1739 544 1791 591 te
1817 535 1866 607 Α
1895 548 2040 600 nem,
2057 550 2158 617 pro
2176 535 2412 595 inimicis
2437 538 2760 594 orationem.
2788 537 3020 607 Intentio
3039 549 3125 597 est
3149 557 3249 599 nos
3275 543 3341 598 ad
3367 558 3483 614 poe-

202 640 466 696 laetentur
508 656 528 689 ι
582 634 638 697 in
685 634 903 705 anima,
954 640 1010 701 et
1048 632 1213 691 etiam
1282 652 1299 685 ‹
1360 631 1709 697 exsultabunt
1767 650 1786 683 ι

202 732 268 788 in
303 742 531 801 corpore
562 746 581 779 ι
601 727 656 782 ἱη
685 734 969 792 aeternum,
994 744 1014 779 ι
1043 725 1099 782 id
1121 733 1226 786 est.
1250 725 1303 780 in
1322 733 1527 780 aeterna
1556 721 1796 779 exsulta-

207 826 382 891 tione,
412 832 467 879 et
507 822 611 878 hoc
635 820 757 876 ideo
780 819 907 891 quia
953 827 1011 874 tu
1060 837 1087 871 ι
1114 817 1385 874 habitabis
1420 817 1473 873 in
1495 817 1596 872 eis.
1645 835 1664 868 ι
1693 814 1795 872 Hic

204 920 372 992 ponit
401 917 625 973 modum
650 912 1023 980 beatitudinis,
1052 928 1183 970 cum
1205 912 1337 973 dicit
1354 926 1475 969 eam
1494 924 1618 968 esse
1640 918 1796 969 aeter-

205 1026 339 1068 nam
354 1051 370 1077 ,
399 1025 467 1065 ex
487 1009 588 1063 hoc
603 1008 790 1072 etiam,
815 1006 961 1077 quod
984 1005 1100 1077 ipse
1122 1002 1389 1059 habitabit
1412 1002 1468 1056 in
1498 1001 1599 1056 eis.
1618 999 1794 1055 Etiam

203 1120 308 1177 per
338 1104 444 1165 hoc
466 1100 624 1173 dabit
654 1097 1035 1159 eertitudinem
1066 1097 1212 1155 illius
1246 1092 1616 1157 beatitudinis,
1654 1090 1797 1155 scili-

196 1205 298 1266 cet
323 1192 471 1267 quod
496 1193 630 1251 dicit
665 1210 691 1253 ι
717 1190 988 1255 lzetentur,
1018 1186 1391 1251 exsultabunt,
1425 1204 1445 1241 ι
1483 1183 1611 1265 quia
1644 1202 1661 1235 ι
1693 1182 1793 1245 ba-

203 1287 413 1345 bitabis
434 1286 493 1341 in
511 1285 611 1343 eis.
656 1301 679 1341 ι

286 1401 307 1435 ι
326 1381 393 1439 Et
412 1399 431 1437 ι
451 1379 621 1443 etiam
635 1396 655 1432 ι
672 1374 1071 1453 gloriabuntur,
1095 1393 1115 1428 ι
1136 1373 1189 1431 id
1212 1380 1294 1437 est
1315 1370 1577 1443 gloriosos
1596 1384 1654 1435 se
1674 1381 1800 1429 esse

203 1473 521 1544 gaudebunt
551 1485 650 1541 pro
690 1482 893 1527 corona
931 1465 1269 1527 meritorum.
1320 1482 1340 1517 ι
1372 1460 1573 1526 Omnes
1604 1461 1658 1516 in
1686 1468 1738 1516 te
1770 1479 1789 1511 ι

203 1565 381 1629 habiti
408 1584 429 1618 ι
482 1564 573 1636 qui
605 1562 839 1639 diligunt
875 1574 1073 1617 nomen
1113 1568 1287 1623 tuum,
1322 1576 1343 1611 ι
1373 1556 1428 1619 id
1454 1565 1560 1620 est,
1590 1552 1793 1611 famam

204 1661 396 1733 ipsius,
415 1658 664 1731 gloriam,
696 1656 825 1726 quia
852 1654 1049 1711 divinae
1078 1650 1397 1715 substantiae
1426 1647 1793 1720 cognitionem

201 1752 410 1813 habere
431 1766 539 1805 non
566 1762 872 1821 possumus.
894 1745 1130 1805 Dicenda
1158 1763 1179 1799 ι
1194 1759 1408 1809 omnes,
1439 1762 1458 1795 ι
1481 1750 1637 1803 notat
1652 1743 1795 1814 quod

200 1846 371 1900 etiam
405 1843 483 1899 illi
514 1842 605 1912 qui
639 1840 819 1897 minus
849 1840 1050 1895 habent
1093 1838 1161 1893 de
1194 1834 1611 1907 participatione
1649 1835 1796 1911 illips

1898 627 2217 699 nitentiam,
2253 638 2308 685 et
2331 645 2428 711 per
2452 631 2569 688 haec
2593 632 2774 687 omnia
2812 646 2917 695 nos
2948 632 3017 689 ad
3047 632 3322 693 Christum
3347 635 3482 693 diri-

1898 738 2026 795 gere
2059 741 2072 777 :
2100 732 2155 783 et
2185 739 2217 778 a
2259 723 2639 796 deprecatione
2669 727 2748 782 sic
2788 727 2979 805 incipit
3020 748 3035 785 :
3067 721 3331 786 Conscius
3355 747 3484 809 pro-

1896 817 2057 888 pheta
2086 827 2464 888 peccatorum,
2497 816 2581 872 vel
2604 818 2833 895 quilibet
2854 820 3145 915 ptenitens,
3179 830 3234 879 et
3258 824 3483 879 territus

1898 909 2094 965 timore
2131 922 2439 980 poenarum,
2472 925 2607 980 quas
2652 909 3029 982 peccatoribus
3072 914 3125 968 in
3175 922 3365 970 octava
3395 915 3483 971 die

1898 998 2109 1065 futuras
2140 1000 2416 1073 intelligit,
2454 1003 2888 1077 deprecationem
2917 1006 3096 1062 sciens
3130 1007 3270 1079 apud
3307 1008 3481 1085 ipsum

1892 1092 2129 1164 judicent
2160 1093 2341 1167 potius
2369 1092 2551 1151 valere
2571 1110 2735 1164 quam
2760 1099 3192 1175 excusationem,
3226 1100 3487 1173 depreca-

1898 1194 1986 1240 tur
2013 1202 2137 1246 eum
2172 1202 2269 1257 per
2284 1187 2453 1258 ipsius
2474 1187 2676 1259 iudicis
2698 1189 3021 1261 potentiam,
3055 1190 3242 1255 dicens
3275 1209 3289 1247 :
3326 1212 3346 1245 ι
3378 1194 3486 1250 Do-

1898 1279 2063 1345 mine,
2090 1300 2108 1331 ›
2128 1280 2180 1335 in
2201 1280 2302 1336 hac
2315 1280 2425 1335 vita
2446 1296 2632 1357 argue,
2647 1281 2702 1336 id
2725 1290 2810 1343 est
2827 1283 3089 1340 convince
3104 1300 3189 1340 me
3202 1302 3481 1357 peccasse,

1898 1369 2108 1437 faciens
2128 1388 2214 1428 me
2239 1381 2419 1428 tamen
2446 1373 2710 1444 paenitere
2746 1394 2768 1428 ι
2796 1390 2862 1440 ne
2888 1391 3085 1448 arguas
3109 1393 3195 1433 me
3216 1379 3269 1433 in
3299 1379 3486 1438 furore
3542 1432 3547 1441 .

1899 1472 2011 1530 tuo,
2048 1485 2066 1516 ι
2102 1465 2156 1525 id
2191 1475 2273 1522 est
2304 1466 2355 1529 in
2400 1474 2488 1525 tua
2515 1468 2751 1538 graviori
2779 1466 3040 1537 vindicta,
3085 1470 3139 1527 id
3188 1480 3274 1529 est
3300 1472 3485 1530 futuro

1892 1554 2098 1624 judicio
2125 1574 2137 1609 :
2166 1562 2223 1609 et
2252 1555 2341 1617 hic
2368 1552 2581 1628 corripe
2611 1574 2697 1614 me
2727 1577 2746 1610 ι
2766 1575 2835 1614 ne
2858 1558 3120 1631 corripias
3137 1576 3244 1628 me,
3267 1581 3287 1614 ι
3316 1561 3369 1617 id
3398 1572 3483 1618 est

1897 1663 1966 1703 ne
1987 1649 2233 1705 retrahas
2253 1664 2339 1704 me
2360 1650 2431 1706 ibi
2460 1666 2490 1704 a
2522 1650 2665 1706 malo
2686 1652 2905 1727 incepto
2937 1652 2991 1715 in
3022 1669 3130 1727 quo
3161 1654 3329 1713 ieram
3367 1674 3385 1706 ι
3427 1653 3482 1710 in

1898 1743 1980 1797 ira
2012 1751 2179 1809 tua,»
2212 1743 2265 1797 id
2304 1752 2390 1800 est
2447 1744 2501 1800 in
2546 1744 2733 1802 leviori
2758 1761 2943 1817 pmna,
2968 1748 3020 1805 id
3046 1758 3133 1806 est
3152 1749 3328 1811 dando
3350 1750 3483 1806 mihi

1898 1835 2060 1890 etiam
2091 1834 2347 1890 leviorem
2378 1849 2595 1909 poenam
2625 1819 2786 1908 qua’m
2814 1835 2968 1894 furor
2994 1839 3065 1899 sit
3099 1857 3112 1897 :
3143 1839 3225 1897 vel
3261 1860 3280 1891 ι
3319 1841 3371 1895 in
3402 1842 3484 1896 ira

198 1934 581 1998 beatitudinis,
605 1932 827 2005 gloriosi
859 1940 1001 1985 sunt.
1040 1947 1059 1981 ι
1092 1927 1503 1993 Gloriabuntur,
1531 1927 1791 1996 quoniam
1821 1929 1867 1999 Β
1896 1937 2006 1991 tua,
2046 1948 2063 1979 ι
2113 1926 2168 1985 id
2214 1935 2294 1982 est
2346 1926 2399 1983 in
2445 1926 2627 1998 aliqua
2688 1942 2848 1997 paena
2908 1930 3031 1984 data
3086 1940 3211 2000 post
3250 1942 3482 1989 mortem

201 2034 265 2080 tu
296 2024 603 2089 benedices,
640 2043 660 2078 ι
691 2024 746 2085 id
791 2031 877 2079 est
917 2021 1075 2077 dabis
1098 2021 1493 2081 incrementum
1535 2020 1795 2075 virtutum

206 2136 230 2169 ι
265 2115 425 2185 justo
451 2136 470 2170 ι
507 2116 713 2177 scilicet
736 2117 787 2170 in
820 2116 924 2171 hac
951 2114 1093 2179 vita,
1129 2128 1232 2185 pro
1256 2113 1451 2189 quibus
1478 2111 1796 2189 gloriabitur

200 2208 267 2265 in
295 2208 420 2264 alia.
442 2227 461 2261 ι
481 2206 869 2271 Glorialiuntur
888 2227 907 2263 ι
933 2216 988 2265 ει
1005 2226 1024 2258 ι
1052 2206 1359 2277 benedices,
1382 2225 1399 2259 ι
1418 2216 1471 2269 et
1487 2207 1600 2267 haec
1614 2206 1797 2269 omnia

199 2299 532 2372 proveniant
556 2315 622 2359 ex
652 2306 743 2357 tua
771 2299 910 2355 bona
939 2298 1236 2361 voluntate,
1259 2312 1366 2366 qua
1403 2314 1423 2357 ι
1451 2297 1725 2352 eoronasti
1772 2316 1790 2347 ι

200 2408 321 2458 €08,
335 2401 391 2449 et
413 2394 611 2457 bocest
629 2391 773 2463 quod
797 2392 957 2451 dicit:
979 2409 997 2443 ‹
1022 2389 1305 2446 Coronasti
1325 2404 1423 2451 nos
1443 2410 1460 2442 ›
1481 2389 1535 2444 in
1551 2398 1639 2445 tua
1655 2391 1796 2447 bona

197 2486 501 2549 voluntate,
517 2500 637 2557 quise
665 2499 772 2549 non
797 2494 1005 2541 tantum
1026 2481 1182 2545 nobis
1201 2482 1306 2547 erit
1327 2495 1525 2536 corona
1548 2488 1604 2535 et
1620 2496 1797 2536 remu-

196 2572 416 2632 neratio
451 2577 505 2635 in
537 2575 641 2637 alia
672 2576 812 2640 vita;
846 2575 943 2631 sed
969 2582 1054 2629 est
1086 2573 1250 2635 etiam
1278 2570 1435 2633 nobis
1464 2571 1518 2627 in
1542 2569 1795 2647 praesenti

194 2671 315 2725 vita
341 2678 401 2724 ut
422 2678 658 2735 septimi,
674 2668 727 2725 id
748 2676 835 2729 est
852 2665 1137 2743 protectio.
1157 2664 1223 2725 Et
1246 2664 1349 2719 hoc
1373 2660 1523 2733 ponit
1546 2660 1798 2715 intransi-

195 2764 317 2823 tive
334 2780 460 2823 cum
473 2764 606 2823 dicit
630 2780 644 2817 ε
668 2782 687 2819 ι
708 2761 874 2821 Scuto
898 2761 1053 2819 bonae
1076 2757 1393 2821 voluntatis,
1421 2775 1439 2807 ι
1467 2756 1625 2817 idest
1655 2757 1796 2811 bona

193 2857 482 2917 voluntate
506 2857 778 2919 existente
805 2862 864 2917 ut
895 2860 1051 2910 scuto
1086 2858 1178 2915 ζει
1207 2851 1311 2909 hoc
1334 2865 1433 2929 per
1459 2848 1636 2905 simile
1665 2849 1798 2907 diei-

195 2957 295 3007 tur
328 2966 343 3003 :
375 2948 518 3005 sicut
548 2947 698 3005 enim
722 2955 936 3005 scutum
961 2942 1253 3003 rotundum
1284 2941 1520 3017 positum
1552 2948 1677 2995 ante
1703 2954 1798 3011 pe-

195 3046 349 3105 ctus,
384 3046 471 3099 est
495 3037 787 3109 protectio,
817 3050 1020 3103 corona
1050 3043 1298 3111 superest
1331 3032 1446 3099 :ita
1474 3032 1527 3086 in
1555 3031 1659 3098 hac
1688 3031 1796 3089 vita

193 3132 348 3193 bona
370 3132 623 3191 voluntas
647 3140 733 3195 est
752 3130 1021 3204 protectio
1039 3130 1169 3200 quia
1194 3127 1323 3187 facit
1358 3126 1664 3199 promereri
1696 3144 1709 3181 :
1738 3134 1797 3181 et

195 3226 261 3282 in
282 3227 388 3287 alia
410 3228 525 3287 vita
554 3224 925 3293 remuneratio
955 3232 1010 3280 et
1034 3238 1235 3283 corona
1257 3229 1361 3287 est.

726 3360 796 3416 ΙΝ
823 3358 1155 3416 PSALMUM
1183 3358 1271 3414 Vl.

277 3471 518 3535 Tt'wws
553 3490 566 3503 ·
595 3470 662 3526 1η
698 3469 856 3540 ﬁnem
890 3472 983 3539 pro
1018 3467 1217 3524 Octava
1256 3465 1505 3523 Psalmus
1526 3465 1719 3522 David.

285 3610 305 3643 ι
338 3588 569 3647 Domine
589 3627 609 3653 ,
643 3600 711 3645 ne
742 3585 795 3639 in
824 3583 1027 3639 furore.
1072 3601 1091 3636 ι
1124 3582 1457 3659 Augustinus
1490 3601 1502 3635 :
1532 3578 1795 3639 Octavam

203 3680 430 3754 quidam
460 3679 646 3737 dicunt
676 3677 965 3732 adventum
994 3673 1231 3739 Domini,
1256 3674 1380 3744 quia
1411 3682 1676 3729 venturus
1710 3682 1796 3729 est

196 3779 329 3844 post
351 3778 556 3848 septem
596 3767 762 3833 millia
790 3781 1085 3833 annorum,
1109 3772 1169 3821 ut
1193 3764 1363 3829 aiunt.
1391 3762 1499 3831 Sed
1528 3764 1663 3819 nulli
1691 3765 1795 3820 hoc

200 3874 426 3936 tempus
451 3870 643 3923 notum
671 3869 777 3925 est,
804 3859 986 3930 potius
1019 3866 1244 3923 octavus
1273 3857 1418 3925 dies,
1452 3858 1580 3930 quia
1613 3857 1793 3923 omnia

200 3966 450 4029 tempora
487 3962 693 4029 septem
731 3952 941 4017 dierum
969 3950 1309 4031 revolutione
1347 3951 1658 4025 volvuntur,
1705 3951 1794 4008 ille

194 4048 409 4109 nullam
455 4047 658 4111 haheat
696 4044 1038 4109 varietatem.
1086 4040 1182 4099 Vel
1223 4042 1351 4098 duae
1376 4042 1500 4097 vitae
1533 4050 1658 4097 sunt
1686 4058 1792 4097 una

194 4140 444 4214 pertinet
461 4139 529 4197 ad
558 4152 788 4215 corpus,
818 4136 915 4213 qui
940 4143 1025 4200 est
1052 4143 1207 4199 vetus
1234 4133 1414 4201 homo,
1445 4134 1531 4201 cui
1560 4143 1623 4215 et
1635 4144 1793 4191 vetus

195 4236 392 4293 datum
418 4243 503 4291 est
531 4232 959 4298 Testamentum,
993 4246 1099 4305 qua
1126 4232 1371 4302 regnavit
1407 4247 1553 4288 mors
1581 4246 1596 4286 :
1623 4231 1792 4293 altera

197 4328 277 4385 ad
306 4327 577 4393 animam,
618 4326 709 4401 qui
735 4332 820 4383 est
847 4338 1021 4385 novus
1068 4324 1262 4389 homo,
1302 4331 1655 4395 regeneratus
1698 4339 1796 4393 per

198 4417 505 4475 Christum.
549 4417 633 4477 Ad
666 4431 870 4486 corpus
895 4424 1075 4472 autem
1110 4415 1493 4489 quaternarius
1514 4456 1528 4482 ,
1572 4415 1638 4469 ad
1678 4415 1795 4469 ani-

198 4525 354 4567 mam
381 4510 649 4567 tertiarius
674 4509 939 4579 pertinet.
953 4507 1178 4573 Peracta
1202 4506 1367 4581 igitur
1388 4515 1620 4579 utraque
1639 4506 1795 4581 quasi

200 4604 518 4679 septenario
557 4617 820 4669 numero,
852 4601 1033 4667 veniet
1063 4606 1288 4657 octavus
1325 4598 1439 4656 dies
1464 4596 1672 4679 iudicii,
1703 4598 1794 4654 ubi

200 4698 501 4775 unicuique
532 4694 867 4775 promeritis
894 4690 1149 4763 reddetur
1181 4708 1193 4745 :
1219 4690 1363 4751 unde
1387 4690 1583 4757 timens
1610 4689 1794 4744 Eccle-

204 4795 291 4851 sia
319 4793 398 4848 sic
421 4796 544 4853 orat
570 4806 582 4842 :
613 4787 671 4845 In
702 4788 865 4843 ﬁnem
891 4800 991 4856 pro
1030 4790 1219 4839 octava
1245 4781 1489 4853 psalmus
1518 4780 1705 4851 David,
1741 4781 1795 4837 id

204 4893 295 4942 est
316 4882 553 4955 psalmus
578 4879 681 4937 iste
705 4876 1019 4935 attribuitur
1045 4875 1212 4930 David
1235 4864 1541 4944 pceniten'ti,
1570 4873 1653 4928 vel
1677 4873 1795 4928 cui-

205 4978 344 5035 libet
379 4972 699 5051 pteuitenti:
733 4971 824 5053 qui
869 4970 1139 5051 ptenitens
1176 4968 1438 5039 ﬁguratur
1462 4982 1560 5039 per
1602 4966 1788 5030 David,

206 5069 339 5142 quia
369 5077 421 5125 et
442 5064 764 5129 manufortis
791 5070 874 5125 est
902 5079 1024 5125 cum
1052 5070 1275 5133 peccata
1301 5061 1560 5127 devincit,
1594 5067 1647 5115 et
1675 5060 1792 5116 visu

208 5157 608 5223 desiderabilis,
636 5155 762 5227 quia
784 5162 838 5209 et
868 5153 961 5213 alii
990 5161 1303 5227 peccatores
1333 5152 1398 5207 ad
1423 5152 1540 5225 ejus
1575 5151 1794 5208 confor-

212 5252 456 5307 mitatem
508 5249 697 5304 venire
745 5245 1074 5302 desiderant.
1122 5241 1369 5311 Psalmus
1409 5241 1534 5298 dico
1581 5243 1801 5303 habitus

211 5358 314 5415 pro
342 5337 671 5399 octava‘die,
705 5336 759 5393 id
799 5344 885 5392 est
908 5350 1007 5408 pro
1033 5336 1120 5391 die
1146 5333 1370 5407 judicii,
1403 5333 1457 5389 id
1483 5341 1565 5389 est
1604 5334 1800 5390 timore

216 5432 407 5499 futuri,
454 5445 575 5501 qua:
610 5429 792 5483 veniet
826 5436 947 5501 post
987 5427 1342 5497 septimanam
1391 5424 1552 5494 huius
1593 5425 1796 5491 saeculi,

218 5527 363 5601 quod
401 5524 633 5581 volvitur
661 5539 756 5594 per
790 5528 994 5592 septem
1038 5520 1171 5574 dies.
1212 5516 1460 5574 Psalmus
1510 5518 1630 5573 dico
1672 5518 1802 5573 diri-

219 5636 351 5691 gens
379 5617 431 5673 in
453 5617 637 5681 ﬁnem,
675 5615 726 5671 id
756 5623 839 5669 est
868 5614 920 5668 in
951 5612 1244 5668 Christum.
1270 5610 1494 5666 Materia
1525 5621 1609 5666 est
1636 5611 1800 5683 quili-

217 5711 308 5767 bet
339 5724 468 5765 vere
507 5707 796 5781 pmnitcns,
838 5715 892 5760 et
922 5705 1010 5760 hic
1047 5703 1209 5760 etiam
1237 5703 1476 5776 loquitur
1504 5705 1798 5775 pmuitens.

219 5806 295 5862 De
328 5805 431 5859 hac
460 5817 589 5857 vero
616 5801 844 5856 materia
874 5801 977 5856 hoc
1011 5800 1169 5854 modo
1206 5798 1334 5869 agit,
1380 5797 1509 5855 facit
1538 5801 1800 5873 depreca-

219 5896 443 5961 tionem,
486 5890 911 5951 satisfactionem
948 5890 1201 5958 ostendit,
1244 5889 1297 5945 id
1338 5897 1422 5947 est
1457 5893 1790 5951 emendatio-

1897 2018 2326 2089 antejudicium,
2364 2017 2416 2072 id
2447 2026 2530 2072 est
2560 2018 2615 2077 in
2644 2020 2978 2091 purgatorio.
3011 2019 3115 2089 Qui
3148 2030 3257 2077 tam
3283 2023 3481 2089 timen-

1896 2112 2021 2175 dum
2044 2111 2281 2169 ostendit
2307 2111 2494 2175 Deum,
2522 2112 2638 2183 ejus
2664 2122 2818 2168 notat
2845 2114 3167 2184 potentiam.

1973 2222 1992 2255 ι
2028 2202 2106 2261 Ne
2126 2219 2343 2274 arguas,
2374 2219 2442 2263 ne
2472 2205 2756 2275 corripias,
2787 2226 2805 2256 ι
2841 2189 2937 2261 sed
2959 2207 3139 2279 potius
3170 2224 3188 2267 ι
3221 2206 3482 2271 miserere

1896 2298 2026 2364 mei,
2055 2297 2301 2367 Domine,
2325 2318 2344 2350 ι
2379 2306 2436 2357 ει
2468 2297 2570 2357 hoc
2600 2314 2823 2356 necesse
2837 2308 2922 2356 est
2950 2320 2967 2351 ι
3001 2302 3127 2370 quia
3154 2319 3173 2355 ι
3192 2315 3292 2373 ego
3322 2319 3340 2352 ι
3362 2317 3482 2357 sum

1896 2390 2145 2447 inﬁrmus
2181 2412 2198 2443 ι
2230 2391 2369 2449 mole
2391 2401 2758 2463 peccatorum.
2800 2414 2818 2451 ι
2842 2394 3094 2452 Inﬁrmus
3122 2412 3265 2463 sum,
3297 2416 3317 2455 ι
3352 2410 3484 2469 ergo

1901 2500 1919 2532 ι
1949 2496 2080 2537 sana
2105 2498 2209 2548 me,
2236 2482 2483 2548 Domine,
2514 2503 2532 2537 ι
2562 2482 2614 2541 id
2637 2493 2721 2541 est
2744 2486 2861 2559 pias
2882 2486 3213 2555 affectiones,
3238 2504 3372 2560 quas
3392 2490 3484 2545 ba-

1894 2576 1991 2631 bes
2013 2576 2079 2631 de
2116 2576 2250 2633 meis
2280 2577 2537 2649 miseriis,
2569 2580 2810 2637 sanando
2834 2581 3059 2638 ostende
3077 2622 3092 2646 ,
3121 2582 3173 2638 id
3196 2591 3280 2639 est
3308 2596 3485 2641 remo-

1895 2668 2071 2723 vendo
2096 2677 2317 2754 peccata
2367 2684 2509 2733 mea,
2550 2689 2568 2721 ι
2621 2668 2884 2739 Quoniam
2919 2687 3042 2728 ossa
3076 2688 3219 2741 mea,
3256 2695 3273 2729 ι
3309 2675 3361 2731 id
3401 2684 3485 2733 est

1895 2760 2143 2829 superior
2171 2760 2252 2821 vis
2284 2759 2478 2821 animae
2506 2774 2671 2825 rueze.
2704 2760 2911 2816 scilicet
2943 2778 3116 2829 mens,
3147 2772 3231 2819 est
3266 2766 3482 2827 turbata

1895 2848 2241 2907 multitudine
2268 2858 2636 2919 peccatorum.
2676 2848 2781 2906 Per
2809 2866 2931 2907 ossa
2952 2893 2966 2918 ,
2993 2867 3114 2922 qua:
3139 2869 3267 2925 pars
3294 2868 3484 2925 corpo—

1896 2941 1974 2996 ris
2005 2948 2091 2996 est
2121 2941 2396 2999 robustior
2420 2957 2549 3011 pars
2585 2942 2781 3007 anima:
2810 2944 3085 3003 robustior
3118 2946 3312 3011 merito
3342 2947 3485 3003 desi—

1895 3041 2111 3103 gnatur.
2148 3030 2302 3099 Quod
2333 3032 2617 3103 pluraliter
2646 3048 2768 3091 ossa
2796 3035 2946 3097 dicit.
2977 3035 3146 3108 ipsius
3170 3037 3368 3092 mentis
3399 3050 3485 3095 r0-

1894 3124 2049 3190 bora,
2079 3125 2132 3179 id
2155 3132 2236 3183 cst
2268 3126 2595 3190 castitatem,
2631 3127 3067 3201 temperantiam,
3095 3136 3153 3193 et
3171 3124 3275 3193 alia
3299 3127 3485 3197 hujus-

1896 3217 2042 3274 modi
2071 3217 2319 3290 intelligit
2343 3218 2633 3275 infirmari.

1822 3294 1869 3361 C
1973 3308 2233 3380 Superior
2272 3311 2355 3366 vis
2403 3310 2598 3371 animae
2627 3312 2949 3375 conturbata
2996 3322 3079 3369 est
3121 3330 3141 3366 ι
3196 3320 3252 3375 ει
3303 3314 3485 3368 anima

1893 3419 2015 3465 mea
2073 3423 2093 3457 ι
2133 3404 2273 3477 ipsa,
2311 3402 2543 3471 sellicet,
2581 3412 2715 3481 tota,
2760 3419 2872 3471 non
2925 3414 3136 3461 tantum
3184 3405 3481 3465 secundum

1895 3495 2233 3577 superiorem
2272 3495 2380 3553 vim
2407 3535 2422 3561 ,
2464 3494 2559 3553 sed
2606 3496 2770 3551 etiam
2812 3498 3105 3559 secundum
3147 3495 3485 3561 inferiorem,

1895 3588 2441 3653 seilicet,secundum
2462 3604 2651 3647 omnes
2679 3604 2899 3663 sensus,
2921 3598 2982 3645 ut
3000 3600 3192 3661 peccet
3219 3592 3274 3645 in
3300 3590 3487 3646 auditu

1897 3688 1954 3735 et
1979 3679 2123 3744 visu,
2152 3686 2206 3732 et
2230 3687 2444 3746 caetera,
2474 3698 2491 3730 ι
2516 3680 2728 3736 turbata
2759 3682 3034 3747 estvalile,
3057 3701 3074 3730 ι
3093 3681 3147 3735 id
3173 3690 3275 3747 est,
3304 3681 3490 3738 multis

1898 3781 1954 3827 et
1992 3769 2250 3847 gravibus
2278 3768 2535 3839 peccatis.
2580 3768 2715 3824 Cum
2749 3768 2885 3824 dicit
2933 3770 3207 3824 inﬁrmum
3256 3786 3399 3835 esse,
3431 3781 3487 3825 et

1897 3863 2136 3931 animam
2163 3862 2435 3927 turbatam
2475 3877 2592 3918 esse
2618 3862 2914 3925 secundum
2951 3861 3288 3937 superiorem
3319 3871 3373 3916 et
3408 3865 3491 3918 in-

1895 3954 2153 4011 feriorem
2189 3956 2329 4021 vim,
2371 3963 2522 4008 notat
2558 3969 2719 4008 omne
2744 3968 2915 4024 genus
2938 3953 3291 4024 poenitentiae.
3323 3952 3490 4009 Valde

1896 4063 2016 4113 sum
2044 4045 2290 4102 turbatus
2316 4065 2335 4097 ι
2365 4053 2416 4099 ει
2436 4053 2513 4111 tu,
2538 4044 2783 4109 Domine,
2803 4060 3103 4125 usquequo,
3136 4065 3155 4098 ι
3189 4044 3376 4101 differs
3405 4063 3490 4105 sa-

1896 4152 2028 4203 nare
2047 4138 2071 4193 ?

1967 4230 2086 4288 Noli
2122 4228 2363 4296 differre,
2401 4229 2496 4286 sed
2533 4237 2588 4285 tu
2626 4230 2719 4299 qui
2749 4231 3011 4287 hactenus
3042 4230 3305 4286 adversus
3340 4229 3490 4286 fuisti

1897 4323 2027 4378 dum
2056 4336 2230 4377 essem
2249 4321 2616 4391 imparnitens,
2637 4340 2655 4372 ι
2688 4329 3009 4382 convertere
3028 4341 3047 4374 ι
3079 4321 3147 4381 ad
3162 4336 3248 4376 me
3264 4336 3491 4378 conver-

1897 4429 2018 4471 sum
2042 4415 2109 4469 ad
2130 4423 2181 4469 te
2203 4414 2296 4486 qui
2330 4412 2510 4471 dixisti
2549 4431 2561 4466 :
2599 4430 2618 4463 ι
2652 4411 3044 4468 Convertimini
3072 4417 3141 4474 ad
3163 4427 3275 4479 me,
3300 4422 3355 4468 et
3388 4429 3489 4482 ego

1899 4498 2189 4564 convertar
2234 4507 2302 4563 ad
2347 4521 2444 4561 vos
2476 4503 2661 4578 (Zach.
2693 4505 2754 4578 ι).
2816 4526 2835 4559 ›
2883 4504 3235 4571 Convertere,
3273 4514 3330 4562 et
3372 4513 3491 4562 esto

1878 4601 2185 4672 .pr0pitius,
2214 4606 2269 4655 et
2295 4599 2446 4668 eripe
2470 4598 2706 4652 animam
2730 4613 2907 4653 meam
2930 4613 2961 4652 a
2986 4598 3217 4654 vinculis
3244 4607 3492 4668 peccato-

1903 4709 2024 4749 rum
2055 4709 2085 4747 a
2124 4692 2320 4763 quibus
2362 4700 2593 4746 tenetur.
2641 4709 2658 4740 ι
2699 4688 2916 4747 Salvum
2946 4706 3034 4747 me
3068 4689 3175 4757 fac,
3225 4710 3245 4743 ι
3282 4690 3493 4748 scilicet

1904 4787 2084 4842 dando
2130 4786 2380 4841 virtutes.
2445 4784 2545 4841 Ubi
2595 4783 2748 4863 ponit
2793 4800 2919 4839 suas
2971 4783 3338 4852 inﬁrmitates,
3393 4785 3490 4841 de-

1885 4887 2154 4949 precatus
2197 4884 2282 4933 est
2320 4889 2446 4930 eum
2483 4890 2580 4945 per
2623 4891 2750 4929 suas
2784 4875 3033 4931 miserias
3076 4893 3089 4928 :
3134 4891 3277 4935 nunc
3309 4886 3491 4933 autem

1903 4969 2154 5036 dicendo,
2177 4988 2195 5021 ι
2239 4974 2579 5032 convertere,
2616 4980 2751 5037 iper
2771 4965 2938 5036 ipsius
2967 4965 3165 5035 iudicis
3186 4967 3495 5023 misericor-

1905 5063 2050 5132 diam
2096 5061 2441 5132 deprecatur,
2481 5057 2572 5112 ubi
2605 5057 2764 5123 dicit,
2797 5066 3020 5131 prepter
3060 5057 3491 5113 misericordiam

1903 5154 2088 5211 tuam?

1975 5246 2100 5302 ldco
2139 5258 2337 5316 precor
2361 5251 2422 5298 ut
2461 5256 2640 5309 sanes,
2673 5241 2894 5313 eripias,
2921 5240 3130 5299 salvum
3160 5240 3353 5309 facias,
3380 5240 3493 5297 cito

1911 5355 1931 5389 ι
1973 5335 2100 5407 quia
2136 5348 2244 5388 non
2272 5333 2431 5391 estin
2461 5342 2637 5389 morte
2676 5334 2768 5404 qui
2808 5348 3019 5388 memor
3046 5332 3116 5388 sit
3142 5333 3242 5399 tui,
3276 5353 3294 5382 ι
3330 5330 3382 5385 id
3409 5340 3497 5387 est

1907 5427 2107 5485 nullius
2136 5425 2297 5499 positi
2335 5426 2388 5480 in
2424 5426 2654 5483 transitu
2684 5427 2808 5481 vitae
2846 5425 2951 5481 erit
2981 5426 3180 5480 mortui
3216 5424 3497 5482 fructuosa

1906 5517 2194 5583 memoria,
2224 5517 2269 5573 si
2312 5517 2388 5571 tui
2439 5525 2649 5571 tantum
2698 5531 2910 5572 memor
2956 5516 3047 5581 sit,
3082 5523 3136 5568 et
3175 5513 3413 5569 maxime
3438 5513 3497 5570 in

1907 5611 2141 5668 inferno.
2166 5609 2272 5665 Per
2300 5608 2570 5667 infernum
2604 5609 2788 5680 accipe
2824 5607 3278 5680 deSperationem.
3310 5624 3328 5657 ι
3363 5605 3497 5674 Quis

1904 5704 2250 5762 conﬁtebitur
2297 5701 2464 5755 tibi?»
2499 5700 2617 5756 Non
2649 5709 2810 5772 negat
2849 5712 3229 5773 quamcunque
3281 5698 3488 5754 confes-

1901 5798 2148 5854 sionem:
2176 5794 2374 5866 legitur
2413 5794 2557 5847 enim
2598 5793 2664 5848 de
2704 5792 2909 5847 divite:
2938 5809 2957 5843 ι
2991 5789 3150 5845 Pater
3193 5790 3495 5858 Abraham,

1899 5892 2161 5948 miserere
2185 5887 2288 5942 mei
2315 5883 2466 5958 (Luc.
2502 5882 2638 5959 xvr),
2660 5904 2678 5936 ι
2716 5892 2845 5952 etc.,
2883 5883 2976 5940 sed
3022 5881 3293 5939 salubrem
3335 5895 3496 5955 neger
