3984 6472
451 354 556 407 215

916 341 1275 400 HAYMONIS
1314 334 1796 396 HALBEBSTAT.
1839 334 2054 392 EPlSC.
2095 335 2246 392 OPP.
2286 334 2485 391 PARS.
2517 335 2557 393 Ι.
2583 367 2651 377 -
2685 336 3041 394 COMMENT.
3081 336 3254 394 BlBL.

3613 342 3740 400 216

452 462 868 522 confessionem.
892 458 969 514 De
997 468 1230 528 utroque
1249 456 1420 512 Isaias
1447 455 1527 509 sic
1560 454 1670 508 ait:
1702 468 1721 504 ι
1749 451 1868 507 Non
1887 451 2033 506 enim
2062 457 2112 515 Α
2134 451 2357 507 bescant
2382 453 2449 507 de
2471 454 2758 522 prtetcritis
2778 455 3036 526 peccatis.
3067 454 3161 510 llla
3183 455 3563 514 erubescentia
3588 459 3747 520 valet

453 561 544 631 qui
576 560 628 613 in
658 555 869 611 inferno
892 562 1018 610 sunt
1059 551 1355 608 laudabunt
1395 559 1467 617 te,
1488 564 1664 620 neque
1702 549 1797 619 qui
1835 547 2032 604 mortui

454 658 580 706 sunt
606 647 927 703 benedicent
951 653 1004 700 te
1040 643 1175 715 (Isa.
1216 640 1469 712 xxxvm).
1493 660 1512 693 ι
1541 640 1599 696 in
1626 641 1729 695 hoc
1755 655 1916 695 versu
1946 639 2036 694 de-

451 747 705 812 precatur
727 754 824 809 per
845 735 1238 792 confessionem
1259 731 1460 801 judicis
1485 748 1498 785 :
1521 730 1618 785 Dei
1638 731 1783 785 enim
1807 738 1892 786 est
1912 745 2038 785 con-

454 833 721 899 suetudo,
773 831 830 886 in
874 831 978 884 hac
1023 828 1135 882 vita
1181 833 1392 883 tantum
1445 821 1846 880 confessionem
1898 821 2038 876 reci-

455 939 605 996 pere.

525 1013 801 1071 Confessio
841 1012 897 1066 in
941 1017 1121 1065 morte
1164 1008 1371 1064 inutilis
1398 1014 1502 1072 est,
1534 1014 1589 1062 et
1617 1005 1672 1059 in
1704 1004 1919 1060 inferno
1945 1023 1957 1059 :
1982 1013 2038 1058 et

455 1104 575 1160 ideo
603 1103 692 1159 illa
719 1103 1003 1158 attendens
1032 1120 1050 1153 ‹
1082 1101 1324 1157 laboravi
1353 1120 1373 1153 ι
1403 1097 1694 1170 vigilando,
1722 1097 2036 1168 jejunando,

451 1205 506 1251 et
527 1203 751 1250 caeteros
779 1194 987 1250 fructus
1015 1193 1353 1263 poenitentiae
1393 1191 1668 1246 reddendo
1700 1210 1717 1242 ‹
1749 1191 1802 1245 in
1831 1189 2038 1259 gemitu

458 1307 476 1339 ι
500 1303 642 1353 meo,
668 1308 684 1340 ι
707 1287 763 1342 id
793 1295 877 1342 est
901 1288 956 1341 in
987 1286 1403 1358 compunctione
1423 1286 1622 1350 cordis,
1653 1285 1981 1354 procedente
2007 1299 2036 1339 a

453 1381 710 1435 memoria
733 1389 1102 1450 peccatorum,
1128 1386 1183 1434 et
1201 1379 1395 1435 timore
1423 1377 1828 1448 suppliciorum.
1859 1376 2041 1432 Gemi-

455 1482 539 1526 tus
569 1472 714 1526 enim
743 1471 897 1541 quasi
927 1471 1175 1542 geminus
1200 1469 1379 1524 luctus
1410 1469 1640 1535 dicitur,
1671 1482 1736 1523 eo
1761 1468 1905 1538 quod
1945 1481 2039 1538 ge-

452 1563 692 1617 minatur
736 1563 803 1617 de
847 1571 1091 1632 peccato,
1122 1569 1177 1617 et
1223 1562 1290 1616 de
1330 1576 1491 1631 poma
1540 1561 1782 1631 peccati,
1819 1561 1886 1616 de
1933 1575 2040 1630 quo

453 1653 651 1708 dicitur
667 1671 710 1706 ει
730 1653 880 1709 Beati
897 1655 988 1724 qui
1005 1654 1209 1726 lugent,
1226 1655 1482 1724 quoniam
1501 1653 1603 1723 ipsi
1621 1653 2043 1709 consolabuntur

455 1743 672 1815 (Matth.
695 1745 771 1817 v).
800 1765 818 1796 ι
847 1744 1113 1800 Laboravi
1136 1753 1192 1800 et
1217 1745 1493 1809 laborabo,
1512 1744 1720 1800 scilicet
1739 1765 1758 1796 ‹
1786 1744 2033 1812 lavabo,»

2141 553 2202 598 ut
2222 559 2508 600 caveamus
2526 561 2555 599 a
2578 546 2855 616 peccatis:
2883 546 3057 602 ethoc
3085 565 3102 598 ι
3134 547 3290 602 valde
3314 547 3593 617 velociter,
3623 571 3647 604 ι
3683 551 3745 607 id

2139 646 2244 704 est,
2273 645 2333 692 ut
2361 653 2470 694 non
2495 648 2810 712 exspectent
2841 650 3072 697 mortem
3098 641 3184 696 vel
3211 641 3506 701 infernum.

2647 769 2714 825 IN
2749 771 3083 829 PSALMUM
3117 772 3228 828 γυ.

2141 882 2423 958 Τι’ῖυιιυεζ
2457 882 2539 958 1ηΔ
2570 884 2728 953 ﬁnem
2777 884 3010 958 psalmus
3058 885 3230 958 Dauid
3245 902 3465 958 ,‘quemr
3500 896 3744 944 cantant

2384 954 2609 1009 Domino
2638 972 2732 1026 pro
2754 954 2918 1010 verbis
2947 955 3109 1011 Chusi
3130 957 3231 1027 ﬁlii
3263 954 3488 1011 Gemini.

2219 1113 2238 1145 ‹
2264 1093 2492 1149 Domine
2515 1093 2656 1149 Deus
2686 1109 2859 1150 meus.
2889 1113 2907 1146 ›
2938 1094 3162 1166 Legitur
3183 1095 3271 1169 (II
3291 1095 3420 1168 Reg.
3449 1097 3569 1170 xvi)
3593 1100 3749 1169 quod

2142 1185 2312 1242 David
2357 1183 2506 1240 Chus
2558 1184 2727 1239 ﬁlium
2775 1184 3012 1253 Gemini,
3059 1185 3384 1243 familiarem
3435 1189 3564 1255 sibi,
3611 1204 3747 1246 cum

2141 1275 2410 1332 Absalone
2425 1276 2596 1341 misit,
2615 1283 2674 1330 ut
2693 1285 2840 1332 esset
2860 1291 2982 1332 cum
2996 1292 3061 1334 eo
3082 1279 3137 1333 in
3151 1279 3551 1350 persecutione,
3566 1289 3626 1336 et
3638 1281 3748 1337 sibi

2142 1373 2426 1430 Absalonis
2444 1383 2652 1430 secreta
2678 1361 3041 1443 remandaret,
3060 1375 3256 1446 quibus
3270 1377 3498 1432 secretis
3513 1377 3745 1443 auditis,

2144 1467 2312 1524 David
2339 1483 2564 1538 sperans
2609 1458 3152 1539 liberarifpsalmum
3193 1469 3359 1525 istum
3403 1471 3748 1540 composuit,

2142 1577 2252 1617 non
2278 1561 2560 1616 historiam
2583 1561 2820 1631 quidem,
2837 1563 2931 1617 sed
2957 1562 3318 1633 significatum
3346 1561 3595 1617 historia:
3620 1577 3751 1616 con-

2145 1654 2409 1708 siderans.
2437 1651 2592 1708 Sicut
2617 1653 2763 1707 enim
2794 1669 2892 1724 per
2917 1654 3131 1709 occulta
3162 1653 3250 1708 illa
3281 1668 3432 1725 spem
3463 1653 3753 1708 liberatio-

2145 1744 2230 1798 nis
2276 1743 2506 1808 habuit,
2556 1743 2634 1798 sic
2675 1743 2899 1814 quilibet
2937 1743 3116 1813 justus
3162 1758 3260 1814 per
3306 1743 3751 1798 incarnationem

453 1837 508 1891 id
526 1847 610 1891 est
626 1838 893 1893 mundabo
913 1838 1148 1893 «lectum
1171 1853 1374 1904 meum,
1397 1857 1416 1889 ι
1435 1838 1489 1892 id
1503 1847 1585 1893 est
1599 1853 1818 1894 carnem
1841 1854 2040 1907 meam,
2073 1831 2119 1892 Β
2147 1834 2350 1892 Christi
2397 1843 2581 1905 sperat
2614 1851 2644 1889 a
2671 1843 2939 1907 potestate
2967 1835 3168 1892 diaboli
3197 1835 3439 1891 liberari.
3491 1834 3752 1890 Psalmus

453 1927 630 1982 eundo
665 1947 681 1978 ι
713 1942 808 1997 per
830 1928 1068 1998 singulas
1098 1937 1306 1993 noctes,
1333 1948 1350 1980 ι
1378 1928 1431 1983 id
1458 1936 1542 1983 est
1567 1943 1664 1998 per
1684 1928 1892 1999 singula
1915 1943 2042 1999 pec-

453 2028 596 2086 cata,
626 2033 746 2089 quae
790 2026 980 2072 noctes
1023 2019 1275 2072 dicuntur
1299 2059 1313 2084 ,
1342 2017 1468 2087 quia
1500 2026 1779 2073 excatcant
1807 2026 2043 2073 mentem

452 2124 549 2180 per
598 2094 979 2179 ignorantiam.
1019 2107 1160 2164 Caro
1207 2109 1404 2164 dicitur
1449 2109 1654 2176 lectus,
1685 2109 1810 2180 quia
1862 2110 2043 2164 anima

451 2199 685 2270 quiescit
709 2199 764 2254 in
789 2215 853 2254 ea
876 2200 1267 2256 consentiendo
1295 2201 1745 2257 delectationibus
1767 2201 1902 2272 ejus.
1926 2200 2045 2257 Non

454 2305 664 2352 tantum
695 2295 904 2359 lavabo,
934 2296 1030 2351 sed
1051 2296 1217 2351 etiam
1245 2315 1262 2346 ι
1295 2297 1501 2367 rigabo,
1527 2317 1545 2349 ι
1579 2296 1632 2352 id
1651 2305 1734 2352 est
1761 2297 1828 2352 ad
1853 2295 2045 2350 fructi-

453 2389 722 2444 licandum
767 2389 971 2460 parabo
1016 2407 1034 2440 ‹
1064 2389 1320 2462 lacrymis
1369 2391 1506 2447 meis
1543 2411 1562 2444 ι
1599 2391 1951 2446 interioribus
1990 2398 2045 2446 et

454 2481 838 2538 exterioribus.
861 2481 1349 2554 Interiorlacryma
1377 2490 1461 2537 est
1483 2482 1827 2553 compunctio
1854 2501 1872 2533 ι
1901 2491 2042 2537 stra-

453 2583 567 2629 tum
612 2589 816 2640 meum,
859 2593 877 2626 ι
926 2574 978 2629 id
1036 2581 1121 2628 est
1164 2589 1383 2628 carnem
1414 2589 1622 2638 meam,
1663 2588 1783 2645 qum
1816 2583 2045 2629 stratum

453 2666 672 2730 dicitur,
703 2665 1002 2720 secundum
1031 2664 1176 2733 quod
1202 2671 1402 2718 nostrae
1423 2663 1779 2718 dominationi
1808 2664 2047 2718 subster-

453 2758 621 2812 nitur.
662 2756 766 2810 Per
795 2756 1118 2826 rigationem
1145 2757 1290 2811 enim
1325 2756 1688 2828 lacrymarum
1715 2756 1890 2826 ipsum
1921 2771 2045 2812 cor-

453 2865 555 2921 pus
602 2856 788 2918 aptum
833 2848 893 2901 lit
934 2848 1002 2902 ad
1046 2847 1549 2915 fructiﬁcationem,
1586 2849 1729 2905 sicut
1757 2859 1902 2904 terra
1950 2865 2046 2920 per

455 2943 778 3018 rigationem
822 2942 1077 3020 aqutead
1106 2942 1540 2999 fructiﬁcandum
1582 2953 1938 3014 praeparatur.
1981 2943 2048 3000 Et

455 3035 508 3089 in
541 3036 644 3089 hoc
673 3050 834 3089 versu
856 3035 1095 3091 ostendit
1121 3034 1569 3090 satisfactionem.

530 3147 548 3177 ι
581 3126 848 3182 Laboravi
877 3146 895 3179 ι
924 3137 979 3183 et
1000 3147 1017 3178 (
1046 3127 1258 3192 lavabo,
1281 3147 1299 3185 ι
1324 3128 1452 3198 quia
1479 3146 1497 3179 ι
1525 3127 1714 3183 oculus
1744 3143 1895 3183 meus
1923 3147 1942 3180 ι
1967 3128 2048 3183 in-

2147 1927 2252 1982 iste
2274 1926 2528 1982 convenit
2556 1927 2744 1992 David,
2777 1927 2830 1982 id
2861 1935 2945 1982 est
2972 1927 3090 1996 ipso
3117 1927 3402 1982 Dominico
3428 1925 3673 1992 homini,
3694 1932 3752 1980 et

2146 2018 2400 2074 omnibus
2437 2017 2624 2088 justis,
2655 2019 2782 2088 quia
2833 2017 2924 2072 hic
2970 2017 3197 2087 quilibet
3237 2017 3418 2087 justus
3456 2016 3746 2087 loquitur:

2147 2126 2308 2183 quem
2352 2109 2617 2181 psalmum
2647 2111 2886 2166 cantavit
2931 2109 3178 2176 Domino,
3209 2110 3264 2164 id
3283 2117 3368 2165 est
3397 2125 3523 2165 cum
3557 2108 3747 2164 exsul-

2147 2206 2375 2271 tatione,
2397 2219 2498 2275 pro
2518 2204 2604 2260 his
2633 2219 2754 2274 qua:
2781 2204 2837 2258 in
2856 2203 2961 2258 hoc
2983 2203 3188 2273 psalmo
3209 2212 3355 2268 sunt,
3371 2201 3617 2256 laudavit
3646 2201 3750 2256 Do-

2147 2300 2375 2354 minum.
2401 2297 2591 2354 Omnis
2612 2297 2757 2352 enim
2775 2296 2950 2366 justus
2971 2311 3070 2367 pro
3090 2295 3175 2350 his
3200 2310 3319 2366 qua:
3333 2295 3389 2349 in
3409 2295 3515 2349 hoc
3534 2294 3750 2365 psalmo

2149 2393 2518 2457 continentur,
2545 2405 2669 2446 cum
2697 2391 3058 2446 exsultatione
3088 2388 3271 2443 laudat
3297 2387 3609 2443 Dominum.
3643 2386 3750 2442 Pro

2147 2468 2330 2542 verbis
2372 2484 2559 2550 Chusi,
2592 2485 2647 2539 id
2689 2491 2774 2540 est
2812 2498 2913 2554 pro
2954 2481 3397 2538 manifestatione
3427 2479 3658 2553 silentii,
3693 2480 3747 2533 id

2149 2587 2234 2635 est
2257 2577 2647 2633 incarnationis
2681 2576 2907 2642 Christi,
2931 2591 3052 2647 qua:
3079 2577 3169 2631 hic
3204 2573 3608 2630 manifestatur.
3640 2572 3750 2626 Iste

2147 2669 2390 2740 psalmus
2421 2667 2535 2740 agit
2559 2668 2626 2723 de
2666 2667 2905 2734 silentio,
2931 2668 2985 2722 id
3007 2675 3091 2723 est
3115 2667 3181 2722 de
3206 2665 3586 2722 incarnatione
3609 2664 3707 2718 Dei
3733 2682 3745 2717 :

2149 2761 2293 2831 quod
2320 2759 2616 2827 silentium,
2642 2759 2696 2814 id
2718 2767 2801 2814 est
2825 2759 3098 2815 occultum
3128 2766 3248 2814 erat
3274 2759 3329 2813 in
3355 2765 3602 2828 tempore
3631 2754 3747 2811 illo.

2148 2851 2275 2923 Agit
2303 2851 2469 2905 etiam
2497 2851 2564 2906 de
2588 2850 2802 2907 occulto
2831 2849 3046 2906 silentio
3064 2891 3078 2915 ,
3109 2848 3316 2905 scilicet
3351 2847 3566 2918 judicii,
3600 2846 3746 2916 quod

2150 2945 2312 2998 modo
2358 2953 2595 3010 exercet,
2625 2943 2831 2998 scilicet
2873 2943 3017 3011 quod
3045 2941 3217 2997 malos
3245 2941 3510 3013 permittit
3537 2954 3748 3010 prazvav

2151 3035 2264 3090 lere
2292 3034 2470 3099 bonis,
2504 3043 2558 3090 et
2586 3049 2681 3090 eos
2722 3035 2939 3090 diverso
2981 3049 3176 3106 genere
3217 3047 3502 3104 poenarum
3533 3031 3742 3104 alﬂigit.

2153 3122 2320 3180 Chusi
2352 3140 2588 3196 namque
2630 3125 2903 3181 silentium
2949 3125 3356 3196 interpretatur,
3385 3123 3588 3179 silentii
3619 3124 3744 3178 dico

457 3218 646 3285 terior,
677 3218 730 3273 id
754 3227 836 3274 est
867 3218 1006 3274 ratio
1033 3238 1052 3270 ‹
1083 3220 1328 3274 turbatus
1355 3228 1457 3284 est,
1497 3239 1515 3270 ›
1551 3218 1604 3273 id
1625 3225 1708 3273 est
1732 3219 2053 3288 perterritus
2080 3206 2125 3270 C
2159 3219 2254 3274 filii
2281 3219 2530 3286 Gemini,
2561 3219 2616 3274 id
2639 3229 2723 3274 est
2752 3219 2994 3290 generali
3017 3234 3048 3273 a
3076 3218 3461 3289 propitiatione
3491 3216 3611 3272 Dei.
3641 3214 3746 3272 Ge-

454 3319 538 3366 est
564 3329 580 3360 ‹
619 3326 651 3364 a
674 3309 876 3376 furore,
913 3331 932 3362 ι
960 3310 1013 3365 id
1034 3318 1118 3365 est
1141 3325 1171 3364 a
1191 3324 1354 3365 causa
1375 3308 1575 3364 furoris
1593 3307 1755 3379 quem
1777 3308 2054 3364 exercebit

456 3405 718 3462 Dominus
744 3405 798 3458 in
824 3403 910 3460 die
934 3403 1146 3475 judicii.
1174 3403 1240 3458 Et
1265 3403 1462 3458 merito
1487 3403 1733 3457 turbatus
1763 3410 1846 3456 est
1873 3420 1892 3452 ς
1923 3401 2050 3471 quia

462 3519 479 3550 ι
511 3497 845 3562 inveteravi,
875 3516 892 3548 ι
931 3497 985 3552 id
1023 3503 1109 3552 est
1139 3511 1262 3551 cum
1313 3495 1565 3550 deberem
1594 3510 1715 3550 esse
1746 3496 2051 3550 membrum

457 3593 579 3647 novi
627 3591 893 3657 hominis,
938 3591 1015 3646 fui
1058 3591 1361 3646 membrum
1392 3591 1595 3646 veteris
1616 3633 1630 3657 ,
1662 3592 1734 3645 ita
1767 3591 1911 3661 quod
1944 3591 2048 3647 sim

456 3688 650 3756 dignus
699 3685 878 3755 abjici,
908 3685 1050 3741 sicut
1094 3686 1264 3742 Vetus
1317 3686 1725 3742 Testamentum
1755 3706 1767 3742 :
1794 3688 2049 3745 habitans

462 3798 479 3830 ι
507 3780 648 3835 inter
689 3795 878 3836 omnes
908 3780 1159 3836 inimicos
1195 3795 1365 3847 meos,
1397 3800 1416 3830 ι
1450 3780 1504 3836 id
1534 3788 1619 3835 est
1644 3795 1875 3850 operans
1925 3797 2049 3837 cum

455 3873 603 3928 omni
652 3888 852 3945 genere
902 3873 1137 3942 peccati,
1183 3873 1390 3929 scilicet
1426 3873 1696 3938 adulterii,
1730 3873 2050 3929 fornicatio-

457 3966 562 4031 nis,
591 3975 695 4022 etc.

527 4058 640 4129 Ego
689 4059 987 4114 inveteravi
1024 4059 1168 4114 inter
1217 4073 1406 4114 omnes
1453 4059 1706 4114 inimicos
1743 4073 1926 4126 meos;
1955 4061 2050 4115 sed

459 4151 565 4223 jam
607 4166 704 4207 vos
737 4171 756 4202 ί
788 4167 978 4208 omnes
1020 4151 1113 4220 qui
1159 4151 1455 4222 operamini
1487 4151 1852 4221 iniquitatem,
1886 4170 1903 4202 ι
1933 4152 2053 4222 qui-

461 4259 672 4314 cunque
713 4245 867 4310 estis,
915 4265 932 4295 ‹
973 4244 1234 4299 discedite
1280 4260 1311 4298 a
1340 4260 1426 4299 me
1461 4264 1479 4297 ι
1511 4244 1881 4315 spiritualiter,
1923 4245 2051 4314 quia

463 4333 718 4403 deinceps
752 4334 876 4390 nolo
914 4334 1112 4390 malum
1157 4335 1374 4405 operari
1419 4337 1714 4401 vobiscum,
1747 4355 1766 4387 ι
1796 4337 2051 4406 quoniam

469 4447 485 4477 ι
515 4426 792 4482 exaudivit
821 4427 1082 4484 Dominus
1115 4441 1303 4484 vocem
1324 4428 1481 4485 fletus
1503 4431 1632 4496 mei,
1662 4449 1680 4485 ι
1708 4429 1763 4486 id
1795 4439 1880 4486 est
1905 4447 2053 4488 com-

464 4518 771 4588 punctionis
797 4534 951 4586 mem.
978 4519 1234 4591 quoniam
1262 4522 1536 4578 exaudivit
1555 4522 1912 4579 condonaudo
1930 4537 2054 4593 pee-

468 4617 610 4663 cata.

541 4720 558 4750 ι
589 4699 876 4756 Exaudivit
903 4702 1162 4759 Dominus
1201 4704 1640 4774 deprecationem
1666 4723 1864 4774 meam,
1891 4728 1910 4761 ι
1944 4709 2050 4765 sci-

468 4791 612 4856 licet,
638 4806 704 4844 ne
742 4790 1000 4862 deinceps
1029 4808 1331 4862 pcccarem,
1363 4812 1381 4845 σ
1411 4804 1467 4849 et
1493 4796 1609 4866 ipse
1637 4798 1899 4854 Dominus
1928 4813 2050 4853 ora-

468 4883 668 4937 tionem
711 4897 890 4939 meam
942 4888 1179 4956 suscepit
1219 4888 1260 4958 »Ι
1280 4887 1456 4943 dando
1485 4889 1733 4945 virtutes.
1773 4891 1866 4947 Bis
1900 4893 2052 4963 ponit

473 4993 492 5024 ι
527 4973 806 5040 Dominus,
842 4995 862 5028 ›
889 4984 946 5031 et
972 4978 1140 5032 semel
1174 4998 1192 5030 ‹
1227 4979 1390 5045 Deus,
1426 4999 1444 5031 ι
1475 4989 1531 5035 et
1552 4981 1626 5036 ita
1652 4983 1909 5052 exprimit
1933 4983 2052 5041 Tri-

469 5065 716 5120 nitatem.
765 5065 842 5120 Ex
878 5082 986 5137 quo
1015 5068 1180 5134 dixit,
1218 5087 1237 5120 ι
1271 5070 1530 5126 discedite
1570 5086 1602 5126 a
1651 5087 1758 5138 me,
1799 5093 1818 5126 ›
1851 5075 2059 5132 notavit

470 5157 901 5213 emendationem
932 5161 1076 5229 quod
1107 5161 1328 5217 ulterius
1359 5178 1465 5219 non
1491 5173 1760 5236 peccaret.

543 5247 642 5303 Hic
669 5256 790 5302 orat
820 5265 916 5320 pro
946 5251 1199 5308 inimicis.
1229 5253 1439 5310 Justum
1466 5259 1610 5313 enim
1643 5268 1794 5326 erat,
1826 5270 1885 5316 ut
1917 5263 2056 5318 sicut

471 5341 686 5397 veniam
718 5352 1040 5399 consecutus
1089 5345 1282 5410 fuerat,
1312 5346 1390 5401 ita
1429 5357 1485 5404 et
1527 5350 1650 5406 aliis
1699 5354 2052 5410 condonaret.

472 5430 856 5488 Continuatio:
889 5453 906 5484 ι
936 5434 1196 5491 Dominus
1241 5439 1517 5494 exaudivit
1544 5457 1650 5505 me,
1685 5463 1704 5496 ι
1740 5445 1860 5501 ideo
1886 5465 1904 5498 ι
1948 5448 2055 5503 ini-

475 5522 602 5578 mici
643 5525 747 5579 mei
782 5545 799 5575 ›
836 5525 1241 5582 considerantes
1271 5543 1359 5584 me
1386 5547 1403 5580 ε
1430 5532 1757 5588 erubescant
1777 5555 1794 5586 ι
1816 5535 1879 5590 de
1901 5536 2055 5592 malis

476 5614 732 5684 operibus
751 5617 863 5672 suis
884 5637 900 5668 ‹
929 5625 982 5673 et
1005 5619 1394 5676 conturbentur
1415 5642 1433 5674 ι
1466 5624 1657 5679 timore
1679 5624 1844 5682 futuri
1865 5627 2057 5698 judicii

481 5721 502 5758 ι
531 5705 901 5776 vehementer,
934 5730 952 5763 ι
990 5710 1043 5764 id
1072 5720 1175 5777 est,
1207 5711 1279 5766 ita
1310 5721 1368 5766 ut
1401 5717 1701 5784 paeniteant
1744 5727 1799 5773 et
1835 5735 2056 5776 conver-

475 5805 664 5854 tantur
700 5800 766 5855 ad
808 5801 945 5858 bona
980 5819 1180 5876 opera,
1217 5815 1271 5862 et
1313 5817 1436 5878 post
1475 5812 1883 5868 conversionem
1925 5829 2052 5868 eru-

2075 4574 2130 4636 D

2154 3314 2336 3368 minus
2357 3329 2486 3368 vero
2510 3313 2729 3368 dextera
2750 3315 3136 3384 interpretatur
3159 3331 3172 3368 :
3196 3329 3294 3383 per
3313 3313 3594 3368 dexteram
3613 3326 3744 3368 vero

2152 3405 2469 3475 propitiatio
2501 3404 2836 3476 intelligitur.
2861 3403 3109 3460 Psalmus
3135 3403 3278 3470 dico,
3308 3403 3548 3476 dirigens
3589 3402 3743 3458 audi-

2154 3511 2300 3555 tores
2324 3499 2378 3554 in
2405 3498 2588 3565 linem,
2615 3499 2667 3554 id
2699 3509 2781 3553 est
2804 3499 2858 3553 in
2884 3497 3156 3553 Christum
3186 3513 3284 3567 per
3313 3513 3484 3568 spem.
3515 3496 3738 3552 Materia

2153 3603 2236 3650 est
2262 3595 2581 3666 mysterium
2607 3591 2832 3658 Christi,
2859 3591 2914 3646 id
2936 3600 3019 3646 est
3049 3590 3308 3646 divinitas
3331 3590 3523 3660 juncta
3552 3590 3741 3644 huma-

2153 3688 2308 3743 nitati
2337 3707 2350 3743 :
2375 3688 2441 3743 de
2468 3701 2576 3756 qua
2621 3685 2700 3742 sic
2727 3686 2840 3756 agit
2866 3703 2879 3740 :
2903 3685 3142 3740 ostendit
3169 3684 3554 3738 exaltationem
3602 3683 3741 3738 divi-

2153 3780 2381 3844 nitatis,
2431 3793 2594 3849 quam
2642 3777 2833 3832 habuit
2877 3775 2934 3831 in
2979 3775 3307 3832 vindicando
3354 3775 3423 3831 de
3472 3773 3732 3837 inimicis,

2153 3871 2479 3943 possidendo
2502 3871 2638 3926 lines
2658 3885 2847 3925 eorum
2875 3885 2888 3924 :
2912 3877 2968 3925 et
2986 3869 3221 3926 ostendit
3245 3866 3388 3938 quod
3415 3865 3575 3922 faciat
3595 3864 3736 3936 judi-

2154 3966 2297 4021 cium
2322 3963 2390 4018 de
2411 3963 2557 4018 omni
2578 3963 2745 4034 justo,
2775 3972 2886 4018 tam
2908 3963 2975 4018 de
2998 3961 3277 4019 Dominico
3308 3961 3548 4025 homine,
3576 3974 3740 4029 quam

2156 4057 2220 4112 de
2241 4056 2380 4121 aliis,
2405 4064 2460 4110 et
2481 4057 2548 4112 de
2566 4057 2716 4111 omni
2737 4057 2926 4126 impio.
2949 4055 3165 4112 Judicat
3191 4054 3336 4111 enim
3363 4054 3506 4108 Deus
3529 4064 3744 4120 semper

2156 4149 2208 4203 in
2235 4148 2336 4203 hac
2360 4150 2471 4203 vita
2495 4149 2672 4218 justos
2699 4163 2819 4204 esse
2841 4147 3141 4219 puniendos
3161 4148 3228 4202 ab
3253 4145 3436 4217 impiis
3462 4144 3528 4199 ad
3557 4158 3744 4198 eorum

2154 4243 2540 4315 perfectionem
2564 4262 2578 4298 :
2598 4243 2741 4314 quod
2756 4241 3018 4312 judicium
3041 4241 3136 4298 Dei
3157 4241 3390 4298 ostendit
3412 4254 3508 4294 eos
3537 4239 3747 4309 patien-

2157 4345 2241 4392 ter
2283 4337 2572 4401 sustinere,
2604 4345 2660 4390 et
2703 4335 2824 4390 ideo
2851 4349 3030 4390 orare.
3072 4332 3275 4389 Deinde
3317 4331 3470 4403 ponit
3499 4329 3747 4385 admoni-

2160 4430 2361 4484 tionem
2396 4429 2708 4499 impiorum,
2731 4437 2787 4482 et
2815 4428 2892 4483 sic
2927 4427 3156 4482 intendit
3183 4442 3282 4482 nos
3311 4427 3363 4481 in
3393 4439 3509 4494 spe,
3539 4423 3742 4478 consti-

2159 4530 2330 4576 tuere.
2383 4519 2537 4576 Sicut
2567 4519 2803 4574 diximus
2847 4517 3261 4591 (Supra’psalm.
3291 4517 3376 4589 ιιι)
3412 4537 3424 4571 :
3464 4536 3482 4568 ι
3517 4517 3746 4572 Domine

2157 4615 2286 4686 quid
2323 4615 2664 4685 multiplicati
2704 4623 2858 4676 sunt.
2896 4633 2916 4666 ι
2951 4614 3114 4670 tertio
3155 4614 3273 4669 loco
3301 4613 3570 4683 positum,
3617 4612 3743 4682 quia

2159 4707 2272 4779 agit
2292 4706 2358 4762 de
2378 4707 2800 4772 resurrectione,
2825 4721 2946 4776 qua:
2967 4706 3130 4761 tertia
3152 4707 3238 4763 die
3260 4706 3404 4761 facta
3425 4713 3510 4760 est
3549 4723 3563 4758 :
3600 4705 3675 4760 ita
3695 4714 3749 4762 et

2159 4801 2322 4854 istum
2347 4811 2637 4867 possumus
2676 4796 2857 4851 dicere
2903 4797 3214 4867 septimum,
3247 4797 3373 4866 quia
3405 4795 3517 4866 agit
3554 4795 3624 4851 de
3654 4810 3746 4866 spe

2159 4891 2213 4945 in
2238 4904 2344 4959 qua
2374 4888 2737 4958 quiescimus,
2765 4890 2906 4944 sicut
2935 4889 3194 4945 Dominus
3223 4890 3309 4944 die
3334 4888 3565 4960 septimo
3591 4887 3747 4958 quie-

2157 4983 2255 5039 vit.
2307 4981 2490 5037 Justus
2519 4980 2600 5036 vel
2637 4981 2885 5037 Christus
2913 4982 3001 5037 hic
3028 4981 3252 5053 loquens
3272 5024 3286 5050 ,
3316 4984 3530 5054 patiens
3563 4995 3748 5052 pem

2163 5084 2380 5132 cutores
2402 5091 2524 5131 cum
2549 5075 2829 5146 patientia,
2849 5077 3128 5146 praemittit
3153 5079 3455 5134 orationem
3476 5089 3537 5135 ut
3559 5079 3749 5136 libere-

2163 5178 2254 5224 tur
2284 5170 2353 5225 ab
2395 5169 2629 5224 inimicis
2649 5209 2666 5236 ,
2695 5170 2881 5225 dicens
2906 5189 2918 5224 :
2951 5189 2969 5222 ‹
2996 5172 3242 5240 Domine,
3267 5192 3284 5224 ι
3311 5174 3403 5244 qui
3444 5174 3743 5234 dominium

2163 5262 2332 5319 habes
2358 5283 2375 5316 ‹
2404 5262 2567 5328 Deus,
2598 5283 2617 5317 ι
2652 5263 2707 5318 id
2733 5270 2816 5318 est
2841 5272 3054 5321 creator
3079 5268 3348 5335 omnium,
3375 5270 3468 5340 qui
3496 5288 3513 5321 ι
3544 5287 3699 5328 meus
3719 5294 3738 5326 ι

2163 5375 2222 5416 es
2248 5373 2346 5427 per
2374 5357 2800 5413 familiaritatem
2832 5376 2850 5408 ‹
2885 5359 2938 5413 in
2971 5368 3024 5415 te
3054 5361 3287 5431 speravi.
3319 5381 3339 5414 ›
3372 5360 3440 5417 Et
3457 5362 3556 5418 hic
3585 5374 3743 5420 nota-

2163 5465 2286 5504 mus
2312 5450 2686 5515 intentionem,
2722 5467 2742 5500 ‹
2773 5460 2829 5503 et
2857 5449 2978 5506 idco
3009 5450 3215 5506 salvum
3259 5468 3346 5508 me
3377 5453 3482 5519 fac,
3509 5474 3526 5507 ι
3550 5472 3629 5512 ne
3651 5471 3737 5513 ce-

2161 5541 2281 5594 dam
2316 5539 2704 5594 tentationibus
2728 5539 3068 5596 inimicorum
3097 5563 3114 5594 (
3145 5560 3252 5610 me,
3292 5566 3309 5596 ι
3342 5547 3485 5614 dico,
3514 5563 3613 5618 per
3640 5550 3742 5607 hoc

2159 5638 2466 5699 exemptum
2495 5649 2513 5680 c
2547 5645 2615 5685 ex
2643 5632 2893 5686 omnibus
2937 5636 3383 5704 persequentibus
3422 5655 3540 5704 me,
3577 5658 3595 5691 ι
3635 5652 3742 5697 tam

2158 5721 2520 5776 exterioribus
2569 5738 2733 5792 quam
2778 5725 3159 5794 interioribus,
3200 5750 3217 5780 ‹
3250 5739 3305 5785 et
3357 5729 3524 5788 libera
3575 5748 3687 5799 me,
3716 5753 3734 5786 ι

2159 5812 2368 5868 scilicet
2391 5829 2457 5867 ne
2485 5813 2625 5869 ultra
2653 5815 2934 5888 insurgunt
2961 5821 3244 5876 adversum
3276 5839 3378 5878 me.
