3984 6468
266 423 371 478 217

1431 418 1870 476 EXPLANATIO
1906 361 1971 474 ii
2012 419 2348 502 PSALMOS.

3418 430 3522 489 218

337 541 462 602 [deo
500 539 649 605 dico,
685 557 704 590 ι
729 538 935 595 salvum
961 550 1050 592 me
1074 535 1195 605 fac,
1223 539 1510 610 nequando
1538 539 1713 610 rapiat
1744 539 1848 594 ini-
1874 545 1927 603 Α
1951 538 2290 610 cognitione,
2364 541 2439 594 ita
2497 549 2557 595 ut
2591 540 2668 596 sis
2715 541 2769 595 in
2823 541 2961 608 alto,
3005 544 3244 614 scilicet,
3283 547 3428 605 sicut
3468 559 3524 607 te

267 637 446 691 micus
490 647 645 688 meus
683 632 922 686 animam
954 645 1154 697 meam,
1181 649 1204 685 ι
1234 645 1398 702 agens
1423 639 1483 686 ut
1505 631 1607 686 leo.
1641 630 1716 687 De
1744 630 1846 686 hoc

265 726 510 791 inimico,
528 723 935 796 aitApostolus:
958 741 977 776 ι
998 722 1354 778 Adversarius
1373 731 1558 780 noster
1579 723 1843 790 diabolus,

265 831 524 891 tanquam
548 817 634 874 leo
669 815 887 887 rugiens
912 815 1189 883 circumit,
1215 831 1464 886 quaerens
1494 831 1656 886 quem
1682 817 1846 872 devo-

259 923 347 971 ret
372 913 428 986 (Ι
451 913 596 967 Patr.
621 910 698 984 v),
722 930 740 962 ι
771 928 790 962 ι
813 910 940 965 dum
961 924 1070 965 non
1096 917 1199 976 est,
1232 929 1253 961 ›
1282 909 1337 964 id
1357 918 1458 976 est,
1481 909 1609 978 quia
1634 925 1742 964 non
1763 917 1847 965 est

262 1005 402 1060 alius
439 1022 459 1056 ι
489 1003 582 1074 qui
632 1001 864 1058 redimat
893 1021 911 1054 ι
943 1001 1120 1056 dando
1160 1001 1429 1071 pretium;
1479 1020 1497 1052 ι
1533 1016 1709 1071 neque
1753 1001 1845 1072 qui

260 1095 472 1151 salvum
511 1092 677 1148 faciat
710 1111 728 1143 ι
775 1091 1058 1162 eripiendo
1092 1106 1161 1147 ne
1195 1077 1460 1162 redempti
1488 1092 1689 1148 cedant
1713 1093 1845 1149 insi-

257 1188 365 1246 diis
388 1186 615 1253 inimici,
647 1185 752 1241 nisi
781 1194 857 1240 tu.

326 1278 454 1334 ideo
495 1279 664 1334 debes
692 1277 898 1333 salvum
927 1276 1137 1343 facere,
1167 1277 1294 1348 quia
1321 1293 1432 1333 non
1459 1283 1544 1333 est
1584 1277 1723 1335 alius
1751 1279 1843 1350 qui

256 1371 461 1432 faciat;
487 1371 610 1428 ideo
637 1372 821 1439 etiam,
844 1372 972 1443 quia
1003 1388 1111 1428 non
1139 1373 1388 1429 commisi
1418 1388 1588 1443 quare
1613 1389 1700 1430 me
1722 1390 1844 1446 per-

254 1471 570 1536 sequantur.
605 1464 673 1519 Et
699 1484 716 1516 ι
742 1463 804 1520 Si
851 1479 974 1536 ego,
1006 1464 1237 1520 Domine
1283 1464 1447 1531 Deus,
1479 1463 1585 1521 feci
1630 1466 1795 1533 istud,
1818 1486 1838 1519 ι

254 1556 483 1622 scilicet,
516 1556 561 1612 si
590 1557 731 1612 hanc
759 1556 1193 1628 persecutionem
1224 1556 1440 1613 illorum
1466 1558 1659 1624 merui,
1683 1558 1738 1616 id
1760 1568 1845 1616 est

251 1648 369 1705 haec
413 1649 556 1704 mala
603 1664 723 1720 qua:
752 1649 853 1719 ipsi
900 1649 1034 1704 mihi
1081 1649 1354 1721 ingerunt,
1389 1649 1506 1705 haec
1552 1651 1695 1706 mala
1725 1667 1843 1722 qua:

251 1739 360 1810 iam
401 1741 578 1797 dicam
608 1741 742 1796 mihi
771 1741 1108 1814 contingant.
1147 1741 1216 1796 Et
1248 1757 1358 1813 quo
1399 1742 1571 1798 dixit:
1603 1763 1621 1794 ι
1654 1740 1713 1797 Si
1737 1743 1842 1800 feci

250 1831 422 1900 istud,
465 1852 485 1884 ›
532 1833 858 1889 determinat
902 1849 1026 1890 cum
1070 1834 1251 1889 subdit
1285 1848 1300 1888 :
1341 1853 1360 1886 ε
1393 1833 1452 1890 Si
1474 1843 1559 1890 est
1585 1835 1843 1906 iniquitas

251 1927 307 1982 in
336 1926 586 1983 manibus
623 1926 781 1993 meis,
813 1947 832 1979 ι
868 1927 922 1982 id
949 1935 1034 1983 est
1071 1927 1127 1981 in
1155 1927 1412 1998 operibus
1425 1928 1580 1984 meis.
1602 1928 1842 1984 DeChri-
1867 1911 1916 1970 B

250 2026 340 2073 sto
382 2027 532 2089 patet
571 2019 715 2088 quod
763 2018 964 2074 nullam
1011 2019 1201 2075 habuit
1247 2019 1590 2091 iniquitatem
1619 2039 1632 2075 :
1659 2025 1840 2079 caeteri

244 2108 408 2179 justi,
437 2117 492 2164 et
519 2109 562 2163 si
583 2109 822 2179 peccatis
847 2110 1006 2166 vacui
1052 2125 1163 2166 non
1191 2111 1321 2177 sint,
1351 2121 1536 2166 tamen
1565 2113 1620 2166 in
1649 2128 1831 2184 perse-
1885 2139 1890 2144 -

247 2211 470 2259 cutores
498 2203 628 2258 nihil
650 2204 1013 2259 committunt.
1039 2203 1100 2259 In
1122 2205 1226 2261 hoc
1245 2221 1354 2261 non
1376 2205 1674 2262 commerui
1696 2207 1842 2278 quod

245 2299 328 2356 eis
353 2300 504 2371 prius
534 2299 675 2355 mala
703 2300 1008 2356 intulissem
1034 2319 1048 2355 :
1076 2313 1176 2357 nec
1207 2301 1262 2356 in
1289 2301 1392 2357 hoc
1418 2301 1561 2372 quod
1587 2301 1670 2356 eis
1698 2302 1841 2357 mala

244 2411 346 2467 pro
402 2395 559 2451 malis
601 2395 982 2460 reddidissem,
1027 2406 1083 2450 et
1128 2396 1232 2451 hoc
1280 2404 1364 2452 est
1403 2396 1548 2467 quod
1590 2395 1774 2451 subdit
1825 2414 1838 2450 :

249 2505 272 2537 ι
310 2486 355 2540 si
386 2487 594 2542 reddidi
643 2486 1066 2542 retribuentibus
1115 2486 1250 2542 mihi
1291 2487 1454 2541 mala.
1495 2507 1514 2539 ι
1545 2485 1680 2543 Cum
1710 2486 1843 2544 dicit

247 2578 693 2643 retribuentibus,
726 2586 879 2633 notat
905 2593 964 2634 se
1001 2579 1068 2633 ab
1104 2578 1211 2634 illis
1250 2578 1393 2634 mala
1432 2579 1695 2648 recipere,
1721 2578 1844 2649 qui-

248 2666 354 2724 bus
381 2667 601 2738 pietatis
633 2667 870 2724 olIicium
895 2669 1254 2739 impenderat.
1285 2669 1389 2725 Per
1413 2670 1530 2724 haec
1555 2661 1763 2738 omnia,
1788 2679 1844 2726 et

244 2759 338 2816 hic
365 2763 602 2818 maxime
623 2777 777 2818 suam
801 2764 1149 2820 commendat
1168 2765 1508 2834 patientiam.
1539 2784 1557 2817 ι
1589 2763 1647 2819 Si
1676 2782 1695 2816 ›
1726 2765 1844 2822 haec

252 2873 273 2905 ι
312 2854 437 2921 feci,
467 2853 714 2910 decidam
736 2855 956 2923 merito,
989 2877 1007 2908 ι
1043 2856 1097 2912 id
1125 2866 1210 2912 est
1238 2857 1427 2914 vincar
1453 2876 1472 2910 ι
1502 2858 1570 2914 ab
1602 2857 1840 2914 inimicis

251 2948 392 3003 meis
434 2947 634 3014 inanis,
681 2969 700 3002 ι
750 2950 805 3005 id
834 2958 920 3005 est
958 2949 1162 3005 nullum
1191 2952 1457 3022 recipiens
1489 2951 1724 3008 fructum
1748 2967 1843 3023 pa-

248 3040 475 3106 tientiae,
505 3043 648 3112 quod
674 3043 869 3098 merito
895 3043 1028 3098 mihi
1051 3044 1284 3099 eveniet.
1318 3043 1415 3099 Vel
1437 3043 1615 3100 inanis
1645 3043 1713 3100 ab
1740 3044 1844 3100 ini-

244 3133 438 3200 micis,
469 3134 524 3190 id
562 3144 648 3192 est
686 3135 1007 3202 frustratus,
1052 3136 1256 3193 nullum
1301 3137 1587 3208 acquirens
1627 3137 1694 3194 de
1741 3138 1844 3193 ini-

247 3244 428 3285 nNCIS.

1948 628 2246 684 humiliasti
2269 638 2328 684 ut
2356 640 2409 685 te
2429 641 2820 704 cognoscerent
2834 635 3157 691 assumendo
3179 652 3421 706 carnem,
3442 642 3525 699 sic

1949 730 2002 777 te
2029 724 2243 778 retrahc
2269 723 2325 778 iu
2344 723 2684 781 altitudinem
2706 726 2761 781 in
2785 743 2892 797 qua
2919 727 3088 784 fuisti.
3114 727 3210 785 Vel
3237 751 3255 782 ι
3279 731 3524 809 Exsurge

1946 815 2001 870 in
2037 824 2306 887 praecepto
2346 817 2488 886 quod
2525 818 2801 873 mandasti
2847 837 2864 870 ι
2893 819 2948 874 id
2968 827 3073 887 est,
3097 818 3155 877 in
3173 820 3292 895 lege
3314 839 3520 894 praece-

1944 907 2094 979 pisti,
2137 915 2197 962 ut
2231 909 2287 962 in
2328 908 2562 980 iniquos,
2606 909 3126 982 animadvertamus,
3153 925 3442 988 propterea
3469 928 3525 975 et

1947 1007 2002 1054 tu
2025 999 2182 1070 juxta
2218 1015 2338 1055 eam
2377 1000 2550 1073 legem
2583 1010 2775 1058 contra
2806 1019 2898 1060 eos
2933 1006 3153 1077 insurge
3191 1025 3206 1062 :
3245 1026 3265 1060 ι
3303 1017 3359 1064 et
3395 1030 3414 1062 ι
3446 1011 3525 1067 sic

1950 1111 1969 1143 ι
2000 1106 2273 1164 synagoga
2293 1112 2313 1144 ι
2330 1109 2452 1164 quae
2473 1110 2502 1150 a
2527 1101 2578 1150 te
2603 1104 2827 1166 propter
2849 1107 3079 1154 mortem
3099 1109 3157 1155 et
3173 1101 3522 1171 ignominiam

1945 1184 2041 1241 tibi
2073 1184 2250 1242 illatas
2276 1187 2568 1243 declinavit
2585 1207 2603 1238 ι
2626 1189 2985 1244 circumdabit
3007 1198 3061 1247 te
3091 1210 3110 1244 ι
3141 1192 3196 1248 id
3215 1202 3320 1260 est,
3343 1195 3525 1250 adhaa-

1945 1277 2113 1332 rendo
2144 1277 2239 1333 tibi
2277 1279 2639 1335 circumdabit
2683 1288 2734 1335 te
2775 1299 2788 1334 :
2822 1289 2878 1337 et
2904 1290 3125 1352 propter
3149 1284 3298 1340 illam
3321 1287 3522 1344 conﬁr-

1944 1371 2195 1427 mandam
2226 1373 2512 1444 regredere
2540 1375 2595 1430 in
2627 1374 2793 1430 altum
2821 1374 2875 1429 id
2897 1385 3003 1441 est,
3025 1391 3124 1447 per
3150 1379 3524 1436 ascensionem

1945 1470 1998 1517 te
2015 1472 2294 1534 potentem
2322 1466 2546 1521 ostende
2574 1485 2586 1520 :
2619 1476 2680 1522 ιιι
2706 1467 2799 1537 qui
2830 1467 2926 1522 tibi
2964 1467 3248 1525 humiliato
3284 1472 3524 1528 adhaese-

1943 1567 2087 1624 rant,
2118 1557 2196 1613 sic
2224 1558 2589 1628 glorificatqu
2613 1569 3081 1617 remuneratorem
3111 1562 3414 1618 attendant.

2013 1649 2092 1704 Ex
2105 1665 2212 1720 quo
2226 1650 2382 1716 dixit,
2406 1670 2424 1702 ‹
2446 1666 2678 1724 exsurge
2689 1652 2934 1718 Domine,
2947 1673 2967 1704 ι
2983 1654 3226 1709 ostendit
3235 1653 3525 1711 exaltatio-

1943 1756 2065 1797 nem
2097 1743 2419 1809 divinitatis,
2443 1744 2640 1800 dehinc
2666 1745 2906 1800 ostendit
2925 1746 3192 1816 judicium
3216 1754 3272 1802 et
3299 1761 3526 1802 conver-

1945 1834 2010 1888 tit
2032 1848 2090 1888 se
2113 1835 2182 1889 ad
2216 1849 2351 1889 nos:
2381 1851 2447 1890 ac
2479 1835 2526 1902 si
2559 1835 2765 1892 diceret
2799 1854 2811 1890 :
2843 1837 3102 1892 Dominus
3138 1837 3216 1893 sic
3257 1837 3527 1894 exaltatus

1943 1933 2049 1989 est,
2079 1934 2132 1979 et
2162 1925 2275 1994 ipse
2297 1925 2555 1981 Dominus
2576 1926 2782 1997 judicat
2815 1927 3040 1998 populos
3072 1946 3084 1981 :
3115 1935 3170 1982 et
3205 1937 3262 1982 tu
3295 1948 3313 1980 ι
3342 1928 3528 1984 1)οωί-

1943 2030 2034 2083 ne,
2062 2015 2246 2087 judica
2286 2032 2374 2071 me
2417 2015 2713 2072 secundum
2758 2017 3125 2072 innocentiam
3165 2032 3366 2083 meam,
3414 2035 3433 2069 ι
3471 2016 3528 2073 id

1943 2121 2046 2180 est,
2079 2111 2374 2169 secundum
2395 2113 2539 2168 bona
2569 2127 2735 2184 opera
2765 2128 2887 2168 mea
2921 2131 2940 2163 ι
2970 2120 3026 2168 ct
3054 2113 3349 2168 secundum
3370 2112 3528 2168 inuo-

1942 2202 2206 2268 centiam,
2246 2221 2265 2254 ι
2312 2203 2550 2268 scilicet,
2577 2203 2721 2272 quod
2759 2202 2881 2258 aliis
2918 2217 3026 2258 non
3067 2203 3227 2259 nocui
3251 2244 3266 2270 ,
3309 2222 3327 2255 ι
3363 2217 3528 2274 super

1943 2309 2050 2360 me,
2083 2313 2100 2344 ι
2132 2293 2188 2349 id
2214 2300 2319 2359 est,
2349 2309 2381 2348 a
2409 2293 2658 2364 supernis
2683 2293 2817 2349 mihi
2843 2293 2991 2348 data.

2021 2406 2040 2439 ι
2065 2385 2256 2443 Judica
2283 2402 2371 2443 me
2388 2408 2408 2440 ›
2435 2387 2580 2454 dico,
2603 2396 2696 2462 et}
2729 2397 3100 2453 consumetur,
3128 2387 3222 2443 i'id
3240 2396 3341 2455 est,
3367 2387 3529 2456 perﬁ-

1944 2480 2117 2536 cietur
2129 2480 2184 2534 in
2205 2495 2293 2536 me
2311 2479 2482 2548 justo,
2498 2490 2658 2536 utme
2680 2481 2974 2538 secundum
2991 2480 3323 2536 voluntatem
3339 2480 3530 2552 nequi-

1946 2575 2033 2630 tiae
2063 2591 2174 2631 sua:
2204 2574 2452 2630 crucient
2479 2593 2498 2626 ι
2528 2575 2772 2644 nequitia
2791 2585 3138 2645 peccatorum
3173 2595 3192 2628 ι
3227 2583 3282 2631 et
3307 2591 3404 2646 per
3425 2575 3530 2630 hoc

1951 2686 1970 2718 ‹
2015 2666 2218 2738 diriges
2237 2667 2448 2735 justum
2480 2685 2500 2718 ι
2537 2666 2608 2722 ad
2639 2674 2710 2720 te.
2735 2665 2794 2720 In
2819 2668 2923 2722 hoc
2952 2682 3116 2723 versu
3143 2675 3367 2722 notatur
3385 2666 3530 2736 judi-

1945 2761 2090 2817 cium
2113 2758 2338 2829 justi.et
2364 2760 2537 2831 impii.
2575 2759 2731 2827 Quod
2758 2761 2904 2815 enim
2930 2760 3083 2826 dicit,
3123 2767 3183 2814 ut
3212 2769 3532 2830 peccatores

1946 2861 2271 2908 consumant
2303 2852 2604 2922 nequitiam
2649 2866 2829 2918 suam,
2864 2851 2921 2906 in
2947 2865 3012 2906 eo
3035 2848 3302 2920 judicium
3338 2863 3531 2920 pecca-

1946 2959 2125 3004 torum
2152 2947 2474 3004 ostenditur.
2506 2945 2722 3002 Justum
2749 2945 2892 3002 enim
2921 2954 3025 3012 est,
3053 2954 3113 3000 ut
3139 2963 3158 2996 ι
3198 2945 3290 3015 qui
3319 2945 3374 2998 in
3414 2959 3531 2999 sor-

1944 3040 2102 3096 dibus
2121 3047 2223 3106 est,
2255 3037 2752 3095 sordescatadhuc.
2779 3036 2962 3108 (Apoc.
2994 3035 3151 3103 xxn).
3184 3053 3203 3088 ›
3237 3033 3373 3090 Cum
3395 3031 3532 3088 dicit

1943 3141 2065 3205 post
2095 3131 2393 3202 nequitiam
2424 3137 2773 3201 peccatorum
2801 3135 3231 3184 consummatam
3261 3126 3318 3180 in
3342 3124 3528 3194 justis,

1946 3226 2092 3296 ipsos
2110 3223 2288 3294 justus
2315 3223 2494 3293 dirigi,
2528 3205 2970 3292 ponit'judicium
2988 3219 3280 3288 justorum.
3314 3217 3532 3273 Iudicat

317 3317 525 3376 Praater
551 3320 656 3376 hoc
681 3321 908 3389 malum,
937 3322 1042 3378 hoc
1061 3323 1227 3378 etiam
1251 3322 1387 3378 mihi
1420 3322 1567 3377 aliud
1596 3323 1829 3388 eveniat,
1866 3285 1912 3350 ο
1944 3285 2090 3375 enim
2114 3318 2258 3372 Deus
2287 3331 2436 3382 suos,
2464 3314 2746 3386 probando
2786 3312 3182 3384 persecutione.
3226 3310 3284 3365 In
3310 3308 3530 3365 Christo

245 3414 460 3471 scilicet
487 3435 507 3468 ι
542 3425 904 3488 persequatur
939 3437 957 3471 ι
996 3418 1050 3472 id
1076 3425 1179 3484 est,
1212 3419 1489 3490 impugnet
1525 3437 1544 3469 ι
1583 3418 1836 3476 inimicus

246 3511 489 3564 animam
524 3524 702 3564 meam
740 3529 760 3562 ι
795 3509 1023 3576 scilicet,
1057 3510 1303 3566 diabolus
1332 3522 1389 3565 et
1430 3511 1673 3566 membra
1695 3509 1834 3580 ejus,

254 3617 273 3650 ι
317 3607 373 3652 et
403 3598 830 3668 comprehendat
865 3619 884 3654 ι
932 3599 986 3653 id
1011 3607 1119 3664 est,
1151 3599 1252 3654 sibi
1291 3599 1646 3654 succumbere
1672 3599 1839 3655 faciat

253 3709 273 3742 ι
318 3690 486 3745 vitam
535 3705 712 3745 meam
750 3711 770 3744 ι
812 3691 866 3746 id
905 3699 1019 3758 est,
1069 3691 1308 3745 animam
1334 3704 1430 3762 per
1461 3705 1624 3760 quam
1653 3691 1839 3746 vivere

245 3781 423 3838 debeo
454 3801 473 3833 ι
500 3792 557 3838 et
585 3783 868 3840 conculcet
896 3805 917 3838 ι
957 3784 1011 3839 id
1049 3792 1152 3850 est,
1194 3783 1379 3839 multis
1412 3782 1838 3854 turpitudinibus

242 3893 332 3934 me
359 3877 823 3950 contemptibilem
855 3879 1070 3944 reddat,
1093 3878 1146 3932 in
1177 3886 1384 3932 tantum
1419 3885 1480 3932 ut
1509 3877 1582 3932 sit
1604 3877 1659 3931 in
1691 3886 1838 3932 terra

239 3985 494 4043 prorsus,
529 3971 584 4027 id
619 3980 704 4028 est
740 3971 924 4027 dedita
963 3970 1216 4036 terrenis,
1247 3985 1346 4041 per
1367 3971 1514 4042 quod
1547 3969 1654 4024 erit
1683 3970 1837 4026 cibus

243 4065 449 4122 diaboli
477 4084 496 4118 ι
522 4075 579 4121 et
598 4065 826 4138 gloriam
853 4080 1030 4122 meam
1052 4086 1071 4117 ι
1101 4064 1157 4120 id
1186 4073 1289 4130 est,
1319 4064 1585 4119 rationem
1614 4077 1790 4118 meam
1815 4080 1830 4116 :

240 4175 366 4230 quae
402 4161 524 4216 ideo
557 4161 758 4217 dicitur
785 4161 915 4216 mihi
954 4160 1148 4232 gloria,
1178 4157 1306 4228 quia
1332 4174 1431 4230 per
1455 4173 1577 4214 eam
1605 4172 1724 4212 sum
1759 4157 1837 4212 si-

243 4253 390 4308 milis
431 4255 544 4310 Deo
579 4273 596 4306 ‹
636 4255 866 4311 deducat
899 4255 952 4309 in
980 4254 1254 4326 pulverem
1299 4271 1318 4304 ›
1372 4252 1427 4308 id
1463 4259 1564 4315 est,
1601 4250 1832 4307 similem

242 4341 412 4398 faciat
441 4345 676 4418 pulveri,
707 4346 931 4412 scilicet,
959 4345 1103 4417 quod
1122 4345 1264 4400 sicut
1289 4343 1467 4416 pulvis
1494 4358 1602 4399 non
1626 4343 1834 4400 resistit

243 4448 434 4505 vento,
458 4439 533 4494 ita
558 4453 662 4495 nec
694 4440 832 4495 ratio
860 4455 977 4494 mea
1008 4439 1226 4495 resistat
1253 4437 1488 4495 diabolo.

323 4552 342 4584 ‹
364 4532 421 4588 Si
442 4533 546 4589 feci
575 4534 741 4599 istud,
766 4553 786 4586 ι
807 4533 922 4590 haec
941 4533 1200 4605 praedicta
1216 4532 1360 4588 mala
1381 4533 1514 4587 mihi
1537 4533 1791 4588 eveniant
1813 4550 1826 4586 :

1942 3411 2046 3468 fuit
2073 3417 2448 3467 consummata
2475 3408 2719 3479 nequitia
2743 3405 3074 3473 Iudaeorum,
3106 3404 3324 3476 quando
3344 3403 3524 3458 cruci-

1940 3503 2085 3559 fixus
2119 3511 2246 3558 est:
2290 3502 2531 3558 directus
2569 3509 2652 3557 est
2699 3499 2816 3570 ipse
2839 3497 3020 3569 justus
3051 3497 3272 3568 quando
3309 3511 3342 3550 a
3383 3510 3529 3550 mor-

1939 3597 2051 3650 tuis
2071 3593 2328 3650 surrexit.
2354 3593 2506 3649 Decii
2529 3591 2774 3662 nequitia
2791 3599 3165 3647 consummata
3193 3587 3296 3643 fuit
3317 3587 3373 3642 in
3386 3586 3528 3642 Lau-

1939 3687 2141 3753 rentio,
2169 3701 2294 3741 cum
2313 3701 2438 3740 eum
2461 3700 2558 3754 per
2581 3687 2758 3755 ignem
2781 3683 3002 3739 occidit.
3031 3681 3295 3736 Similiter
3321 3681 3388 3736 de
3408 3679 3530 3735 aliis

1934 3775 2101 3847 justis
2135 3783 2314 3845 atquaa
2349 3773 2535 3844 impiis
2556 3772 2743 3842 judica
2787 3769 3086 3827 secundum
3124 3768 3434 3838 justitiam:
3471 3778 3528 3823 tu

1941 3870 2063 3927 dico
2096 3888 2116 3922 ι
2148 3875 2403 3924 scrutans
2428 3865 2612 3931 corda,
2644 3884 2662 3916 ι
2689 3863 2742 3918 id
2766 3871 2876 3929 est,
2905 3859 3144 3932 perfecte
3163 3858 3354 3914 videns
3376 3860 3526 3930 cogi-

1940 3963 2194 4028 tationes,
2226 3980 2245 4013 ι
2277 3969 2332 4016 et
2362 3974 2543 4025 renes,
2583 3977 2604 4011 ι
2634 3957 2690 4013 id
2713 3965 2798 4013 est
2823 3953 3068 4012 carnales
3099 3953 3480 4010 delectationes
3510 3971 3521 4006 :

1938 4054 1997 4109 in
2019 4051 2243 4108 renibus
2266 4051 2414 4107 enim
2434 4051 2592 4106 sedes
2617 4057 2704 4106 est
2727 4047 2983 4105 libidinis.
3018 4045 3115 4103 Vel
3129 4061 3228 4118 per
3257 4061 3416 4102 renes
3435 4061 3526 4101 ac-

1937 4144 2204 4216 cipiamus
2243 4143 2515 4199 firmiores
2554 4140 2910 4213 cogitationes
2955 4158 2969 4194 :
3011 4137 3159 4196 solus
3199 4137 3346 4195 enim
3383 4137 3526 4196 Deus

1937 4250 2148 4300 secreta
2169 4240 2352 4297 cordis
2382 4238 2681 4312 cognoscit.

2007 4357 2131 4412 Dixi
2150 4376 2168 4410 ‹
2198 4353 2804 4426 consumeturnequitia
2819 4360 3191 4424 peccatorum,
3225 4370 3242 4402 ι
3260 4358 3522 4408 etcontra

1934 4451 2080 4506 illam
2111 4449 2410 4520 nequitiam
2453 4448 2526 4504 sit
2564 4447 2698 4502 mihi
2736 4464 2755 4497 ‹
2792 4443 3121 4515 adjutorium
3162 4460 3194 4499 a
3223 4445 3455 4500 Domino
3493 4466 3514 4499 ι

1935 4556 2005 4597 ne
2043 4541 2162 4612 ipsa
2195 4539 2326 4594 mihi
2359 4537 2671 4610 praevaleat,
2701 4535 2844 4606 quod
2873 4535 3079 4607 justum
3111 4542 3196 4591 est
3223 4534 3520 4592 secundum

242 4626 342 4682 sed
354 4627 478 4698 quia
494 4642 601 4683 non
628 4627 731 4684 feci
752 4645 774 4680 ι
801 4643 1049 4698 exsurge,
1065 4627 1314 4691 Domine,
1328 4626 1384 4681 in
1409 4627 1492 4682 ira
1513 4635 1602 4681 tua
1623 4647 1642 4678 ι
1661 4627 1714 4682 id
1728 4635 1830 4695 est,

1946 4635 2258 4706 patientiam
2304 4641 2359 4688 et
2398 4630 2670 4701 justitiam
2701 4643 2878 4684 meam
2917 4647 2936 4679 ι
2983 4628 3127 4698 quod
3159 4627 3341 4685 salvos
3390 4627 3524 4684 facit

243 4717 303 4773 in
340 4716 580 4774 vindicta
620 4725 737 4784 tua,
778 4726 840 4774 ut
878 4718 1129 4774 homines
1172 4717 1376 4788 eripias
1407 4733 1437 4772 a
1475 4717 1691 4774 diabolo
1724 4739 1742 4771 ι
1777 4729 1833 4774 et

242 4811 487 4869 exaltare
546 4813 604 4869 in
665 4813 883 4879 finibus,
943 4832 961 4865 ι
1031 4813 1085 4868 id
1127 4821 1231 4877 est,
1292 4812 1346 4867 in
1401 4813 1832 4883 possessionibus

251 4925 274 4958 ι
320 4907 660 4963 inimicorum
705 4915 922 4962 tuorum
956 4926 974 4958 ι
1010 4905 1064 4962 id
1092 4914 1198 4973 est,
1228 4905 1556 4972 daemonum,
1600 4905 1831 4974 scilicet,

244 4999 576 5073 possidendo
604 5014 720 5066 eos,
749 5015 888 5072 quos
917 4999 1079 5054 modo
1105 4998 1350 5070 possidet
1377 4999 1645 5055 diabolus.
1679 5000 1832 5057 Tunc

245 5095 522 5152 exaltatur
541 5095 802 5152 Dominus
833 5097 889 5150 in
916 5095 1255 5166 pectoribus,
1289 5097 1506 5166 quando
1532 5096 1606 5151 illi
1634 5113 1663 5151 a
1695 5113 1827 5154 con-

245 5189 421 5244 versis
445 5189 713 5245 confessio
746 5188 922 5243 laudis
940 5187 1188 5244 oﬁ'ertur.
1219 5187 1302 5243 Ab
1327 5188 1431 5244 hoc
1457 5203 1618 5244 versu
1641 5189 1832 5261 incipit

246 5280 536 5335 ostendere
565 5278 948 5336 exaltationem
985 5279 1303 5334 divinitatis.

326 5392 344 5426 ι
374 5375 618 5445 Exsurge
640 5393 658 5425 ι
685 5373 900 5440 dico,ut
923 5372 1059 5428 lines
1081 5373 1421 5429 inimicorum
1443 5372 1720 5444 possideas
1737 5394 1755 5427 ‹
1776 5382 1832 5430 et

247 5481 480 5537 exsurge
527 5468 582 5521 in
623 5474 893 5538 praecepto
931 5465 1075 5535 quod
1113 5464 1382 5519 mandasti
1421 5485 1438 5516 ι
1475 5465 1528 5520 id
1568 5473 1668 5532 est,
1692 5481 1832 5536 pone

249 5569 306 5616 et
334 5561 497 5632 imple
526 5561 670 5633 leges
695 5569 818 5616 tuas
853 5561 906 5614 in
927 5558 1178 5615 omnibus
1214 5559 1504 5629 possessis,
1533 5569 1587 5616 et
1619 5560 1698 5615 sic
1735 5576 1825 5631 sy-

253 5669 462 5727 nagoga
499 5655 819 5727 populorum
864 5651 1225 5710 circumdabit
1264 5661 1338 5719 te,
1375 5655 1738 5726 impugnando
1774 5663 1830 5708 et

251 5744 530 5802 Christum
555 5754 610 5801 et
637 5746 770 5801 alios
789 5745 987 5816 justos.

330 5858 351 5890 (
399 5838 465 5893 Et
503 5848 725 5912 propter
771 5840 916 5894 hanc
963 5859 981 5889 ›
1033 5838 1111 5893 sic
1159 5837 1486 5892 obstinatam
1537 5846 1728 5892 contra
1779 5845 1833 5892 te

265 5950 284 5983 ‹
331 5931 616 6002 regredere
651 5932 703 5986 in
730 5931 896 5986 altum
935 5951 950 5980 ι
980 5930 1030 5984 id
1055 5939 1156 5994 est,
1185 5929 1442 5984 subtrahe
1472 5938 1523 5984 te
1555 5930 1620 5983 ab
1643 5944 1831 5984 eorum

1935 4737 2114 4785 rectos
2141 4727 2322 4790 corde,
2369 4746 2386 4777 ι
2419 4726 2544 4796 quia
2576 4730 2835 4793 superant
2861 4737 3077 4778 omnem
3110 4721 3316 4778 inimici
3346 4729 3524 4778 tenta-

1938 4803 2166 4877 tionem.

2006 4915 2074 4971 Et
2100 4915 2226 4986 quia
2253 4913 2516 4970 Dominus
2547 4911 2673 4969 talis
2706 4919 2810 4979 est,
2847 4911 2970 4966 ideo
2991 4924 3089 4967 vos
3118 4910 3270 4982 impii
3293 4923 3523 4967 conver-

1941 5007 2119 5062 timini
2167 5007 2236 5062 ad
2285 5021 2432 5072 eum,
2479 5005 2606 5076 quia
2643 5025 2660 5058 ι
2705 5004 2810 5060 nisi
2859 5004 3108 5061 conversi
3149 5003 3384 5070 fueritis,
3415 5002 3524 5074 gla-

1935 5101 2082 5158 dium
2126 5116 2286 5157 suum
2341 5099 2580 5155 vibrabit
2621 5119 2639 5151 ›
2690 5115 2852 5170 super
2918 5113 3047 5164 vos,
3103 5097 3357 5168 quoniam
3407 5096 3523 5167 ipse

1935 5193 2082 5248 Deus
2104 5200 2189 5248 est
2201 5193 2387 5261 judcx,
2412 5193 2466 5247 id
2495 5201 2597 5258 est,
2628 5193 2892 5249 retribuet
2930 5191 3222 5264 unicuique
3264 5205 3364 5262 pro
3401 5204 3520 5245 mc—

1938 5283 2152 5338 merito.
2202 5282 2307 5338 Per
2351 5283 2454 5338 hoc
2500 5284 2738 5340 ostendit
2793 5290 3119 5356 potestatem
3170 5282 3376 5338 habere
3422 5295 3520 5349 pu-

1939 5376 2122 5432 niendi
2153 5395 2166 5430 :
2203 5385 2258 5432 et
2289 5392 2358 5433 ne
2390 5375 2652 5433 excusent
2695 5392 2754 5433 se
2783 5391 2881 5447 per
2907 5375 3079 5447 ipsius
3117 5375 3318 5445 judicis
3339 5372 3516 5442 impo-

1940 5470 2186 5536 tentiam,
2235 5469 2420 5525 subdit
2465 5488 2484 5521 ι
2532 5469 2707 5536 fortis,
2751 5490 2770 5522 ι
2815 5467 2869 5523 id
2917 5477 3021 5535 est,
3051 5467 3204 5536 cujus
3252 5464 3515 5520 voluntati

1929 5576 2090 5617 nemo
2124 5561 2295 5630 possit
2321 5559 2596 5616 resistere.
2629 5559 2696 5614 Et
2718 5574 2785 5614 ne
2821 5557 2896 5613 illi
2921 5557 3164 5613 dicerent
3195 5572 3206 5607 :
3237 5552 3294 5607 Si
3323 5564 3521 5625 potens

1931 5663 2093 5720 esset,
2126 5652 2239 5722 jam
2282 5653 2552 5724 punisset,
2586 5653 2768 5708 subdit
2802 5671 2820 5703 ι
2862 5651 3099 5722 patiens,
3136 5669 3153 5702 ι
3191 5647 3244 5704 id
3271 5657 3376 5714 est,
3409 5664 3515 5704 non

1931 5747 2114 5802 statim
2144 5747 2396 5816 puniens,
2420 5746 2513 5800 sed
2538 5754 2859 5814 exspectans
2879 5750 3222 5811 peccatorum
3245 5741 3513 5812 poeniten-

1934 5840 2064 5894 tiam
2085 5847 2166 5892 :et
2191 5839 2294 5893 hoc
2320 5838 2512 5907 probat
2532 5836 2676 5906 quod
2704 5836 2912 5907 patiens
2943 5833 3034 5900 sit,
3052 5833 3177 5904 quia
3201 5850 3306 5888 non
3331 5833 3515 5887 statim

1936 5933 2090 6002 punit
2123 5939 2343 6000 peccata
2372 5948 2384 5983 :
2417 5937 2469 5983 ct
2501 5927 2604 5983 hoc
2625 5935 2727 5992 est,
2762 5945 2780 5976 ι
2824 5925 3065 5996 nunquid
3097 5925 3369 5988 irascitur,
3409 5941 3427 5974 ο
3463 5920 3514 5974 id
