3984 6458
407 440 514 496 219

875 423 1232 485 HAYMONIS
1269 415 1752 476 HALBERSTAT.
1796 409 2007 468 EPISC.

2119 408 2204 464 PP.
2243 406 2427 466 rans
2463 408 2506 464 ι.
2535 437 2604 450 -
2641 407 2994 464 COMMENT.
3039 373 3210 463 BIBL.

3571 408 3686 466 220

405 561 513 618 est,
531 548 686 620 punit
715 563 732 596 ι
759 559 858 615 per
871 541 1112 612 singulos
1135 533 1436 592 dics?Non.
1461 551 1478 582 ι
1500 531 1566 584 Et
1579 529 1706 620 quia
1714 527 1878 598 judex
1891 533 1993 588 est,
2024 526 2072 584 Α
2099 519 2234 620 dum
2253 523 2514 578 honorem
2547 523 2762 578 Domini
2789 541 2806 584 ι
2847 521 3098 578 altissimi
3137 543 3154 576 ι
3185 523 3338 593 cujus
3359 524 3566 580 nomini
3595 533 3690 580 εει

410 651 464 696 et
502 617 700 711 potens
729 643 832 699 est,
867 633 988 688 ideo
1020 649 1038 680 ι
1069 629 1170 683 nisi
1201 623 1448 682 conversi
1481 619 1694 674 fueritis
1739 617 1806 670 ad
1847 630 1994 711 eum,

412 705 650 806 gladium
691 743 848 782 suum
885 721 1149 785 vibrabit;
1203 737 1222 769 ›
1264 715 1390 770 ideo
1435 710 1699 806 mittendo
1741 707 1806 806 ad
1853 705 1996 776 judi-

413 798 579 886 cium,
601 819 764 886 jnstis
795 811 1043 871 ostendet
1081 821 1396 868 coruscum,
1417 803 1598 874 impiis
1624 798 1994 856 tenebrosum.

413 915 639 972 Gladius
663 913 804 967 enim
835 909 1073 960 vibratus
1109 901 1272 956 modo
1305 899 1580 960 tenebras,
1623 894 1781 947 modo
1817 889 1998 960 splen-

418 1009 604 1062 dorem
628 1000 882 1058 ostendit.
925 997 980 1050 ln
1005 993 1238 1063 judicio,
1279 991 1422 1060 quod
1461 985 1694 1040 vibrabit
1716 983 1991 1052 gladium:

414 1111 469 1157 et
487 1103 598 1170 jam
631 1119 649 1149 ι
689 1108 876 1149 arcum
907 1105 1064 1146 suum
1099 1085 1346 1150 tetendit,
1391 1105 1408 1136 ›
1439 1084 1492 1137 id
1521 1091 1626 1146 est,
1664 1094 1786 1134 cum
1813 1076 1996 1132 divina

417 1191 694 1260 Scriptura
731 1185 885 1240 nobis
933 1183 1110 1236 minas
1139 1179 1351 1233 incutit.
1402 1177 1507 1230 Per
1551 1175 1758 1242 lignum
1816 1183 1991 1230 arcus,

422 1283 582 1339 Vetus
612 1281 1022 1336 Testamentum
1077 1272 1378 1341 accipitur:
1425 1268 1552 1337 quia
1602 1267 1742 1320 sicut
1773 1263 1996 1332 lignum,

416 1391 514 1447 per
547 1389 606 1428 se
637 1379 756 1425 erat
793 1367 984 1422 inutile
1011 1371 1066 1418 et
1099 1360 1394 1416 inﬂexibile
1425 1378 1437 1412 :
1467 1374 1564 1427 per
1598 1355 1858 1411 cbordam
1896 1351 2002 1404 No-

415 1443 540 1518 vum
561 1463 999 1520 Testamentum,
1026 1471 1134 1524 quo
1165 1463 1320 1506 vetus
1351 1450 1669 1510 intenditur,
1693 1457 1746 1500 et
1763 1445 1832 1500 ad
1859 1443 2002 1498 utili-

419 1565 582 1610 tatem
615 1553 922 1607 intellectus
963 1546 1238 1602 reducitur
1273 1563 1292 1594 ί
1323 1552 1378 1598 et
1421 1540 1636 1610 paravit
1667 1538 1836 1596 illum,
1875 1557 1891 1585 ι
1949 1533 2002 1588 id

417 1657 502 1704 est
547 1647 700 1700 nobis
728 1659 828 1714 per
855 1639 1118 1711 quosdam
1147 1637 1397 1691 doctores
1435 1628 1836 1699 intelligibilem
1874 1623 1998 1680 red-

423 1740 580 1795 didit.

495 1849 515 1881 ‹
557 1829 622 1883 Ει
655 1829 706 1882 in
733 1841 800 1881 eo
827 1845 846 1876 ι
881 1838 1032 1887 areu,
1069 1819 1279 1876 scilicet
1307 1815 1488 1872 divina
1517 1811 1822 1882 Scriptura,
1859 1829 1876 1860 ι
1905 1823 2002 1878 pa-

2097 615 2460 685 psallendum,
2509 617 2764 685 quoniam
2813 616 2928 684 ipse
2963 617 3260 672 altissimus
3291 627 3394 674 est.
3439 618 3686 675 Psallere

2097 719 2230 760 vero
2249 713 2354 772 est,
2389 705 2602 761 Domini
2633 707 2908 772 mandata,
2943 717 3000 762 et
3037 709 3292 778 operibus
3313 724 3600 780 peragere,
3625 721 3686 766 et

2099 797 2330 866 hymnos
2363 805 2418 852 et
2455 797 2694 868 psalmos
2739 804 2794 854 et
2839 799 3054 854 cantica
3085 815 3217 856 vace
3259 810 3314 856 et
3353 802 3520 857 corde
3553 817 3688 858 can-

2102 896 2236 944 tare.

2583 1001 2650 1068 1N
2688 1000 3024 1058 PSALMUM
3063 1001 3198 1057 Vlll.

2099 1133 2376 1192 TITULUS:
2407 1134 2474 1190 1η
2513 1136 2664 1204 ﬁnem
2707 1137 2940 1208 psalmus
2979 1137 3148 1192 David
3177 1155 3270 1210 pro
3308 1139 3690 1198 torcularibus.

2177 1289 2196 1322 ‹
2241 1271 2470 1325 Domine
2497 1271 2752 1326 dominus
2779 1281 2986 1336 noster,
3027 1292 3046 1322 ι
3089 1273 3330 1343 psalmus
3361 1275 3464 1329 iste
3488 1291 3694 1331 conve-

2101 1362 2182 1415 nit
2209 1361 2372 1414 David
2401 1363 2698 1432 prOphetat,
2731 1372 2786 1416 et
2807 1365 3060 1419 omnibus
3087 1365 3152 1420 de
3175 1365 3418 1420 Ecclesia
3445 1383 3564 1436 qua:
3593 1369 3698 1422 fuit

2103 1463 2226 1506 ante
2263 1454 2549 1506 adventum
2575 1453 2800 1508 Christi.
2837 1453 3086 1512 Psalmus
3125 1457 3264 1520 dico,
3311 1475 3412 1528 pro
3451 1459 3698 1513 toreula-

2107 1545 2258 1598 ribus
2287 1560 2478 1612 agens,
2515 1547 2566 1599 id
2595 1555 2696 1608 est,
2724 1561 2820 1616 pro
2849 1547 3117 1612 Ecclesia,
3147 1564 3268 1618 qua:
3299 1552 3422 1606 ideo
3449 1553 3702 1606 torcular

2105 1637 2442 1707 intelligitur,
2476 1639 2600 1707 quia
2642 1639 2694 1692 in
2727 1654 2790 1692 ea
2839 1649 2968 1694 sunt
3009 1649 3064 1695 et
3113 1643 3392 1710 rejiciendi
3443 1652 3500 1697 et
3547 1645 3698 1698 reci-

2105 1731 2284 1801 piendi
2315 1747 2326 1782 :
2362 1733 2504 1786 sicut
2549 1731 2602 1784 in
2649 1733 2910 1786 torculari
2953 1735 3136 1788 viuum
3166 1737 3510 1804 exprimitur,
3551 1739 3702 1806 quod

2109 1822 2376 1875 retinetur
2411 1840 2422 1874 :
2461 1829 2517 1874 et
2561 1823 2750 1876 acinus
2799 1833 3068 1887 remanet,
3107 1827 3200 1894 qui
3239 1825 3456 1892 eiicitur
3495 1845 3508 1878 :
3541 1827 3706 1895 cujus

419 1923 561 1977 ravit
623 1935 750 1974 vasa
799 1915 1008 1978 mortis,
1049 1933 1068 1965 ι
1114 1911 1168 1964 id
1206 1917 1308 1972 est,
1351 1905 1622 1976 3p05l0105
1671 1912 2004 1970 umerosque
2033 1915 2079 1974 B
2107 1913 2358 1967 universa
2405 1927 2660 1982 pressura
2699 1915 2758 1966 lit
2795 1911 2996 1968 Christi
3035 1915 3412 1982 permissione.
3445 1915 3704 1971 Psalmus

421 2015 670 2068 doctores
703 2051 717 2074 ,
774 2025 838 2064 ex
898 2007 1098 2076 quibus
1157 2017 1306 2056 mors
1355 1997 1693 2068 propinatur.
1751 1993 2003 2060 Quibus?

422 2122 530 2162 non
557 2103 943 2176 recipientibus
991 2099 1296 2153 doctrinam
1321 2109 1540 2158 eorum,
1577 2110 1595 2140 ι
1635 2087 1950 2144 ardentibus
1981 2109 2000 2138 ι

423 2215 571 2264 vero,
633 2199 686 2252 id
747 2205 850 2261 est,
918 2190 1352 2248 desiderantibus
1414 2185 1602 2250 Deum,
1683 2203 1700 2234 ε
1783 2183 2006 2254 sagittas

425 2309 570 2356 suas,
627 2311 646 2342 ι
701 2290 752 2344 id
783 2297 864 2344 est
905 2286 1294 2358 praedicatores.
1324 2282 1490 2350 ipsos,
1531 2278 1616 2334 vel
1639 2277 1852 2332 divinas
1875 2293 2004 2330 seu.

424 2386 620 2440 tentias
639 2397 760 2452 qua:
779 2382 940 2436 corda
966 2378 1250 2432 vulnerant
1282 2395 1300 2426 ι
1329 2373 1530 2436 ell'ecit,
1571 2391 1588 2424 ι
1617 2371 1671 2424 id
1685 2380 1770 2424 est
1797 2368 2005 2423 habiles

423 2488 482 2532 ut
507 2479 878 2546 reciperentur
937 2483 992 2528 et
1061 2471 1493 2541 intelligerentur
1553 2466 1783 2536 paravit.
1851 2462 2006 2518 Unde

429 2572 764 2644 Apostolus:
799 2593 815 2619 ει
853 2571 1050 2623 Sumus
1089 2568 1224 2620 odor
1267 2565 1460 2618 mortis
1503 2563 1556 2617 in
1592 2569 1846 2624 mortem,
1887 2559 2008 2614 aliis

425 2667 556 2720 odor
575 2665 700 2719 vitm
727 2665 780 2718 in
803 2663 968 2716 vitam
999 2660 1078 2729 (ΙΙ
1109 2659 1230 2712 Cor.
1261 2657 1342 2726 ιι).
1383 2676 1402 2707 ι

497 2757 650 2810 Licet
693 2755 840 2808 Deus
871 2753 948 2806 sic
978 2751 1154 2804 vibret
1189 2748 1444 2819 gladium,
1482 2746 1559 2800 sic
1599 2751 1756 2815 paret
1795 2757 2004 2809 arcum,

430 2858 610 2903 tamen
653 2846 800 2916 impii
845 2861 950 2898 non
993 2842 1282 2903 desistunt,
1315 2838 1410 2893 sed
1439 2852 1568 2893 ecce
1603 2837 1800 2904 impius
1831 2855 1850 2887 ι
1885 2849 2011 2904 par-

429 2940 596 3000 turiit,
635 2957 652 2988 ι
687 2937 852 2990 id.est
879 2943 1106 2988 conatur
1132 2933 1384 2986 emittere
1417 2949 1436 2981 ι
1469 2929 1810 2998 injustitiam,
1843 2947 1862 2980 t
1899 2943 2008 2983 non

429 3029 536 3082 alio
571 3035 798 3098 cogente
825 3039 947 3080 etim
977 3023 1044 3076 ad
1072 3025 1194 3087 hoc,
1217 3023 1310 3077 sed
1337 3021 1464 3092 quia
1509 3023 1622 3090 ipse
1651 3040 1668 3070 ι
1697 3021 1948 3090 concepit
1983 3040 2002 3072 ι

428 3121 758 3191 cogitatione
783 3127 838 3172 et
867 3117 1140 3170 voluntate
1173 3135 1190 3164 ι
1223 3115 1464 3168 dolorem
1485 3135 1504 3166 ι
1523 3115 1673 3168 idest
1700 3122 2006 3182 peccatum,

429 3231 527 3286 pro
553 3227 660 3284 quo
680 3212 728 3266 ei
753 3211 988 3265 maxime
1009 3216 1092 3263 est
1113 3207 1425 3270 dolendum,
1445 3223 1462 3256 ι
1487 3214 1544 3261 et
1565 3206 1778 3275 peperit
1803 3223 1822 3258 ι
1855 3204 1910 3260 id
1927 3213 2010 3260 est

428 3323 592 3378 opere
611 3303 900 3373 complevit
934 3319 952 3352 ι
985 3301 1343 3370 iniquitatem.
1381 3320 1404 3352 ι

501 3401 628 3456 Haec
655 3407 834 3454 autem
865 3397 1114 3452 faciendo
1139 3415 1156 3445 ο
1195 3395 1372 3448 laeum
1399 3393 1500 3450 sibi
1531 3393 1766 3464 aperuit,
1803 3411 1820 3444 ι
1855 3391 2007 3445 idest

429 3491 792 3561 praecipitium
827 3489 928 3544 sibi
957 3486 1166 3558 peccati
1197 3486 1408 3555 pararit
1438 3503 1456 3535 ι
1477 3493 1532 3538 et
1563 3484 1750 3538 etlndit
1777 3483 1951 3547 illum,
1985 3502 2002 3532 ι

432 3585 486 3638 id
521 3581 968 3651 estamplitieavit
997 3579 1317 3649 perieulum,
1355 3595 1372 3627 ι
1407 3585 1460 3630 et
1493 3577 1682 3630 incidit
1711 3577 1764 3630 in
1797 3575 2026 3632 foveant.

429 3695 588 3748 quam
632 3678 776 3742 fecit,
817 3697 834 3728 ι
871 3675 922 3728 id
975 3683 1057 3730 est
1099 3689 1194 3743 per
1223 3674 1368 3742 quod
1389 3673 1511 3726 aliis
1559 3687 1746 3726 necem
1775 3669 2006 3740 paravit,

430 3771 664 3840 seipsum
703 3769 882 3838 potius
906 3767 1206 3838 impedivit.
1245 3767 1394 3820 [inde
1429 3766 1798 3834 Augustinus:
1843 3761 2012 3815 Nemo

429 3876 536 3916 non
563 3861 713 3931 prius
753 3867 944 3928 peccat
975 3859 1026 3911 in
1067 3872 1144 3921 se,
1177 3872 1340 3925 quam
1380 3857 1434 3909 iu
1479 3857 1639 3908 alium
1669 3869 1684 3907 :
1715 3857 1854 3908 sicut
1879 3853 2014 3908 alios

429 3953 614 4008 volens
646 3953 916 4022 decipere,
959 3951 1132 4018 aperit
1163 3957 1362 4002 terram
1395 3931 1566 4018 prius,
1595 3947 1788 4001 deinde
1826 3947 2014 4001 elIodit

431 4043 811 4114 atnplilicando
855 4041 1088 4106 foveam,
1138 4043 1354 4095 tandem
1399 4041 1504 4094 nisi
1531 4039 1632 4093 sibi
1661 4039 1798 4092 bene
1827 4039 2010 4107 provi-

2113 2022 2211 2060 nos
2255 2006 2310 2059 in
2342 2005 2617 2060 Christum
2665 2007 2854 2079 dirigit
2887 2025 2898 2060 :
2938 2009 3120 2062 ethoc
3165 2019 3250 2063 est
3277 2011 3420 2078 quod
3456 2011 3614 2075 dicit,
3649 2011 3706 2064 in

2113 2095 2297 2158 tinem,
2335 2097 2388 2150 id
2417 2105 2522 2161 est,
2571 2095 2824 2150 admonet
2861 2113 2957 2152 nos
3001 2097 3248 2152 inﬁdeles
3297 2109 3358 2153 ut
3389 2100 3708 2154 voluntarie

2109 2189 2611 2256 Deosubjieianiur.
2663 2189 2888 2248 Materia
2933 2199 3020 2244 est
3065 2191 3332 2245 Christus.
3385 2191 3462 2244 De
3503 2207 3572 2246 eo
3623 2193 3708 2247 sic

2110 2281 2222 2350 agit
2253 2298 2266 2334 :
2297 2280 2538 2336 ostendit
2563 2281 2914 2336 excellentem
2945 2283 3242 2350 potentiam
3271 2283 3576 2338 divinitatis
3601 2300 3708 2354 per

2109 2371 2396 2442 magniﬁca
2427 2387 2524 2428 sua
2555 2387 2720 2441 opera
2762 2391 2772 2426 :
2816 2373 3054 2430 ostendit
3100 2375 3264 2430 etiam
3291 2376 3708 2430 humanitatem

2107 2465 2226 2534 ejus
2251 2465 2532 2530 humilem,
2555 2467 2747 2520 deinde
2779 2467 3074 2522 exaltatum
3115 2483 3276 2538 super
3301 2484 3520 2524 omnem
3550 2486 3708 2524 crea-

2111 2568 2308 2614 turam.
2337 2559 2568 2612 Intentio
2595 2573 2722 2613 vero
2748 2569 2852 2622 est,
2892 2561 3186 2616 admonere
3211 2561 3482 2620 inﬁdeles.
3515 2572 3578 2616 ut
3607 2563 3706 2616 tali

2109 2653 2338 2712 Domino
2377 2652 2754 2722 subjiciuntur.
2812 2653 3076 2722 Loquitur
3135 2654 3220 2708 hic
3277 2655 3544 2723 propheta
3615 2655 3708 2708 vel

2110 2745 2338 2816 quilibet
2359 2747 2426 2800 de
2449 2745 2690 2802 Ecclesia
2715 2763 2838 2816 quae
2859 2747 2958 2800 l'uit
2987 2755 3114 2802 ante
3163 2749 3452 2802 adventum
3475 2747 3708 2812 Christi,

2111 2846 2168 2892 et
2202 2853 2234 2894 a
2259 2837 2694 2906 magniﬁcatione
2718 2838 3016 2892 divinitatis
3045 2838 3234 2908 incipit
3265 2856 3276 2890 :
3309 2847 3364 2894 et
3391 2840 3484 2894 hic
3507 2855 3708 2908 quam-

2111 2931 2237 2986 dam
2293 2931 2708 2986 exsultationem
2771 2929 3060 2986 attendens
3127 2931 3422 2986 secundum
3495 2929 3706 2986 Christi

2113 3021 2452 3089 dignitatem,
2489 3021 2769 3089 praemittit
2791 3021 2980 3078 dicens
3008 3035 3023 3080 t
3061 3039 3080 3074 ι
3114 3021 3362 3086 Domine,
3395 3040 3414 3076 ι
3443 3021 3536 3091 qui
3579 3037 3706 3075 cum

2113 3117 2362 3170 omnibus
2406 3116 2698 3172 domineris
2729 3136 2748 3166 ι
2785 3117 3044 3173 Dominus
3084 3126 3270 3172 noster
3317 3135 3336 3170 ι
3391 3114 3710 3185 specialiter

2114 3222 2191 3272 es,
2218 3207 2342 3278 quia
2396 3216 2608 3262 tuorum
2669 3209 2933 3262 bonorum
2981 3209 3275 3278 participes
3318 3210 3446 3264 facti
3495 3224 3708 3274 sumus,

2035 3281 2082 3346 C
2119 3321 2138 3353 ι
2174 3317 2359 3371 quam,
2391 3320 2409 3352 ›
2438 3301 2492 3356 id
2521 3309 2605 3356 est
2631 3309 2915 3370 quantum,
2953 3321 2972 3354 ε
3005 3316 3202 3360 nomen
3225 3309 3401 3368 tuum,
3431 3322 3450 3354 ι
3481 3303 3706 3358 honori-

2115 3393 2330 3454 ﬁcentia
2364 3403 2474 3461 tua,
2515 3393 2682 3458 tanta,
2731 3393 2922 3463 gloria,
2959 3411 2978 3452 ι
3029 3402 3114 3448 est
3165 3393 3486 3456 admirabile
3523 3413 3542 3454 ι
3601 3409 3710 3454 non

2117 3491 2328 3544 tantum
2381 3484 2434 3542 in
2466 3483 2667 3547 Africa,
2706 3483 2845 3538 sicut
2875 3483 3128 3546 dicebant
3168 3485 3388 3554 quidam
3431 3485 3708 3550 hairetici,

2116 3579 2214 3636 sed
2239 3599 2256 3629 ι
2289 3579 2340 3632 in
2375 3579 2625 3632 universa
2665 3585 2829 3634 terra.
2877 3597 2898 3628 ι

2187 3671 2312 3726 ideo
2336 3670 2458 3725 dico
2494 3669 2742 3726 mirabile
2776 3689 2793 3722 ι
2828 3667 3082 3738 quoniam
3113 3667 3514 3740 magniﬁcentia
3537 3678 3652 3735 tua,
3677 3687 3702 3724 ι

2121 3761 2180 3820 id
2236 3771 2318 3822 est
2365 3761 2688 3830 magniﬁcus
2727 3760 2898 3815 Filius
2947 3769 3090 3827 tuus,
3129 3779 3148 3812 ι
3177 3771 3263 3818 est
3289 3761 3496 3824 elevata
3541 3777 3704 3831 super

2115 3871 2302 3916 omnes
2353 3854 2537 3916 oculos,
2599 3875 2618 3904 ι
2669 3852 2720 3906 id
2765 3863 2850 3908 est
2912 3869 3074 3924 super
3144 3868 3362 3910 omnem
3407 3854 3694 3926 angelicam

2119 3957 2428 4006 creaturam
2470 3946 2600 4002 :vel
2646 3961 2810 4018 super
2848 3962 3040 4004 omnes
3083 3947 3253 4008 caelos
3301 3947 3702 4008 materialiter:

2119 4043 2264 4111 tide
2319 4041 2438 4100 ﬁeri
2487 4056 2594 4098 non
2661 4051 2876 4110 posset,
2932 4041 3036 4096 nisi
3090 4041 3212 4108 ille,
3255 4043 3418 4100 homo
3471 4053 3616 4104 esset
3651 4055 3708 4100 et

433 4139 586 4202 deus,
627 4135 814 4190 incidit
855 4137 906 4190 in
935 4136 1196 4189 eamdem.
1233 4135 1408 4190 Lacus
1445 4134 1646 4188 dicitur
1689 4131 1842 4200 cujus
1884 4132 2018 4186 latet
2115 4121 2280 4192 Deus.

435 4229 675 4284 fundus:
733 4235 1014 4296 peccatum
1067 4240 1197 4278 vero
1247 4224 1446 4278 dicitur
1497 4223 1668 4286 lacus,
1717 4221 2014 4278 secundum

434 4322 539 4376 h'oc
573 4317 716 4386 quod
765 4317 928 4376 ﬁnem
963 4316 1296 4372 imminentis
1323 4330 1390 4374 ex
1415 4323 1640 4383 peccato
1663 4313 1832 4368 ruina:
1863 4313 2016 4384 igno-

435 4423 494 4466 ra
502 4424 640 4470 (IIIIS.

503 4501 562 4558 lu
599 4503 700 4560 hac
722 4501 832 4555 vita
867 4500 1012 4556 cadit
1042 4507 1294 4570 peccator
1333 4499 1384 4556 iu
1416 4497 1622 4558 foveam
1655 4498 1886 4568 peccati,
1919 4498 2014 4552 sed

437 4597 650 4652 tandem
691 4595 744 4650 in
771 4595 858 4650 die
895 4594 1086 4664 judicii
1123 4613 1142 4646 ι
1176 4601 1524 4648 convertatur
1547 4590 1698 4648 dolor
1729 4589 1864 4658 ejus,
1907 4610 1926 4642 ›
1963 4590 2016 4644 id

433 4697 518 4744 est
543 4697 826 4758 peccatum
859 4702 980 4742 cutn
1004 4686 1344 4758 jucunditate
1379 4684 1480 4738 'hic
1509 4693 1902 4752 perpeti-atina,
1939 4684 2014 4740 ibi

436 4779 676 4834 dolorem
719 4779 942 4832 incutiet
975 4797 992 4827 ι
1037 4778 1090 4830 in
1139 4787 1299 4847 caput
1327 4777 1465 4846 ejus,
1509 4795 1525 4826 ι
1575 4776 1736 4830 idest
1775 4777 2010 4832 animam

434 4873 570 4942 ejus.
623 4871 883 4934 Punietur
935 4872 1082 4926 enim
1139 4871 1210 4922 ibi
1262 4869 1440 4924 anima
1506 4885 1601 4940 pro
1648 4871 1900 4928 omnibus
1959 4872 2014 4926 in

435 4965 632 5036 quibus
661 4966 750 5026 hic
795 4964 1060 5034 peccavit,
1098 4981 1116 5012 ι
1159 4961 1286 5014 etin
1316 4960 1572 5015 verticem
1612 4961 1748 5028 ejus,
1785 4981 1802 5012 ι
1837 4961 1888 5016 id
1919 4973 2005 5020 est

435 5060 490 5114 in
516 5059 852 5128 superiorem
877 5063 1106 5126 partem,
1137 5054 1346 5110 scilicet
1369 5054 1660 5118 rationem,
1699 5075 1716 5106 ε
1754 5053 2013 5122 iniquitas

437 5151 606 5222 ipsius
660 5149 968 5214 descendet,
1006 5167 1023 5198 ι
1067 5147 1120 5200 id
1156 5155 1240 5200 est
1278 5149 1520 5216 peccatis
1547 5147 1743 5216 quibus
1775 5147 1862 5202 hic
1889 5163 2020 5202 cons

438 5243 607 5298 sensit
631 5243 788 5306 ratio,
813 5241 884 5294 ibi
908 5241 1110 5308 absque
1129 5237 1274 5292 omni
1299 5236 1660 5292 obcaecationc
1685 5240 2012 5296 destruetur.

437 5331 518 5386 Ex
540 5347 646 5400 quo
670 5333 804 5386 dixit
834 5351 850 5380 ε
891 5327 1428 5398 Deusjudexjustus,
1471 5329 1652 5400 posuit
1696 5331 2019 5386 admonitio-

437 5439 560 5480 nem
587 5424 890 5492 impiorum.
937 5439 956 5471 i

511 5515 577 5568 Et
626 5514 878 5583 quoniam
911 5511 1026 5580 ipse
1071 5511 1192 5566 talis
1231 5520 1334 5578 est,
1358 5512 1476 5568 ideo
1509 5531 1528 5564 ‹
1571 5513 1869 5568 conﬁtebor
1903 5515 2011 5570 Do-

440 5607 588 5664 mino
639 5627 656 5658 ι
701 5607 752 5660 id
805 5613 888 5658 est
933 5603 1158 5660 laudabo
1205 5605 1511 5660 Dominmn.
1543 5606 1826 5676 Accipitur
1868 5606 2011 5660 enim

439 5699 710 5758 confessio
735 5696 820 5752 vel
845 5698 910 5752 de
935 5699 1190 5766 peccatis,
1205 5699 1290 5754 vel
1320 5700 1372 5753 in
1395 5699 1574 5766 laude,
1596 5719 1612 5750 ι
1645 5699 1968 5764 secundum,
1991 5717 2008 5754 ι

442 5789 498 5846 id
541 5797 626 5844 est
653 5797 870 5858 propter
921 5805 936 5837 ι
977 5787 1242 5860 justitiam
1261 5792 1402 5860 ejus,
1440 5810 1458 5844 ι
1495 5799 1549 5844 et
1597 5789 1824 5860 psallam
1879 5789 2016 5842 bene

443 5880 718 5962 operando
751 5900 768 5932 ι
815 5883 1018 5938 nomini
1049 5884 1284 5952 Domini,
1316 5903 1332 5936 ι
1369 5883 1423 5940 id
1462 5891 1548 5940 est
1587 5881 1654 5938 ad
1679 5879 2018 5956 ampliﬁcat»

2189 4229 2418 4297 Propter
2445 4229 2548 4284 hoc
2572 4236 2655 4282 est
2681 4227 3003 4284 admirabile
3033 4245 3230 4290 nomen
3261 4239 3436 4296 tuum,
3463 4240 3518 4286 et
3543 4231 3708 4288 etiam

2117 4331 2342 4392 propter
2371 4321 2472 4376 hoc
2510 4321 2652 4390 quod
2681 4329 2738 4374 tu
2773 4339 2792 4370 ι
2829 4321 3128 4390 perfecisti,
3167 4342 3186 4376 ι
3217 4323 3270 4378 id
3295 4333 3378 4378 est
3407 4321 3706 4393 perfectam

2117 4413 2294 4468 fecisti
2338 4433 2354 4462 ι
2395 4412 2608 4468 laudem
2647 4427 2716 4467 ex
2739 4427 2836 4468 ore
2881 4413 3170 4470 infantium
3210 4423 3266 4470 et
3297 4414 3638 4480 laetentiutn,
3681 4436 3702 4470 ›

2119 4503 2410 4558 infantium
2449 4511 2712 4572 quantum
2759 4505 2822 4558 ad
2865 4513 3102 4570 att-atem,
3132 4505 3472 4574 lactentium,
3523 4509 3578 4562 id
3627 4519 3710 4566 eet

2121 4596 2470 4666 simplicium,
2512 4600 2604 4666 qui
2639 4595 2952 4668 indigebant
2979 4599 3128 4668 pasci
3165 4599 3396 4670 simplici
3431 4601 3704 4656 doctrina.

2119 4689 2358 4744 Laudem
2387 4704 2678 4758 puerorum
2707 4681 3004 4758 perfectam
3035 4690 3196 4756 dicit,
3236 4692 3363 4762 quia
3407 4707 3516 4746 non
3547 4693 3608 4748 ﬁt
3641 4708 3706 4748 ex

2125 4783 2366 4837 humano
2401 4783 2636 4852 ingenio,
2662 4783 2754 4838 sed
2787 4796 2853 4836 ex
2881 4783 2992 4838 sola
3028 4785 3344 4854 operatione
3383 4787 3706 4842 divinitatis.

2119 4874 2407 4930 Perfecisti
2457 4874 2580 4928 dico
2630 4892 2647 4924 ι
2697 4885 2918 4944 propter
2955 4875 3206 4932 inimicos
3239 4885 3380 4940 tuos,
3424 4897 3444 4930 ι
3497 4878 3712 4934 scilicet

2123 4966 2436 5037 pbarisaeos.
2479 4964 2606 5020 Haec
2641 4966 2922 5036 prophetia
2953 4966 3004 5020 in
3047 4965 3342 5038 Evangelio
3371 4983 3465 5022 ore
3491 4966 3706 5026 Deutqu

2124 5057 2348 5110 docetur
2377 5055 2640 5123 exposita,
2691 5071 2810 5109 cum
2858 5071 2888 5110 a
2925 5053 3124 5110 Judwis
3167 5058 3588 5128 prohiberentur
3627 5060 3710 5118 in-

2121 5147 2319 5214 fantes,
2351 5164 2420 5204 ne
2469 5149 2680 5202 laudem
2725 5149 2936 5206 Domini
2983 5160 3324 5216 resonarent,
3369 5153 3652 5228 respondit
3691 5171 3702 5206 :

2127 5261 2146 5294 ι
2194 5241 2382 5296 Nonne
2412 5241 2643 5311 legistis,
2689 5241 2813 5310 quia
2848 5257 2914 5296 ex
2945 5257 3040 5298 ore
3073 5243 3364 5300 infantium
3400 5255 3456 5300 et
3497 5245 3704 5300 lacten-

2122 5332 2254 5388 timn
2301 5331 2576 5400 pet-iecisti
2607 5330 2854 5386 laudem?
2881 5330 3094 5402 (Matth.
3123 5332 3260 5404 xxi.)
3299 5353 3316 5384 ι
3350 5333 3582 5404 Propter
3603 5334 3706 5388 ini-

2121 5425 2292 5478 micos
2315 5422 2436 5476 dico
2479 5441 2496 5472 ‹
2538 5431 2596 5474 ut
2624 5422 2872 5476 destruas
2901 5423 3202 5488 inin‘ticum,
3243 5443 3260 5476 ι
3290 5423 3492 5478 scilicet
3537 5425 3706 5482 male-

2119 5516 2326 5582 volum,
2361 5533 2378 5564 ‹
2411 5523 2465 5568 ct
2496 5511 2750 5578 ultorem,
2788 5535 2804 5566 ι
2841 5516 2890 5570 id
2931 5525 3012 5572 cst
3050 5515 3386 5572 defensorem
3411 5533 3521 5572 suae
3545 5515 3704 5590 legis,

2117 5607 2400 5660 veritatem
2427 5605 2697 5674 Evangelii
2723 5608 3152 5678 impugnantum.

2188 5697 2310 5750 Ideo
2357 5696 2486 5750 dicit
2535 5696 2788 5751 dcstrues
2823 5716 2839 5748 ι
2874 5700 3128 5767 qu-miam
3171 5715 3272 5772 ego
3321 5701 3513 5756 videbo
3561 5719 3580 5752 ›
3646 5701 3704 5756 in

2117 5787 2522 5845 successoribus
2571 5791 2704 5844 meis
2739 5811 2756 5840 ς
2789 5789 2953 5844 ccelos
3015 5799 3156 5856 tuos,
3195 5811 3212 5842 δ
3267 5791 3320 5846 id
3351 5803 3432 5847 est
3479 5803 3704 5848 sanctos

2120 5881 2414 5956 apostolos,
2445 5881 2536 5956 qui
2568 5882 2816 5938 dicuntur
2847 5881 2994 5950 cadi,
3023 5884 3148 5956 quia
3181 5883 3462 5948 continent
3487 5895 3705 5952 secreta
