3984 6456
230 465 334 525 8!!

1398 457 1719 515 EXPLANA
1728 460 1841 518 T10
1874 460 1943 517 ΙΝ
1980 461 2322 520 ΡεΑιιίοε.

229 583 347 647 Dei,
374 577 686 651 compluunt
714 576 878 631 etiam
918 589 1095 631 rorem
1122 574 1369 631 caelestis
1389 575 1648 631 doctrinae
1678 574 1812 631 fide-
1840 581 1889 642 Α
1919 576 2060 633 fetus
2087 578 2145 633 in
2168 578 2443 646 Ecclesia;
2487 598 2505 631 ι
2555 579 2777 651 insuper
2805 590 2873 662 et
2903 598 3107 655 pecora
3139 588 3317 657 campi
3348 607 3366 640 ι
3404 605 3503 661 per

229 675 391 731 libus.
427 673 552 729 Inde
580 686 678 745 per
706 669 875 727 caelos
904 669 1247 741 evangelicos
1266 669 1456 737 libros,
1483 671 1577 741 qui
1602 678 1812 725 secreta

230 767 326 824 Dei
347 767 650 832 continent,
672 778 963 835 possumus
986 763 1255 834 accipere.
1277 763 1456 820 Ccelos
1481 765 1604 821 dico
1636 784 1655 817 ‹
1680 779 1815 835 ope-

229 875 293 915 ra
340 858 632 932 digitorum
675 865 916 922 tuorum,
972 876 992 909 ›
1050 856 1103 911 id
1156 865 1237 913 est
1272 872 1408 929 quos
1472 857 1587 927 ipsa
1641 857 1819 912 deitas

229 959 453 1022 operata
481 958 565 1005 est
592 967 605 1001 :
648 963 746 1018 per
775 948 971 1018 digitos
997 947 1285 1019 pluraliter
1312 962 1665 1019 personarum
1691 949 1813 1020 plu-

228 1044 499 1098 ralitatem
532 1042 585 1095 in
616 1041 817 1096 deitate
838 1038 1105 1111 significat
1133 1058 1147 1094 :
1194 1040 1337 1095 unde
1375 1041 1501 1096 alibi
1531 1042 1815 1097 manifeste

231 1135 531 1188 trinitatem
573 1131 727 1185 nobis
781 1139 932 1185 notat
959 1146 1080 1185 cum
1108 1131 1282 1185 dicit:
1319 1149 1338 1182 ί
1369 1132 1501 1199 Quis
1559 1134 1816 1203 appendit

228 1226 427 1283 molem
469 1233 626 1279 teme
663 1224 836 1278 tribus
866 1222 1088 1295 digitis?
1117 1244 1135 1277 ›
1171 1223 1379 1280 Videbo
1401 1233 1495 1280 tet
1530 1225 1733 1291 lunam,
1760 1234 1815 1279 et

226 1321 444 1386 stellas;
485 1338 501 1371 ι
529 1317 830 1388 perlunam
858 1316 1167 1371 inferiorem
1193 1317 1492 1374 Ecclesium
1536 1321 1635 1375 sub
1685 1334 1815 1390 apo-

225 1416 397 1482 stolis,
430 1415 512 1469 vel
540 1413 845 1487 generalem
871 1413 1188 1477 Ecclesiam,
1222 1428 1342 1483 quae
1371 1426 1472 1482 pro
1512 1410 1724 1467 defectu
1760 1421 1818 1467 et

224 1508 569 1563 incremento
601 1505 724 1558 luna
758 1504 994 1559 dicitur:
1034 1520 1133 1573 per
1159 1503 1345 1559 stellas
1412 1503 1666 1574 intelligit
1694 1517 1812 1569 eos,

222 1601 316 1670 qui
377 1600 430 1655 in
476 1597 717 1654 Ecclesia
772 1597 826 1651 in
877 1596 1069 1666 seipsis
1115 1597 1295 1653 lucent
1344 1617 1362 1648 ι
1399 1613 1535 1669 quas
1566 1618 1583 1649 ι
1631 1597 1816 1653 stellas

221 1692 306 1749 vel
344 1714 363 1744 ‹
395 1709 516 1773 qua:
554 1713 571 1745 ι
618 1692 827 1747 scilicet
850 1691 1047 1745 callum
1085 1701 1140 1746 et
1166 1691 1349 1746 lunam
1387 1712 1406 1742 ‹
1438 1700 1494 1746 ιιι
1519 1691 1753 1746 fundasti
1788 1711 1809 1744 ι

220 1787 275 1842 id
308 1797 390 1843 est
436 1787 669 1847 firmiter
692 1784 953 1850 statuisti,
988 1794 1046 1839 ut
1069 1784 1399 1856 quibuslibet
1426 1784 1818 1840 tentationibus

217 1887 492 1949 nequeant
526 1878 809 1937 dimoveri.

1915 687 2109 743 pecora
2135 673 2312 744 campi
2339 672 2463 729 illos
2488 674 2578 745 qui
2606 675 2708 732 sub
2734 676 2934 732 nullius
2956 680 3202 734 custodia
3246 690 3501 740 tenentur

1914 763 2187 835 intelligit,
2234 765 2327 835 qui
2372 764 2483 819 late
2526 774 2810 837 vagantur.
2860 766 2967 824 Per-
3009 770 3110 826 hoc
3155 772 3299 841 quod
3340 773 3492 840 dicit,

1921 874 1940 907 ι
1966 856 2209 927 insuper,
2238 876 2256 910 ι
2292 865 2444 912 notat
2471 857 2856 914 discretionem
2890 859 3107 917 illum
3129 878 3161 917 a
3189 863 3368 923 bonis.

1983 949 2051 1004 Et
2078 951 2240 1005 etiam
2270 950 2516 1006 volucres
2538 950 2686 1016 cmll,
2713 952 2766 1005 id
2805 962 2891 1008 est
2922 955 3096 1010 elatos
3139 956 3194 1010 in
3219 957 3495 1027 superbia,

1920 1062 1940 1095 ι
1985 1054 2036 1099 et
2058 1046 2235 1114 pisces
2264 1046 2452 1110 maris,
2490 1064 2510 1098 ι
2549 1045 2604 1100 id
2634 1053 2719 1099 est
2750 1046 2842 1115 qui
2866 1053 3081 1104 curiose
3106 1050 3307 1104 victum
3348 1066 3499 1121 qum-

1914 1146 2071 1202 rnnt,
2119 1137 2201 1192 sic
2248 1138 2521 1192 mundana
2572 1146 2822 1207 quarunt
2860 1139 3299 1197 sollicite:th
3350 1143 3501 1198 enim

1911 1230 2091 1300 pisces
2111 1234 2200 1301 qui
2228 1232 2429 1286 victum
2457 1230 2686 1287 sollicite
2715 1231 3017 1301 inquirunt,
3056 1233 3137 1289 sic
3184 1235 3407 1304 quidam
3436 1238 3499 1293 ut

1912 1322 2245 1391 possideant,
2283 1330 2344 1376 ut
2381 1329 2715 1384 mercatores
2745 1340 2757 1375 :
2799 1322 3023 1392 quidam
3055 1332 3281 1379 naturas
3313 1337 3499 1379 rerum

1914 1413 2259 1484 inquirendo,
2294 1421 2353 1468 ut
2382 1412 2714 1483 philosOphi,
2746 1414 2845 1483 qui
2868 1413 3248 1483 perambulant
3273 1414 3507 1470 semitas

1913 1504 2099 1559 maris.
2136 1503 2242 1559 Per
2278 1519 2429 1560 mare
2473 1504 2767 1574 accipimus
2808 1504 3105 1569 mundum,
3141 1505 3232 1575 qui
3279 1520 3501 1575 semper

1914 1598 1968 1652 in
1999 1607 2146 1652 motu
2168 1604 2277 1663 est,
2309 1597 2450 1652 sicut
2482 1610 2654 1653 mare.
2686 1596 2823 1651 Cum
2862 1598 3113 1667 superius
3144 1597 3303 1662 dixit,
3330 1616 3353 1649 ι
3390 1596 3495 1652 mi-

1913 1691 2078 1745 nuisti
2099 1732 2112 1757 ,
2146 1709 2165 1742 ο
2210 1690 2570 1745 humilitatem
2603 1691 2897 1746 humanam
2937 1690 3216 1746 ostendit:
3243 1699 3367 1759 post
3388 1690 3500 1746 hue

1912 1794 2084 1849 usque
2116 1780 2184 1834 de
2219 1781 2575 1835 humanitatis
2603 1780 2954 1835 exaltatione.

1983 1872 2217 1928 Ostensa
2265 1873 2430 1943 igitur
2480 1881 2637 1927 tanta
2661 1874 2929 1944 dignitate
2954 1873 3146 1944 ipsius,
3176 1872 3333 1943 (μικί
3367 1887 3496 1928 con-

290 1969 516 2037 Quando
552 1968 768 2043 quidem
816 1968 931 2023 hzec
972 1969 1153 2024 omnia
1185 1967 1382 2034 fecisti,
1424 1980 1555 2043 ergo
1606 1985 1625 2019 ι
1672 1966 1805 2039 quid
1832 1964 2137 2026 Bciudens
2182 1965 2238 2020 in
2279 1966 2473 2020 eadem
2521 1965 2912 2029 admonitione,
2960 1965 3015 2020 in
3059 1980 3165 2034 qua
3194 1965 3495 2034 inceperat,

213 2073 304 2120 est
370 2042 625 2121 homo?'i
666 2063 718 2117 id
757 2070 839 2117 est
868 2078 1119 2134 magnum
1167 2062 1296 2131 quid
1328 2062 1485 2117 video
1528 2060 1801 2116 hominem

209 2174 357 2223 esse,
403 2174 501 2231 per
529 2157 630 2211 hoc
676 2156 818 2225 quod
859 2165 912 2209 tu
955 2171 1013 2210 es
1062 2170 1276 2209 memor
1324 2153 1484 2223 ejus?
1522 2152 1803 2223 Prteparas

207 2251 360 2313 enim
400 2265 497 2321 per
525 2247 644 2307 Filii
677 2247 751 2303 tui
779 2247 1268 2311 transmissionem,
1311 2246 1534 2300 humani
1583 2247 1797 2315 generis

207 2342 609 2416 reparationem
643 2360 655 2394 :
687 2360 705 2391 ‹
739 2348 833 2394 aut
860 2338 987 2409 quid
1011 2348 1094 2393 est
1118 2337 1257 2391 (ilius
1279 2337 1557 2391 hominis?
1585 2356 1603 2388 ι
1633 2336 1684 2390 id
1714 2345 1799 2390 est

208 2435 523 2490 humanitas
542 2432 769 2498 Christi,
801 2452 819 2482 ε
848 2432 1103 2502 quoniam
1133 2431 1323 2484 visitas
1350 2445 1473 2483 eum
1513 2450 1530 2481 ι
1563 2430 1799 2484 uniendo

209 2525 309 2579 tibi
354 2523 549 2579 Filium
574 2531 745 2576 tuum.
783 2520 937 2587 Quod
975 2519 1129 2584 dicit,
1164 2517 1306 2573 ﬁlius
1346 2517 1602 2582 hominis,
1648 2525 1803 2572 notat

206 2631 331 2672 eum
381 2631 570 2671 verum
616 2614 890 2677 hominem
929 2626 1049 2667 esse
1075 2630 1085 2665 :
1116 2613 1259 2682 quod
1299 2611 1433 2665 dicit
1474 2611 1709 2665 hominis
1739 2618 1795 2665 et

208 2726 316 2765 non
356 2711 657 2774 hominum,
709 2722 832 2767 eum
884 2723 989 2760 non
1034 2720 1099 2760 ex
1154 2704 1375 2759 homine
1402 2712 1575 2772 patre,
1610 2705 1703 2759 sed
1726 2720 1793 2760 ex

179 2801 324 2860 'sola
353 2812 527 2861 matre
553 2802 945 2857 humanitatem
979 2800 1212 2855 traxisse
1244 2800 1439 2853 innuit.
1660 2804 1671 2811 ‘

285 2899 526 2961 Visitasti
563 2897 730 2957 lilium
773 2896 1031 2963 hominis,
1066 2904 1121 2951 et
1152 2912 1276 2951 eum
1318 2895 1489 2949 filium
1518 2908 1639 2949 cum
1672 2893 1798 2949 visi-

205 3001 363 3053 tante
389 2993 607 3056 deitate,
642 2991 695 3045 id
716 2999 800 3046 est
829 2989 1108 3049 Christum
1138 2990 1409 3059 integrum
1447 3007 1463 3037 ι
1500 2986 1741 3041 minuisti
1770 3006 1789 3039 ι

205 3083 506 3147 secundum
556 3082 831 3159 deitatem.
872 3079 1165 3135 llumiliata
1188 3080 1332 3134 enim
1383 3077 1483 3132 fuit
1515 3077 1787 3142 divinitus,

200 3176 418 3251 quando
446 3175 546 3230 sibi
572 3190 726 3253 passa
752 3184 832 3229 est
858 3173 1249 3228 humanitatem
1279 3171 1440 3226 uniri.
1475 3167 1628 3225 Unde
1651 3170 1794 3249 Apo-

196 3269 375 3327 stolus
416 3287 429 3323 :
468 3287 486 3319 ‹
525 3269 831 3324 Exinanivit
865 3269 1214 3337 semetipsum
1257 3265 1485 3321 formam
1531 3266 1672 3320 servi
1703 3280 1794 3319 ac-

1907 2058 2121 2113 deslnit.
2156 2076 2175 2110 ι
2212 2057 2438 2114 Domine
2480 2057 2741 2113 Dominus
2779 2066 2983 2112 noster.
3018 2076 3037 2111 ι
3077 2057 3140 2112 Et
3167 2065 3384 2111 notatur
3422 2055 3497 2113 ibi

1905 2151 2255 2223 mysterium,
2313 2159 2375 2206 ut
2404 2150 2547 2206 sicut
2595 2164 2631 2204 a
2685 2148 2835 2206 bona
2877 2148 3165 2218 incipimus
3202 2148 3283 2207 sic
3334 2145 3499 2205 ﬁnias

1905 2256 2047 2297 mus.

2407 2350 2476 2407 IN
2515 2349 2848 2407 PSALMUM
2898 2351 2991 2406 IX.

1936 2462 2174 2531 Ttwws
2200 2485 2211 2521 :
2238 2465 2307 2521 In
2334 2466 2491 2537 ﬁnem
2521 2468 2756 2538 psalmus
2781 2465 2954 2531 (David
2977 2484 3071 2539 pro
3092 2467 3307 2523 occultis
3331 2466 3451 2537 ﬁlii.

1980 2625 2005 2657 ο
2035 2602 2372 2669 Conﬁtehor,
2394 2622 2412 2654 ι
2444 2603 2547 2658 iste
2564 2603 2809 2673 psalmus
2832 2604 3091 2665 convenit
3106 2604 3298 2672 David,
3330 2605 3496 2674 quiet

1904 2700 1996 2755 hic
2038 2698 2275 2767 loquitur
2304 2711 2403 2765 pro
2425 2694 2653 2751 occultis
2687 2694 2804 2758 ﬁlii,
2835 2696 2887 2749 id
2917 2702 3018 2761 est,
3046 2694 3268 2751 Christi.
3302 2695 3361 2752 In
3385 2698 3493 2755 hoc

1899 2789 2047 2846 enim
2085 2787 2299 2858 psalmo
2319 2788 2498 2857 agitur
2526 2788 2593 2843 de
2619 2785 2851 2849 occultis
2869 2784 3097 2851 Christi,
3118 2796 3174 2842 et
3192 2785 3375 2859 jungit
3391 2801 3493 2849 nos

1901 2885 1958 2939 in
1988 2882 2174 2946 ﬁnem,
2206 2880 2262 2936 id
2299 2889 2386 2936 est
2428 2881 2485 2937 in
2524 2879 2822 2939 Christum.
2856 2879 3093 2943 luteum
3120 2880 3264 2937 enim
3303 2880 3358 2939 in
3388 2881 3495 2945 hoc.

1900 2975 2117 3047 psalmo
2156 2972 2393 3028 invitare
2448 2986 2548 3028 nos
2590 2971 2658 3029 ad
2699 2970 2951 3033 timorem
2988 2970 3213 3037 Christi.
3260 2969 3490 3035 Materia

1898 3075 1984 3123 est
2032 3074 2189 3137 gesta
2221 3063 2426 3121 Christi
2467 3064 2525 3121 in
2551 3063 2728 3134 primo
2761 3071 2818 3119 et
2846 3062 3087 3129 secundo
3133 3062 3396 3129 adventu,
3422 3064 3491 3125 de

1897 3175 2011 3230 quo
2051 3159 2135 3214 sic
2156 3158 2289 3229 agit.
2314 3156 2564 3213 Ostendit
2590 3155 2868 3213 Christum
2899 3154 2957 3217 iu
2982 3155 3227 3219 secundo
3254 3157 3493 3213 adventu

1898 3253 2280 3307 damnatarum
2318 3248 2592 3305 diabolum
2627 3262 2755 3305 cum
2780 3247 3041 3309 membris
3068 3248 3202 3307 suis.
3231 3246 3289 3302 lu
3312 3249 3491 3318 primo

135 3351 153 3359 ’
196 3359 645 3438 cipicns(Pltilip.
683 3361 766 3432 ιι).
803 3379 819 3410 ι
855 3327 1090 3413 Μίιιηίςῖί
1129 3359 1270 3422 dico,
1303 3359 1397 3423 ita,
1435 3358 1620 3428 utipse
1640 3357 1795 3412 Chri-
1821 3327 1870 3392 ο
1898 3360 2030 3438 vero
2048 3343 2285 3438 ostendit
2311 3342 2443 3412 quid
2464 3340 2631 3438 faciat
2651 3341 2869 3438 anteet
2895 3342 3025 3438 quid
3044 3342 3488 3438 ρεηςευιρνὶὺιιε

198 3460 316 3505 stus
332 3451 626 3506 secundum
643 3448 1034 3502 humanitatem
1052 3448 1230 3501 minus
1244 3448 1467 3501 haberet
1482 3449 1550 3501 ab
1564 3447 1788 3517 angelis,

195 3543 329 3613 quia
377 3542 648 3613 passibilis
678 3549 732 3593 et
775 3539 1016 3593 mortalis
1049 3538 1172 3602 fuit,
1209 3556 1226 3587 ‹
1259 3539 1350 3592 sed
1380 3537 1561 3608 paulo,
1601 3558 1621 3589 ι
1663 3538 1793 3607 quia

199 3635 365 3688 etiam
404 3633 501 3705 ipsi
542 3634 622 3697 sic
666 3629 867 3701 fragili,
897 3639 1057 3700 prout
1101 3630 1349 3694 Domino,
1404 3631 1579 3699 angeli
1635 3630 1794 3683 mini-

197 3721 449 3776 strabant
476 3739 489 3775 :
515 3728 569 3775 et
595 3736 717 3774 eum
742 3720 894 3789 prius
922 3720 1000 3774 sic
1029 3720 1295 3774 minutum
1324 3738 1340 3769 ε
1378 3718 1649 3772 coronasti
1674 3717 1792 3790 glo-

195 3818 279 3870 ria
314 3832 333 3864 ι
382 3815 434 3867 in
464 3813 861 3869 resurrectione
892 3831 911 3863 ι
955 3820 1009 3866 et
1037 3813 1241 3866 honore
1277 3831 1295 3862 ι
1338 3825 1353 3864 :
1405 3810 1457 3864 id
1519 3819 1601 3866 est
1655 3809 1794 3864 mul-

196 3906 427 3961 titudine
456 3920 735 3960 servorum
770 3918 869 3974 per
889 3904 1272 3958 exaltationem
1303 3903 1371 3957 ad
1398 3902 1613 3957 corium.
1654 3900 1791 3956 Cum

195 3998 329 4057 dicit
355 3998 652 4062 coronasti,
687 4005 837 4051 notat
863 3995 929 4050 de
961 4010 1163 4051 corona
1194 3994 1363 4049 totius
1389 3994 1573 4048 mundi
1606 4008 1791 4047 resur-

194 4071 456 4145 rectionis
505 4098 559 4143 et
593 4089 931 4144 ascensionis
977 4087 1146 4160 gloria
1175 4086 1384 4157 aliquos
1407 4086 1699 4142 confiteri:
1733 4093 1790 4140 et

194 4181 277 4237 sic
325 4181 647 4234 honoratum
675 4197 694 4229 ι
728 4178 1057 4233 constituisti
1107 4192 1270 4248 super
1314 4192 1479 4247 opera
1531 4191 1787 4231 manuum

196 4279 435 4334 tuarum,
465 4289 483 4321 ι
519 4268 683 4322 etiam
722 4282 883 4337 super
918 4267 1213 4339 angelicam
1250 4276 1581 4322 creaturam.

270 4364 337 4419 Et
364 4363 621 4433 quoniam
653 4364 919 4433 potuisset
945 4378 1069 4418 eum
1099 4362 1446 4417 constituisse
1479 4361 1801 4433 digniorem

194 4456 449 4511 omnibus
478 4453 766 4515 creaturis,
798 4470 897 4508 nec
930 4462 1108 4508 tamen
1130 4454 1311 4508 omnia
1340 4455 1587 4524 subjecta
1602 4462 1787 4509 essent

193 4546 247 4601 ei
302 4547 407 4619 (ut
442 4544 632 4615 aliquis
679 4545 963 4614 episcopus
1001 4544 1215 4613 dignior
1241 4552 1323 4598 est
1356 4546 1609 4600 omnibus
1634 4545 1781 4609 aliis,

192 4653 297 4693 nec
346 4645 527 4691 tamen
585 4651 771 4691 omnes
795 4635 1021 4706 subjecti
1068 4643 1193 4689 sunt
1234 4634 1329 4705 ei),
1365 4635 1585 4689 subdit:
1627 4651 1647 4685 ο
1682 4637 1783 4690 sub

1893 3437 2176 3502 Ecclesia,
2216 3435 2333 3491 sive
2367 3434 2533 3504 capiti
2558 3433 2937 3499 Antichriato1
2982 3434 3100 3497 sise
3128 3433 3263 3489 suis.
3292 3432 3489 3490 Postea

1891 3532 2044 3602 ponit
2065 3531 2298 3600 impreea
2307 3529 2509 3584 tionem
2527 3528 2784 3586 Ecclesia
2804 3527 3263 3599 persecutoribus.
3282 3527 3497 3587 Deinde.

1894 3621 2180 3676 attendens
2200 3620 2343 3673 mala
2358 3635 2478 3689 qua
2491 3620 2861 3677 Antichristus
2875 3618 3036 3677 faciet
3056 3620 3335 3685 Ecclesiaa,
3355 3634 3481 3682 cum

1894 3709 2303 3782 questioneipsa
2325 3709 2466 3765 mala
2489 3718 2792 3772 enmnerat.
2811 3709 3016 3767 Ultimo
3034 3720 3295 3781 precatur
3317 3713 3483 3767 tinem

1894 3801 2104 3856 mundi.

1962 3894 2277 3950 Praevidens
2328 3894 2598 3965 propheta
2658 3893 3085 3959 destructionem
3139 3893 3482 3953 inimicorum

1890 3987 1945 4043 in
1978 3988 2217 4049 secundo
2236 3988 2495 4054 adventu,
2523 3989 2580 4043 in
2600 3989 2897 4059 quandam
2916 3988 3339 4047 exsultationem
3358 4003 3487 4059 pro.

1889 4083 2112 4152 rumpit,
2157 4082 2390 4137 dicens:
2439 4080 2804 4145 cConﬂtehor
2828 4083 2950 4148 tibi,
3004 4083 3252 4148 Domine,
3296 4103 3316 4136 ι
3353 4099 3489 4140 con-

1888 4174 2126 4230 fessione
2175 4174 2355 4229 laudis
2400 4193 2420 4226 ‹
2455 4175 2508 4230 in
2539 4175 2707 4235 corde
2733 4193 2761 4228 ι
2790 4173 2944 4240 dicit,
2984 4176 3111 4244 quia
3151 4174 3301 4230 nulla
3345 4190 3478 4232 eon-

1888 4266 2055 4322 fesslo
2099 4267 2242 4321 valet
2268 4282 2390 4338 quae
2432 4280 2500 4321 ex
2542 4267 2708 4321 corde
2735 4281 2845 4321 non
2878 4267 3141 4336 procedit,
3196 4286 3217 4321 ι
3270 4282 3397 4325 meo
3448 4286 3487 4321 »η

1887 4362 2040 4427 dicit,
2074 4362 2163 4417 cui
2185 4362 2519 4427 dominatur,
2556 4380 2574 4412 ε
2615 4369 2732 4419 toto
2766 4381 2785 4413 ι
2819 4360 2975 4425 dicit,
3000 4360 3133 4428 quia
3158 4360 3302 4417 nulla
3333 4360 3479 4419 mala

1888 4454 2221 4524 cogitatione
2272 4452 2585 4523 impeditur'
2621 4462 2677 4508 et
2733 4452 2877 4509 aliis.
2914 4472 2935 4505 ί
2997 4450 3243 4509 Narrabo
3295 4454 3485 4510 omnia

1886 4544 2157 4599 mirabilia
2202 4552 2314 4608 tua,
2349 4564 2368 4597 ι
2438 4559 2548 4601 non
2602 4544 2726 4599 ideo
2764 4544 2916 4608 dicit,
2957 4543 3097 4614 quod
3137 4546 3317 4601 omnia
3360 4546 3483 4615 ejus

1886 4636 2158 4695 mirabilia
2173 4645 2383 4703 narret,
2405 4636 2501 4692 sed
2526 4650 2861 4707 quaecunque
2879 4636 3092 4694 dicitde
3119 4651 3185 4692 eo
3206 4637 3474 4701 mirabilia

193 4731 423 4802 pedibus
464 4727 601 4798 ejus,
648 4747 668 4781 ι
715 4729 769 4783 id
788 4739 872 4783 est
892 4699 1143 4800 plenarie
1166 4699 1442 4797 sdbjecisti
1475 4749 1493 4779 ι
1518 4730 1724 4795 omnia,
1755 4749 1774 4781 ι
1812 4699 1860 4758 D
1886 4734 2029 4779 sunt.

194 4822 251 4875 id
281 4833 365 4876 est
389 4835 579 4875 omnes
625 4831 927 4876 creaturas.
961 4820 1115 4875 Sicut
1152 4820 1297 4875 enim
1323 4822 1467 4890 quod
1499 4822 1600 4875 sub
1628 4821 1785 4891 pcdi-

193 4916 298 4970 bns
352 4913 578 4982 alicujus
632 4922 734 4979 est,
784 4914 1008 4984 plenum
1060 4915 1109 4968 ei
1168 4912 1471 4982 subjectum
1523 4925 1648 4981 est,
1703 4918 1777 4971 ita

192 5005 414 5061 Christo
443 5006 663 5060 omnia:
697 5005 823 5060 licet
868 5006 1015 5060 enim
1061 5006 1238 5061 adhuc
1283 5007 1504 5076 quidam
1549 5008 1774 5063 recalci-

1958 4839 1977 4870 ‹
2005 4819 2255 4915 Laetabon
2290 4840 2310 4875 ι
2345 4820 2513 4875 etiam
2554 4821 2609 4876 iu
2648 4821 2853 4886 animo,
2901 4839 2920 4877 ι
2946 4829 3004 4879 et
3046 4821 3331 4881 exsulutbo
3365 4842 3383 4876 ι
3415 4821 3474 4881 in

1882 4927 2134 4982 corpore,
2158 4913 2273 4975 non
2314 4914 2369 4967 in
2407 4913 2721 4979 mumlanis,
2742 4914 2882 4973 sed;
2908 4913 2967 4973 in
2996 4921 3095 4970 te)
3123 4934 3142 4969 ι
3170 4914 3418 4986 psallam,
3446 4933 3469 4970 ι

1881 5007 2044 5060 etiam
2078 5006 2215 5061 bene
2260 5006 2541 5077 operando
2569 5024 2588 5058 ι
2616 5006 2825 5071 nomini
2855 5015 2951 5065 tuo
2977 5028 3001 5060 ι
3029 5008 3360 5077 amplianda,
3390 5025 3412 5061 ι
3437 5022 3476 5067 o

192 5109 341 5153 trent
367 5141 382 5165 ,
412 5098 544 5153 nihil
572 5107 749 5153 tamen
774 5097 980 5154 faciunt
1006 5097 1109 5153 nisi
1134 5097 1252 5167 ejus
1274 5098 1647 5168 permissione.
1680 5099 1791 5154 Vel;
1878 5097 2174 5163 Altissime,
2207 5119 2227 5152 ο
2261 5097 2492 5165 scilicet,
2521 5100 2651 5170 quia
2677 5100 2979 5159 altissimus
3005 5116 3085 5161 es.

199 5211 219 5245 ι
250 5195 349 5248 sub
374 5193 601 5265 pedibus
621 5194 757 5264 ejus,
783 5213 801 5245 ι
835 5193 887 5248 id
914 5202 999 5248 est
1024 5193 1122 5248 sub
1136 5192 1493 5258 humanitate,
1514 5208 1633 5264 qua:
1657 5194 1779 5250 ideo

189 5287 361 5358 pedes
391 5283 608 5357 dicitur)
654 5286 780 5356 quia
828 5301 927 5356 per
951 5300 1071 5339 eam
1116 5283 1373 5339 divinitas
1420 5286 1487 5340 ad
1525 5300 1625 5340 nos
1683 5286 1779 5341 de-

191 5380 422 5433 scendit.
449 5378 696 5434 Ostendit
720 5394 818 5449 per
868 5388 1051 5449 partes
1078 5393 1198 5448 qum
1243 5379 1423 5433 omnia
1474 5379 1783 5450 subjecerit

196 5496 214 5526 ι
250 5489 400 5539 oves,
437 5494 454 5526 ι
497 5473 549 5528 id
577 5481 661 5527 est
685 5472 959 5542 simplices
983 5473 1036 5526 in
1084 5470 1343 5536 Ecclesia,
1385 5474 1451 5527 de
1478 5474 1673 5542 quibus
1701 5475 1779 5530 ait

189 5568 456 5624 Dominus
490 5567 687 5623 Petro:
721 5588 737 5617 ι
774 5568 940 5623 Pasce
984 5582 1113 5621 oves
1150 5584 1299 5623 meas
1334 5567 1517 5639 (Joon.
1570 5570 1707 5639 xxi),
1748 5589 1767 5622 ι

194 5681 217 5715 ι
252 5670 306 5717 et
322 5664 508 5725 boves,
541 5682 559 5715 ι
593 5661 644 5715 id
676 5671 759 5717 est
794 5662 1178 5731 praedicatores
1211 5670 1449 5727 sanctos,
1480 5662 1570 5732 qui
1612 5664 1773 5719 tritu-

189 5762 318 5811 rant
347 5752 664 5808 Ecclesium.
692 5751 847 5808 Unde
898 5751 1108 5824 Moyses
1141 5770 1210 5805 :.«
1245 5750 1360 5806 Non
1413 5751 1661 5823 alligabis
1710 5769 1775 5809 os

188 5845 316 5901 bovi
348 5843 619 5899 trituranti
653 5843 830 5916 (Deut.
862 5842 1010 5915 xxv).
1069 5862 1089 5893 ι
1149 5863 1166 5895 ‹
1221 5841 1514 5900 Universas
1572 5864 1590 5897 ›
1641 5860 1770 5915 pro-

188 5945 317 6015 pter
342 5935 447 5993 hoc
473 5934 625 6012 ponit
653 5932 954 6000 feminium,
983 5942 1040 5989 ut
1067 5933 1332 6008 significet
1359 5933 1479 5992 illos
1505 5935 1774 6008 quosdam

1954 5193 2204 5248 Laetabor
2229 5193 2359 5249 dico
2386 5202 2443 5248 et
2481 5193 2786 5251 exsultatio.
2821 5214 2841 5246 ι
2872 5195 2928 5253 in
2955 5195 3320 5253 oonvorteudo
3364 5193 3473 5249 ini-

1881 5286 2085 5343 micum
2127 5301 2311 5341 meum
2351 5297 2676 5353 reuersum,
2702 5308 2725 5340 ι
2751 5288 2805 5345 id
2844 5295 2929 5345 est
2952 5288 3013 5345 in
3031 5288 3473 5349 consideratione

1882 5379 2249 5435 conversionis
2284 5379 2508 5436 inimici.
2544 5380 2699 5437 Licet
2726 5381 2877 5437 enim
2901 5380 2990 5439 hic
3018 5381 3177 5441 nobis
3204 5380 3471 5450 quodam-

1882 5472 2042 5528 modo
2089 5474 2419 5537 dominetur,
2447 5483 2631 5530 tamen
2653 5475 2706 5529 in
2751 5473 3051 5541 diejudicii
3098 5489 3321 5543 prorsus
3349 5472 3471 5544 ejus

1882 5565 2177 5621 dominium
2208 5566 2534 5622 destruetur.
2572 5566 2867 5623 Conversio
2895 5582 3044 5632 vero,
3077 5566 3129 5623 id
3152 5574 3236 5623 est
3259 5566 3470 5631 destru.

1880 5658 1993 5714 ctio
2012 5658 2155 5713 illius
2181 5658 2405 5721 «Iouini!
2430 5674 2527 5729 per
2550 5667 2781 5717 mrtem
2801 5659 3007 5717 Christi
3036 5660 3275 5730 int-mpii,
3294 5660 3351 5719 in
3378 5661 3468 5725 die

1880 5751 2095 5821 quidem
2117 5750 2309 5819 iudicii
2349 5751 2506 5822 plene
2534 5752 3021 5811 consunimaliimr.
3052 5752 3149 5811 ille
3176 5764 3464 5813 convey-ten

1881 5850 1990 5908 tur,
2014 5843 2209 5912 suique
2239 5858 2504 5913 sequaces
2529 5862 2550 5897 ί
2578 5844 3018 5913 infirmahuntur,
3046 5866 3069 5902 ι
3099 5846 3154 5904 id
3185 5855 3273 5905 est
3298 5847 3463 5907 amita

1880 5941 1996 5993 teut
2021 5943 2349 6009 potestatem
2392 5936 2814 6013 Incendium
2850 5935 3053 6011 iterum
3084 5938 3463 6003 intimation
