3984 6468
453 436 560 493 29.5

925 431 1282 492 HAYMONiS
1322 431 1803 490 HALBERSTAT.
1847 431 2065 488 EPISC.
2107 429 2258 488 OPP.
2298 428 2481 484 PARS
2517 427 2558 485 Ι.
2599 457 2670 470 -—
2701 427 3058 484 COMMENT.
3092 426 3262 481 BIBL.

3623 426 3742 482 224

455 554 559 607 hac
589 551 699 606 vita
725 550 918 622 incipit
941 565 1039 621 per
1068 558 1300 604 mortem
1335 545 1539 602 Christi
1565 562 1580 601 :
1605 554 1660 602 et
1689 567 1706 597 ε
1741 547 1993 617 peribunt
2019 565 2038 598 ι
2071 549 2124 609 Α
2149 559 2304 609 nare,
2325 542 2468 599 Deus
2502 543 2554 598 ei
2596 559 2816 598 manum
2857 550 3128 614 apponat:
3153 541 3366 611 adjutor
3389 544 3512 599 dico
3541 544 3597 598 in
3630 545 3740 598 tri-

457 650 660 696 aeterna
703 641 1070 706 damnatione,
1103 637 1296 693 remoti
1324 657 1342 688 ί
1371 651 1404 690 a
1433 636 1596 704 facie,
1625 655 1644 688 ›
1673 637 1727 691 id
1772 645 1855 691 est
1883 652 1914 691 a
1952 650 2042 690 co-

458 731 702 802 gnitione
752 740 844 786 tua
888 731 1046 801 juxta
1070 729 1212 799 quod
1241 728 1440 784 dicitur
1464 747 1477 783 :
1505 747 1525 780 ‹
1556 726 1800 783 Tollatur
1823 728 2040 799 impius,

459 840 531 880 ne
557 825 739 881 videat
772 824 998 896 gloriam
1019 822 1116 877 Dei
1147 820 1282 893 (Isa.
1311 825 1486 891 xxvr).
1519 840 1537 873 ι

528 920 654 976 Ideo
695 919 946 990 peribunt
981 924 1036 971 et
1068 915 1487 971 inﬁrmabuntur
1522 931 1540 964 ι
1578 913 1834 984 quoniam
1874 921 1932 968 tu
1966 911 2045 968 fe-

465 1012 587 1068 cisti
623 1025 799 1066 meam
845 1023 1093 1074 causam,
1139 1027 1158 1060 ι
1211 1006 1265 1061 id
1293 1014 1376 1061 est
1398 1005 1532 1061 mihi
1559 1005 1764 1060 utilem.
1793 1005 1870 1059 ibi
1899 1004 2046 1059 enim

458 1101 730 1173 patientia:
750 1108 803 1156 et
829 1098 1153 1154 humilitatis
1189 1097 1346 1153 nobis
1377 1097 1682 1167 exemplum
1709 1096 1963 1165 reliquit:
1990 1101 2047 1150 et

466 1214 486 1248 ι
509 1193 806 1264 judicium,
843 1212 861 1244 ›
895 1192 950 1247 id
1000 1198 1084 1247 est
1130 1189 1459 1246 sententiam
1506 1187 1720 1252 mortis,
1751 1187 1933 1242 datam
1979 1185 2047 1240 ab

459 1287 592 1360 ipsis
622 1285 846 1352 Iudaeis,
866 1306 884 1337 (
915 1284 1096 1341 fecisti
1125 1298 1326 1349 meum,
1350 1302 1367 1333 ι
1394 1282 1449 1337 id
1489 1289 1572 1336 est
1599 1279 1734 1334 mihi
1761 1278 1912 1333 utile.
1945 1277 2049 1332 Per

457 1387 694 1434 mortem
744 1377 888 1432 enim
938 1384 1086 1431 tuam
1132 1374 1394 1445 redempti
1439 1387 1626 1428 sumus
1653 1389 1665 1425 :
1691 1378 1744 1424 et
1772 1381 1926 1442 potes
1955 1369 2047 1424 de-

460 1479 671 1528 struere
693 1469 1052 1536 adversarios,
1080 1468 1207 1539 quia
1239 1487 1256 1519 c
1287 1476 1344 1522 tu
1369 1466 1547 1532 sedes,
1578 1485 1596 1517 ›
1626 1465 1679 1520 id
1704 1473 1787 1520 est
1812 1463 2049 1534 quiescis

468 1582 488 1616 ι
518 1577 682 1633 super
723 1563 996 1628 thronum,
1020 1581 1038 1614 ι
1073 1561 1128 1616 id
1157 1569 1242 1616 est
1269 1560 1324 1615 in
1352 1559 1517 1628 regali
1545 1557 1702 1623 sede;
1732 1574 1754 1608 ι
1783 1556 1875 1626 qui
1898 1554 2047 1626 judi-

462 1670 555 1711 cas
592 1653 879 1723 justitiam,
913 1675 931 1706 ι
980 1653 1034 1708 id
1064 1661 1148 1708 est
1175 1651 1340 1723 juste,
1371 1659 1426 1707 et
1460 1665 1558 1721 per
1583 1651 1687 1706 hoc
1725 1656 1880 1704 notat
1906 1647 2052 1718 quod

465 1744 612 1800 Deus
639 1760 734 1801 eos
757 1745 885 1800 velit
911 1745 1209 1800 destruere.

539 1857 557 1888 ι
575 1837 792 1894 Judicas
803 1839 1071 1921 justitiam
1096 1859 1114 1891 ι
1134 1839 1297 1905 hanc,
1311 1837 1550 1893 scilicet:
1574 1855 1592 1888 ‹
1614 1835 1910 1906 lncrepasti
1923 1847 2052 1905 gen-

2147 637 2442 692 bulatione.
2485 635 2621 690 Illud
2665 637 2810 690 enim
2854 635 3226 692 dulcissimum
3257 644 3342 691 est
3378 634 3739 703 adiutorium,

2147 731 2291 802 quod
2318 730 2376 784 in
2407 729 2728 785 necessitate
2759 738 3078 800 praestatur,
3114 729 3252 784 sicut
3289 728 3343 782 in
3381 726 3487 782 alio
3521 727 3746 797 psalmo

2148 824 2278 879 dicit
2305 842 2318 876 :
2348 842 2368 875 ι
2401 823 2596 878 Invoca
2623 838 2708 878 me
2741 823 2796 878 in
2831 823 2918 878 die
2947 822 3328 887 tribulationis,
3357 829 3414 876 et
3433 837 3628 876 eruam
3663 830 3743 885 te,

2147 924 2203 971 et
2233 915 2617 970 honoriﬁcabis
2637 930 2724 970 me
2744 915 2913 986 (Ρεαι.
2940 913 3122 985 XLIX);
3154 935 3173 966 ι
3200 922 3256 969 et
3278 929 3387 969 non
3411 927 3748 983 quocunque

2149 1009 2309 1065 modo
2338 1010 2553 1081 adjutor
2594 1010 2648 1066 in
2698 1011 3078 1076 tribulatione,
3108 1009 3204 1065 sed
3239 1009 3294 1064 in
3320 1009 3750 1080 opportunitati-

2149 1101 2272 1166 bus,
2302 1100 2356 1156 id
2385 1109 2469 1156 est
2493 1102 2788 1157 secundum
2817 1100 2959 1170 quod
2986 1108 3349 1171 opportunum
3369 1108 3471 1156 est.
3506 1099 3568 1154 Si
3598 1100 3755 1154 enim

2150 1194 2438 1249 tribulatus
2492 1203 2647 1266 roget
2709 1193 2978 1248 removeri
3041 1191 3449 1256 tribulationes,
3498 1208 3613 1248 non
3662 1199 3757 1247 est

2151 1288 2346 1358 dignus
2374 1287 2658 1342 exaudiri:
2684 1286 2729 1342 si
2752 1300 2883 1343 vero
2910 1285 3255 1342 tolerantiam
3290 1285 3642 1355 deprecatur,
3667 1286 3755 1340 di-

2151 1395 2288 1451 gnus
2315 1387 2400 1434 est
2428 1379 2694 1435 exaudiri.

2222 1470 2459 1540 Adjuvas
2489 1473 2542 1528 in
2578 1472 2948 1538 tribulatione,
2979 1479 3036 1526 et
3074 1471 3239 1526 etiam
3282 1485 3392 1525 non
3433 1470 3750 1541 delinques,

2153 1563 2208 1621 id
2234 1573 2318 1620 est
2342 1579 2450 1619 non
2483 1565 2688 1636 pateris
2708 1580 2801 1620 eos
2820 1563 3055 1620 devinci.
3083 1563 3235 1618 Licet
3259 1563 3558 1632 relinquas,
3589 1563 3644 1616 id
3669 1572 3757 1617 est

2154 1654 2220 1709 ad
2247 1655 2440 1710 horam
2471 1655 2696 1724 patiaris
2742 1654 3010 1719 tribulari,
3039 1654 3124 1708 vel
3151 1653 3315 1707 etiam
3342 1653 3642 1723 aliquando
3664 1669 3757 1707 ea-

2153 1747 2476 1802 derezsunt
2520 1747 2666 1802 enim
2713 1747 2877 1817 aliqui
2926 1762 3086 1803 casus
3129 1747 3318 1812 utiles,
3365 1755 3426 1800 ut
3471 1746 3755 1815 impetus,

2161 1858 2179 1890 ‹
2207 1846 2510 1908 quazrentes
2550 1846 2620 1904 te,
2647 1839 2893 1905 Domine,
2918 1857 2938 1890 ι
2971 1838 3026 1892 id
3071 1844 3156 1893 est
3193 1837 3314 1891 illos
3357 1837 3452 1907 qui
3495 1836 3756 1893 omnibus

463 1945 582 2002 tes,
624 1958 642 1989 ι
688 1937 739 1990 id
786 1916 870 1992 est
917 1937 1192 2009 gentiliter
1240 1937 1484 1992 viventes
1527 1933 1830 1999 damnabis,
1873 1916 2126 1987 incre—B
2153 1931 2326 1986 modis
2354 1929 2618 1985 voluntati
2647 1938 2752 1983 tuae
2775 1929 3152 1998 obtemperare
3187 1929 3457 1982 nituntur.

458 2031 638 2101 pando
669 2046 760 2086 eos
788 2031 855 2086 de
889 2030 1194 2086 malefactis
1219 2047 1234 2095 ;
1272 2049 1290 2080 ι
1320 2038 1376 2085 et
1422 2028 1619 2099 impius
1638 2067 1654 2092 ,
1685 2047 1703 2079 ›
1738 2026 1792 2082 id
1820 2034 1904 2081 est
1935 2025 2050 2081 dia-

459 2121 637 2190 holus,
667 2142 685 2176 ‹
733 2124 934 2195 peribit
975 2145 993 2176 ›
1025 2125 1080 2180 in
1135 2133 1399 2181 aeternum
1426 2166 1440 2190 ,
1493 2124 1718 2190 scilicet,
1775 2143 1793 2174 ‹
1851 2138 2048 2180 nomen

458 2232 668 2283 eorum,
719 2237 738 2270 ι
775 2217 829 2272 id
860 2225 943 2272 est
990 2201 1207 2273 omnem
1250 2224 1576 2288 potestatem
1631 2235 1650 2268 ι
1702 2231 1913 2281 eorum,
1944 2234 1962 2267 ι
1993 2215 2049 2270 id

458 2317 544 2364 est
571 2309 843 2380 gentiliter
875 2311 1171 2366 viventium
1197 2350 1212 2376 ,
1241 2310 1446 2366 delebis
1473 2310 1528 2365 in
1567 2319 1852 2366 aeternum.
1883 2309 1951 2363 Et
1979 2323 2050 2364 ne

459 2400 832 2470 acciperemus
852 2400 908 2455 in
929 2410 1190 2456 aeternum
1215 2415 1387 2471 usque
1414 2401 1482 2456 ad
1503 2402 1663 2456 linem
1686 2400 1892 2465 mundi,
1912 2399 2051 2454 sicut

459 2491 672 2562 Moyses
697 2491 773 2545 ait
797 2511 810 2546 :
842 2509 860 2543 (
891 2493 1158 2564 Regnabit
1183 2492 1446 2548 Dominus
1467 2492 1522 2545 in
1545 2500 1809 2546 aeternum
1832 2498 1886 2545 et
1907 2489 2047 2544 ultra

457 2583 656 2656 (Ea-od.
679 2584 792 2656 xv);
818 2604 836 2636 ι
861 2585 1062 2652 subdit,
1083 2605 1101 2636 ι
1131 2594 1187 2640 et
1206 2585 1263 2640 in
1288 2583 1565 2650 saeculum,
1597 2603 1616 2636 ι
1644 2582 2048 2638 subsecutivum

461 2676 621 2746 hujus
647 2677 850 2732 saeculi.

528 2771 736 2827 Peribit
787 2771 1002 2842 impius,
1050 2771 1177 2841 quia
1212 2788 1231 2822 ‹
1263 2769 1504 2838 frameae,
1537 2789 1556 2823 ι
1592 2769 1644 2824 id
1679 2778 1762 2826 est
1796 2767 2050 2824 tentatio-

457 2879 556 2922 nes
584 2884 602 2916 ι
635 2864 862 2931 inimici,
897 2884 914 2916 ι
947 2863 1002 2919 id
1029 2872 1113 2920 est
1133 2863 1356 2929 diaboli,
1384 2884 1401 2916 ‹
1436 2862 1688 2918 deﬁcient
1718 2863 1772 2916 in
1803 2861 1988 2927 ﬁnem,
2023 2879 2041 2910 ι

460 2958 516 3013 id
544 2965 630 3014 est
671 2968 960 3030 postquam
1007 2957 1294 3012 devenient
1341 2956 1396 3011 in
1439 2955 1690 3010 ultimum
1729 2954 1915 3018 ﬁnem,
1946 2972 1965 3003 ‹
1995 2959 2050 3007 et

459 3050 708 3106 destrues
751 3049 998 3105 civitates
1043 3064 1266 3116 eorum,
1314 3069 1332 3102 ι
1369 3048 1423 3103 id
1447 3055 1530 3103 est
1555 3047 1900 3102 collectiones
1923 3046 2050 3100 sub-

461 3140 717 3204 ditorum,
734 3139 972 3193 munitas
996 3139 1281 3194 sententiis
1307 3137 1568 3193 falsorum
1595 3136 1663 3191 ad
1687 3151 1813 3192 suos
1833 3148 2049 3190 errores

460 3232 846 3287 defendendos.
871 3231 939 3286 Et
962 3241 1090 3287 tunc
1116 3251 1132 3282 ι
1162 3231 1360 3302 peribit
1385 3229 1647 3285 memoria
1676 3244 1886 3294 eorum,
1913 3249 1932 3280 δ
1961 3227 2049 3282 illa

461 3323 670 3378 scilicet
697 3322 909 3379 affectio
949 3338 1112 3394 quam
1146 3323 1353 3378 habent
1393 3323 1566 3378 sancti
1601 3338 1702 3395 pro
1737 3322 1816 3377 eis
1854 3321 1908 3375 in
1945 3320 2048 3376 hac

460 3415 572 3470 vita
603 3415 980 3471 existentibus.
1007 3415 1162 3472 Unde
1191 3416 1247 3470 in
1277 3415 1570 3485 Evangelio
1600 3434 1612 3469 :
1646 3435 1663 3466 ι
1692 3415 1838 3470 inter
1869 3429 1968 3469 nos
1994 3422 2050 3468 et

463 3520 560 3561 vos
603 3507 768 3562 chaos
797 3522 1051 3578 magnum
1079 3505 1355 3561 ﬁrmatum
1384 3514 1468 3562 est
1501 3505 1654 3576 (Luc.
1689 3505 1800 3575 xvi)
1823 3525 1841 3557 ι
1882 3525 1900 3556 ‹
1926 3519 2049 3560 cum

463 3598 665 3664 sonitu,
716 3617 736 3650 ›
781 3598 838 3653 id
876 3606 959 3653 est
1009 3613 1206 3670 magno
1245 3598 1434 3654 dolore
1479 3599 1843 3670 pereuntium.
1897 3596 2049 3653 Sicut

464 3688 608 3743 enim
636 3688 814 3759 aliqua
846 3689 1062 3746 civitate
1087 3698 1383 3760 pereunte,
1412 3706 1644 3760 magnus
1671 3690 1825 3746 dolor
1853 3698 1910 3744 et
1933 3705 2047 3744 ma-

463 3797 598 3851 gnus
622 3782 832 3837 sonitus
855 3791 955 3848 est,
992 3783 1066 3837 ita
1095 3783 1201 3838 erit
1230 3784 1284 3838 in
1311 3781 1418 3839 illis
1447 3783 1816 3854 pereuntibus.

539 3892 558 3925 ‹
595 3872 703 3944 Ipsi
738 3875 815 3930 ita
850 3875 1136 3946 peribunt,
1164 3875 1426 3930 Dominus
1471 3882 1653 3930 autem
1684 3883 1965 3946 permanet
1996 3875 2051 3929 in

466 3971 753 4031 aeternum,
808 3985 826 4016 ι
869 3981 1000 4021 vere
1040 3975 1325 4037 permanet
1349 3967 1403 4020 in
1433 3976 1716 4034 aeternum,
1749 3967 1875 4037 quia
1908 3985 1925 4018 ‹
1955 3982 2053 4038 pa-

469 4054 610 4108 ravit
661 4055 918 4109 thronum
947 4071 1106 4111 suum
1144 4056 1200 4110 in
1223 4055 1450 4127 judicio,
1497 4077 1516 4110 ›
1549 4057 1605 4112 id
1629 4066 1729 4124 est,
1759 4057 1886 4112 dum
1907 4055 2054 4126 judi-

467 4153 684 4201 caretur
707 4164 722 4200 :
745 4147 829 4202 vel
855 4147 908 4202 in
928 4146 1153 4216 judicio,
1181 4146 1491 4218 utjudicet;
1523 4169 1540 4202 ‹
1567 4157 1623 4205 et
1651 4150 1764 4220 ipse
1789 4149 2056 4221 judicabit

473 4257 492 4290 ι
529 4238 714 4294 orbem
739 4247 917 4305 terrm,
947 4260 965 4294 ι
991 4239 1045 4294 id
1069 4249 1153 4296 est
1179 4255 1370 4296 omnes
1394 4243 1564 4297 bonos
1594 4243 1838 4298 viventes
1863 4243 1918 4297 in
1948 4242 2056 4298 cir-

465 4331 613 4386 cuitu
662 4339 841 4398 terrae,
880 4349 900 4384 ι
934 4332 990 4387 in
1029 4332 1305 4403 aequitate,
1341 4353 1359 4384 ι
1393 4333 1604 4389 scilicet
1649 4349 1749 4404 pro
1799 4332 2050 4400 meritis;

472 4447 490 4479 ς
519 4426 784 4496 judicabit
812 4429 976 4484 etiam
1005 4429 1250 4501 pepulos,
1273 4449 1292 4481 ι
1328 4429 1536 4486 scilicet
1564 4437 1904 4500 peccatores,
1943 4448 1962 4480 ι
1997 4429 2055 4484 ἱιι

463 4521 694 4592 justitia,
745 4544 763 4574 ι
799 4523 852 4578 id
877 4532 964 4578 est
985 4538 1083 4594 pro
1109 4524 1320 4580 meritis
1355 4523 1715 4595 singulorum.

2222 2023 2290 2077 Et
2333 2023 2589 2092 quoniam
2619 2038 2726 2076 non
2757 2022 3116 2092 dereliquisti,
3148 2021 3268 2077 ideo
3303 2041 3321 2072 ε
3355 2030 3582 2092 sperent
3613 2022 3672 2076 in
3702 2029 3757 2078 te

2149 2129 2339 2172 omnes
2373 2115 2463 2184 qui
2493 2121 2761 2168 noverunt
2808 2128 3006 2169 nomen
3035 2121 3208 2168 tuum.
3265 2132 3282 2165 ι
3334 2111 3580 2168 Noscere
3608 2113 3754 2168 acci-

2149 2207 2250 2278 pit,
2280 2220 2388 2260 non
2429 2220 2496 2259 ex
2538 2203 2787 2258 interiori
2817 2203 3147 2274 cognitione,
3183 2203 3276 2257 sed
3309 2203 3366 2257 in
3411 2202 3531 2258 sola
3561 2202 3673 2257 ﬁde
3703 2214 3754 2257 et

2149 2299 2290 2356 bona
2317 2297 2652 2368 Operatione.
2683 2295 2835 2352 Unde
2860 2294 3096 2351 Joannes
3125 2315 3138 2349 :
3168 2315 3186 2348 ‹
3219 2295 3322 2363 Qui
3346 2296 3482 2351 dicit
3507 2311 3568 2351 se
3590 2313 3754 2352 nosse

2151 2391 2344 2456 Deum,
2373 2398 2430 2444 et
2476 2389 2732 2445 mandata
2785 2389 2902 2458 ejus
2949 2404 3059 2444 non
3104 2389 3360 2453 custodit,
3389 2390 3628 2444 mendax
3673 2400 3757 2444 est

2152 2481 2203 2553 (Ι
2229 2481 2393 2536 Joan.
2421 2483 2483 2554 1).
2508 2501 2526 2533 ›

2220 2573 2338 2628 Νοιι
2375 2573 2702 2644 derelinquit
2736 2589 2883 2638 suos,
2916 2575 3011 2629 sed
3039 2574 3285 2644 requiret
3306 2575 3636 2646 sanguinem
3667 2591 3756 2632 eo-

2151 2680 2304 2720 rum:
2327 2673 2382 2718 et
2408 2663 2528 2720 ideo
2554 2682 2572 2714 ‹
2595 2662 2807 2734 psallite
2829 2664 2904 2718 illi
2920 2664 3170 2730 Domino,
3196 2686 3214 2716 ι
3235 2675 3292 2719 et
3312 2665 3645 2720 determinat
3669 2669 3754 2724 cui

2150 2757 2398 2821 Domino,
2415 2754 2726 2825 scilicet'qui
2754 2756 3112 2826 corporaliter
3135 2776 3152 2808 ‹
3180 2757 3388 2812 habitat
3403 2757 3461 2812 in
3476 2756 3630 2824 Sion,
3660 2780 3680 2810 ι
3702 2759 3753 2813 id

2149 2861 2233 2910 est
2260 2853 2312 2907 in
2342 2850 2544 2906 Judzea.
2578 2849 2708 2905 Sion
2735 2867 2971 2921 namque
3000 2851 3201 2907 Judaeae
3229 2862 3393 2922 caput
3419 2862 3524 2919 est,
3559 2854 3613 2908 in
3647 2870 3754 2923 qua

2150 2943 2401 3000 Christus
2424 2943 2714 3012 praesentia
2745 2942 2989 3012 corporis
3028 2943 3313 2998 habitavit.
3365 2944 3520 3000 Unde
3550 2954 3604 3001 et
3634 2946 3752 3014 ipse

2151 3039 2225 3094 ait
2253 3057 2264 3092 :
2291 3057 2308 3088 ‹
2339 3033 2457 3091 Non
2491 3051 2612 3091 sum
2659 3036 2857 3092 missus
2887 3038 3178 3106 praesentia
3213 3040 3493 3109 corporis,
3527 3040 3632 3094 nisi
3683 3041 3750 3095 ad

2150 3149 2277 3189 oves
2313 3148 2434 3202 qua;
2457 3134 2737 3203 perierunt
2769 3133 2963 3189 domus
2995 3134 3162 3189 Israel
3195 3133 3411 3205 (Matth.
3443 3135 3559 3207 xv).
3593 3155 3612 3189 ι
3648 3137 3748 3191 Vel

2153 3241 2252 3296 per
2297 3223 2427 3279 Sion
2459 3223 2783 3290 Ecclesiam,
2817 3240 2937 3293 qtae
2986 3225 3283 3296 spceulatio
3323 3235 3425 3292 est,
3458 3243 3749 3296 possumus

2154 3319 2400 3389 accipere
2427 3337 2439 3371 :
2473 3337 2491 3370 ‹
2525 3318 2854 3376 Annuntiate
2890 3321 3030 3375 inter
3057 3330 3266 3391 gentes,
3296 3314 3396 3377 {id
3423 3333 3512 3378 est
3534 3326 3748 3393 gentili-
3810 3357 3815 3360 λ

2153 3419 2237 3468 ter
2268 3411 2534 3477 viventes,
2563 3430 2581 3462 ι
2613 3411 2789 3466 studia
2817 3411 2954 3481 ejus,
2987 3434 3005 3466 ›
3036 3414 3138 3470 hoc
3169 3414 3396 3480 scilicet,
3430 3433 3448 3466 ε
3489 3417 3746 3486 quoniam

2153 3504 2268 3574 ipse
2301 3511 2385 3559 est
2427 3503 2710 3574 requirens
2741 3504 3063 3576 sanguinem
3101 3521 3313 3571 eorum,
3345 3525 3364 3558 ›
3397 3506 3448 3561 id
3481 3516 3565 3562 est
3598 3523 3747 3578 qua:-

2151 3596 2388 3652 rentium
2417 3594 2728 3664 Dominum,
2760 3615 2778 3646 ι
2807 3597 3123 3652 recordatus
3149 3605 3254 3662 est,
3288 3618 3307 3650 ι
3337 3598 3548 3654 scilicet
3575 3601 3746 3656 tribu-

2153 3688 2384 3744 latorum
2429 3698 2484 3744 et
2521 3687 2917 3744 tribulantium.
2946 3689 3090 3744 Deus
3121 3705 3343 3744 suorum
3374 3691 3586 3747 videtur
3609 3693 3745 3747 obli-

2153 3792 2261 3848 tus,
2295 3798 2419 3838 cum
2451 3797 2543 3837 eos
2593 3781 2838 3836 tribulari
2867 3781 3135 3850 permittit
3162 3800 3175 3835 :
3201 3782 3498 3848 recordari,
3526 3785 3740 3852 quando

2155 3876 2235 3931 eis
2267 3873 2538 3930 subvenit.
2570 3872 2760 3927 Studia
2787 3873 2938 3939 dicit,
2971 3873 3098 3944 quia
3126 3875 3268 3929 Deus
3289 3890 3399 3929 non
3427 3883 3627 3928 tantum
3650 3874 3737 3944 ju-

2155 3969 2320 4034 dicat,
2348 3968 2443 4023 sed
2469 3967 2707 4021 studiose
2728 3966 2984 4021 vindicat.
3009 3985 3029 4017 ε
3053 3968 3388 4024 Recordatus
3409 3978 3495 4023 est
3514 3968 3743 4023 tribula-

2156 4070 2353 4125 torum,
2381 4067 2437 4114 et
2465 4073 2573 4113 non
2603 4068 2688 4114 est
2721 4058 2921 4114 oblitus
2961 4059 3255 4115 clamorem
3281 4076 3604 4131 pauperum,
3637 4080 3654 4112 ι
3689 4059 3745 4116 id

2155 4161 2237 4208 est
2262 4150 2606 4222 supplicium,
2630 4151 2724 4220 qui
2769 4165 2876 4206 non
2907 4159 3136 4221 possunt
3171 4151 3554 4208 tribulationes
3581 4153 3748 4208 susti-

2154 4259 2305 4312 nere,
2348 4243 2638 4322 miseretur
2662 4244 2856 4310 statim
2899 4243 3058 4310 Deus,
3107 4254 3162 4300 et
3201 4245 3398 4301 liberat
3440 4262 3470 4300 a
3523 4246 3748 4302 tribula-

2155 4340 2321 4396 tione.

2235 4450 2253 4483 ί
2286 4431 2592 4489 Clamorem
2645 4447 2944 4504 pauperum
2992 4454 3010 4485 ›
3057 4433 3389 4491 dicentium:
3421 4455 3441 4487 ι
3489 4435 3750 4492 Miserere

2169 4525 2301 4591 mei,
2348 4524 2598 4590 Domine,
2640 4543 2657 4575 ι
2693 4525 2904 4582 scilicet
2937 4527 3041 4582 hoc
3068 4527 3247 4593 modo,
3277 4546 3296 4578 ‹
3325 4525 3451 4582 vide
3476 4525 3751 4581 humilita-

541 4613 808 4670 Hactenus
835 4615 946 4686 egit
969 4615 1035 4670 de
1064 4619 1301 4672 secundo
1330 4618 1585 4683 adventu,
1610 4631 1755 4672 nunc
1779 4615 1846 4671 de
1872 4615 2049 4687 primo
2073 4629 2128 4690 ι)
2154 4627 2263 4672 tem
2291 4630 2466 4672 meam
2483 4657 2498 4682 ,
2551 4636 2568 4668 ι
2603 4616 2659 4672 id
2683 4625 2768 4671 est
2795 4615 3138 4674 aﬁlictionem
3173 4629 3351 4673 meam
3377 4633 3392 4672 :
3432 4619 3575 4684 vide,
3601 4620 3746 4685 dico,

467 4709 767 4778 ingreditur
793 4727 806 4762 :
831 4718 886 4764 et
929 4709 1105 4780 primo
1155 4711 1392 4766 ostendit
1433 4711 1562 4781 quid
1598 4709 1847 4765 Christus
1884 4709 2049 4765 faciat

467 4802 608 4866 suis;
640 4800 694 4855 in
722 4801 957 4858 secundo
982 4802 1216 4857 adventu
1231 4801 1520 4871 judicabit,
1549 4809 1606 4857 et
1629 4801 1746 4871 ipse
1772 4801 1917 4856 idem
1945 4799 2052 4855 Do-

468 4895 648 4950 minus
687 4894 744 4950 in
777 4894 880 4951 hac
918 4896 1031 4951 vita
1077 4895 1254 4953 factus
1283 4904 1367 4952 est
1409 4895 1676 4967 refugium
1730 4909 2049 4966 pauperum.

474 5007 490 5037 ι
531 4985 726 5042 Factus
749 4995 833 5042 est
863 5006 883 5040 ι
907 4988 1048 5043 bene
1071 4986 1224 5052 dicit,
1252 4986 1380 5058 quia
1407 5001 1531 5040 cum
1552 4985 1696 5041 Deus
1722 4985 1858 5039 nihil
1889 4983 2052 5040 debe-

469 5090 580 5146 ret,
608 5083 810 5137 homini
841 5081 1024 5153 (homo
1051 5083 1198 5137 enim
1221 5097 1319 5151 per
1342 5096 1497 5136 suam
1529 5080 1745 5151 culpam
1773 5082 1841 5136 ab
1869 5096 1933 5136 eo
1968 5095 2053 5136 re-

469 5174 728 5245 cesserat)
758 5175 885 5230 fecit
909 5184 1090 5230 tamen
1118 5174 1492 5239 mediatorem,
1516 5187 1614 5244 per
1639 5188 1802 5242 quem
1825 5172 2056 5229 redime-

470 5273 573 5331 ret,
610 5285 627 5316 ι
658 5265 946 5337 refugium,
986 5287 1005 5320 ι
1042 5266 1176 5322 dicit
1196 5280 1296 5336 per
1339 5265 1556 5321 simile:
1583 5265 1726 5320 sicut
1768 5265 1914 5320 enim
1941 5273 2056 5335 ‘pu-

471 5368 699 5430 gnantes
717 5375 838 5415 cum
862 5368 1008 5416 stare
1027 5366 1323 5430 nequeunt,
1350 5359 1420 5414 ad
1443 5358 1680 5430 aliquam
1702 5357 2057 5414 munitionem

472 5454 713 5522 fugiunt,
746 5456 826 5511 sic
870 5455 1056 5510 ﬁdeles
1106 5469 1231 5511 cum
1279 5468 1378 5523 per
1420 5453 1565 5508 vires
1609 5452 1859 5524 proprias
1907 5461 2057 5507 stare

473 5556 763 5616 nequeant,
793 5548 861 5604 ad
901 5546 1175 5603 Christum
1220 5544 1522 5618 refugiunt,
1551 5545 1643 5616 qui
1671 5544 1756 5600 vel
1784 5543 2055 5600 ministrat

474 5639 836 5703 tolerantiam,
856 5637 942 5693 vel
967 5637 1180 5706 mitigat
1202 5637 1502 5707 passiones.
1535 5636 1839 5707 Pauperem
1869 5645 2049 5702 vocat,

475 5732 568 5802 qui
596 5731 724 5786 licet
753 5731 973 5797 habeat,
999 5737 1180 5785 tamen
1210 5737 1428 5786 terrena
1454 5729 1746 5802 cupiditate
1773 5738 2050 5794 vacuatus,

477 5822 684 5879 ctelesti
714 5822 988 5878 desiderat
1021 5820 1268 5894 largitate
1294 5821 1601 5880 ditescere:
1625 5822 1740 5893 ipse
1775 5830 1860 5876 est
1887 5820 2055 5876 etiam

481 5914 694 5986 adjutor
721 5915 789 5969 ad
817 5914 1234 5984 cooperandum,
1263 5925 1322 5972 ut
1371 5916 1418 5972 si
1446 5915 1642 5986 aliquis
1669 5913 1890 5983 incipiat
1914 5911 2056 5982 jeju-

2158 4728 2177 4761 ‹
2208 4710 2274 4765 de
2301 4709 2535 4764 inimicis
2564 4709 2774 4774 meis,”
2811 4709 2863 4764 id
2889 4717 2972 4764 est
3001 4710 3068 4765 de
3094 4711 3347 4780 superbia
3369 4710 3743 4766 inimicorum.

2154 4799 2212 4855 Si
2258 4800 2401 4854 enim
2452 4800 2766 4854 consideras
2813 4801 3032 4856 modum
3081 4802 3313 4872 superbe
3367 4802 3745 4866 inferentium,

2152 4893 2359 4966 poteris
2405 4907 2732 4964 cognoscere
2775 4901 2976 4963 quanta
3020 4893 3092 4948 sit
3139 4891 3355 4950 afﬂictio
3395 4894 3744 4965 patientium.

2155 4987 2308 5056 Quod
2334 4985 2466 5040 dicit
2492 4985 2739 5051 Domino,
2767 5006 2783 5034 ε
2819 4985 2955 5041 Vide
2983 4987 3345 5044 humilitatem
3381 5003 3580 5053 meam,
3610 5008 3629 5038 ι
3652 5004 3750 5058 per

2155 5076 2334 5132 simile
2360 5075 2617 5145 loquitur.
2654 5075 2809 5130 Sicut
2840 5075 2988 5130 enim
3019 5076 3235 5147 aliquis,
3263 5078 3309 5133 si
3336 5093 3461 5132 eum
3485 5075 3749 5132 Dominus

2157 5183 2288 5225 suus
2328 5166 2528 5233 videat,
2573 5165 2765 5222 melius
2808 5174 3030 5238 pugnat,
3083 5169 3161 5223 ita
3208 5168 3393 5223 ﬁdeles
3443 5168 3668 5231 Christi,
3703 5170 3746 5224 si

2157 5261 2300 5318 Deus
2321 5275 2416 5316 eos
2431 5260 2633 5327 videat,
2650 5259 2842 5316 melius
2859 5260 3109 5316 tolerant.
3131 5261 3326 5317 Videre
3345 5261 3490 5316 enim
3509 5260 3742 5325 Domini,

2154 5353 2347 5426 juvare
2373 5363 2475 5411 est.

2237 5466 2255 5498 ‹
2295 5447 2430 5503 Vide
2455 5447 2816 5503 humilitatem
2840 5460 3039 5502 meam.
3075 5467 3092 5498 ι
3123 5447 3189 5501 Et
3219 5448 3298 5503 sic
3333 5465 3351 5499 ε
3386 5447 3673 5504 exsultabo
3696 5446 3744 5502 in

2157 5541 2383 5596 salutari
2414 5548 2527 5606 tuo,
2558 5559 2576 5590 ι
2607 5539 2660 5595 id
2684 5547 2770 5595 est
2793 5540 2850 5594 in
2885 5539 3209 5595 salutatione
3236 5550 3344 5596 tua.

2229 5633 2297 5688 Et
2320 5633 2440 5688 ideo
2464 5633 2636 5688 debeo
2661 5631 2958 5700 exsultare,
2981 5634 3106 5702 quia
3133 5641 3191 5687 tu
3215 5650 3274 5690 es
3299 5633 3389 5688 ille
3424 5651 3441 5684 ‹
3475 5633 3568 5704 qui
3595 5635 3747 5689 exal-

2159 5734 2242 5781 tas
2271 5740 2380 5790 me,
2411 5744 2430 5776 »
2477 5725 2530 5780 id
2555 5734 2638 5779 est
2664 5724 2989 5779 removendo
3025 5743 3043 5773 ‹
3087 5723 3152 5779 de
3175 5726 3347 5794 portis
3381 5725 3595 5789 mortis,
3641 5746 3659 5778 ι
3697 5725 3748 5780 id

2158 5825 2242 5874 est
2267 5817 2332 5872 de
2360 5815 2517 5872 malis
2543 5816 2815 5886 operibus,
2840 5831 2938 5885 per
2959 5830 3076 5884 qua:
3105 5815 3340 5870 intratur
3368 5816 3419 5869 in
3447 5815 3749 5880 infernum,

2160 5911 2234 5966 ita
2259 5917 2317 5984 ut
2344 5924 2444 5980 ego
2471 5910 2551 5964 sic
2570 5909 2841 5965 exaltatus
2862 5908 3070 5979 positus
3087 5928 3104 5960 ‹
3128 5909 3181 5963 ἰη
3203 5909 3377 5979 portis
3401 5909 3522 5964 ﬁliae
3547 5909 3699 5969 Sion,
3727 5928 3744 5959 ι
