3984 6450
183 460 291 517 2‘25

1330 451 1419 508 EX
1430 450 1773 508 PLANATIO
1806 449 1875 506 IN
1918 450 2093 508 PSAL
2102 452 2262 510 MOS.

3347 458 3452 512 226

185 572 237 626 id
267 576 354 625 est
378 567 433 622 in
458 563 750 620 virtutibus
776 577 896 633 qua:
925 569 1052 618 sunt
1076 561 1328 616 introitus
1355 563 1423 616 ad
1447 561 1763 626 Ecclesiam,
1795 569 1847 630 Α
1873 563 1983 627 ille,
2011 564 2135 634 quia
2159 565 2316 619 video
2344 572 2548 621 tantam
2586 566 2987 624 tribulationem
3022 568 3214 625 inferri
3246 571 3353 629 tuis
3383 575 3453 630 ab

183 680 305 734 qua:
327 660 526 718 dicitur
553 656 663 713 tilia
689 657 843 721 Sion,
869 657 996 727 quia
1027 663 1285 728 generata
1316 654 1418 710 fuit
1439 656 1492 710 in
1519 654 1672 722 Sion,
1715 654 1768 709 id

182 765 269 811 est
299 755 355 809 in
380 753 585 818 Iudaea,
617 752 672 807 in
699 749 949 822 passione
975 743 1194 804 Christi.
1231 748 1328 804 Vel
1373 750 1537 805 etiam
1575 749 1772 804 dicitur

183 848 292 904 ﬁlia
339 847 499 912 Sion,
543 845 598 900 id
623 851 706 899 est
736 843 846 898 ﬁlia
887 841 1289 912 speculationis,
1320 845 1446 913 quia
1481 858 1590 898 non
1625 850 1771 898 esset

183 939 447 1004 Ecclesia,
472 937 576 992 nisi
603 936 774 991 Deum
797 935 1190 1006 specularetur,
1217 955 1234 986 ι
1266 935 1582 991 annuntiem
1614 955 1632 987 ι
1659 951 1771 990 om~

183 1034 342 1090 nibus
389 1031 508 1086 aliis
543 1048 562 1082 ι
602 1029 942 1084 laudationes
988 1039 1106 1083 tuas
1154 1042 1376 1092 omnes,
1407 1046 1427 1080 ι
1475 1042 1582 1083 non
1625 1026 1768 1097 quod

180 1127 365 1181 omnia
394 1141 514 1196 qua:
545 1132 774 1195 possunt
799 1123 864 1178 de
891 1137 957 1176 eo
995 1137 1121 1177 cum
1164 1120 1321 1176 laude
1351 1121 1457 1176 dici
1478 1119 1644 1188 dicat,
1673 1119 1768 1176 sed

180 1217 443 1289 quidquid
468 1217 641 1281 dicet,
673 1215 793 1269 laus
820 1211 938 1282 ejus
966 1213 1091 1267 erit.

250 1311 319 1366 Et
346 1310 475 1381 quia
499 1309 576 1364 sic
611 1306 840 1371 exaltas,
871 1326 890 1357 ‹
919 1304 1202 1362 exsultabo
1231 1305 1284 1358 in
1329 1303 1552 1358 salutari
1583 1311 1696 1358 tno.
1742 1321 1761 1352 )

181 1399 281 1454 Hic
311 1398 499 1468 incipit
525 1397 706 1453 dicere
746 1396 876 1467 quid
911 1394 1074 1450 faciat
1109 1395 1546 1464 persecutoribus
1578 1393 1766 1450 Eccle-

181 1495 274 1548 siae
297 1494 350 1547 in
377 1493 553 1563 primo
578 1491 832 1546 adventu.
859 1489 1207 1546 Continuatio
1233 1508 1246 1543 :
1274 1489 1399 1545 Suis
1419 1490 1494 1544 ita
1519 1487 1770 1544 subvenit

180 1587 342 1652 Deus,
363 1604 382 1637 ‹
415 1587 510 1642 sed
531 1593 740 1657 gentes,
764 1583 856 1646 rid
873 1591 956 1640 est
976 1583 1249 1654 gentiliter
1261 1584 1525 1656 viventes,
1550 1605 1567 1634 ι
1591 1583 1768 1638 inﬁxa:

180 1688 305 1736 sunt
343 1680 397 1733 in
431 1678 653 1733 interitu
697 1692 859 1747 quem
899 1675 1163 1731 fecerunt.
1224 1695 1243 1727 ι
1281 1675 1415 1730 Cum
1451 1675 1595 1730 enim
1632 1674 1767 1730 alios

179 1768 537 1841 corporaliter
576 1767 916 1832 interimunt,
943 1767 1151 1837 seipsos
1200 1765 1552 1836 spiritualiter
1596 1766 1765 1820 inter-

179 1861 386 1914 ﬁciunt.
425 1878 444 1911 ‹
478 1858 693 1924 Infixae,
724 1878 742 1909 ι
787 1874 885 1928 per
931 1857 1106 1912 simile
1150 1857 1366 1912 dicitur.
1415 1857 1567 1912 Sicut
1617 1858 1761 1913 enim

1873 656 1987 722 illo,
2020 657 2164 727 quod
2191 657 2392 713 videris
2415 659 2707 716 recessisse
2737 676 2768 715 a
2800 662 2923 718 tuis.

1941 749 2010 805 Et
2040 750 2160 805 ideo
2193 769 2212 800 ‹
2248 759 2308 805 ut
2334 751 2494 821 quid,
2523 753 2780 820 Domine,
2819 756 3090 814 recessisti
3119 757 3306 830 longe,
3340 779 3360 814 ι
3397 762 3452 818 id

1871 849 1954 897 est
1979 842 2250 912 permittis
2283 851 2402 898 tuos
2429 851 2640 899 tantum
2676 846 2954 914 tribulari,
2985 859 3040 905 et
3066 869 3085 902 ι
3121 851 3386 923 despicis,
3426 873 3445 907 ι

1871 931 2056 998 etiam,
2090 932 2144 986 id
2175 941 2259 988 est
2293 932 2436 988 sicut
2469 934 2674 990 videris
2709 939 3020 1006 recessisse,
3061 941 3134 996 ita
3173 943 3337 998 etiam
3372 944 3452 999 vi-

1871 1023 2017 1079 deris
2037 1024 2317 1094 despicere
2334 1043 2352 1077 ι
2379 1026 2434 1080 in
2455 1029 2914 1097 oportunitatibus
2935 1032 2989 1086 in
3014 1034 3396 1092 tribulatione?
3424 1057 3442 1090 ι

1871 1113 1926 1170 id
1961 1123 2048 1170 est
2075 1131 2198 1170 cum
2231 1117 2287 1171 in
2322 1118 2487 1173 tantis
2518 1119 2960 1178 tribulationibus
2985 1137 3346 1196 opportunum
3368 1131 3450 1185 vi-

1869 1207 2092 1264 deretur
2127 1218 2188 1264 ut
2217 1210 2358 1266 Deus
2385 1211 2717 1268 confortaret
2744 1230 2871 1270 suos
2903 1231 3000 1286 per
3040 1220 3300 1276 miracula
3322 1263 3336 1289 ,
3363 1224 3449 1278 vi-

1871 1300 2089 1356 debitur
2119 1318 2245 1358 suos
2280 1302 2584 1374 despicere,
2618 1321 2742 1361 cum
2779 1323 2879 1363 nec
2908 1309 3191 1378 miracula,
3222 1328 3321 1370 nec
3352 1315 3448 1369 ali-

1869 1411 2032 1466 quam
2060 1396 2224 1452 talem
2251 1399 2526 1454 ministret
2554 1400 3024 1459 confortationem.
3056 1403 3157 1461 Hic
3182 1407 3294 1461 vult
3317 1425 3451 1464 enu—

1871 1501 2084 1542 merare
2114 1487 2253 1542 mala
2287 1503 2408 1558 quae
2433 1490 2802 1548 Antichristus
2832 1493 3028 1549 inferet
3078 1495 3360 1563 ﬁdelibus,
3395 1509 3451 1554 et

1867 1579 2234 1632 enumerando
2257 1580 2497 1635 ostendit
2517 1581 2633 1652 ipsa
2670 1583 2812 1637 mala
2843 1600 3038 1641 nocere
3064 1586 3447 1656 inferentibus,

1864 1671 2125 1740 prodesse
2160 1672 2511 1741 patientibus.
2542 1673 2890 1732 Continuatio
2918 1697 2931 1732 :

1936 1761 2249 1818 Reccssisse
2272 1765 2492 1831 videris,
2521 1767 2646 1838 quia
2682 1787 2702 1819 ι
2736 1770 2980 1840 superbit
3004 1772 3220 1844 impius,
3255 1796 3273 1828 ι
3299 1786 3354 1833 et
3380 1794 3448 1834 ex

1865 1853 2121 1922 superbia
2155 1865 2373 1911 sanctos
2401 1855 2587 1930 afﬂigit
2620 1861 2908 1931 singularis
2946 1864 3056 1931 ille,
3086 1866 3140 1920 id
3177 1877 3260 1924 est
3287 1871 3446 1926 Anti-

175 1950 366 2006 clavus
406 1950 603 2006 infixus
632 1949 718 2003 vel
749 1949 803 2003 in
844 1949 980 2013 luto,
1006 1963 1104 2018 per
1128 1963 1188 2003 se
1228 1963 1336 2003 non
1366 1957 1544 2019 potest
1589 1964 1768 2005 resur-
1793 1951 1843 2011 Β
1869 1943 2109 1999 Christus
2141 1962 2155 2000 :
2189 1954 2244 2000 et
2279 1947 2406 2001 dum
2438 1949 2516 2004 sic
2541 1951 2783 2020 superbit
2812 1972 2831 2005 ‹
2864 1953 3170 2011 incenditur
3189 1974 3440 2031 pauper.»

175 2060 334 2117 gere,
367 2046 443 2100 ita
491 2045 592 2114 ipsi
640 2043 925 2098 homicidae
951 2058 979 2096 a
1007 2041 1249 2111 nequitia
1278 2057 1376 2097 sua
1410 2057 1508 2112 per
1556 2057 1614 2097 se
1653 2057 1761 2096 non

173 2148 409 2211 possunt
451 2151 751 2210 resurgere.
803 2137 869 2191 Et
910 2135 1076 2190 etiam
1113 2153 1130 2184 ι
1162 2150 1258 2204 pes
1287 2149 1494 2199 eorum,
1525 2154 1544 2186 ι
1579 2134 1636 2188 id
1679 2143 1764 2189 est

173 2229 396 2287 aﬂ'ectio
425 2244 609 2285 eorum
628 2271 644 2296 ,
675 2237 760 2284 est
807 2227 1229 2297 comprehensus
1257 2243 1276 2276 ι
1311 2226 1368 2280 in
1417 2225 1627 2296 laqueo,
1661 2244 1680 2276 ι
1709 2225 1763 2280 id

172 2330 263 2380 est
293 2323 346 2376 in
375 2321 682 2386 dolositate,
713 2339 730 2370 ι
760 2319 866 2374 isto
901 2332 1065 2388 quem
1093 2316 1513 2382 absconderant,
1546 2335 1564 2366 ι
1599 2315 1656 2370 id
1679 2322 1764 2370 est

174 2414 300 2470 aliis
325 2413 534 2470 occulte
570 2413 931 2469 tetenderunt.

250 2505 356 2574 Ipsi
385 2504 638 2575 ignorant
668 2505 773 2558 hoc
793 2501 1054 2570 judicium
1084 2499 1297 2556 Domini
1320 2515 1440 2556 esse
1467 2501 1650 2556 datum
1673 2517 1763 2556 su-

171 2611 277 2667 per
314 2610 408 2651 eos
439 2596 492 2649 in
530 2596 634 2659 hac
657 2594 794 2659 vita,
823 2593 918 2648 sed
953 2610 972 2644 ‹
1005 2592 1266 2646 Dominus
1292 2602 1650 2663 cognoscetur
1683 2592 1762 2646 fa-

171 2686 328 2741 ciens
356 2683 584 2754 judicia,
616 2705 635 2737 ι
665 2685 787 2740 ideo
810 2683 936 2753 quia
965 2701 982 2734 ι
1016 2692 1271 2753 peccator
1297 2691 1381 2738 est
1405 2683 1761 2753 comprehen-

169 2793 289 2841 sus,
327 2797 344 2828 ι
383 2777 438 2832 in
467 2777 570 2831 hac
603 2777 714 2830 vita
743 2794 762 2827 ι
787 2776 841 2830 in
883 2775 1139 2845 Operibus
1164 2789 1419 2828 manuum
1461 2789 1705 2842 suarum,
1736 2793 1754 2826 ι

171 2868 231 2922 id
264 2876 349 2923 est
386 2868 440 2922 in
470 2867 920 2923 delectationibus
943 2869 1166 2920 suarum
1194 2866 1591 2934 operationum.

249 2957 386 3025 Quia
420 2968 740 3029 peccatores
778 2957 856 3013 sic
884 2964 1284 3028 persequuntur
1314 2955 1610 3011 Ecclesiam
1643 2956 1756 3020 Dei,

171 3049 302 3104 ideo
345 3067 364 3100 ι
409 3058 799 3105 convertantur
839 3069 856 3101 ι
903 3066 934 3102 a
975 3047 1254 3118 proposito
1295 3047 1676 3117 persequendi,
1705 3053 1761 3102 et

168 3139 586 3211 praecipitentur
619 3160 638 3190 ι
673 3140 729 3194 in
772 3137 1061 3201 infernum,
1097 3157 1114 3188 ι
1157 3136 1533 3191 materialem:
1567 3151 1760 3206 pecca-

172 3242 330 3289 tores
367 3233 510 3299 dico,
543 3234 750 3290 scilicet
781 3252 800 3284 ‹
832 3247 1021 3288 omnes
1047 3240 1237 3300 gentes
1268 3246 1389 3300 quae
1427 3230 1756 3286 obliviscun-

171 3338 269 3384 tur
293 3332 493 3397 Deum,
530 3351 548 3383 ι
585 3333 638 3386 id
664 3341 749 3387 est
771 3331 864 3401 qui
896 3330 980 3386 vel
1007 3329 1165 3384 fidem
1189 3344 1295 3383 non
1315 3328 1518 3384 habent
1542 3346 1555 3382 :
1581 3327 1684 3394 vel,
1715 3327 1760 3381 si
1789 3327 1834 3391 C

167 3421 402 3488 habent,
429 3436 594 3493 Opera
624 3422 723 3476 Dei
750 3436 858 3476 non
892 3421 1112 3475 faciunt.

249 3515 393 3570 Vere
420 3522 825 3578 convertentur,
863 3513 988 3582 quia
1029 3527 1296 3583 pauperes
1334 3513 1760 3568 remunerabun-

170 3615 294 3670 tur,
315 3612 372 3658 et
387 3605 493 3659 hoc
516 3612 602 3658 est
621 3621 639 3654 ι
669 3603 926 3673 quoniam
948 3601 1146 3657 oblivio
1163 3603 1414 3671 pauperis
1440 3618 1546 3656 non
1575 3603 1682 3657 erit
1706 3602 1759 3655 in

174 3693 372 3761 ﬁnem,
415 3714 434 3747 ›
470 3694 526 3749 id
553 3703 636 3750 est
673 3694 727 3748 in
758 3701 1020 3748 aeternum
1056 3711 1069 3745 :
1103 3693 1231 3762 quia
1264 3693 1393 3748 licet
1414 3692 1556 3748 Deus
1578 3693 1634 3746 in
1659 3693 1762 3747 hac

168 3784 288 3840 vita
321 3785 571 3840 videatur
597 3801 894 3856 pauperum
917 3783 1182 3849 oblivisci,
1214 3791 1395 3838 tamen
1418 3783 1684 3839 veniendo
1704 3783 1759 3838 in

167 3878 285 3934 ﬁne
314 3878 519 3945 saeculi,
549 3895 655 3934 non
689 3878 1042 3933 obliviscetur
1078 3877 1339 3933 Dominus
1369 3892 1555 3932 eorum
1589 3895 1601 3930 :
1630 3888 1685 3933 et
1715 3877 1760 3932 si

165 3987 474 4042 pauperum
521 3972 842 4043 simpliciter
901 3971 1219 4028 recordatur
1270 3971 1572 4037 Dominus,
1632 3980 1761 4027 tunc

168 4063 348 4118 multo
385 4065 566 4134 potius
600 4064 880 4134 patientiae
918 4078 1236 4134 pauperum.
1261 4063 1637 4119 recordabitur
1663 4081 1676 4116 :
1705 4071 1760 4117 et

168 4157 282 4211 hoc
321 4163 407 4211 est
443 4175 461 4206 ι
493 4157 758 4227 patientia
786 4171 1108 4226 pauperum,
1148 4176 1168 4209 ι
1201 4156 1256 4212 id
1294 4165 1377 4210 est
1418 4171 1626 4212 merces
1658 4171 1756 4226 pa-

169 4249 382 4304 tientia:
422 4265 748 4320 pauperum,
786 4269 804 4300 ‹
841 4263 947 4304 non
982 4248 1200 4319 peribit.
1240 4267 1259 4300 ι
1293 4247 1394 4304 Hic
1428 4249 1760 4319 imprecatur

169 4348 370 4394 contra
402 4349 800 4410 persecutores.

246 4428 316 4483 Et
349 4438 410 4483 ut
433 4431 693 4500 patientia
730 4431 967 4500 ipsorum
988 4446 1096 4486 non
1123 4440 1345 4502 pereat,
1372 4452 1390 4483 ι
1421 4441 1478 4486 ιιι
1512 4432 1756 4496 Domine,

170 4534 432 4590 exsurge,
469 4536 576 4575 non
609 4520 962 4587 confortetur,
1003 4541 1022 4573 ι
1069 4521 1125 4575 id
1161 4530 1248 4577 est
1271 4537 1377 4576 non
1414 4530 1761 4592 prosperetur

173 4610 273 4664 diu
301 4611 354 4664 in
385 4612 763 4680 persecutione
791 4621 1124 4678 sanctorum,
1154 4631 1172 4663 ε
1203 4614 1385 4678 homo,
1424 4633 1444 4666 ι
1479 4614 1530 4668 id
1553 4622 1637 4669 est
1654 4613 1762 4668 An-

1865 2037 1972 2093 Per
2012 2039 2318 2096 incenditur
2371 2050 2524 2097 notat
2579 2052 2634 2099 et
2685 2047 2829 2116 quod
2879 2047 3166 2105 tribuletur
3209 2061 3266 2107 et
3306 2055 3449 2123 quod

1864 2141 2150 2203 purgetur.
2189 2152 2206 2184 ι
2246 2133 2756 2208 5ηρθὼίῑ·ἱωρίιιε,
2793 2158 2812 2191 ›
2847 2148 2900 2196 et
2929 2142 3198 2213 castigant
3236 2145 3351 2216 ipse
3395 2156 3451 2204 et

1866 2222 1951 2278 sui
1976 2221 2118 2276 mala
2140 2224 2364 2279 consilia
2393 2226 2654 2283 adversus
2675 2241 2916 2297 sanctos,
2944 2233 2998 2286 in
3024 2234 3220 2304 quibus
3252 2255 3270 2288 ι
3300 2253 3448 2293 com-

1863 2312 2294 2384 prehenduntur.
2353 2335 2373 2368 ι
2423 2315 2527 2372 Per
2578 2322 3111 2390 comprehenduntur
3162 2334 3315 2382 notat
3354 2343 3449 2384 eos

1866 2416 2125 2463 nocentes
2159 2408 2273 2463 suis
2306 2409 2438 2480 ipsis
2466 2410 2676 2482 laqueis
2704 2414 2973 2484 impediri.

1938 2517 2194 2587 Superbit
2260 2520 2488 2590 impius,
2536 2538 2740 2594 pauper
2790 2526 3135 2598 incenditur,
3195 2531 3448 2591 laudatur

1865 2607 2028 2663 etiam
2066 2619 2341 2680 peccator,
2379 2616 2678 2671 secundum
2724 2627 2866 2686 acta,
2896 2619 3148 2678 laudatur
3179 2625 3300 2683 dico
3333 2646 3354 2679 ι
3392 2630 3446 2683 in

1864 2696 2147 2754 desideriis
2193 2702 2388 2758 animae
2421 2720 2550 2772 sum,
2591 2726 2609 2757 ι
2658 2708 2785 2778 quia
2824 2712 3122 2768 succedunt
3167 2715 3217 2770 ei
3259 2718 3443 2772 omnia

1863 2803 1985 2858 quae
2018 2789 2312 2860 desiderat,
2337 2804 2392 2850 et
2420 2796 2500 2852 sic
2524 2796 2806 2856 laudantes
2843 2801 3032 2859 dicunt
3061 2824 3074 2860 :
3107 2805 3226 2862 Non
3263 2818 3450 2880 posset

1863 2881 1980 2937 haec
2027 2883 2208 2940 facere
2241 2887 2344 2942 nisi
2387 2887 2529 2945 Deus
2570 2901 2716 2947 esset
2749 2909 2872 2948 cum
2912 2911 2977 2951 eo
3018 2915 3038 2948 ι
3073 2905 3129 2954 et
3181 2899 3294 2968 ipse
3340 2901 3447 2956 ini-

1864 2989 2026 3044 quus,
2063 2992 2081 3024 ι
2116 2975 2243 3045 quia
2283 2978 2564 3036 voluntate
2594 2983 2756 3038 habet
2784 2987 3082 3055 nequitiam
3117 3009 3135 3042 ι
3167 2989 3448 3047 benedici-

1863 3072 1973 3131 tur,
2014 3085 2033 3119 ι
2071 3066 2125 3121 id
2155 3076 2241 3123 est
2267 3071 2558 3139 exaltatur,
2599 3076 2725 3146 quia
2773 3077 2937 3134 etiam
2974 3079 3031 3134 in
3065 3081 3223 3138 malis
3265 3085 3446 3155 operi-

1861 3154 1964 3210 bus
1993 3156 2131 3212 bene
2159 3173 2322 3229 agere
2349 3161 2565 3218 dicitur.

1937 3271 2272 3343 thuoniam
2294 3275 2641 3334 siclaudatur
2664 3280 3098 3352 etbencdicitur,
3140 3285 3262 3344 ideo
3300 3308 3318 3340 ι
3356 3306 3450 3346 cx-

1865 3365 2471 3437 acerbavitjDominum
2515 3382 2792 3442 peccator,
2835 3395 2853 3426 ι
2889 3375 2979 3432 ille
3018 3379 3307 3450 singularis
3331 3421 3346 3448 ,
3397 3382 3449 3436 id

1863 3473 1947 3520 est
1982 3466 2122 3522 iram
2151 3471 2486 3538 provocavit,
2519 3481 2573 3526 et
2606 3472 2728 3530 ideo
2774 3474 2939 3529 etiam
2983 3476 3110 3545 quia
3141 3477 3256 3547 ipse
3291 3497 3309 3530 ι
3341 3494 3447 3535 non

1863 3571 2093 3628 quaeret,
2129 3582 2147 3612 ι
2185 3562 2285 3616 sibi
2323 3563 2491 3619 Deum
2521 3565 2824 3634 adjutorem
2860 3586 3067 3640 :agens
3104 3591 3122 3622 ι
3154 3575 3448 3632 secundum

1864 3649 2264 3706 multitudinem
2289 3654 2383 3707 ira:
2409 3669 2540 3719 suae,
2575 3675 2594 3707 ›
2631 3657 2684 3710 id
2711 3665 2794 3712 est
2823 3659 2877 3711 in
2900 3660 3070 3714 multo
3097 3661 3298 3717 furore.

1943 3759 1962 3791 ι
1993 3740 2110 3796 Νοη
2147 3750 2232 3797 est
2271 3743 2434 3798 etiam
2473 3745 2615 3800 Deus
2650 3747 2705 3801 in
2735 3758 3027 3816 conspectu
3060 3748 3193 3818 ejus,
3230 3772 3247 3802 ι
3281 3753 3336 3809 id
3368 3763 3453 3810 est

1865 3849 1984 3890 non.
2015 3835 2244 3891 attendit
2280 3836 2450 3892 Deum
2489 3839 2695 3910 aliquid
2741 3856 2901 3910 posse
2945 3861 2957 3896 :
3001 3852 3057 3898 et
3100 3853 3298 3914 praeter
3333 3848 3450 3905 haec

1862 3925 2044 3980 omnia
2076 3946 2093 3977 ‹
2127 3927 2247 3993 via),
2283 3947 2304 3980 ι
2338 3928 2392 3983 id
2413 3937 2499 3984 est
2521 3945 2688 4001 opera
2719 3931 2908 4002 ipsius,
2942 3953 2960 3984 ‹
2996 3943 3123 3990 sunt
3158 3936 3452 4006 inquinata;

1869 4035 1890 4069 ι
1923 4018 1979 4072 in
2009 4019 2157 4074 omni
2201 4028 2460 4090 tempore,
2501 4041 2520 4074 ι
2551 4022 2608 4078 id
2642 4032 2726 4079 est
2761 4041 3040 4097 nunquam
3071 4026 3203 4084 fecit
3235 4029 3454 4100 aliquod

1861 4113 2085 4169 bonum.

1933 4205 1999 4259 Et
2018 4205 2138 4261 ideo
2167 4209 2536 4278 exacerbavit,
2561 4211 2690 4282 quia
2723 4230 2742 4264 ‹
2775 4212 3098 4271 auferuntur
3117 4215 3322 4286 judicia
3361 4229 3451 4277 tua

1866 4313 1886 4347 ι
1921 4311 1952 4350 a
1983 4295 2125 4354 facie
2152 4297 2287 4367 ejus,
2330 4321 2349 4352 ι
2392 4302 2446 4358 id
2483 4311 2565 4359 est
2602 4320 2633 4359 a
2676 4306 3111 4364 consideratione
3148 4309 3284 4378 ejus,
3326 4314 3451 4382 quia

1862 4401 1964 4440 nec
2002 4395 2055 4441 te
2089 4390 2322 4445 attendit
2353 4399 2618 4449 rectorem
2655 4411 2860 4463 rerum,
2893 4414 2994 4454 nec
3024 4401 3267 4458 futurum
3305 4404 3451 4474 judi-

1863 4494 2006 4545 cem,
2025 4489 2079 4534 et
2100 4481 2204 4536 hoc
2226 4481 2370 4550 ideo,
2399 4485 2526 4554 quia
2558 4505 2576 4536 ι
2608 4487 2976 4545 dominabitur
2998 4494 3239 4549 omnium
3268 4496 3451 4550 inimi-

1863 4587 2053 4628 corum
2083 4590 2326 4644 suorum,
2357 4597 2377 4631 ι
2405 4579 2531 4648 quia
2560 4580 2781 4636 realiter
2803 4584 3054 4654 subjiciet
3078 4601 3268 4643 omnes
3297 4603 3452 4658 reges

173 4703 480 4772 tichristus,
505 4706 595 4776 qui
630 4722 756 4761 cum
784 4707 929 4762 dicat
964 4722 1022 4763 se
1059 4722 1178 4762 esse
1206 4707 1399 4776 Deum,
1427 4715 1608 4764 tamen
1631 4709 1760 4764 sim-

1878 4681 2041 4722 ζθῐτὶθο

170 4797 392 4867 pliciter
434 4799 595 4855 homo
635 4809 736 4855 est.
785 4800 901 4869 Ipse
944 4816 1052 4856 non
1096 4800 1452 4868 confortetur,
1499 4811 1554 4856 et
1594 4802 1757 4857 etiam

179 4906 201 4938 ‹
241 4899 452 4959 gentes,
488 4910 507 4941 ι
537 4891 746 4946 scilicet
775 4906 1037 4960 sequaces
1067 4900 1122 4946 et
1148 4892 1438 4962 complices
1469 4893 1586 4963 ejus
1617 4911 1635 4943 ι
1667 4893 1757 4962 ju-

176 4982 431 5038 dicentur
459 4985 512 5040 in
531 4993 824 5055 conspectu
847 4992 960 5050 tuo,
993 4985 1045 5039 id
1063 4993 1164 5050 est,
1190 5005 1208 5036 ι
1242 4985 1369 5041 licet
1391 4985 1483 5040 alii
1513 4986 1760 5042 nesciant

175 5089 274 5130 eos
297 5075 587 5142 iudicatos,
618 5085 796 5131 tamen
826 5078 966 5146 apud
995 5085 1047 5131 te
1075 5087 1200 5132 sunt
1223 5077 1472 5146 judicati.

251 5164 367 5219 IIoc
403 5167 562 5221 modo
599 5164 930 5236 judicentur.
975 5185 994 5218 ι
1035 5165 1316 5222 Constitue
1354 5182 1517 5238 super
1557 5183 1653 5223 eos
1687 5167 1758 5224 le-

180 5257 519 5328 gislatorem,
560 5276 579 5309 »
633 5258 689 5312 id
737 5266 821 5314 est
869 5257 1284 5324 Antichristum,
1321 5259 1413 5329 qui
1469 5260 1762 5315 constituat

182 5363 348 5418 super
384 5363 478 5404 eos
513 5347 687 5420 legem
733 5350 1064 5404 contrariam
1105 5349 1209 5421 legi
1250 5350 1473 5417 Christi,
1505 5360 1561 5407 et
1596 5352 1760 5407 etiam

180 5439 286 5495 hoc
314 5440 476 5495 modo
505 5438 839 5510 judicentur,
867 5449 927 5495 ut
955 5459 973 5491 ‹
1006 5441 1136 5512 ipsa:
1175 5453 1366 5513 gentes
1405 5444 1582 5499 sciant
1616 5464 1633 5496 ι
1660 5445 1759 5500 ali-

184 5532 398 5600 quando
429 5549 448 5583 ι
475 5533 730 5603 quoniam
761 5533 862 5603 ipsi
895 5542 1020 5589 sunt
1044 5534 1314 5600 homines,
1338 5556 1355 5587 ι
1387 5537 1441 5592 id
1465 5545 1549 5592 est
1572 5553 1763 5594 carna-

184 5623 282 5679 les.
311 5623 580 5696 Propheta
617 5627 952 5697 prospiciens
980 5635 1186 5682 tantam
1218 5631 1649 5699 persecutionem
1671 5613 1762 5687 'fu-

187 5723 370 5770 turam
405 5716 473 5772 ab
511 5717 630 5786 ipso
659 5717 1021 5786 Antichristo,
1051 5719 1403 5789 conqueritur
1435 5722 1590 5790 quasi
1629 5720 1766 5783 Deus

188 5810 504 5867 recessisset
550 5826 581 5865 a
633 5811 766 5879 suis,
816 5812 985 5882 ipsius
1036 5813 1321 5869 malefacta
1377 5817 1762 5872 enumerando.

187 5900 531 5960 Continuatio
560 5922 572 5959 :
601 5904 724 5962 Ideo
760 5921 955 5976 precor
991 5916 1052 5962 ut
1089 5923 1196 5964 non
1236 5909 1569 5965 confortetur
1607 5910 1768 5967 homo

1939 4781 2078 4836 Vere
2103 4782 2490 4854 dominabitur,
2514 4789 2640 4859 quia
2673 4809 2690 4840 ι
2719 4789 2833 4862 ipse
2857 4792 2992 4848 dixit
3017 4793 3072 4848 in
3095 4796 3259 4852 corde
3283 4814 3399 4866 suo,
3427 4819 3445 4853 ι

1867 4869 1920 4925 id
1950 4880 2036 4927 est
2067 4873 2162 4928 tibi
2192 4879 2543 4946 competenti,
2583 4898 2603 4932 ‹
2637 4884 2896 4939 movebor
2939 4901 2969 4940 a
3020 4891 3387 4957 generatione,
3428 4913 3446 4944 ν

1869 4980 1976 5020 una
2011 4967 2142 5022 mihi
2179 4970 2394 5027 subdita
2436 4993 2456 5025 ‹
2499 4974 2554 5029 in
2593 4975 2753 5031 aliam
2795 4963 3221 5048 generationem,
3253 5003 3270 5035 ο
3317 4984 3450 5038 mihi

1866 5054 2276 5125 subjiciendam,
2300 5063 2394 5119 sed
2428 5081 2446 5114 ε
2482 5081 2590 5121 non
2624 5067 2740 5124 sine
2767 5071 2942 5139 malo,
2978 5093 2997 5125 ι
3033 5074 3084 5128 id
3113 5084 3198 5130 est
3219 5077 3348 5147 quin
3372 5079 3451 5134 cis

1867 5148 2010 5203 mala
2040 5149 2291 5207 inferam.
2322 5153 2422 5211 Hic
2448 5165 2601 5213 notat
2637 5160 2863 5217 nimiam
2903 5163 3168 5221 malitiam
3195 5169 3450 5239 nequitia:

1868 5238 2027 5295 illius.

1940 5352 2059 5425 Ipse
2079 5355 2243 5412 etiam
2269 5359 2393 5417 talis
2417 5370 2502 5418 est
2531 5383 2549 5416 ι
2569 5365 2722 5436 cujus
2749 5381 2814 5422 os
2837 5377 2922 5423 est
2944 5368 3162 5440 plenum
3187 5373 3443 5441 malitia,»

1871 5445 1924 5501 id
1949 5455 2034 5504 est
2064 5450 2400 5521 blasphemia
2430 5456 2484 5510 in
2509 5456 2677 5514 Deum
2707 5470 2812 5541 «Aet
2848 5465 3229 5532 amaritudine,
3261 5487 3281 5522 ι
3321 5469 3450 5541 quia

1871 5552 2058 5594 amara
2083 5541 2248 5598 verba
2287 5552 2341 5600 et
2377 5547 2553 5618 turpia
2588 5538 3066 5610 dicithominibus
3107 5574 3125 5606 ι
3152 5565 3207 5611 ct
3248 5538 3391 5628 dolo,
3425 5583 3444 5616 ι

1871 5631 1995 5700 quia
2022 5634 2232 5689 seducit
2260 5635 2508 5696 homines
2530 5655 2628 5712 per
2653 5640 2884 5700 latentes
2907 5646 3270 5717 seductiones,
3292 5651 3344 5708 id
3368 5664 3454 5712 est

1868 5738 1966 5793 per
1987 5726 2393 5795 promissiones,
2419 5739 2526 5788 etc.
2565 5752 2582 5783 ι
2613 5730 2728 5788 Sub
2750 5733 2929 5805 lingua
2958 5736 3075 5806 ejus
3099 5736 3252 5796 labor
3277 5752 3332 5798 et
3358 5744 3453 5799 do-

1870 5815 1972 5883 lor,
2003 5819 2054 5873 id
2094 5829 2178 5875 est
2217 5820 2271 5876 in
2311 5823 2476 5879 corde
2510 5823 2667 5894 ejus,
2707 5826 2832 5896 quia
2874 5827 3009 5882 nihil
3050 5830 3194 5888 aliud
3233 5835 3453 5906 cogitat,

1873 5909 1975 5966 nisi
2027 5921 2088 5967 ut
2134 5913 2382 5972 ﬁdelibus
2426 5915 2667 5972 laborem
2707 5928 2764 5973 et
2803 5919 3043 5978 dolorem
3095 5922 3312 5980 inferat.
3361 5921 3456 5980 Vel
