3984 6472
519 473 628 531 227

978 471 1335 528 HAYMONIS
1373 467 1853 526 HALBERSTAT.
1895 465 2110 523 EPISC.
2153 461 2305 522 OPP.
2345 463 2530 522 PARS
2567 467 2608 521 l.
2639 495 2718 544 .-—
2752 465 3111 522 COMMENT.
3153 467 3324 523 BIBL.

3685 465 3798 522 228

531 607 554 642 ε
589 589 686 644 sub
715 587 896 657 lingua
933 585 1072 655 eius,
1105 605 1124 639 ι
1158 587 1282 656 quia
1322 585 1604 639 audientes
1628 581 1750 654 plus
1779 582 1971 636 timent
2003 579 2104 634 lin-
2131 581 2182 642 Α
2208 593 2270 634 os
2315 579 2369 634 in
2411 561 2626 634 coelum.
2671 577 3058 648 lnterrogando
3097 579 3340 649 loquens,
3371 579 3437 634 ad
3479 577 3802 650 inquisitio-

525 695 684 751 guam
712 677 846 744 ejus.
873 695 1034 748 quam
1065 677 1302 730 laborem
1329 685 1385 731 et
1410 675 1675 730 dolorem.

601 787 621 820 ι
661 768 842 833 Sedet,
883 787 902 820 ›
935 767 984 820 id
1017 775 1102 820 est
1134 766 1453 819 immoratur
1483 777 1506 815 ι
1539 765 1596 818 in
1624 762 1836 818 insidiis
1865 771 1986 816 cum
2023 760 2105 815 di-

525 859 746 922 vitibus,
778 877 798 910 »
847 857 896 910 id
931 865 1017 912 est
1059 855 1386 924 potentibus,
1441 867 1539 923 per
1577 867 1808 924 quorum
1841 851 2104 906 auxilium

523 947 770 1003 homines
809 945 1058 1014 decipiet,
1107 963 1126 997 ‹
1167 946 1223 999 in
1263 944 1496 1010 insidiis,
1534 963 1552 996 ι
1593 945 1734 1009 dico,
1771 943 1963 1014 positis
1989 961 2012 992 τ
2049 941 2106 996 in

525 1037 754 1093 occultis
785 1055 804 1087 ι
836 1035 991 1090 locis.
1015 1033 1239 1090 Occulte
1277 1036 1423 1089 enim
1459 1033 1612 1090 fallet
1649 1035 1920 1100 homines,
1945 1033 2014 1088 ad
2047 1047 2107 1089 se

523 1131 912 1200 prophetarum
966 1131 1266 1200 scripturas
1313 1139 1669 1198 convertens,
1727 1131 1807 1186 sic
1853 1131 2045 1186 dicens
2087 1148 2099 1183 :

521 1220 632 1290 Ego
661 1237 780 1276 sum
811 1223 1110 1291 promissus
1141 1221 1382 1277 Messias.
1411 1223 1468 1277 ln
1497 1238 1583 1278 me
1607 1223 1772 1277 etiam
1805 1223 2105 1293 completur

519 1313 807 1382 prophetia
828 1327 948 1382 quae
973 1314 1105 1369 dicit
1135 1331 1150 1367 :
1188 1334 1206 1365 ι
1232 1314 1548 1370 Adorahunt
1569 1329 1692 1369 eum
1715 1329 1902 1370 omnes
1927 1329 2102 1386 reges,

521 1419 712 1459 omnes
739 1413 928 1475 gentes
953 1405 1192 1459 servient
1227 1405 1296 1460 ei.
1321 1425 1340 1457 ι
1363 1403 1535 1477 (Psal.
1558 1404 1730 1477 LXXI.)
1759 1405 1838 1458 Ad
1867 1405 1971 1462 hoc
2019 1419 2105 1460 se-

523 1497 616 1552 det
645 1517 664 1549 c
697 1507 757 1551 ut
783 1498 1074 1554 interﬁciat
1099 1499 1466 1564 innocentem,
1499 1519 1520 1551 ι
1553 1499 1922 1569 spiritualiter.

597 1607 618 1639 ε
655 1587 808 1644 Oculi
843 1591 1004 1643 etiam
1035 1591 1152 1660 ejus
1183 1593 1237 1646 in
1279 1605 1568 1662 pauperem
1597 1593 1914 1663 respiciunt,
1953 1611 1972 1645 ›
2005 1601 2105 1662 per

523 1677 774 1734 affectum
825 1681 1233 1736 misericordiae.
1281 1683 1432 1738 Dicet
1469 1685 1614 1738 enim
1649 1683 1944 1740 -Movebor
1971 1699 2100 1755 erga

523 1777 612 1834 te,
639 1770 768 1838 quia
813 1769 888 1824 ita
931 1771 1211 1828 tributaria
1247 1775 1432 1830 desine
1483 1777 1768 1830 stultitiam
1825 1777 2007 1842 illam,
2050 1786 2106 1832 et

521 1871 777 1914 converte
824 1861 892 1914 ad
933 1877 1020 1917 me
1045 1879 1059 1916 :
1087 1865 1330 1919 exterius
1357 1866 1595 1921 ostendit
1635 1881 1694 1921 se
1729 1867 1930 1922 habere
1975 1865 2102 1922 affe-

2205 683 2330 723 nem
2359 685 2456 724 nos
2485 669 2740 724 admonet
2771 685 2784 724 :
2817 685 2939 725 cum
2965 672 3252 741 respondet
3278 673 3684 741 inquirentibus
3709 687 3802 728 sa-

2205 758 2408 815 tisl‘acit

2277 851 2394 922 Ipse
2421 851 2550 906 dicit
2577 867 2598 902 π
2633 861 2740 906 non
2767 852 3011 920 requiret
3045 869 3064 903 ι
3092 853 3183 907 sed
3215 859 3295 916 tu,
3329 853 3584 916 Domine,
3611 854 3798 916 vides,

2203 949 2286 1008 ut,
2309 942 2540 1010 qualiter
2569 959 2588 992 ι
2623 943 2805 1015 tradas
2829 943 2886 995 in
2917 953 3112 997 manus
3143 951 3270 998 tuas
3291 984 3305 1009 ,
3333 957 3355 996 δ
3395 944 3454 998 id
3499 951 3586 999 est
3615 943 3800 997 vindi-

2203 1040 2320 1087 ctas
2349 1043 2489 1088 tuas.
2521 1032 2659 1088 Vere
2683 1033 2836 1088 vides
2863 1034 3028 1099 istud,
3053 1036 3178 1104 quia
3205 1049 3308 1089 nec
3329 1035 3680 1104 pmfunditas
3707 1051 3800 1090 co-

2207 1123 2525 1194 gitationum
2563 1125 2694 1178 latet
2715 1125 2892 1178 visum
2925 1133 3076 1178 unum
3103 1143 3116 1177 :
3155 1135 3210 1180 et
3237 1127 3342 1182 hoc
3361 1135 3454 1182 est
3477 1129 3630 1195 quod
3661 1127 3800 1182 dia't

2213 1233 2230 1264 ‹
2251 1215 2505 1284 quoniam
2535 1223 2592 1268 tu
2621 1215 2932 1270 consideras
2961 1215 3198 1271 laborem
3225 1225 3280 1272 et
3299 1218 3566 1280 dolorem,
3589 1237 3610 1269 ι
3629 1219 3688 1272 id
3711 1229 3798 1272 est

2205 1306 2586 1376 cogitationem
2634 1307 2700 1360 de
2747 1305 2936 1362 dolore
2983 1317 3039 1362 et
3085 1309 3270 1364 labore
3313 1309 3604 1366 inme
3647 1309 3794 1366 aliis.

2208 1400 2362 1456 Unde
2387 1401 2636 1471 superius
2661 1401 2864 1457 dictum
2887 1411 2974 1459 est
2997 1421 3013 1458 :
3058 1403 3169 1460 Sub
3201 1403 3380 1475 lingua
3403 1407 3524 1474 ejus
3555 1405 3720 1460 labor
3745 1415 3798 1459 et

2205 1491 2376 1546 dolor.

2273 1585 2420 1641 Bene
2439 1587 2604 1642 debes
2623 1601 2716 1642 eos
2737 1588 2954 1643 tradere
2977 1589 3030 1641 in
3053 1603 3248 1644 manus
3277 1599 3413 1655 tuas,
3427 1593 3556 1660 quia
3577 1605 3602 1642 ι
3627 1592 3749 1654 tibi,
3771 1614 3790 1644 ι

2205 1675 2258 1732 id
2289 1685 2373 1731 est
2397 1687 2500 1732 tuae
2522 1680 2779 1734 custodiae
2811 1699 2831 1728 ι
2869 1693 3074 1748 pauper
3103 1681 3392 1738 derelictus
3423 1693 3544 1748 θεῖ,
3589 1703 3610 1736 ι
3641 1685 3690 1736 id
3715 1693 3796 1738 est

2205 1768 2260 1821 in
2289 1768 2435 1823 nullo
2459 1770 2564 1824 alio
2593 1770 2836 1834 conlidit,
2865 1771 2970 1824 nisi
3007 1771 3060 1824 in
3087 1779 3140 1826 te
3163 1773 3297 1836 solo,
3317 1782 3378 1826 et
3401 1783 3618 1843 pauper
3643 1776 3798 1829 deie-

2205 1858 2364 1913 li'ctus
2387 1861 2482 1914 tibi
2509 1873 2620 1914 non
2649 1859 3016 1928 fmatrabitur,
3045 1866 3171 1933 quia
3205 1885 3222 1916 ι
3257 1875 3313 1920 tu
3341 1869 3454 1922 eris
3485 1868 3710 1936 adjutor
3729 1911 3742 1932 ,
3777 1891 3790 1916 ι

515 1959 668 2006 ctum
695 1967 826 2024 erga
855 1953 1001 2020 mos,
1027 1957 1122 2010 sed
1164 1957 1392 2011 ξηιει-ίιιε
1437 1976 1457 2008 ε
1493 1958 1800 2025 insidiatur,
1835 1977 1853 2010 ι
1883 1959 1986 2015 hoc
2015 1966 2105 2014 -εει
2129 1942 2178 2001 Β
2205 1950 2258 2004 id
2281 1961 2368 2005 est
2395 1952 2480 2006 cui
2509 1963 2754 2008 mortuus
2775 1963 2858 2010 est
2885 1955 3154 2022 diabolus,
3191 1959 3246 2012 id
3285 1967 3370 2012 est
3393 1963 3556 2029 pater
3587 1969 3644 2014 et
3685 1977 3796 2012 ma-

521 2042 665 2110 quod
711 2043 844 2097 dicit
889 2063 907 2095 l
957 2045 1011 2098 in
1051 2046 1388 2110 abscondito.
1425 2049 1578 2118 quasi
1627 2049 1710 2105 leo
1751 2051 1806 2104 in
1847 2051 2104 2120 spelunca

523 2151 544 2184 ‹
579 2147 694 2199 sua,
725 2153 743 2184 ι
775 2133 1003 2200 scilicet,
1033 2151 1154 2191 cum
1197 2149 1479 2208 comparat
1511 2155 1632 2196 eum
1671 2141 1833 2208 leoni,
1855 2143 2105 2198 homines

519 2237 642 2278 eum
674 2239 770 2293 per
793 2225 1106 2281 violentiam
1131 2229 1233 2283 sibi
1261 2231 1539 2287 adhaerere
1574 2243 1885 2288 coacturum
1917 2241 2101 2290 esten-

517 2311 614 2364 dit.
639 2311 774 2368 Cum
793 2330 924 2370 vero
937 2317 1089 2384 dicit,
1113 2337 1132 2369 ε
1163 2319 1219 2373 in
1249 2322 1524 2390 spelunca,
1561 2342 1578 2375 ι
1599 2325 1780 2381 dolose
1803 2339 1928 2382 eum
1941 2335 2106 2399 agere

517 2400 776 2458 insinuat.
1427 2435 1432 2442 -

588 2492 656 2546 Et
708 2496 776 2549 ad
819 2495 922 2551 hoc
965 2497 1178 2556 scilicet
1225 2521 1246 2553 ε
1287 2503 1603 2571 insidiatur,
1646 2515 1706 2560 ut
1747 2508 1923 2576 rapiat
1967 2523 2100 2578 pau-

511 2597 718 2654 perem,
747 2604 765 2636 ι
809 2597 958 2642 etne
1005 2591 1252 2660 rapinam
1309 2608 1523 2663 semper
1565 2595 1856 2651 violentam
1901 2598 2102 2653 intelli—

511 2686 738 2743 gamus,
791 2676 974 2730 subdit
1017 2697 1035 2729 ι
1080 2694 1270 2748 rapere
1315 2697 1632 2752 pauperem,
1675 2706 1694 2738 ι
1745 2687 1890 2753 dico,
1935 2689 2100 2744 etiam

518 2781 537 2814 ι
578 2779 702 2818 cum
737 2767 964 2820 attrahit
987 2783 1131 2832 eum,
1163 2791 1181 2820 ι
1213 2772 1264 2826 id
1301 2783 1386 2826 est
1425 2775 1550 2830 dum
1589 2777 1858 2846 aliquibus
1889 2778 2099 2835 blandi-

511 2853 604 2910 tiis
630 2857 997 2914 seduciteum.
1035 2860 1138 2916 Per
1165 2863 1266 2919 hoc
1287 2868 1430 2935 quod
1449 2871 1662 2937 repetit,
1701 2889 1720 2921 ‹
1745 2871 2050 2938 insidiatur,
2069 2891 2092 2926 ο

510 2946 754 3021 ostendit
779 2963 902 3001 cum
933 2949 1087 3004 valde
1115 2953 1416 3010 studiosum
1440 2959 1506 3012 ad
1530 2959 1774 3016 insidias.

582 3035 876 3094 lnsidialur
902 3045 1125 3112 pauperi
1159 3055 1216 3100 ut
1255 3050 1448 3118 rapiat,
1480 3061 1532 3106 et
1557 3055 1751 3124 rapiet,
1779 3056 1907 3124 quia
1943 3077 1962 3108 ι
1993 3059 2100 3114 hn—

517 3147 535 3176 ι
571 3129 803 3185 miliahit
832 3147 977 3198 cum,
1022 3153 1040 3184 ι
1088 3135 1142 3189 id
1179 3145 1264 3193 est
1297 3139 1576 3196 inclinabit
1605 3160 1728 3197 eum
1751 3147 1852 3200 sub
1873 3147 1991 3201 suis
2015 3148 2095 3202 le-

508 3226 688 3297 gibus.
735 3246 754 3278 ί
791 3228 845 3282 1η
883 3229 1076 3300 laqueo
1118 3249 1237 3298 suo,
1276 3255 1294 3286 )
1338 3236 1390 3290 id
1423 3247 1505 3292 est
1549 3239 1718 3308 ipsius
1749 3241 2092 3310 Antichristi,

2207 2050 2309 2108 ter,
2353 2045 2564 2100 scilicet
2605 2046 2852 2116 voluptas
2885 2049 3088 2103 carnis.
3134 2050 3388 2106 Diabolus
3427 2053 3553 2106 ideo
3599 2054 3796 2106 dicitur

2207 2143 2389 2203 pater,
2419 2139 2546 2205 quia
2572 2151 2761 2193 omnes
2807 2139 3054 2194 homines
3079 2143 3342 2198 animales
3377 2143 3430 2196 in
3467 2154 3708 2211 peccato
3747 2153 3796 2198 et

2205 2235 2534 2294 generantur
2563 2237 2618 2280 et
2641 2239 2955 2283 nascuntur.
2987 2231 3246 2301 Voluptas
3273 2234 3393 2287 ideo
3417 2243 3602 2290 mater
3628 2254 3640 2287 :
3671 2237 3794 2304 quia

2206 2314 2349 2368 sicut
2376 2324 2546 2370 mater
2563 2318 2740 2388 gignit
2759 2335 3018 2389 puerum,
3047 2321 3120 2376 ita
3141 2325 3330 2378 carnis
3349 2325 3604 2394 voluptas
3623 2327 3796 2379 nutrit

2207 2406 2450 2460 stultum.

2273 2496 2411 2561 Quia
2433 2497 2526 2552 tibi
2557 2507 2640 2553 est
2665 2515 2871 2572 pauper
2901 2503 3226 2571 derelictus,
3259 2505 3380 2563 ideo
3409 2519 3430 2560 ξ
3471 2517 3738 2576 contem,
3775 2531 3790 2560 )

2206 2588 2260 2642 id
2299 2597 2384 2644 est
2423 2592 2662 2646 annihila
2691 2613 2708 2640 ι
2745 2595 3025 2649 brachium
3064 2615 3082 2648 δ
3113 2598 3170 2652 id
3205 2607 3288 2654 est
3317 2599 3702 2655 fortitudinem
3743 2609 3796 2655 et

2205 2683 2500 2750 potentiam
2533 2704 2553 2736 ‹
2589 2688 2891 2754 peccatoris
2927 2708 2944 2740 ι
2971 2689 3026 2742 in
3051 2698 3174 2745 a’etu
3201 2709 3220 2741 ι
3251 2701 3306 2746 et
3331 2691 3549 2762 maligni
3573 2707 3594 2744 υ
3627 2695 3686 2747 in
3711 2709 3796 2748 vo-

2203 2777 2429 2844 luntate,
2463 2787 2518 2832 et
2541 2778 2650 2847 jam
2681 2790 2892 2850 tempus
2935 2791 3101 2838 estut
3125 2785 3438 2840 destmatur
3459 2785 3576 2855 ejus
3603 2797 3794 2857 poten-

2205 2870 2277 2923 tia
2303 2889 2314 2922 :
2346 2871 2468 2940 quia
2493 2880 2548 2925 et
2575 2872 2718 2927 illius
2739 2875 2975 2943 nequitia
3005 2885 3087 2930 est
3107 2887 3578 2943 consummata,et
3607 2877 3794 2934 Eccle-

2203 2961 2281 3016 sia
2303 2961 2446 3017 illius
2457 2965 2830 3032 persecutione
2849 2976 3071 3038 purgata
3093 2978 3176 3032 ;et
3197 2971 3297 3026 hoc
3315 2981 3397 3026 est
3415 2973 3560 3041 quod
3571 2973 3790 3027 subdit:

2209 3069 2230 3106 α
2267 3067 2540 3127 qiimrctur
2571 3067 2851 3128 peccatum
2889 3079 2909 3112 ι
2941 3075 3208 3132 ponamus
3231 3073 3293 3118 ut
3319 3069 3594 3133 qna-ratur
3629 3081 3792 3134 quem

2201 3149 2378 3204 locum
2429 3151 2624 3206 habeat
2665 3153 2720 3205 in
2751 3151 2992 3207 Ecclesia
3035 3165 3314 3222 peccatum
3361 3151 3504 3212 iuius
3545 3177 3562 3208 ε
3593 3169 3656 3211 et
3687 3174 3790 3213 non

2199 3241 2508 3296 invenietur
2547 3261 2564 3292 ι
2605 3242 2756 3296 locus
2781 3243 2950 3312 ipsius
2979 3247 3210 3313 peccati.
3243 3245 3345 3302 Ubi
3373 3249 3516 3302 enim
3543 3247 3686 3302 nihil
3713 3263 3790 3302 re-

509 3319 746 3386 quaudiu
775 3321 894 3376 aliis
929 3333 1088 3392 parat
1126 3323 1376 3394 laqueum
1410 3330 1524 3400 ipse
1570 3307 1622 3384 in
1655 3347 1720 3387 eo
1749 3307 2091 3404 illaqueatur;
2119 3307 2172 3372 θ
2203 3343 2310 3388 Stat
2333 3336 2696 3405 purgandum,
2723 3307 3018 3406 ibi—impius
3047 3347 3151 3392 non
3185 3340 3349 3394 habet
3371 3341 3569 3396 locum

515 3427 532 3458 ι
567 3407 853 3465 lnclinabit
884 3427 963 3479 se,
998 3433 1016 3465 ι
1047 3415 1098 3469 id
1145 3425 1228 3470 est
1266 3419 1526 3488 paulatim
1553 3422 1842 3477 descendet
1880 3426 1946 3479 ad
1981 3427 2096 3480 rui-

505 3513 634 3554 nam
665 3519 680 3554 :
719 3511 924 3571 quanto
952 3505 1096 3560 enim
1135 3510 1306 3579 magis
1343 3510 1476 3567 alios
1516 3513 1755 3580 tribulat,
1795 3525 1944 3571 tanto
1973 3533 2096 3587 pro-

503 3591 626 3660 pior
651 3591 768 3662 ipse
787 3603 870 3648 est
895 3595 1082 3661 ruinae,
1117 3617 1134 3648 ι
1165 3608 1218 3652 et
1240 3599 1418 3666 cadet,
1447 3621 1466 3653 ι
1497 3603 1620 3672 quia
1645 3603 1905 3660 Dominus
1931 3607 2097 3662 inter-

505 3683 651 3740 ﬁciet
692 3701 814 3740 eum
853 3689 1046 3757 spiritu
1091 3689 1202 3746 oris
1241 3693 1352 3758 sui,
1380 3693 1472 3748 sed
1517 3703 1630 3749 tum
1681 3697 1894 3752 tandem
1939 3701 2096 3754 cadet

507 3793 527 3827 ι
575 3793 696 3831 cum
757 3779 1067 3837 dominatus
1131 3781 1297 3837 fuerit
1367 3799 1688 3856 pauperum,
1733 3809 1755 3842 ›
1811 3805 1946 3858 quos
1992 3791 2095 3846 sibi

505 3869 780 3940 subiiciet.

571 3961 638 4014 Et
667 3963 864 4018 merito
885 3964 1062 4018 cadet.
1093 3983 1110 4015 ι
1133 3963 1282 4020 Dixit
1309 3967 1452 4022 enim
1481 3969 1533 4022 in
1557 3971 1719 4025 corde
1745 3987 1861 4036 suo,
1886 3991 1903 4023 ι
1937 3971 1988 4028 id
2012 3983 2097 4029 est

505 4056 760 4108 tractavit
789 4055 842 4108 in
874 4057 1038 4110 corde
1071 4076 1083 4110 :
1116 4059 1240 4126 quia
1269 4061 1410 4115 sicut
1445 4063 1598 4128 dixit,
1631 4080 1818 4119 verum
1845 4083 1966 4122 esse
1997 4085 2094 4138 pu-

503 4147 665 4202 tavit:
691 4165 708 4196 α
732 4145 1038 4202 Oblituscst
1061 4149 1202 4204 Deus
1223 4171 1240 4202 ι
1274 4169 1517 4222 suorum,
1540 4163 1594 4209 et
1620 4176 1637 4206 ε
1673 4159 1869 4212 avertit
1899 4157 2092 4215 faciem

499 4251 689 4304 suam,
739 4257 757 4290 ι
797 4239 850 4292 id
903 4249 986 4294 est
1025 4243 1368 4308 pnesentiam
1415 4251 1571 4300 Suam
1629 4265 1647 4298 ι
1705 4265 1774 4304 ne
1827 4252 2023 4316 videat,
2067 4272 2085 4304 ι

501 4341 666 4398 opera
705 4343 824 4399 qua;
873 4345 972 4401 ego
1011 4329 1174 4397 facio,
1205 4335 1476 4402 puniendo
1507 4351 1619 4404 eos,
1651 4347 1750 4394 nec
1785 4344 1948 4396 etiam
1987 4363 2004 4393 ‹
2037 4344 2091 4396 in

499 4417 683 4484 flnem,
735 4439 754 4472 ι
801 4419 854 4474 id
902 4429 986 4476 est
1021 4435 1122 4478 nec
1161 4425 1212 4478 in
1247 4425 1347 4482 hac
1375 4429 1484 4484 vita
1516 4445 1615 4485 nec
1651 4431 1701 4484 in
1734 4431 1933 4486 futura.
1995 4433 2089 4488 Vi-

500 4510 634 4565 dcns
676 4512 946 4581 Propheta
995 4513 1242 4572 homines
1291 4519 1499 4576 futuros
1543 4521 1596 4575 in
1651 4531 1890 4592 tempore
1937 4525 2090 4578 Anti-

497 4602 707 4666 christi,
737 4619 848 4674 prae
877 4605 1044 4660 nimia
1075 4607 1424 4666 tribulatione
1453 4621 1681 4667 mortem
1707 4623 1979 4684 expetere,
2005 4615 2088 4670 in-

498 4693 700 4749 ducens
726 4713 1012 4766 personam
1057 4715 1246 4754 eorum
1291 4711 1546 4772 precatur
1587 4703 1770 4770 ﬁnein,
1799 4715 1852 4759 et
1887 4721 2082 4761 sccun-
2115 4673 2164 4732 θ

499 4786 624 4840 dum
657 4787 950 4843 adventum
977 4789 1204 4857 Christi,
1239 4793 1379 4848 sicut
1399 4794 1560 4848 etiam
1593 4793 1840 4864 superius
1871 4796 1926 4850 in
1957 4813 2086 4868 per-

495 4891 628 4932 sona
655 4893 846 4934 eorum
877 4883 1321 4951 conquestionem
1347 4883 1500 4939 facit.
1527 4885 1878 4942 Continuatio
1905 4902 1920 4941 :

565 4973 682 5043 Ipse
705 4975 832 5030 dicit
865 4977 1006 5046 quod
1041 4977 1184 5033 Deus
1221 4977 1421 5033 oblitus
1448 4989 1558 5044 est,
1591 4982 1682 5036 sed
1707 4987 1766 5034 "tu
1805 5000 1825 5033 ι
1857 4983 2086 5038 Domine

491 5063 655 5130 Deus,
701 5083 962 5141 exsurge,
1005 5077 1058 5124 et
1101 5069 1372 5125 exaltetur
1431 5085 1628 5126 manus
1667 5081 1788 5140 tua,
1833 5093 1852 5126 ι
1907 5075 1958 5128 id
2000 5079 2087 5129 est

491 5163 726 5219 "vindicta
764 5174 850 5220 tua
883 5181 904 5219 ι
942 5181 1012 5222 ne
1045 5167 1384 5222 obliviscaris
1409 5181 1729 5238 pauperum,
1761 5188 1780 5221 ι
1811 5169 1955 5226 sicut
1989 5169 2079 5226 ille

493 5257 738 5312 :estimat.

567 5349 631 5404 Et
669 5349 804 5404 bene
837 5350 1004 5406 debes
1037 5358 1092 5406 te
1123 5352 1402 5408 vindicare
1432 5353 1498 5408 de
1513 5366 1602 5414 eo,
1627 5352 1754 5420 quia
1779 5371 1802 5404 ι
1831 5353 1948 5422 ipse
1969 5352 2075 5408 im-

490 5441 612 5514 pius
645 5443 876 5498 irritavit
917 5445 1105 5506 Deum,
1139 5463 1158 5494 ι
1189 5455 1244 5498 et
1279 5453 1498 5515 propter
1545 5444 1676 5514 quid
1723 5445 1984 5499 irritavit?
2017 5444 2074 5500 ld

419 5531 426 5544 '
491 5539 576 5587 est
627 5549 746 5603 qua:
789 5532 890 5588 fuit
937 5533 1254 5602 principalis
1305 5549 1468 5590 causa
1523 5535 1666 5590 illius
1719 5536 2075 5590 irritationis?

491 5624 614 5680 Haec
639 5627 848 5682 scilicet
877 5644 895 5676 ε
925 5625 1060 5680 dixit
1081 5627 1226 5682 enim
1251 5628 1302 5682 in
1329 5627 1494 5682 corde
1519 5643 1640 5694 suo,
1669 5647 1688 5680 ›
1723 5629 1804 5683 sic
1825 5629 2032 5684 habens
2057 5645 2071 5683 ι

2273 3429 2561 3482 Brachinm
2590 3428 2734 3482 illius
2773 3437 3084 3483 conteretur
3117 3449 3138 3481 ε
3179 3431 3437 3486 Dominus
3465 3441 3652 3488 autem
3699 3449 3786 3490 re-

2199 3519 2384 3590 gnabit
2425 3521 2479 3573 in
2529 3529 2792 3574 attentum
2821 3539 2844 3572 θ
2869 3529 2924 3576 et
2953 3524 3032 3577 sic
3067 3523 3189 3578 dico
3215 3523 3268 3578 in
3307 3531 3570 3580 aeternum
3601 3535 3666 3580 ut
3701 3529 3786 3582 in—

2203 3611 2469 3680 telligatur
2497 3629 2520 3661 ι
2543 3611 2597 3664 ἱη
2623 3611 2876 3666 sarculum
2897 3613 3078 3667 surculi
3105 3633 3122 3665 ι
3149 3619 3208 3668 e’t
3227 3629 3294 3670 ne
3313 3625 3500 3685 gentes
3515 3617 3782 3685 dicarem,

2197 3711 2252 3756 et
2273 3717 2377 3757 nos
2397 3717 2524 3756 cum
2551 3713 2636 3766 eo,
2665 3702 2846 3758 subdit
2879 3713 3037 3770 ivos,
3057 3715 3268 3776 gentes,
3288 3709 3534 3776 pet-ibitis
3551 3711 3616 3764 de
3635 3717 3788 3764 terra

2197 3795 2341 3850 illius
2375 3809 2394 3847 >
2431 3797 2624 3850 remoti
2649 3795 2877 3860 scilicet,
2909 3797 2976 3852 de
3001 3805 3147 3853 terra
3173 3801 3489 3855 viventium.

2273 3905 2292 3935 ε
2330 3884 2486 3946 Vere,
2513 3893 2700 3954 gentes
2717 3923 2730 3950 ,
2757 3886 3002 3954 peribitis
3020 3929 3034 3944 .
3063 3890 3190 3958 quia
3221 3889 3482 3944 Dominus
3505 3891 3786 3945 exaudivit

2195 3974 2522 4028 desiderium
2549 3989 2846 4045 pauperum
2879 3999 2896 4030 ι
2929 3981 3054 4049 quia
3087 3981 3250 4035 etiam
3287 4001 3306 4031 ι
3333 3984 3786 4052 praeparationem

2197 4065 2374 4118 cordis
2403 4081 2590 4120 eorum
2613 4105 2627 4132 ,
2665 4087 2682 4118 I
2719 4069 2768 4122 id
2805 4080 2922 4134 est,
2953 4083 3022 4124 ex
3058 4083 3166 4139 quo
3215 4072 3416 4126 habent
3453 4074 3784 4127 voluntatem

2197 4165 2442 4224 paratam
2471 4159 2585 4212 sive
2607 4173 2636 4212 a
2663 4159 2790 4225 Deo,
2821 4162 2936 4215 sive
2959 4175 2988 4214 a
3011 4162 3205 4230 seipsis
3235 4183 3254 4213 ι
3277 4163 3426 4218 audit
3449 4168 3601 4218 annis
3619 4175 3732 4219 tua.
3761 4185 3778 4217 ι

2193 4246 2312 4300 Alia
2341 4250 2616 4304 translatio
2643 4251 2806 4305 habet
2829 4255 3326 4322 cencupi-scentiaut
3369 4257 3458 4310 ubi
3489 4272 3590 4310 nos
3617 4257 3782 4310 hahe-

2195 4356 2315 4396 mns
2343 4343 2824 4411 praeparationem,
2871 4353 2922 4397 et
2967 4346 3088 4399 ideo
3119 4347 3195 4402 sic
3227 4347 3498 4417 legamus,
3539 4357 3596 4402 ut
3641 4349 3786 4402 idem

2193 4435 2368 4488 valeat
2407 4449 2527 4488 cum
2555 4438 3028 4504 concupiscentia:
3062 4439 3140 4493 sic
3183 4457 3206 4488 ι
3241 4439 3569 4494 desiderium
3615 4455 3786 4496 exau-

2191 4527 2326 4582 divit
2373 4537 2430 4582 et
2467 4528 2954 4597 prmparationem,
3009 4547 3028 4580 ι
3071 4530 3123 4584 id
3163 4539 3246 4584 est
3287 4531 3338 4584 id
3383 4532 3451 4584 ad
3494 4534 3642 4602 quod
3683 4535 3790 4604 ipsi

2191 4619 2338 4672 omni
2369 4629 2566 4673 conatu
2589 4619 2786 4672 virium
2818 4619 3130 4674 nitebantur
3155 4621 3360 4698 orando
3389 4625 3626 4692 assequi.

2265 4714 2600 4768 Desiderium
2627 4711 2928 4776 exaudivit,
2963 4715 3064 4767 hoc
3087 4715 3313 4778 scilicet,
3353 4733 3372 4764 ι
3400 4714 3652 4782 judicare
3683 4731 3788 4783 pu-

2190 4806 2318 4876 pillo
2347 4814 2404 4859 et
2448 4805 2675 4869 humili,
2725 4823 2744 4856 )
2787 4805 2840 4858 id
2869 4812 2954 4859 est
2987 4805 3054 4858 ad
3081 4807 3340 4862 honorem
3377 4806 3566 4876 pupilli
3605 4816 3660 4860 et
3685 4807 3790 4861 hu-

2193 4897 2306 4951 mili
2345 4897 2420 4950 ita
2455 4896 2702 4965 judicare
2755 4913 2774 4946 ‹
2803 4903 2864 4950 ut
2899 4896 3060 4949 homo
3095 4909 3203 4950 non
3245 4907 3516 4967 apponat,
3549 4917 3570 4950 ι
3609 4899 3662 4952 id
3701 4911 3794 4955 est

2192 5003 2298 5042 non
2329 4995 2618 5057 praesumat
2647 5007 2664 5038 σ
2693 4987 3044 5057 magniﬁcam
3073 4986 3212 5042 ultra
3235 5003 3298 5042 se
3323 5003 3487 5057 super
3515 4999 3722 5044 terram
3763 5009 3785 5043 ι

2191 5079 2429 5146 scilicet,
2457 5077 2752 5134 viventium
2771 5119 2786 5144 ,
2813 5093 2932 5149 quae
2967 5088 3110 5133 terra
3153 5079 3352 5134 dicitur
3381 5087 3614 5150 propter
3653 5081 3796 5136 soli-

2187 5173 2430 5229 ditatem.

2707 5241 2772 5298 IN
2808 5242 3138 5300 PSALMUM
3179 5243 3246 5298 Χ.

2453 5337 2727 5394 Trrows:
2767 5336 2835 5392 In
2863 5337 3019 5405 ﬁnem
3050 5338 3282 5407 psalmus
3313 5336 3500 5390 Dauid.

2261 5467 2282 5498 ε
2300 5448 2357 5502 In
2383 5449 2632 5504 Domino.
2651 5469 2674 5500 -ι
2705 5447 2813 5503 iste
2837 5447 3044 5504 scilicet
3063 5449 3304 5516 psalmis
3323 5448 3584 5502 convenit
3605 5447 3796 5504 David

2185 5543 2486 5612 prophetat,
2517 5543 2609 5612 qui
2637 5551 2692 5596 et
2729 5542 2816 5596 hic
2845 5541 3112 5610 loquitur,
3147 5540 3383 5611 dirigens
3411 5540 3692 5596 auditores
3731 5545 3794 5598 in

2185 5632 2370 5698 tinem,
2383 5633 2437 5686 id
2455 5641 2542 5686 est
2561 5633 2616 5686 in
2635 5631 2932 5687 Christum.
2949 5632 3184 5686 Intendit
3199 5633 3344 5687 enim
3369 5632 3422 5686 in
3443 5631 3546 5696 hac
3565 5633 3798 5700 psalmo

2181 5737 2284 5780 nos
2342 5724 2633 5780 admonere
2667 5733 2732 5778 ut
2763 5724 3078 5780 resistamus
3105 5723 3392 5779 haereticis.
3433 5722 3660 5778 Materia
3697 5735 3804 5781 est

2180 5813 2452 5883 Christus,
2479 5815 2546 5872 de
2567 5831 2672 5888 qua
2699 5817 2780 5871 sic
2807 5816 2942 5887 agit.
2985 5814 3232 5870 Ostendit
3251 5829 3378 5869 eum
3413 5815 3465 5868 in
3505 5815 3614 5869 isto
3631 5813 3802 5883 judi-

2177 5909 2266 5964 cio
2289 5923 2386 5963 suo
2405 5907 2666 5978 quosdam
2687 5922 2984 5972 excauare,
3009 5916 3070 5962 ut
3087 5917 3219 5962 sunt
3239 5905 3500 5964 heretici.
3523 5905 3804 5964 Ostendit

489 5717 749 5774 Dominus
783 5738 802 5770 ι
846 5733 952 5774 non
988 5717 1246 5786 requiret,
1287 5739 1305 5772 ι
1338 5721 1391 5774 id
1423 5730 1507 5776 est
1533 5721 1826 5776 vindictam
1855 5736 1960 5776 non
1987 5738 2076 5778 ae~

488 5807 650 5878 cipiet
683 5827 696 5860 :
725 5819 782 5864 et
811 5807 932 5864 ideo
957 5808 1074 5864 htee
1105 5809 1338 5867 irritatio
1363 5813 1600 5868 maxima
1631 5811 1749 5878 fuit,
1783 5813 1910 5882 quia
1937 5828 2070 5870 con-

487 5909 572 5956 tra
603 5901 776 5971 ipsum
809 5900 978 5956 Deum
1005 5916 1188 5959 sermo
1216 5905 1485 5976 dirigitur,
1519 5915 1574 5962 et
1601 5907 1705 5961 hoc.
1743 5914 1827 5961 est
1866 5921 2073 5977 ponere
