3984 6446
1418 443 1862 503 EXPLANATIO
1896 444 1966 501 IN
2003 445 2342 504 ΡεΑιιιοε.

3404 451 3512 508 250

245 558 413 614 etiam
437 554 582 626 quod
610 552 826 622 adjuvet
842 567 974 609 suos
994 560 1052 610 et
1072 561 1343 625 protegat,
1376 569 1445 612 ne
1478 557 1831 611 succumbam
1860 560 1907 620 Α
1934 559 2205 630 palpebrae
2245 560 2571 616 clauduntur
2609 568 2667 617 et
2709 563 3056 633 aperiuntur,
3100 563 3175 618 ita
3222 572 3277 620 et
3322 565 3517 624 divina:

244 652 461 708 illorum
482 648 806 704 han'esibus.
840 646 1092 705 Ostendit
1125 649 1289 703 etiam
1315 650 1458 717 quod
1491 650 1679 719 puniat
1712 649 1833 705 illos

248 744 467 813 impios,
498 749 557 797 ει
578 742 660 797 sic
681 741 870 811 incipit
892 747 1081 797 contra
1102 740 1406 803 lnareticos,
1431 756 1495 796 ac
1520 742 1569 795 si
1595 742 1828 796 diceret:

248 835 509 892 Resistite
524 833 799 889 haereticis
827 833 1078 902 exemplo
1097 833 1225 898 mei,
1248 832 1341 902 qui
1371 853 1390 885 ι
1422 832 1635 893 conﬁdo
1657 834 1710 887 in
1734 834 1835 888 De.

248 933 421 997 mino,
477 948 497 982 ο
558 938 615 985 ει
658 928 780 985 ideo
806 947 827 981 ι
860 930 1166 999 quomodo,
1213 949 1232 983 ι
1275 929 1329 983 id
1365 937 1450 984 est
1473 942 1580 999 qua
1609 930 1833 985 audacia

254 1046 275 1079 ι
310 1026 525 1091 dicitis,
563 1042 582 1078 ι
616 1024 672 1080 id
711 1032 797 1080 est
834 1025 1050 1080 audetis
1087 1024 1311 1080 dicere?
1343 1025 1409 1099 ad
1452 1025 1832 1081 detrimentum

248 1120 448 1175 animae
468 1131 606 1172 mea:
630 1135 656 1169 ι
693 1115 1065 1187 Transntigra,
1098 1138 1114 1167 ο
1148 1115 1201 1171 id
1228 1124 1314 1170 est
1347 1116 1518 1170 transi
1543 1117 1610 1171 de
1628 1115 1836 1171 vilitate

250 1209 622 1281 intelligentia;
644 1207 1036 1277 scripturarum
1065 1208 1117 1261 in
1140 1222 1249 1276 qua
1270 1221 1364 1270 es,
1399 1207 1465 1261 ad
1500 1207 1835 1262 altitudinem

252 1301 559 1357 intellectus
575 1299 748 1355 nostri
765 1312 779 1351 :
796 1307 853 1353 et
870 1298 974 1353 hoc
995 1307 1078 1353 est
1098 1297 1240 1367 quod
1255 1297 1388 1352 dicit
1412 1315 1429 1347 ι
1451 1297 1508 1351 in
1531 1300 1789 1361 montem,
1813 1315 1831 1348 ι

251 1406 309 1451 ει
346 1403 477 1449 tunc
500 1393 608 1448 erit
636 1393 777 1447 sicut
798 1406 1006 1460 passer.
1032 1384 1314 1458 Quoddam
1341 1404 1512 1460 genus
1530 1396 1619 1443 est
1655 1402 1839 1457 passe-

254 1503 395 1550 rum,
425 1486 535 1555 qui,
564 1483 769 1541 relictis
789 1483 922 1538 locis
948 1481 1270 1547 humilibus,
1295 1480 1575 1536 nidificant
1602 1481 1656 1535 in
1678 1495 1842 1535 mons

254 1580 420 1643 tibus,
450 1587 509 1631 ut
530 1576 635 1631 sibi
659 1583 886 1631 caveant
912 1590 942 1629 a
976 1574 1200 1643 laqueis.
1232 1575 1357 1629 lstis
1390 1574 1700 1643 passeribus
1737 1589 1841 1644 pu-

256 1680 373 1726 tant
400 1669 639 1725 haeretici
664 1667 932 1722 illnsesse
964 1665 1201 1727 similes,
1227 1679 1363 1735 quos
1388 1664 1489 1720 sibi
1520 1662 1837 1735 adiungunt.

256 1762 371 1817 Alia
403 1771 584 1816 autem
610 1757 895 1813 translatio
916 1757 1106 1821 habet,
1137 1756 1279 1812 sicut
1306 1756 1445 1818 avis,
1469 1765 1525 1808 et
1542 1754 1840 1809 secundum

252 1854 357 1911 hoc
386 1854 520 1908 dicit
556 1851 861 1921 Propheta:
901 1850 956 1906 Si
992 1865 1092 1921 ego
1134 1849 1576 1920 transmigrarem
1604 1848 1677 1904 ad
1713 1864 1840 1914 vos,

253 1961 433 2002 essem
458 1945 597 2000 sicut
626 1945 763 2008 avis,
794 1943 847 1998 id
874 1952 956 1999 est
978 1941 1271 1998 instabilis.

335 2057 355 2090 ι
393 2037 512 2091 Dixi
556 2035 769 2091 conﬁdo
814 2036 866 2089 in
913 2035 1160 2099 Domino,
1198 2053 1216 2086 ι
1266 2042 1321 2088 ει
1358 2035 1466 2089 hoc
1508 2042 1847 2089 necesse'est

264 2152 283 2183 ι
318 2129 570 2201 quoniam
594 2142 725 2183 ecce
750 2147 772 2181 ι
804 2127 1019 2182 scilicet
1056 2127 1108 2181 in
1151 2123 1434 2180 manifesto
1478 2135 1565 2179 est
1604 2146 1624 2177 ι
1656 2141 1845 2196 pecca-

258 2230 407 2277 tores
459 2218 826 2283 intenderant,
883 2238 903 2271 ι
941 2218 993 2272 id
1036 2226 1154 2282 est,
1186 2218 1269 2273 sui
1298 2218 1439 2287 parti
1474 2217 1849 2287 applicuerunt

261 2333 282 2365 ι
315 2328 526 2377 areum,
561 2332 581 2365 ι
616 2312 674 2368 id
701 2324 789 2367 est
812 2312 1054 2367 divinam
1082 2310 1439 2382 Scﬁpturam.
1467 2311 1703 2367 Dicendo
1723 2327 1848 2382 pec-

255 2415 491 2461 catores.
517 2404 759 2461 ostendit
777 2404 921 2474 quod
957 2413 1176 2474 propter
1196 2412 1422 2473 peccata
1460 2418 1558 2459 sua
1589 2405 1849 2460 exemeati

256 2506 404 2563 sunt,
430 2515 448 2547 ‹
469 2497 719 2568 sagittas,
740 2516 759 2549 ι
780 2496 833 2550 id
853 2501 939 2551 est
957 2495 1257 2551 scatentias
1278 2502 1403 2551 suas
1423 2515 1441 2547 ι
1463 2505 1842 2565 pamverunt,t

257 2589 310 2645 id
352 2597 475 2653 est,
524 2589 761 2642 rationes
801 2594 854 2642 et
896 2587 1250 2643 auctoritates
1290 2588 1357 2641 ad
1393 2602 1487 2642 eas
1525 2586 1850 2643 verisimiles

257 2680 621 2737 ostendendas
650 2678 1035 2748 inquisierunt,
1065 2699 1090 2730 ε
1128 2680 1183 2732 in
1211 2680 1494 2748 pharetra,
1539 2698 1557 2729 ι
1589 2679 1643 2733 id
1676 2685 1762 2734 est
1792 2678 1850 2733 in

258 2781 525 2829 venenato
553 2773 719 2827 corde
747 2788 877 2827 suo:
900 2772 971 2826 ad
1003 2773 1106 2827 hoc
1132 2772 1360 2837 scilicet,
1394 2790 1415 2824 ι
1439 2780 1499 2826 ut
1525 2772 1801 2842 sagittent,
1826 2792 1845 2825 ι

258 2868 311 2923 id
335 2876 417 2922 est
455 2866 707 2921 occidant
753 2865 855 2936 ipsi
900 2883 919 2917 ι
954 2873 1133 2921 rectos
1169 2866 1333 2920 corde
1368 2882 1387 2916 ι
1417 2865 1710 2919 existentes
1743 2884 1761 2915 ι
1796 2864 1852 2919 in

259 2958 508 3021 obscuro,
558 2978 576 3010 ι
604 2959 860 3030 sagittent
884 2957 936 3012 in
976 2957 1327 3022 obscuritate,
1370 2957 1422 3011 id
1451 2965 1536 3012 est
1560 2956 1617 3012 in
1646 2957 1854 3027 simpli--

260 3052 465 3106 citate;
499 3050 601 3120 ipsi
627 3051 867 3105 haeretici
900 3052 1175 3122 sagittent,
1216 3049 1424 3105 scelicet
1448 3065 1557 3105 non
1584 3050 1853 3106 illumina-

259 3151 345 3199 tos
370 3152 427 3199 et
453 3143 729 3211 sapientes
757 3143 924 3208 viros,
953 3144 1048 3198 sed
1074 3142 1268 3198 idiotas
1290 3151 1344 3197 et
1370 3157 1465 3198 eos
1490 3143 1581 3213 qui
1606 3142 1852 3212 Scriptu-

1936 650 2248 723 Scripturae.
2278 653 2466 708 Divina
2494 655 2775 726 Scriptura
2803 656 2984 713 clausa
3009 658 3169 721 bono,
3202 660 3519 729 comprobat

1934 758 2058 798 eum
2079 763 2090 798 :
2113 744 2242 813 quia
2269 744 2401 800 licet
2424 747 2599 802 bonus
2622 748 2832 817 ignoret
2848 763 2994 816 eam,
3018 764 3123 805 non
3150 750 3395 821 negligit,
3419 765 3519 807 nec

1933 846 2054 891 eam
2109 840 2505 907 corrumpendo
2557 856 2716 896 suum
2760 856 2982 899 sensum
3028 845 3264 915 apponit.
3314 845 3520 915 Aperta

1935 928 2252 998 comprobat
2298 931 2537 985 malum:
2575 933 2699 1001 quia
2739 949 2847 990 non
2888 936 3074 1007 gratiae
3118 934 3249 1003 Deis
3287 936 3383 994 sed
3420 951 3521 997 suo

1935 1018 2153 1090 ingenio
2191 1029 2406 1090 reputat
2431 1030 2486 1076 et
2514 1022 2775 1093 superbit.

2008 1130 2031 1164 τι
2050 1113 2392 1186 Interrogant
2418 1113 2559 1171 ﬁlios
2581 1116 2862 1174 hominum
2880 1138 2900 1171 ι
2924 1122 3052 1191 quia
3080 1122 3198 1192 ipse
3221 1140 3241 1174 ι
3262 1123 3524 1180 Dominus

1938 1205 2237 1275 interrogat
2259 1206 2463 1275 justum
2490 1216 2548 1263 et
2579 1209 2828 1278 impium,
2858 1230 2878 1262 ι
2907 1221 2963 1266 ει
2996 1213 3175 1268 bonus
3200 1197 3525 1270 convenien-

1940 1304 2025 1352 ter
2051 1297 2362 1369 respondet,
2394 1301 2487 1354 sed
2520 1320 2541 1351 ι
2574 1301 2666 1370 qui
2694 1301 2870 1374 diligit
2904 1303 3277 1374 iniquitatem,
3302 1325 3325 1358 δ
3356 1310 3412 1363 td
3441 1313 3529 1364 est

1942 1390 2137 1455 malus,
2186 1390 2262 1445 ita
2290 1391 2602 1461 respondet,
2635 1401 2694 1447 ut
2732 1394 2788 1448 in
2832 1395 2949 1466 ipsa
2987 1398 3340 1466 responsione
3366 1411 3530 1470 appa-

1942 1488 2062 1534 reat
2092 1481 2234 1548 quod
2274 1500 2294 1532 ι
2322 1482 2439 1535 odit
2469 1483 2704 1538 animam
2730 1498 2903 1539 aiant.
2944 1505 2964 1538 ι
2998 1486 3075 1540 Ex
3104 1502 3218 1556 quo
3241 1489 3396 1554 dixit,
3427 1490 3532 1545 Do-

1940 1568 2124 1624 minus
2153 1570 2207 1624 iu
2236 1570 2435 1640 templo
2458 1581 2650 1628 sancto
2681 1589 2800 1639 suo,
2836 1556 3076 1630 ostendit
3094 1577 3243 1646 quod
3270 1565 3530 1636 Dominus

1940 1675 2072 1716 suos
2096 1670 2384 1732 protegat,
2415 1680 2559 1719 nunc
2601 1678 2731 1721 vero
2768 1667 3007 1723 ostendit
3038 1669 3307 1739 quomodo
3338 1670 3533 1727 advor—

1942 1750 2120 1806 sarios
2142 1753 2351 1821 puniet.
2380 1752 2727 1812 Continuatio
2753 1775 2765 1811 :

2018 1843 2238 1913 Iniquus
2260 1846 2375 1900 odit
2403 1847 2642 1901 animam
2672 1865 2848 1916 suam,
2874 1859 2929 1913 et
2956 1850 3217 1907 Dominus
3247 1870 3267 1902 ‹
3294 1850 3431 1923 pluit
3455 1852 3533 1908 la-

1869 1927 1916 1986 B
1944 1946 2131 2001 queos,
2162 1953 2182 1987 ι
2218 1935 2271 1989 id
2295 1947 2377 1991 est
2398 1944 2633 2004 errores,
2676 1941 2873 2011 quibus
2897 1941 3258 2012 illaqueantur
3300 1958 3324 1995 ι
3370 1958 3535 2014 super

1942 2040 2296 2097 peccatores,
2350 2052 2373 2085 ι
2414 2033 2466 2087 id
2502 2042 2593 2090 est
2624 2035 2694 2090 ad
2744 2037 3128 2092 detrimentum
3162 2045 3533 2107 peccatorum.

1946 2122 2092 2178 Pluit
2118 2124 2267 2191 dicit,
2296 2126 2426 2194 quia
2466 2136 2651 2183 sancta
2692 2127 3003 2199 Scriptura,
3032 2144 3156 2200 φη
3198 2128 3317 2184 aliis
3356 2128 3536 2199 pluvia

1942 2212 2316 2281 fructiﬁcans,
2362 2218 2495 2286 ipsis
2528 2220 2764 2274 vertitur
2803 2221 2860 2274 in
2906 2220 3129 2291 laqueos
3175 2229 3229 2277 et
3268 2235 3534 2276 errores:

1955 2325 1974 2358 ι
2009 2308 2169 2379 ignis,
2210 2330 2229 2361 ›
2250 2311 2310 2364 .id
2339 2320 2423 2365 est
2440 2312 2605 2366 ardor
2630 2314 3081 2382 concupiscentiae
3098 2334 3123 2366 1
3148 2324 3207 2368 ει
3229 2313 3478 2384 sulphur,
3508 2329 3531 2367 ι

1951 2400 2113 2455 idest
2149 2399 2311 2455 fetida
2348 2417 2514 2473 opera
2548 2422 2568 2457 ί
2603 2413 2657 2459 ει
2685 2405 2905 2475 spiritus
2926 2405 3309 2475 procellarum,
3334 2424 3353 2457 ι
3380 2405 3537 2461 idest

1948 2495 2300 2565 tempestuosi
2341 2503 2533 2550 actus:
2586 2504 2671 2552 est
2714 2517 2732 2548 ι
2778 2512 2906 2567 pars
2950 2512 3137 2553 eorum
3176 2516 3196 2550 ι
3240 2512 3371 2567 pars
3418 2497 3536 2552 dico

1955 2605 1976 2639 ι
2012 2586 2236 2652 calicis,
2268 2605 2287 2638 ›
2320 2587 2373 2641 id
2400 2596 2482 2641 est
2503 2586 2695 2657 iudicii
2739 2589 2855 2643 Dei.
2900 2589 2958 2644 In
2998 2589 3103 2647 hac
3141 2591 3250 2645 vita
3274 2589 3541 2660 judicium

1949 2676 2046 2732 Dei
2074 2686 2230 2733 vocat
2260 2677 2482 2734 calicem
2511 2698 2523 2733 :
2563 2679 2688 2749 quia
2718 2681 3043 2751 quibusdam
3084 2683 3286 2747 vitam,
3314 2682 3543 2753 quibus-

1950 2770 2074 2824 dam
2102 2778 2334 2824 mortem
2365 2770 2637 2840 propinat,
2668 2770 2753 2826 vel
2778 2771 3024 2837 calicem,
3054 2772 3109 2827 id
3128 2781 3215 2827 est
3241 2773 3434 2828 atomi
3455 2774 3544 2844 jn-

1948 2858 2076 2913 dicii
2109 2868 2195 2913 est
2222 2874 2350 2929 pars
2389 2879 2406 2910 ι
2440 2861 2579 2933 ignis
2609 2881 2627 2911 ι
2668 2848 2952 2918 infernalis
2983 2881 3002 2913 ι
3047 2870 3105 2917 ει
3130 2862 3391 2933 sulphur,
3430 2881 3451 2915 ο
3482 2862 3544 2920 id

1951 2959 2036 3005 est
2063 2947 2206 3006 fetor
2234 2950 2431 3007 inferni
2471 2966 2493 3005 ‹
2526 2960 2581 3006 ει
2628 2953 2851 3023 spiritus
2888 2952 3271 3023 procellarum,
3307 2972 3328 3007 ι
3360 2953 3421 3009 id
3454 2961 3545 3010 est

1953 3041 2187 3111 impetus
2212 3049 2429 3097 aeternae
2454 3042 2838 3098 damnationis.

2023 3132 2147 3187 Ideo
2168 3132 2429 3189 Dominus
2448 3133 2667 3203 adjuvat
2690 3149 2819 3191 suos
2846 3155 2865 3188 σ
2893 3136 3146 3205 quoniam
3167 3135 3349 3205 justus
3364 3135 3545 3192 Domi-

258 3252 349 3290 ras
377 3236 647 3306 ignorant,
676 3234 1061 3305 aggrediuntur
1097 3235 1375 3304 sagittare.
1424 3234 1519 3289 Vel
1552 3235 1849 3290 existentes
1878 3273 1920 3306 ἦ
1947 3238 2055 3278 MS
2100 3223 2287 3279 άίιθκίῐ
2313 3222 2581 3292 Ῑυδῑίιίθω
2616 3244 2634 3276 ³
2664 3233 2721 3280 ει
2760 3224 2876 3282 [me
2919 3235 3003 3281 εει
3023 3225 3268 3295 instillat
3317 3234 3378 3282 ιιῑ
3416 3241 3542 3285 81105

265 3344 283 3377 ι
318 3325 374 3379 in
396 3286 657 3388 obscuro:
693 3286 797 3376 tuid
830 3331 911 3378 est
953 3325 1005 3377 in
1048 3286 1428 3394 ambiguitate,
1461 3325 1663 3379 scilicet
1705 3327 1848 3395 quod
1875 3286 1921 3350 ϐ
1954 3314 2188 3384 adjuvet.
2216 3316 2357 3372 Pluit
2390 3316 2613 3386 laqueos
2635 3328 2691 3373 et
2718 3330 2913 3376 caetera
2945 3320 3120 3384 mala,
3144 3320 3276 3389 quia
3304 3340 3324 3372 ‹
3363 3319 3496 3377 vultt
3517 3336 3545 3376 s

258 3418 582 3473 admistione
624 3414 904 3480 veritatis,
949 3430 1101 3468 suam
1142 3410 1433 3468 falsitalem
1467 3426 1739 3470 conantur
1769 3425 1847 3473 te—

260 3523 426 3579 gere:
462 3527 480 3558 (
519 3506 793 3575 Sagittent
835 3504 1024 3574 (dico)
1057 3514 1234 3559 rectos
1258 3506 1420 3559 corde
1444 3507 1498 3559 in
1538 3506 1787 3571 obscuro,
1826 3528 1844 3559 ι

262 3598 316 3651 id
347 3604 431 3650 εει
460 3596 514 3649 in
552 3594 932 3663 simplicitate,
966 3594 1089 3663 quia
1120 3609 1217 3663 per
1262 3593 1573 3664 Scriptores
1600 3598 1853 3653 nesciunt

263 3706 322 3746 εε
350 3689 658 3745 defendere.

333 3778 684 3835 Intenderunt
723 3777 912 3849 (dico)
943 3793 1130 3834 arcum
1160 3797 1182 3830 ι
1218 3793 1379 3849 quem
1409 3778 1795 3835 destruxcrunt
1828 3800 1847 3833 ι

258 3870 419 3926 malis
451 3869 987 3943 interpretationibus
1016 3886 1077 3926 ea
1111 3890 1129 3922 ι
1169 3886 1288 3940 quae
1323 3880 1374 3925 tu
1402 3870 1707 3947 perfecisti,
1747 3892 1765 3925 ι
1800 3872 1854 3929 id

258 3974 362 4029 est,
414 3960 651 4033 perlecta
700 3948 908 4027 iecisti,
957 3961 1193 4015 divinam
1226 3961 1431 4017 scilicet
1476 3960 1848 4033 Scripturam:

256 4056 385 4111 licet
412 4057 554 4110 enim
583 4056 859 4125 propheta:
888 4063 941 4107 et
964 4053 1055 4108 alii
1076 4055 1328 4109 dicantur
1349 4056 1651 4127 scripsisse,
1670 4064 1850 4119 tamen

258 4149 362 4218 ipsi
390 4147 545 4213 nihil,
577 4147 670 4202 sed
706 4146 844 4201 Deus
875 4162 967 4216 per
993 4162 1086 4201 eos
1112 4148 1349 4217 scripsit.
1386 4147 1475 4203 Vel
1505 4168 1522 4199 ι
1552 4164 1710 4219 quem
1733 4166 1852 4221 per-

258 4239 457 4304 fecisti,
508 4258 527 4291 ι
564 4237 615 4292 id
660 4246 745 4292 est
766 4234 1042 4292 Christum
1084 4253 1245 4307 quem
1273 4237 1528 4292 dicuntur
1549 4240 1847 4309 destruere,

258 4330 463 4402 aliquid
492 4331 559 4383 de
584 4329 749 4398 ipsius
766 4314 995 4383 verieate
1017 4331 1283 4401 negando,
1308 4342 1365 4385 ut
1388 4331 1433 4385 si
1455 4332 1708 4387 ominbus
1728 4332 1850 4388 aliis

258 4420 552 4481 conceSsis,
584 4428 845 4490 negarent
875 4419 1136 4490 virginem
1176 4421 1469 4491 peperisse.
1503 4420 1607 4491 Ipsi
1640 4422 1851 4477 destru-

259 4522 485 4569 xernnt:
518 4531 534 4562 ι
562 4509 742 4579 justus
762 4520 939 4566 autem
966 4512 1093 4580 quid
1119 4511 1283 4567 fecit?
1316 4532 1333 4564 ι
1361 4513 1516 4569 idest
1544 4513 1721 4569 Deus:
1754 4528 1852 4584 per

1949 3405 2087 3475 ejus,
2121 3427 2140 3459 ι
2184 3408 2236 3461 id
2278 3416 2362 3463 est
2404 3409 2485 3463 ira
2516 3409 2637 3480 ejus
2660 3425 2782 3479 quae
2813 3427 2910 3482 per
2957 3412 3166 3467 vultum
3223 3409 3545 3483 intelligitur

1956 3516 1975 3548 ι
2013 3498 2157 3552 videt
2202 3500 2549 3576 aequitatem,
2599 3521 2618 3554 ι
2669 3503 2722 3558 id
2758 3513 2845 3559 est
2864 3504 3023 3560 malis
3050 3515 3362 3562 temtauerat
3395 3505 3543 3578 quod

1946 3588 2153 3658 justum
2181 3603 2285 3647 est.
2314 3592 2465 3649 Unde
2488 3594 2727 3650 dicitur:
2772 3597 2874 3664 Qui
2904 3598 2958 3654 in
2994 3598 3245 3655 sordibus
3273 3608 3387 3667 est,
3419 3614 3543 3656 sor»

1953 3681 2140 3736 descat
2165 3684 2362 3739 adhuc.

2459 3814 2526 3871 IN
2559 3814 2891 3875 PSALMUM
2928 3816 3018 3873 XI.

2036 3931 2273 3987 TI‘I’ULUS
2298 3946 2312 3986 :
2345 3931 2415 3986 In
2443 3926 2601 4003 ﬁnem
2628 3932 2864 4004 psalmus
2897 3933 3083 3999 David,
3118 3952 3211 4006 pro
3241 3922 3455 3991 Octava.

2028 4073 2049 4107 ι
2087 4055 2308 4110 Salvum
2346 4071 2431 4110 me
2458 4056 2563 4111 fac.
2598 4076 2616 4110 ι
2644 4056 2745 4124 Qui
2772 4058 2914 4112 enim
2940 4059 3135 4129 etipse
3158 4058 3249 4114 hic
3279 4059 3543 4130 loquitur,

1950 4162 2051 4218 pro
2079 4155 2302 4210 octava,
2336 4164 2442 4203 non
2473 4163 2570 4218 pro
2599 4148 2795 4204 timore
2835 4149 3006 4206 solius
3025 4148 3248 4218 jndicii,
3283 4152 3423 4207 sicut
3449 4168 3544 4208 su-

1950 4238 2227 4308 periusin,
2259 4257 2277 4289 ‹
2312 4238 2560 4303 Domine,
2584 4254 2651 4294 ne
2681 4238 2736 4293 in
2769 4240 2972 4305 furore,
3002 4260 3020 4292 ι
3055 4240 3150 4296 sed
3175 4256 3271 4310 pro
3294 4241 3541 4300 habenda

1953 4340 2168 4395 octava,
2199 4329 2253 4384 id
2279 4340 2363 4385 est
2389 4342 2590 4386 aeterna
2620 4331 2816 4401 gloria,
2837 4346 2957 4402 qua:
2993 4332 3208 4389 dabitur
3232 4333 3285 4387 in
3316 4334 3402 4389 die
3430 4335 3539 4402 illa,

1952 4422 2021 4477 ad
2046 4436 2207 4490 quam
2234 4436 2333 4491 per
2363 4420 2525 4474 istum
2553 4419 2886 4476 Salvatorem
2921 4437 3083 4491 quem
3116 4422 3340 4486 inducit,
3374 4422 3541 4479 felici-

1956 4523 2038 4570 ter
2064 4522 2217 4584 putat
2240 4514 2525 4582 pervenize
2550 4532 2563 4569 :
2595 4522 2653 4568 et
2673 4514 2857 4585 dirigit
2879 4530 2977 4570 nos
3000 4516 3054 4569 in
3078 4514 3259 4570 ﬁnem.
3284 4515 3544 4572 Hortatur

258 4604 364 4660 hoc
392 4602 536 4673 quod
576 4602 707 4657 dicit
730 4618 852 4657 eum
874 4602 1081 4670 justum
1106 4642 1120 4668 ,
1152 4604 1328 4657 innuit
1353 4605 1495 4673 quod
1533 4620 1661 4661 suos
1694 4606 1857 4661 debet
1877 4643 1929 4704 Β
1956 4609 2099 4663 enim
2131 4623 2229 4663 nos
2256 4616 2311 4663 et
2338 4623 2465 4664 suos
2498 4617 2980 4677 contemporaneos
3005 4618 3062 4665 et
3086 4624 3279 4665 onmes
3302 4610 3454 4672 alios.
3485 4620 3544 4666 ut

259 4694 542 4765 adjuvare,
568 4702 624 4749 et
653 4693 995 4748 adversarios
1023 4696 1333 4762 reprobare.

334 4788 469 4857 Quid
514 4776 684 4843 fecit?
727 4801 854 4842 ecce
884 4786 1012 4855 quid
1064 4786 1193 4841 fecit
1220 4805 1237 4837 ‹
1270 4774 1527 4841 Dominus
1556 4807 1575 4841 ›
1607 4788 1846 4844 omnium

186 4878 189 4885 Γ
261 4892 347 4939 εει
381 4901 399 4932 ι
430 4882 481 4935 in
507 4880 705 4952 templo
742 4887 932 4933 sancto
957 4894 1054 4932 suo
1086 4898 1104 4930 ι
1144 4898 1161 4928 (
1190 4878 1479 4943 Dominus,
1510 4899 1527 4930 ι
1558 4880 1610 4935 id
1641 4890 1725 4935 est
1756 4881 1846 4950 qui

262 4975 572 5032 dominatur
611 4972 860 5026 omnibus
898 4970 1009 5024 suis
1044 4969 1275 5039 quadam
1307 4968 1557 5047 fantiliari
1599 4972 1843 5026 domina-

266 5068 444 5131 tione;
487 5082 505 5115 ι
535 5063 587 5118 in
615 5063 772 5128 εωιο,
800 5082 822 5115 ι
861 5061 911 5117 id
940 5070 1023 5116 est
1051 5061 1104 5115 in
1135 5061 1247 5115 suis
1270 5063 1580 5116 secretariis
1608 5081 1619 5116 :
1661 5072 1743 5117 est
1774 5064 1847 5119 ibi

270 5180 289 5211 ι
318 5160 475 5215 sedes
502 5157 640 5229 ejus,
670 5176 690 5209 ι
721 5155 848 5226 quia
876 5154 949 5210 ibi
978 5155 1097 5211 sine
1132 5153 1333 5211 olTensa
1364 5155 1654 5225 requiescit
1693 5166 1748 5212 et
1762 5158 1850 5229 ju-

266 5253 432 5309 dicat.

338 5344 557 5400 Habitat
582 5343 636 5398 in
661 5341 881 5412 templo,
912 5340 1059 5397 sedet
1087 5341 1138 5395 in
1172 5340 1330 5404 cado,
1359 5354 1460 5420 nec
1483 5340 1644 5396 etiam
1675 5343 1848 5399 mino-

267 5452 359 5493 res
388 5436 747 5505 derelinquit:
790 5443 843 5488 et
869 5435 972 5488 hoc
1008 5432 1148 5503 quod
1171 5433 1301 5488 dicit
1337 5453 1354 5484 ‹
1387 5434 1525 5488 oculi
1558 5434 1706 5504 ejus,
1738 5455 1755 5488 ›
1790 5437 1847 5493 id

266 5537 353 5585 est
390 5525 614 5581 allectus
659 5525 1150 5580 misericordiarum
1185 5543 1203 5575 ‹
1236 5525 1530 5595 respiciunt
1569 5526 1621 5581 in
1649 5543 1848 5598 paupe-

267 5632 385 5674 rem
432 5637 451 5669 ι
486 5615 802 5684 adjuvando,
837 5613 1150 5669 sustinendo
1185 5632 1197 5668 :
1238 5624 1289 5669 et
1318 5637 1335 5667 ι
1362 5614 1630 5687 palpebrae
1655 5617 1791 5688 ejus,
1820 5639 1840 5672 ι

269 5711 325 5769 id
351 5722 437 5767 est
461 5713 656 5767 divinae
687 5710 980 5782 Scriptura:
1015 5730 1032 5763 ι
1063 5711 1430 5783 interrogant,
1461 5731 1479 5764 ι
1512 5713 1563 5767 id
1593 5722 1676 5769 est
1706 5730 1847 5770 com-

266 5806 536 5875 probant:
575 5823 592 5855 ι
628 5803 765 5859 ﬁlios
794 5802 1095 5868 hominum,
1127 5822 1147 5856 ι
1192 5802 1245 5857 id
1284 5813 1367 5858 est
1405 5803 1635 5873 probant
1675 5807 1848 5864 bonos

268 5902 324 5950 et
368 5895 552 5952 malos.
594 5893 866 5964 Palpebrae
907 5893 1028 5949 ideo
1057 5892 1311 5951 dicuntur
1349 5892 1675 5965 Scripturae,
1721 5897 1847 5967 quia

1957 4705 2230 4761 Christum
2258 4704 2417 4760 linem
2451 4718 2560 4759 sua:
2589 4704 3010 4772 exspectationis
3044 4712 3265 4774 ponant.
3315 4702 3540 4760 Materia

1957 4807 2041 4851 est
2064 4796 2351 4859 Christus,
2393 4795 2457 4850 de
2484 4811 2588 4864 qua
2620 4794 2698 4849 sic
2736 4797 2881 4866 agit:
2920 4796 3155 4851 ostendit
3185 4796 3540 4854 salvationem
3592 4848 3597 4861 .

1957 4888 2180 4944 humani
2225 4886 2440 4958 generis
2478 4903 2578 4956 per
2621 4888 2895 4942 Christum
2934 4903 3055 4944 esse
3099 4890 3441 4958 promissam,
3484 4898 3545 4944 et

1957 4992 2078 5033 eum
2103 4978 2350 5033 idoneum
2378 4977 2470 5048 qui
2499 4976 2681 5033 facere
2704 4980 2897 5048 possit,
2928 4993 3026 5049 per
3060 4980 3165 5039 hoc
3186 4981 3327 5049 quod
3357 4988 3539 5035 osten-

1957 5070 2033 5126 dit
2062 5087 2183 5126 eum
2216 5086 2334 5125 esse
2372 5073 2704 5127 contrarium
2736 5072 2983 5137 vanitati,
3009 5088 3105 5142 per
3132 5088 3293 5142 quam
3325 5074 3537 5128 vanita-

1958 5170 2062 5215 tem
2108 5160 2334 5216 salvatio
2380 5160 2468 5215 illa
2514 5163 2802 5220 amittitur.
2842 5164 2890 5221 A
2928 5179 3036 5235 qua
3072 5165 3310 5221 vanitate
3348 5172 3537 5235 petens

1953 5251 2195 5317 liberari,
2226 5254 2304 5308 sic
2333 5254 2521 5325 incipit
2546 5274 2559 5311 :

2030 5364 2048 5397 ι
2088 5344 2305 5400 Salvum
2337 5362 2423 5402 me
2447 5347 2555 5411 fac,
2578 5347 2825 5415 Domine,
2861 5371 2880 5403 ι
2904 5366 2973 5405 ηε
2996 5350 3156 5406 istius
3182 5349 3359 5405 saeculi
3385 5350 3534 5405 vani-

1957 5446 2037 5492 tas
2075 5437 2207 5492 mihi
2236 5439 2554 5509 praevaleat,
2602 5451 2656 5495 et
2701 5457 2836 5511 opus
2879 5452 2959 5498 est
3000 5461 3019 5495 ι
3056 5442 3309 5511 quoniam
3339 5440 3535 5498 defecit

1954 5538 2206 5594 sanctus,
2255 5549 2273 5581 ι
2311 5529 2363 5584 id
2404 5541 2489 5586 est
2525 5534 2784 5588 sanctitas
2828 5533 3139 5588 abbreviata
3174 5541 3278 5588 est.
3339 5534 3536 5594 Dicend

1955 5619 2171 5686 defecit,
2202 5628 2354 5677 notat
2380 5623 2656 5695 hominem
2687 5624 2740 5679 in
2773 5626 3057 5680 sanctitate
3079 5623 3245 5680 fuisse
3263 5635 3531 5693 creatum,

1954 5722 2008 5770 et
2050 5714 2193 5771 inter
2216 5716 2430 5786 priores
2452 5715 2648 5772 Patres
2687 5716 2870 5787 plures
2908 5715 3077 5772 fuisse
3117 5725 3351 5775 sanctos.
3395 5718 3533 5774 Vere

1954 5807 2167 5875 defecit,
2217 5826 2235 5859 ι
2264 5809 2519 5878 quoniam
2552 5809 2826 5865 diminuta:
2855 5818 2979 5864 sunt
3006 5809 3280 5872 veritates,
3320 5831 3338 5864 ι
3372 5809 3421 5864 id
3449 5818 3531 5863 est

1955 5900 2282 5956 abbreviatac
2311 5910 2435 5956 sunt
2467 5921 2483 5951 ι
2517 5917 2548 5956 a
2576 5896 2701 5957 ﬁliis
2730 5902 3033 5972 hominum,
3067 5924 3084 5957 ι
3122 5904 3173 5959 id
3203 5911 3289 5959 est
3314 5902 3526 5957 ratione
