  <div class='ocr_page' id='page_1' title='image "/cluster/home/n/w/nwhite01/storage/ocr_20150623/116/hvd.32044015466881/121.png"; bbox 0 0 3984 6450; ppageno 0'>
   <div class='ocr_carea' id='block_1_1' title="bbox 447 445 550 500">
    <p class='ocr_par' dir='ltr' id='par_1_1' title="bbox 447 445 550 500">
     <span class='ocr_line' id='line_1_1' title="bbox 447 445 550 500; baseline 0 0"><span class='ocrx_word' id='word_1_1' title='bbox 447 445 550 500; x_wconf 72' lang='lat'><strong>251</strong></span> 
     </span>
    </p>
   </div>
   <div class='ocr_carea' id='block_1_2' title="bbox 915 425 3242 496">
    <p class='ocr_par' dir='ltr' id='par_1_2' title="bbox 915 425 3242 496">
     <span class='ocr_line' id='line_1_2' title="bbox 915 425 3242 496; baseline -0.006 0"><span class='ocrx_word' id='word_1_2' title='bbox 915 437 1269 496; x_wconf 79' lang='lat' dir='ltr'><strong>HAYMONIS</strong></span> <span class='ocrx_word' id='word_1_3' title='bbox 1308 432 1791 491; x_wconf 78' lang='lat' dir='ltr'><strong>HALBERSTAT.</strong></span> <span class='ocrx_word' id='word_1_4' title='bbox 1834 432 2052 489; x_wconf 84' lang='lat' dir='ltr'><strong>EPISC.</strong></span> <span class='ocrx_word' id='word_1_5' title='bbox 2093 432 2244 490; x_wconf 87' lang='lat' dir='ltr'><strong>OPP.</strong></span> <span class='ocrx_word' id='word_1_6' title='bbox 2289 429 2467 485; x_wconf 80' lang='lat' dir='ltr'><strong>PARS</strong></span> <span class='ocrx_word' id='word_1_7' title='bbox 2503 428 2544 483; x_wconf 87' lang='grc' dir='ltr'><strong>Ι.</strong></span> <span class='ocrx_word' id='word_1_8' title='bbox 2573 457 2642 469; x_wconf 91' lang='grc'><strong>--</strong></span> <span class='ocrx_word' id='word_1_9' title='bbox 2677 425 3036 484; x_wconf 83' lang='lat' dir='ltr'><strong>COMMENT.</strong></span> <span class='ocrx_word' id='word_1_10' title='bbox 3070 426 3242 484; x_wconf 87' lang='lat' dir='ltr'><strong>BIBL.</strong></span> 
     </span>
    </p>
   </div>
   <div class='ocr_carea' id='block_1_3' title="bbox 3605 426 3728 482">
    <p class='ocr_par' dir='ltr' id='par_1_3' title="bbox 3605 426 3728 482">
     <span class='ocr_line' id='line_1_3' title="bbox 3605 426 3728 482; baseline 0.008 -2"><span class='ocrx_word' id='word_1_11' title='bbox 3605 426 3728 482; x_wconf 71' lang='grc'><strong>232</strong></span> 
     </span>
    </p>
   </div>
   <div class='ocr_carea' id='block_1_4' title="bbox 449 541 3728 624">
    <p class='ocr_par' dir='ltr' id='par_1_4' title="bbox 449 541 3728 624">
     <span class='ocr_line' id='line_1_4' title="bbox 449 541 3728 624; baseline -0.004 -13"><span class='ocrx_word' id='word_1_12' title='bbox 449 556 604 620; x_wconf 91' lang='lat' dir='ltr'><strong>lium,</strong></span> <span class='ocrx_word' id='word_1_13' title='bbox 634 566 865 624; x_wconf 90' lang='lat' dir='ltr'><strong>quorum</strong></span> <span class='ocrx_word' id='word_1_14' title='bbox 894 553 1160 608; x_wconf 89' lang='lat' dir='ltr'><strong>rationem</strong></span> <span class='ocrx_word' id='word_1_15' title='bbox 1189 550 1488 606; x_wconf 78' lang='lat' dir='ltr'><strong>debuerant</strong></span> <span class='ocrx_word' id='word_1_16' title='bbox 1529 547 1751 603; x_wconf 91' lang='lat' dir='ltr'><strong>imitari.</strong></span> <span class='ocrx_word' id='word_1_17' title='bbox 1793 546 1896 601; x_wconf 91' lang='lat' dir='ltr'><strong>Per</strong></span> <span class='ocrx_word' id='word_1_18' title='bbox 1926 547 2028 600; x_wconf 90' lang='lat' dir='ltr'><strong>hoc</strong></span> <span class='ocrx_word' id='word_1_19' title='bbox 2053 551 2105 610; x_wconf 79' lang='grc' dir='ltr'><strong>Α</strong></span> <span class='ocrx_word' id='word_1_20' title='bbox 2131 544 2344 613; x_wconf 87' lang='lat' dir='ltr'><strong>eloquia</strong></span> <span class='ocrx_word' id='word_1_21' title='bbox 2374 541 2574 598; x_wconf 91' lang='lat' dir='ltr'><strong>Christi</strong></span> <span class='ocrx_word' id='word_1_22' title='bbox 2604 541 2719 596; x_wconf 88' lang='lat' dir='ltr'><strong>sine</strong></span> <span class='ocrx_word' id='word_1_23' title='bbox 2748 542 2896 596; x_wconf 78' lang='lat' dir='ltr'><strong>omni</strong></span> <span class='ocrx_word' id='word_1_24' title='bbox 2922 541 3238 597; x_wconf 76' lang='lat' dir='ltr'><strong>lemnitate</strong></span> <span class='ocrx_word' id='word_1_25' title='bbox 3283 550 3439 606; x_wconf 87' lang='lat' dir='ltr'><strong>sunt,</strong></span> <span class='ocrx_word' id='word_1_26' title='bbox 3489 543 3621 612; x_wconf 85' lang='lat' dir='ltr'><strong>quia</strong></span> <span class='ocrx_word' id='word_1_27' title='bbox 3665 545 3728 597; x_wconf 89' lang='lat' dir='ltr'><strong>in</strong></span> 
     </span>
    </p>
   </div>
   <div class='ocr_carea' id='block_1_5' title="bbox 449 635 2027 716">
    <p class='ocr_par' dir='ltr' id='par_1_5' title="bbox 449 635 2027 716">
     <span class='ocr_line' id='line_1_5' title="bbox 449 635 2027 716; baseline -0.008 -16"><span class='ocrx_word' id='word_1_28' title='bbox 449 646 592 716; x_wconf 85' lang='lat' dir='ltr'><strong>quod</strong></span> <span class='ocrx_word' id='word_1_29' title='bbox 614 644 745 700; x_wconf 91' lang='lat' dir='ltr'><strong>dicit</strong></span> <span class='ocrx_word' id='word_1_30' title='bbox 771 644 1030 700; x_wconf 80' lang='lat' dir='ltr'><strong>veritates</strong></span> <span class='ocrx_word' id='word_1_31' title='bbox 1053 641 1353 712; x_wconf 84' lang='lat' dir='ltr'><strong>pluraliter,</strong></span> <span class='ocrx_word' id='word_1_32' title='bbox 1383 645 1536 693; x_wconf 91' lang='lat' dir='ltr'><strong>notat</strong></span> <span class='ocrx_word' id='word_1_33' title='bbox 1558 637 1613 692; x_wconf 93' lang='lat' dir='ltr'><strong>in</strong></span> <span class='ocrx_word' id='word_1_34' title='bbox 1640 636 1824 691; x_wconf 89' lang='lat' dir='ltr'><strong>multis</strong></span> <span class='ocrx_word' id='word_1_35' title='bbox 1850 635 2027 690; x_wconf 90' lang='lat' dir='ltr'><strong>homi-</strong></span> 
     </span>
    </p>
   </div>
   <div class='ocr_carea' id='block_1_6' title="bbox 449 726 2028 804">
    <p class='ocr_par' dir='ltr' id='par_1_6' title="bbox 449 726 2028 804">
     <span class='ocr_line' id='line_1_6' title="bbox 449 726 2028 804; baseline -0.006 -12"><span class='ocrx_word' id='word_1_36' title='bbox 449 739 609 794; x_wconf 86' lang='lat' dir='ltr'><strong>nibus</strong></span> <span class='ocrx_word' id='word_1_37' title='bbox 640 737 922 792; x_wconf 82' lang='lat' dir='ltr'><strong>veritatem</strong></span> <span class='ocrx_word' id='word_1_38' title='bbox 941 745 1316 804; x_wconf 83' lang='lat' dir='ltr'><strong>quamcunque</strong></span> <span class='ocrx_word' id='word_1_39' title='bbox 1338 729 1506 784; x_wconf 84' lang='lat' dir='ltr'><strong>fuisse</strong></span> <span class='ocrx_word' id='word_1_40' title='bbox 1524 728 1870 801; x_wconf 41' lang='lat' dir='ltr'><strong>.diminutam.</strong></span> <span class='ocrx_word' id='word_1_41' title='bbox 1895 726 2028 783; x_wconf 90' lang='lat' dir='ltr'><strong>Cum</strong></span> 
     </span>
    </p>
   </div>
   <div class='ocr_carea' id='block_1_7' title="bbox 449 819 2029 893">
    <p class='ocr_par' dir='ltr' id='par_1_7' title="bbox 449 819 2029 893">
     <span class='ocr_line' id='line_1_7' title="bbox 449 819 2029 893; baseline -0.005 -10"><span class='ocrx_word' id='word_1_42' title='bbox 449 829 581 886; x_wconf 87' lang='lat' dir='ltr'><strong>dicit</strong></span> <span class='ocrx_word' id='word_1_43' title='bbox 614 829 924 892; x_wconf 66' lang='lat' dir='ltr'><strong>diminutas,</strong></span> <span class='ocrx_word' id='word_1_44' title='bbox 949 832 1104 880; x_wconf 89' lang='lat' dir='ltr'><strong>notat</strong></span> <span class='ocrx_word' id='word_1_45' title='bbox 1135 823 1428 893; x_wconf 81' lang='lat' dir='ltr'><strong>depravata</strong></span> <span class='ocrx_word' id='word_1_46' title='bbox 1459 820 1556 876; x_wconf 90' lang='lat' dir='ltr'><strong>Dei</strong></span> <span class='ocrx_word' id='word_1_47' title='bbox 1596 834 1820 875; x_wconf 88' lang='lat' dir='ltr'><strong>munera</strong></span> <span class='ocrx_word' id='word_1_48' title='bbox 1855 819 2029 890; x_wconf 84' lang='lat' dir='ltr'><strong>culpis</strong></span> 
     </span>
    </p>
   </div>
   <div class='ocr_carea' id='block_1_8' title="bbox 449 917 1052 977">
    <p class='ocr_par' dir='ltr' id='par_1_8' title="bbox 449 917 1052 977">
     <span class='ocr_line' id='line_1_8' title="bbox 449 917 1052 977; baseline -0.012 0"><span class='ocrx_word' id='word_1_49' title='bbox 449 921 729 977; x_wconf 89' lang='lat' dir='ltr'><strong>hominum</strong></span> <span class='ocrx_word' id='word_1_50' title='bbox 757 917 1052 974; x_wconf 85' lang='lat' dir='ltr'><strong>evidenter.</strong></span> 
     </span>
    </p>
   </div>
   <div class='ocr_carea' id='block_1_9' title="bbox 519 1006 2031 1076">
    <p class='ocr_par' dir='ltr' id='par_1_9' title="bbox 519 1006 2031 1076">
     <span class='ocr_line' id='line_1_9' title="bbox 519 1006 2031 1076; baseline -0.007 -5"><span class='ocrx_word' id='word_1_51' title='bbox 519 1015 730 1071; x_wconf 84' lang='lat' dir='ltr'><strong>Veritas</strong></span> <span class='ocrx_word' id='word_1_52' title='bbox 760 1020 846 1068; x_wconf 88' lang='lat' dir='ltr'><strong>est</strong></span> <span class='ocrx_word' id='word_1_53' title='bbox 885 1010 1183 1076; x_wconf 88' lang='lat' dir='ltr'><strong>diminuta,</strong></span> <span class='ocrx_word' id='word_1_54' title='bbox 1227 1017 1282 1063; x_wconf 92' lang='lat' dir='ltr'><strong>et</strong></span> <span class='ocrx_word' id='word_1_55' title='bbox 1326 1007 1650 1064; x_wconf 90' lang='lat' dir='ltr'><strong>subintravit</strong></span> <span class='ocrx_word' id='word_1_56' title='bbox 1675 1006 1930 1062; x_wconf 81' lang='lat' dir='ltr'><strong>vanitas:</strong></span> <span class='ocrx_word' id='word_1_57' title='bbox 1977 1015 2031 1061; x_wconf 90' lang='lat' dir='ltr'><strong>et</strong></span> 
     </span>
    </p>
   </div>
   <div class='ocr_carea' id='block_1_10' title="bbox 447 1098 2029 1170">
    <p class='ocr_par' dir='ltr' id='par_1_10' title="bbox 447 1098 2029 1170">
     <span class='ocr_line' id='line_1_10' title="bbox 447 1098 2029 1170; baseline -0.007 -6"><span class='ocrx_word' id='word_1_58' title='bbox 447 1109 551 1164; x_wconf 90' lang='lat' dir='ltr'><strong>hoc</strong></span> <span class='ocrx_word' id='word_1_59' title='bbox 577 1115 661 1162; x_wconf 85' lang='lat' dir='ltr'><strong>est</strong></span> <span class='ocrx_word' id='word_1_60' title='bbox 693 1123 712 1157; x_wconf 73' lang='grc' dir='ltr'><strong>ι</strong></span> <span class='ocrx_word' id='word_1_61' title='bbox 739 1120 901 1170; x_wconf 88' lang='lat' dir='ltr'><strong>vana,</strong></span> <span class='ocrx_word' id='word_1_62' title='bbox 934 1123 953 1156; x_wconf 72' lang='grc' dir='ltr'><strong>ι</strong></span> <span class='ocrx_word' id='word_1_63' title='bbox 986 1102 1041 1158; x_wconf 93' lang='lat' dir='ltr'><strong>id</strong></span> <span class='ocrx_word' id='word_1_64' title='bbox 1069 1109 1155 1158; x_wconf 90' lang='lat' dir='ltr'><strong>est</strong></span> <span class='ocrx_word' id='word_1_65' title='bbox 1180 1101 1249 1156; x_wconf 90' lang='lat' dir='ltr'><strong>ad</strong></span> <span class='ocrx_word' id='word_1_66' title='bbox 1266 1117 1454 1158; x_wconf 88' lang='lat' dir='ltr'><strong>veram</strong></span> <span class='ocrx_word' id='word_1_67' title='bbox 1480 1100 1709 1156; x_wconf 91' lang='lat' dir='ltr'><strong>salutem</strong></span> <span class='ocrx_word' id='word_1_68' title='bbox 1731 1114 1836 1156; x_wconf 91' lang='lat' dir='ltr'><strong>non</strong></span> <span class='ocrx_word' id='word_1_69' title='bbox 1862 1098 2029 1170; x_wconf 84' lang='lat' dir='ltr'><strong>perti-</strong></span> 
     </span>
    </p>
   </div>
   <div class='ocr_carea' id='block_1_11' title="bbox 445 1191 2030 1264">
    <p class='ocr_par' dir='ltr' id='par_1_11' title="bbox 445 1191 2030 1264">
     <span class='ocr_line' id='line_1_11' title="bbox 445 1191 2030 1264; baseline -0.005 -10"><span class='ocrx_word' id='word_1_70' title='bbox 445 1197 626 1254; x_wconf 88' lang='lat' dir='ltr'><strong>nentia</strong></span> <span class='ocrx_word' id='word_1_71' title='bbox 662 1216 681 1249; x_wconf 78' lang='grc' dir='ltr'><strong>ι</strong></span> <span class='ocrx_word' id='word_1_72' title='bbox 718 1205 845 1253; x_wconf 91' lang='lat' dir='ltr'><strong>sunt</strong></span> <span class='ocrx_word' id='word_1_73' title='bbox 863 1194 1031 1251; x_wconf 92' lang='lat' dir='ltr'><strong>locuti</strong></span> <span class='ocrx_word' id='word_1_74' title='bbox 1051 1235 1067 1262; x_wconf 92' lang='lat'><strong>,</strong></span> <span class='ocrx_word' id='word_1_75' title='bbox 1103 1214 1122 1246; x_wconf 83' lang='grc'><strong>›</strong></span> <span class='ocrx_word' id='word_1_76' title='bbox 1155 1201 1212 1249; x_wconf 83' lang='grc' dir='ltr'><strong>ει</strong></span> <span class='ocrx_word' id='word_1_77' title='bbox 1238 1198 1345 1249; x_wconf 77' lang='lat' dir='ltr'><strong>non</strong></span> <span class='ocrx_word' id='word_1_78' title='bbox 1368 1194 1550 1264; x_wconf 89' lang='lat' dir='ltr'><strong>pauci,</strong></span> <span class='ocrx_word' id='word_1_79' title='bbox 1579 1193 1673 1248; x_wconf 91' lang='lat' dir='ltr'><strong>sed</strong></span> <span class='ocrx_word' id='word_1_80' title='bbox 1699 1212 1718 1244; x_wconf 84' lang='grc'><strong>‹</strong></span> <span class='ocrx_word' id='word_1_81' title='bbox 1744 1191 2030 1262; x_wconf 84' lang='lat' dir='ltr'><strong>unusquis-</strong></span> 
     </span>
    </p>
   </div>
   <div class='ocr_carea' id='block_1_12' title="bbox 450 1283 2030 1362">
    <p class='ocr_par' dir='ltr' id='par_1_12' title="bbox 450 1283 2030 1362">
     <span class='ocr_line' id='line_1_12' title="bbox 450 1283 2030 1362; baseline -0.004 -18"><span class='ocrx_word' id='word_1_82' title='bbox 450 1309 470 1344; x_wconf 71' lang='grc' dir='ltr'><strong><em>ο</em></strong></span> <span class='ocrx_word' id='word_1_83' title='bbox 502 1305 608 1362; x_wconf 90' lang='lat' dir='ltr'><strong>que</strong></span> <span class='ocrx_word' id='word_1_84' title='bbox 630 1289 699 1345; x_wconf 90' lang='lat' dir='ltr'><strong>ad</strong></span> <span class='ocrx_word' id='word_1_85' title='bbox 728 1289 1057 1360; x_wconf 79' lang='lat' dir='ltr'><strong>proximum,</strong></span> <span class='ocrx_word' id='word_1_86' title='bbox 1095 1305 1113 1339; x_wconf 74' lang='grc' dir='ltr'><strong>ι</strong></span> <span class='ocrx_word' id='word_1_87' title='bbox 1145 1286 1200 1340; x_wconf 91' lang='lat' dir='ltr'><strong>id</strong></span> <span class='ocrx_word' id='word_1_88' title='bbox 1231 1293 1316 1341; x_wconf 92' lang='lat' dir='ltr'><strong>est</strong></span> <span class='ocrx_word' id='word_1_89' title='bbox 1338 1286 1406 1341; x_wconf 92' lang='lat' dir='ltr'><strong>ad</strong></span> <span class='ocrx_word' id='word_1_90' title='bbox 1431 1285 1737 1356; x_wconf 79' lang='lat' dir='ltr'><strong>proximum</strong></span> <span class='ocrx_word' id='word_1_91' title='bbox 1758 1283 2030 1353; x_wconf 90' lang='lat' dir='ltr'><strong>decipien-</strong></span> 
     </span>
    </p>
   </div>
   <div class='ocr_carea' id='block_1_13' title="bbox 443 1373 2023 1452">
    <p class='ocr_par' dir='ltr' id='par_1_13' title="bbox 443 1373 2023 1452">
     <span class='ocr_line' id='line_1_13' title="bbox 443 1373 2023 1452; baseline -0.006 -14"><span class='ocrx_word' id='word_1_92' title='bbox 443 1384 610 1438; x_wconf 87' lang='lat' dir='ltr'><strong>dum:</strong></span> <span class='ocrx_word' id='word_1_93' title='bbox 648 1381 752 1452; x_wconf 87' lang='lat' dir='ltr'><strong>ipsi</strong></span> <span class='ocrx_word' id='word_1_94' title='bbox 777 1380 919 1445; x_wconf 90' lang='lat' dir='ltr'><strong>dico,</strong></span> <span class='ocrx_word' id='word_1_95' title='bbox 951 1380 1247 1434; x_wconf 77' lang='lat' dir='ltr'><strong>existentes</strong></span> <span class='ocrx_word' id='word_1_96' title='bbox 1290 1397 1308 1428; x_wconf 84' lang='grc'><strong>‹</strong></span> <span class='ocrx_word' id='word_1_97' title='bbox 1344 1376 1507 1442; x_wconf 86' lang='lat' dir='ltr'><strong>labia,</strong></span> <span class='ocrx_word' id='word_1_98' title='bbox 1545 1395 1564 1427; x_wconf 74' lang='grc' dir='ltr'><strong>ι</strong></span> <span class='ocrx_word' id='word_1_99' title='bbox 1601 1376 1654 1430; x_wconf 90' lang='lat' dir='ltr'><strong>id</strong></span> <span class='ocrx_word' id='word_1_100' title='bbox 1682 1383 1766 1430; x_wconf 91' lang='lat' dir='ltr'><strong>est</strong></span> <span class='ocrx_word' id='word_1_101' title='bbox 1793 1373 2023 1446; x_wconf 82' lang='lat' dir='ltr'><strong>garruli,</strong></span> 
     </span>
    </p>
   </div>
   <div class='ocr_carea' id='block_1_14' title="bbox 442 1469 2028 1549">
    <p class='ocr_par' dir='ltr' id='par_1_14' title="bbox 442 1469 2028 1549">
     <span class='ocr_line' id='line_1_14' title="bbox 442 1469 2028 1549; baseline -0.006 -16"><span class='ocrx_word' id='word_1_102' title='bbox 442 1479 697 1549; x_wconf 89' lang='lat' dir='ltr'><strong>loquaces</strong></span> <span class='ocrx_word' id='word_1_103' title='bbox 726 1493 745 1528; x_wconf 73' lang='grc' dir='ltr'><strong>ι</strong></span> <span class='ocrx_word' id='word_1_104' title='bbox 775 1475 986 1540; x_wconf 91' lang='lat' dir='ltr'><strong>dolosa,</strong></span> <span class='ocrx_word' id='word_1_105' title='bbox 1015 1493 1034 1526; x_wconf 77' lang='grc' dir='ltr'><strong>ι</strong></span> <span class='ocrx_word' id='word_1_106' title='bbox 1068 1473 1123 1528; x_wconf 92' lang='lat' dir='ltr'><strong>id</strong></span> <span class='ocrx_word' id='word_1_107' title='bbox 1155 1479 1241 1528; x_wconf 91' lang='lat' dir='ltr'><strong>est</strong></span> <span class='ocrx_word' id='word_1_108' title='bbox 1259 1470 1470 1527; x_wconf 86' lang='lat' dir='ltr'><strong>occulte</strong></span> <span class='ocrx_word' id='word_1_109' title='bbox 1498 1469 1858 1540; x_wconf 91' lang='lat' dir='ltr'><strong>decipientes:</strong></span> <span class='ocrx_word' id='word_1_110' title='bbox 1896 1477 1952 1524; x_wconf 92' lang='lat' dir='ltr'><strong>et</strong></span> <span class='ocrx_word' id='word_1_111' title='bbox 1972 1469 2028 1524; x_wconf 89' lang='lat' dir='ltr'><strong>hi</strong></span> 
     </span>
    </p>
   </div>
   <div class='ocr_carea' id='block_1_15' title="bbox 442 1559 2026 1630">
    <p class='ocr_par' dir='ltr' id='par_1_15' title="bbox 442 1559 2026 1630">
     <span class='ocr_line' id='line_1_15' title="bbox 442 1559 2026 1630; baseline -0.008 -5"><span class='ocrx_word' id='word_1_112' title='bbox 442 1571 582 1626; x_wconf 82' lang='lat' dir='ltr'><strong>tales</strong></span> <span class='ocrx_word' id='word_1_113' title='bbox 608 1575 732 1625; x_wconf 85' lang='lat' dir='ltr'><strong>sunt</strong></span> <span class='ocrx_word' id='word_1_114' title='bbox 754 1566 922 1622; x_wconf 90' lang='lat' dir='ltr'><strong>locuti</strong></span> <span class='ocrx_word' id='word_1_115' title='bbox 951 1565 1005 1620; x_wconf 91' lang='lat' dir='ltr'><strong>in</strong></span> <span class='ocrx_word' id='word_1_116' title='bbox 1026 1565 1216 1630; x_wconf 90' lang='lat' dir='ltr'><strong>corde,</strong></span> <span class='ocrx_word' id='word_1_117' title='bbox 1238 1581 1257 1614; x_wconf 84' lang='grc'><em>‹</em></span> <span class='ocrx_word' id='word_1_118' title='bbox 1283 1563 1338 1617; x_wconf 92' lang='lat' dir='ltr'><strong>in</strong></span> <span class='ocrx_word' id='word_1_119' title='bbox 1360 1563 1542 1625; x_wconf 90' lang='lat' dir='ltr'><strong>corde,</strong></span> <span class='ocrx_word' id='word_1_120' title='bbox 1575 1580 1592 1612; x_wconf 71' lang='grc' dir='ltr'><strong>ι</strong></span> <span class='ocrx_word' id='word_1_121' title='bbox 1622 1560 1675 1614; x_wconf 89' lang='lat' dir='ltr'><strong>id</strong></span> <span class='ocrx_word' id='word_1_122' title='bbox 1702 1569 1787 1616; x_wconf 90' lang='lat' dir='ltr'><strong>est</strong></span> <span class='ocrx_word' id='word_1_123' title='bbox 1807 1560 1862 1614; x_wconf 91' lang='lat' dir='ltr'><strong>in</strong></span> <span class='ocrx_word' id='word_1_124' title='bbox 1887 1559 2026 1614; x_wconf 86' lang='lat' dir='ltr'><strong>mul-</strong></span> 
     </span>
    </p>
   </div>
   <div class='ocr_carea' id='block_1_16' title="bbox 445 1652 2030 1731">
    <p class='ocr_par' dir='ltr' id='par_1_16' title="bbox 445 1652 2030 1731">
     <span class='ocr_line' id='line_1_16' title="bbox 445 1652 2030 1731; baseline -0.006 -15"><span class='ocrx_word' id='word_1_125' title='bbox 445 1660 750 1731; x_wconf 89' lang='lat' dir='ltr'><strong>tiplicitate,</strong></span> <span class='ocrx_word' id='word_1_126' title='bbox 777 1659 904 1728; x_wconf 90' lang='lat' dir='ltr'><strong>quia</strong></span> <span class='ocrx_word' id='word_1_127' title='bbox 929 1657 997 1712; x_wconf 91' lang='lat' dir='ltr'><strong>ad</strong></span> <span class='ocrx_word' id='word_1_128' title='bbox 1025 1655 1264 1726; x_wconf 84' lang='lat' dir='ltr'><strong>singulos</strong></span> <span class='ocrx_word' id='word_1_129' title='bbox 1300 1653 1668 1724; x_wconf 88' lang='lat' dir='ltr'><strong>decipiendos,</strong></span> <span class='ocrx_word' id='word_1_130' title='bbox 1705 1653 1916 1708; x_wconf 91' lang='lat' dir='ltr'><strong>diversa</strong></span> <span class='ocrx_word' id='word_1_131' title='bbox 1947 1652 2030 1707; x_wconf 89' lang='lat' dir='ltr'><strong>in-</strong></span> 
     </span>
    </p>
   </div>
   <div class='ocr_carea' id='block_1_17' title="bbox 442 1743 2027 1823">
    <p class='ocr_par' dir='ltr' id='par_1_17' title="bbox 442 1743 2027 1823">
     <span class='ocr_line' id='line_1_17' title="bbox 442 1743 2027 1823; baseline -0.006 -16"><span class='ocrx_word' id='word_1_132' title='bbox 442 1752 598 1823; x_wconf 87' lang='lat' dir='ltr'><strong>genia</strong></span> <span class='ocrx_word' id='word_1_133' title='bbox 625 1751 920 1807; x_wconf 90' lang='lat' dir='ltr'><strong>secundum</strong></span> <span class='ocrx_word' id='word_1_134' title='bbox 956 1748 1175 1804; x_wconf 91' lang='lat' dir='ltr'><strong>modum</strong></span> <span class='ocrx_word' id='word_1_135' title='bbox 1209 1759 1453 1818; x_wconf 84' lang='lat' dir='ltr'><strong>personae</strong></span> <span class='ocrx_word' id='word_1_136' title='bbox 1475 1752 1660 1818; x_wconf 90' lang='lat' dir='ltr'><strong>agunt.</strong></span> <span class='ocrx_word' id='word_1_137' title='bbox 1701 1743 1801 1799; x_wconf 83' lang='lat' dir='ltr'><strong>llic</strong></span> <span class='ocrx_word' id='word_1_138' title='bbox 1827 1743 2027 1814; x_wconf 89' lang='lat' dir='ltr'><strong>impre-</strong></span> 
     </span>
    </p>
   </div>
   <div class='ocr_carea' id='block_1_18' title="bbox 442 1853 616 1900">
    <p class='ocr_par' dir='ltr' id='par_1_18' title="bbox 442 1853 616 1900">
     <span class='ocr_line' id='line_1_18' title="bbox 442 1853 616 1900; baseline -0.006 0"><span class='ocrx_word' id='word_1_139' title='bbox 442 1853 616 1900; x_wconf 86' lang='lat' dir='ltr'><strong>catur.</strong></span> 
     </span>
    </p>
   </div>
   <div class='ocr_carea' id='block_1_19' title="bbox 2133 634 3727 706">
    <p class='ocr_par' dir='ltr' id='par_1_19' title="bbox 2133 634 3727 706">
     <span class='ocr_line' id='line_1_19' title="bbox 2133 634 3727 706; baseline -0.001 -15"><span class='ocrx_word' id='word_1_140' title='bbox 2133 635 2279 691; x_wconf 91' lang='lat' dir='ltr'><strong>nullo</strong></span> <span class='ocrx_word' id='word_1_141' title='bbox 2292 635 2411 690; x_wconf 92' lang='lat' dir='ltr'><strong>loco</strong></span> <span class='ocrx_word' id='word_1_142' title='bbox 2431 641 2650 689; x_wconf 90' lang='lat' dir='ltr'><strong>movent</strong></span> <span class='ocrx_word' id='word_1_143' title='bbox 2662 634 2937 690; x_wconf 86' lang='lat' dir='ltr'><strong>hominem</strong></span> <span class='ocrx_word' id='word_1_144' title='bbox 2954 635 3021 689; x_wconf 90' lang='lat' dir='ltr'><strong>ad</strong></span> <span class='ocrx_word' id='word_1_145' title='bbox 3038 634 3334 706; x_wconf 89' lang='lat' dir='ltr'><strong>appetitum</strong></span> <span class='ocrx_word' id='word_1_146' title='bbox 3349 642 3727 692; x_wconf 79' lang='lat' dir='ltr'><strong>terrenarum.</strong></span> 
     </span>
    </p>
   </div>
   <div class='ocr_carea' id='block_1_20' title="bbox 2137 723 3732 798">
    <p class='ocr_par' dir='ltr' id='par_1_20' title="bbox 2137 723 3732 798">
     <span class='ocr_line' id='line_1_20' title="bbox 2137 723 3732 798; baseline 0.004 -21"><span class='ocrx_word' id='word_1_147' title='bbox 2137 743 2155 777; x_wconf 72' lang='grc' dir='ltr'><strong>ε</strong></span> <span class='ocrx_word' id='word_1_148' title='bbox 2187 725 2481 794; x_wconf 89' lang='lat' dir='ltr'><strong>Purgatum</strong></span> <span class='ocrx_word' id='word_1_149' title='bbox 2516 723 2840 794; x_wconf 90' lang='lat' dir='ltr'><strong>septuplum.</strong></span> <span class='ocrx_word' id='word_1_150' title='bbox 2874 744 2895 778; x_wconf 74' lang='grc' dir='ltr'><strong>ι</strong></span> <span class='ocrx_word' id='word_1_151' title='bbox 2928 723 3063 778; x_wconf 85' lang='lat' dir='ltr'><strong>Nam</strong></span> <span class='ocrx_word' id='word_1_152' title='bbox 3094 725 3234 780; x_wconf 87' lang='lat' dir='ltr'><strong>sicut</strong></span> <span class='ocrx_word' id='word_1_153' title='bbox 3264 736 3548 796; x_wconf 79' lang='lat' dir='ltr'><strong>argentum</strong></span> <span class='ocrx_word' id='word_1_154' title='bbox 3573 729 3732 798; x_wconf 90' lang='lat' dir='ltr'><strong>quod</strong></span> 
     </span>
    </p>
   </div>
   <div class='ocr_carea' id='block_1_21' title="bbox 2129 815 3731 890">
    <p class='ocr_par' dir='ltr' id='par_1_21' title="bbox 2129 815 3731 890">
     <span class='ocr_line' id='line_1_21' title="bbox 2129 815 3731 890; baseline 0.001 -18"><span class='ocrx_word' id='word_1_155' title='bbox 2129 816 2331 888; x_wconf 88' lang='lat' dir='ltr'><strong>septies</strong></span> <span class='ocrx_word' id='word_1_156' title='bbox 2378 824 2464 870; x_wconf 89' lang='lat' dir='ltr'><strong>est</strong></span> <span class='ocrx_word' id='word_1_157' title='bbox 2509 824 2799 886; x_wconf 88' lang='lat' dir='ltr'><strong>purgatum</strong></span> <span class='ocrx_word' id='word_1_158' title='bbox 2840 815 3190 886; x_wconf 89' lang='lat' dir='ltr'><strong>purissimum</strong></span> <span class='ocrx_word' id='word_1_159' title='bbox 3224 824 3328 882; x_wconf 92' lang='lat' dir='ltr'><strong>est,</strong></span> <span class='ocrx_word' id='word_1_160' title='bbox 3377 819 3459 873; x_wconf 85' lang='lat' dir='ltr'><strong>sic</strong></span> <span class='ocrx_word' id='word_1_161' title='bbox 3501 819 3731 890; x_wconf 84' lang='lat' dir='ltr'><strong>eloquia</strong></span> 
     </span>
    </p>
   </div>
   <div class='ocr_carea' id='block_1_22' title="bbox 2128 906 3733 983">
    <p class='ocr_par' dir='ltr' id='par_1_22' title="bbox 2128 906 3733 983">
     <span class='ocr_line' id='line_1_22' title="bbox 2128 906 3733 983; baseline 0.001 -20"><span class='ocrx_word' id='word_1_162' title='bbox 2128 907 2332 963; x_wconf 89' lang='lat' dir='ltr'><strong>Christi</strong></span> <span class='ocrx_word' id='word_1_163' title='bbox 2367 915 2492 962; x_wconf 89' lang='lat' dir='ltr'><strong>sunt</strong></span> <span class='ocrx_word' id='word_1_164' title='bbox 2521 907 2637 962; x_wconf 88' lang='lat' dir='ltr'><strong>sine</strong></span> <span class='ocrx_word' id='word_1_165' title='bbox 2673 906 2823 962; x_wconf 89' lang='lat' dir='ltr'><strong>omni</strong></span> <span class='ocrx_word' id='word_1_166' title='bbox 2848 906 2990 972; x_wconf 88' lang='lat' dir='ltr'><strong>labe,</strong></span> <span class='ocrx_word' id='word_1_167' title='bbox 3028 923 3126 980; x_wconf 89' lang='lat' dir='ltr'><strong>per</strong></span> <span class='ocrx_word' id='word_1_168' title='bbox 3145 907 3514 980; x_wconf 86' lang='lat' dir='ltr'><strong>septiformem</strong></span> <span class='ocrx_word' id='word_1_169' title='bbox 3545 910 3733 983; x_wconf 83' lang='lat' dir='ltr'><strong>Spiri-</strong></span> 
     </span>
    </p>
   </div>
   <div class='ocr_carea' id='block_1_23' title="bbox 2129 1001 3730 1076">
    <p class='ocr_par' dir='ltr' id='par_1_23' title="bbox 2129 1001 3730 1076">
     <span class='ocr_line' id='line_1_23' title="bbox 2129 1001 3730 1076; baseline 0.002 -18"><span class='ocrx_word' id='word_1_170' title='bbox 2129 1013 2264 1069; x_wconf 92' lang='lat' dir='ltr'><strong>tum,</strong></span> <span class='ocrx_word' id='word_1_171' title='bbox 2291 1002 2383 1073; x_wconf 89' lang='lat' dir='ltr'><strong>qui</strong></span> <span class='ocrx_word' id='word_1_172' title='bbox 2413 1001 2650 1072; x_wconf 90' lang='lat' dir='ltr'><strong>Spiritus</strong></span> <span class='ocrx_word' id='word_1_173' title='bbox 2675 1001 3005 1072; x_wconf 87' lang='lat' dir='ltr'><strong>septiformis</strong></span> <span class='ocrx_word' id='word_1_174' title='bbox 3033 1002 3232 1057; x_wconf 90' lang='lat' dir='ltr'><strong>dicitur</strong></span> <span class='ocrx_word' id='word_1_175' title='bbox 3263 1014 3488 1074; x_wconf 87' lang='lat' dir='ltr'><strong>propter</strong></span> <span class='ocrx_word' id='word_1_176' title='bbox 3509 1015 3730 1076; x_wconf 87' lang='lat' dir='ltr'><strong>septem</strong></span> 
     </span>
    </p>
   </div>
   <div class='ocr_carea' id='block_1_24' title="bbox 2131 1077 3757 1172">
    <p class='ocr_par' dir='ltr' id='par_1_24' title="bbox 2131 1077 3757 1172">
     <span class='ocr_line' id='line_1_24' title="bbox 2131 1077 3757 1172; baseline 0 -16"><span class='ocrx_word' id='word_1_177' title='bbox 2131 1101 2289 1158; x_wconf 86' lang='lat' dir='ltr'><strong>dona.</strong></span> <span class='ocrx_word' id='word_1_178' title='bbox 2319 1100 2529 1155; x_wconf 91' lang='lat' dir='ltr'><strong>Dicitur</strong></span> <span class='ocrx_word' id='word_1_179' title='bbox 2553 1100 2697 1154; x_wconf 90' lang='lat' dir='ltr'><strong>enim</strong></span> <span class='ocrx_word' id='word_1_180' title='bbox 2727 1099 2863 1172; x_wconf 80' lang='lat' dir='ltr'><strong>(Isa.</strong></span> <span class='ocrx_word' id='word_1_181' title='bbox 2890 1099 2952 1171; x_wconf 85' lang='grc'><strong>11)</strong></span> <span class='ocrx_word' id='word_1_182' title='bbox 2981 1098 3216 1170; x_wconf 87' lang='lat' dir='ltr'><strong>Spiritus</strong></span> <span class='ocrx_word' id='word_1_183' title='bbox 3240 1100 3520 1172; x_wconf 75' lang='lat' dir='ltr'><strong>sapientiae</strong></span> <span class='ocrx_word' id='word_1_184' title='bbox 3551 1111 3610 1157; x_wconf 88' lang='lat' dir='ltr'><strong>et</strong></span> <span class='ocrx_word' id='word_1_185' title='bbox 3639 1077 3757 1158; x_wconf 65' lang='lat' dir='ltr'><strong>in!</strong></span> 
     </span>
    </p>
   </div>
   <div class='ocr_carea' id='block_1_25' title="bbox 2130 1189 3731 1262">
    <p class='ocr_par' dir='ltr' id='par_1_25' title="bbox 2130 1189 3731 1262">
     <span class='ocr_line' id='line_1_25' title="bbox 2130 1189 3731 1262; baseline 0.001 -16"><span class='ocrx_word' id='word_1_186' title='bbox 2130 1191 2397 1256; x_wconf 89' lang='lat' dir='ltr'><strong>tellectus,</strong></span> <span class='ocrx_word' id='word_1_187' title='bbox 2429 1190 2638 1246; x_wconf 89' lang='lat' dir='ltr'><strong>consilii</strong></span> <span class='ocrx_word' id='word_1_188' title='bbox 2666 1198 2723 1245; x_wconf 92' lang='lat' dir='ltr'><strong>et</strong></span> <span class='ocrx_word' id='word_1_189' title='bbox 2750 1189 3104 1254; x_wconf 85' lang='lat' dir='ltr'><strong>fortitudinis,</strong></span> <span class='ocrx_word' id='word_1_190' title='bbox 3133 1189 3375 1246; x_wconf 83' lang='lat' dir='ltr'><strong>scientiae</strong></span> <span class='ocrx_word' id='word_1_191' title='bbox 3396 1201 3452 1247; x_wconf 90' lang='lat' dir='ltr'><strong>et</strong></span> <span class='ocrx_word' id='word_1_192' title='bbox 3474 1192 3731 1262; x_wconf 84' lang='lat' dir='ltr'><strong>pietatis,</strong></span> 
     </span>
    </p>
   </div>
   <div class='ocr_carea' id='block_1_26' title="bbox 2129 1281 3728 1356">
    <p class='ocr_par' dir='ltr' id='par_1_26' title="bbox 2129 1281 3728 1356">
     <span class='ocr_line' id='line_1_26' title="bbox 2129 1281 3728 1356; baseline 0.002 -18"><span class='ocrx_word' id='word_1_193' title='bbox 2129 1292 2186 1338; x_wconf 89' lang='lat' dir='ltr'><strong>et</strong></span> <span class='ocrx_word' id='word_1_194' title='bbox 2214 1283 2423 1338; x_wconf 89' lang='lat' dir='ltr'><strong>timoris</strong></span> <span class='ocrx_word' id='word_1_195' title='bbox 2452 1281 2664 1338; x_wconf 90' lang='lat' dir='ltr'><strong>Domini</strong></span> <span class='ocrx_word' id='word_1_196' title='bbox 2689 1300 2703 1336; x_wconf 90' lang='lat'><strong>:</strong></span> <span class='ocrx_word' id='word_1_197' title='bbox 2743 1290 2798 1338; x_wconf 92' lang='lat' dir='ltr'><strong>et</strong></span> <span class='ocrx_word' id='word_1_198' title='bbox 2821 1283 2966 1352; x_wconf 88' lang='lat' dir='ltr'><strong>quod</strong></span> <span class='ocrx_word' id='word_1_199' title='bbox 2985 1283 3244 1352; x_wconf 64' lang='lat' dir='ltr'><strong>praecedit</strong></span> <span class='ocrx_word' id='word_1_200' title='bbox 3271 1284 3520 1340; x_wconf 90' lang='lat' dir='ltr'><strong>ultimum</strong></span> <span class='ocrx_word' id='word_1_201' title='bbox 3540 1288 3728 1356; x_wconf 90' lang='lat' dir='ltr'><strong>ponit.</strong></span> 
     </span>
    </p>
   </div>
   <div class='ocr_carea' id='block_1_27' title="bbox 2130 1375 3730 1450">
    <p class='ocr_par' dir='ltr' id='par_1_27' title="bbox 2130 1375 3730 1450">
     <span class='ocr_line' id='line_1_27' title="bbox 2130 1375 3730 1450; baseline 0.001 -18"><span class='ocrx_word' id='word_1_202' title='bbox 2130 1375 2235 1432; x_wconf 90' lang='lat' dir='ltr'><strong>Per</strong></span> <span class='ocrx_word' id='word_1_203' title='bbox 2281 1384 2521 1446; x_wconf 87' lang='lat' dir='ltr'><strong>septem,</strong></span> <span class='ocrx_word' id='word_1_204' title='bbox 2567 1375 2822 1432; x_wconf 86' lang='lat' dir='ltr'><strong>universa</strong></span> <span class='ocrx_word' id='word_1_205' title='bbox 2873 1377 3012 1432; x_wconf 89' lang='lat' dir='ltr'><strong>dona</strong></span> <span class='ocrx_word' id='word_1_206' title='bbox 3047 1376 3216 1432; x_wconf 88' lang='lat' dir='ltr'><strong>sancti</strong></span> <span class='ocrx_word' id='word_1_207' title='bbox 3268 1375 3502 1447; x_wconf 87' lang='lat' dir='ltr'><strong>Spiritus</strong></span> <span class='ocrx_word' id='word_1_208' title='bbox 3546 1378 3730 1450; x_wconf 84' lang='lat' dir='ltr'><strong>accipi</strong></span> 
     </span>
    </p>
   </div>
   <div class='ocr_carea' id='block_1_28' title="bbox 2130 1467 2997 1537">
    <p class='ocr_par' dir='ltr' id='par_1_28' title="bbox 2130 1467 2997 1537">
     <span class='ocr_line' id='line_1_28' title="bbox 2130 1467 2997 1537; baseline -0.009 -13"><span class='ocrx_word' id='word_1_209' title='bbox 2130 1474 2376 1537; x_wconf 86' lang='lat' dir='ltr'><strong>possunt.</strong></span> <span class='ocrx_word' id='word_1_210' title='bbox 2987 1467 2997 1478; x_wconf 89' lang='lat'><strong>‘</strong></span> 
     </span>
    </p>
   </div>
   <div class='ocr_carea' id='block_1_29' title="bbox 2207 1557 3729 1629">
    <p class='ocr_par' dir='ltr' id='par_1_29' title="bbox 2207 1557 3729 1629">
     <span class='ocr_line' id='line_1_29' title="bbox 2207 1557 3729 1629; baseline 0.004 -19"><span class='ocrx_word' id='word_1_211' title='bbox 2207 1577 2226 1610; x_wconf 73' lang='grc' dir='ltr'><strong><em>α</em></strong></span> <span class='ocrx_word' id='word_1_212' title='bbox 2269 1557 2381 1623; x_wconf 89' lang='lat' dir='ltr'><strong>Tu,</strong></span> <span class='ocrx_word' id='word_1_213' title='bbox 2426 1558 2683 1624; x_wconf 89' lang='lat' dir='ltr'><strong>Domine,</strong></span> <span class='ocrx_word' id='word_1_214' title='bbox 2723 1579 2740 1612; x_wconf 76' lang='grc' dir='ltr'><strong>ι</strong></span> <span class='ocrx_word' id='word_1_215' title='bbox 2771 1559 2865 1629; x_wconf 90' lang='lat' dir='ltr'><strong>qui</strong></span> <span class='ocrx_word' id='word_1_216' title='bbox 2897 1559 3022 1615; x_wconf 90' lang='lat' dir='ltr'><strong>talis</strong></span> <span class='ocrx_word' id='word_1_217' title='bbox 3051 1575 3111 1614; x_wconf 89' lang='lat' dir='ltr'><strong>es</strong></span> <span class='ocrx_word' id='word_1_218' title='bbox 3154 1577 3175 1611; x_wconf 77' lang='grc' dir='ltr'><strong>ι</strong></span> <span class='ocrx_word' id='word_1_219' title='bbox 3211 1560 3453 1616; x_wconf 87' lang='lat' dir='ltr'><strong>servabis</strong></span> <span class='ocrx_word' id='word_1_220' title='bbox 3478 1576 3580 1616; x_wconf 90' lang='lat' dir='ltr'><strong>nos</strong></span> <span class='ocrx_word' id='word_1_221' title='bbox 3612 1581 3633 1614; x_wconf 72' lang='grc' dir='ltr'><strong>ι</strong></span> <span class='ocrx_word' id='word_1_222' title='bbox 3671 1562 3729 1616; x_wconf 82' lang='grc' dir='ltr'>ἰιι</span> 
     </span>
    </p>
   </div>
   <div class='ocr_carea' id='block_1_30' title="bbox 2129 1649 3731 1724">
    <p class='ocr_par' dir='ltr' id='par_1_30' title="bbox 2129 1649 3731 1724">
     <span class='ocr_line' id='line_1_30' title="bbox 2129 1649 3731 1724; baseline 0.002 -19"><span class='ocrx_word' id='word_1_223' title='bbox 2129 1660 2328 1705; x_wconf 62' lang='lat' dir='ltr'><strong>aeterna</strong></span> <span class='ocrx_word' id='word_1_224' title='bbox 2356 1649 2709 1715; x_wconf 88' lang='lat' dir='ltr'><strong>beatitudine,</strong></span> <span class='ocrx_word' id='word_1_225' title='bbox 2744 1666 2905 1720; x_wconf 91' lang='lat' dir='ltr'><strong>quam</strong></span> <span class='ocrx_word' id='word_1_226' title='bbox 2939 1667 3037 1722; x_wconf 90' lang='lat' dir='ltr'><strong>per</strong></span> <span class='ocrx_word' id='word_1_227' title='bbox 3057 1659 3308 1707; x_wconf 87' lang='lat' dir='ltr'><strong>octavam</strong></span> <span class='ocrx_word' id='word_1_228' title='bbox 3338 1653 3595 1724; x_wconf 81' lang='lat' dir='ltr'><strong>intelligit</strong></span> <span class='ocrx_word' id='word_1_229' title='bbox 3624 1674 3644 1705; x_wconf 71' lang='grc' dir='ltr'><strong>ε</strong></span> <span class='ocrx_word' id='word_1_230' title='bbox 3672 1666 3731 1710; x_wconf 88' lang='lat' dir='ltr'><strong>et</strong></span> 
     </span>
    </p>
   </div>
   <div class='ocr_carea' id='block_1_31' title="bbox 2135 1743 3734 1819">
    <p class='ocr_par' dir='ltr' id='par_1_31' title="bbox 2135 1743 3734 1819">
     <span class='ocr_line' id='line_1_31' title="bbox 2135 1743 3734 1819; baseline 0.006 -24"><span class='ocrx_word' id='word_1_231' title='bbox 2135 1762 2155 1795; x_wconf 70' lang='grc' dir='ltr'><strong>α</strong></span> <span class='ocrx_word' id='word_1_232' title='bbox 2175 1743 2446 1798; x_wconf 88' lang='lat' dir='ltr'><strong>custodies</strong></span> <span class='ocrx_word' id='word_1_233' title='bbox 2475 1762 2492 1794; x_wconf 78' lang='grc' dir='ltr'><strong>ι</strong></span> <span class='ocrx_word' id='word_1_234' title='bbox 2533 1743 2588 1798; x_wconf 92' lang='lat' dir='ltr'><strong>in</strong></span> <span class='ocrx_word' id='word_1_235' title='bbox 2614 1745 2716 1799; x_wconf 89' lang='lat' dir='ltr'><strong>hac</strong></span> <span class='ocrx_word' id='word_1_236' title='bbox 2737 1744 2848 1798; x_wconf 90' lang='lat' dir='ltr'><strong>vita</strong></span> <span class='ocrx_word' id='word_1_237' title='bbox 2880 1763 2898 1795; x_wconf 71' lang='grc' dir='ltr'><strong>ι</strong></span> <span class='ocrx_word' id='word_1_238' title='bbox 2921 1744 2991 1800; x_wconf 93' lang='lat' dir='ltr'><strong>ab</strong></span> <span class='ocrx_word' id='word_1_239' title='bbox 3021 1746 3124 1802; x_wconf 91' lang='lat' dir='ltr'><strong>hac</strong></span> <span class='ocrx_word' id='word_1_240' title='bbox 3143 1767 3160 1797; x_wconf 74' lang='grc' dir='ltr'><strong>ι</strong></span> <span class='ocrx_word' id='word_1_241' title='bbox 3189 1747 3423 1817; x_wconf 90' lang='lat' dir='ltr'><strong>pessima</strong></span> <span class='ocrx_word' id='word_1_242' title='bbox 3453 1766 3473 1800; x_wconf 72' lang='grc' dir='ltr'><strong><em>α</em></strong></span> <span class='ocrx_word' id='word_1_243' title='bbox 3494 1763 3734 1819; x_wconf 86' lang='lat' dir='ltr'><strong>genera-</strong></span> 
     </span>
    </p>
   </div>
   <div class='ocr_carea' id='block_1_32' title="bbox 2137 1835 3732 1910">
    <p class='ocr_par' dir='ltr' id='par_1_32' title="bbox 2137 1835 3732 1910">
     <span class='ocr_line' id='line_1_32' title="bbox 2137 1835 3732 1910; baseline 0.006 -24"><span class='ocrx_word' id='word_1_244' title='bbox 2137 1853 2155 1886; x_wconf 74' lang='grc' dir='ltr'><strong>ι</strong></span> <span class='ocrx_word' id='word_1_245' title='bbox 2178 1836 2322 1891; x_wconf 91' lang='lat' dir='ltr'><strong>tione</strong></span> <span class='ocrx_word' id='word_1_246' title='bbox 2343 1855 2361 1889; x_wconf 71' lang='grc' dir='ltr'><strong>ο</strong></span> <span class='ocrx_word' id='word_1_247' title='bbox 2389 1851 2509 1907; x_wconf 74' lang='lat' dir='ltr'><strong>qua:</strong></span> <span class='ocrx_word' id='word_1_248' title='bbox 2535 1835 2773 1906; x_wconf 91' lang='lat' dir='ltr'><strong>loquitur</strong></span> <span class='ocrx_word' id='word_1_249' title='bbox 2799 1853 2959 1903; x_wconf 86' lang='lat' dir='ltr'><strong>vana,</strong></span> <span class='ocrx_word' id='word_1_250' title='bbox 2977 1852 3044 1892; x_wconf 93' lang='lat' dir='ltr'><strong>ne</strong></span> <span class='ocrx_word' id='word_1_251' title='bbox 3064 1853 3252 1893; x_wconf 89' lang='lat' dir='ltr'><strong>eorum</strong></span> <span class='ocrx_word' id='word_1_252' title='bbox 3285 1838 3732 1910; x_wconf 84' lang='lat' dir='ltr'><strong>impugnationes</strong></span> 
     </span>
    </p>
   </div>
   <div class='ocr_carea' id='block_1_33' title="bbox 511 1914 3735 2007">
    <p class='ocr_par' dir='ltr' id='par_1_33' title="bbox 511 1914 3735 2007">
     <span class='ocr_line' id='line_1_33' title="bbox 511 1914 3735 2007; baseline -0.002 -17"><span class='ocrx_word' id='word_1_253' title='bbox 511 1935 617 2007; x_wconf 91' lang='lat' dir='ltr'><strong>lpsi</strong></span> <span class='ocrx_word' id='word_1_254' title='bbox 644 1935 939 2006; x_wconf 90' lang='lat' dir='ltr'><strong>loquuntur</strong></span> <span class='ocrx_word' id='word_1_255' title='bbox 957 1931 1238 1998; x_wconf 89' lang='lat' dir='ltr'><strong>vana,sed</strong></span> <span class='ocrx_word' id='word_1_256' title='bbox 1263 1950 1281 1983; x_wconf 79' lang='grc' dir='ltr'><strong>ι</strong></span> <span class='ocrx_word' id='word_1_257' title='bbox 1305 1928 1568 1985; x_wconf 91' lang='lat' dir='ltr'><strong>Dominus</strong></span> <span class='ocrx_word' id='word_1_258' title='bbox 1589 1926 2026 1998; x_wconf 89' lang='lat' dir='ltr'><strong>disperdatlabia</strong></span> <span class='ocrx_word' id='word_1_259' title='bbox 2055 1914 2102 1974; x_wconf 85' lang='lat' dir='ltr'><strong>B</strong></span> <span class='ocrx_word' id='word_1_260' title='bbox 2129 1941 2217 1981; x_wconf 90' lang='lat' dir='ltr'><strong>me</strong></span> <span class='ocrx_word' id='word_1_261' title='bbox 2261 1941 2292 1980; x_wconf 92' lang='lat' dir='ltr'><strong>a</strong></span> <span class='ocrx_word' id='word_1_262' title='bbox 2343 1933 2432 1979; x_wconf 92' lang='lat' dir='ltr'><strong>tua</strong></span> <span class='ocrx_word' id='word_1_263' title='bbox 2471 1924 2698 1981; x_wconf 89' lang='lat' dir='ltr'><strong>veritate</strong></span> <span class='ocrx_word' id='word_1_264' title='bbox 2742 1925 3086 1994; x_wconf 87' lang='lat' dir='ltr'><strong>dimoveaut,</strong></span> <span class='ocrx_word' id='word_1_265' title='bbox 3133 1936 3190 1982; x_wconf 92' lang='lat' dir='ltr'><strong>et</strong></span> <span class='ocrx_word' id='word_1_266' title='bbox 3231 1927 3312 1983; x_wconf 90' lang='lat' dir='ltr'><strong>sic</strong></span> <span class='ocrx_word' id='word_1_267' title='bbox 3350 1928 3600 1984; x_wconf 85' lang='lat' dir='ltr'><strong>ducendo</strong></span> <span class='ocrx_word' id='word_1_268' title='bbox 3642 1944 3735 1984; x_wconf 87' lang='lat' dir='ltr'><strong>me</strong></span> 
     </span>
    </p>
   </div>
   <div class='ocr_carea' id='block_1_34' title="bbox 446 2021 2026 2091">
    <p class='ocr_par' dir='ltr' id='par_1_34' title="bbox 446 2021 2026 2091">
     <span class='ocr_line' id='line_1_34' title="bbox 446 2021 2026 2091; baseline -0.003 -13"><span class='ocrx_word' id='word_1_269' title='bbox 446 2049 464 2078; x_wconf 84' lang='grc'><strong><em>‹</em></strong></span> <span class='ocrx_word' id='word_1_270' title='bbox 501 2028 686 2083; x_wconf 90' lang='lat' dir='ltr'><strong>dolosa</strong></span> <span class='ocrx_word' id='word_1_271' title='bbox 716 2047 735 2080; x_wconf 74' lang='grc' dir='ltr'><strong>ι</strong></span> <span class='ocrx_word' id='word_1_272' title='bbox 765 2035 822 2082; x_wconf 88' lang='grc' dir='ltr'><strong>ει</strong></span> <span class='ocrx_word' id='word_1_273' title='bbox 847 2027 992 2081; x_wconf 90' lang='lat' dir='ltr'><strong>inter</strong></span> <span class='ocrx_word' id='word_1_274' title='bbox 1023 2025 1166 2081; x_wconf 90' lang='lat' dir='ltr'><strong>labia</strong></span> <span class='ocrx_word' id='word_1_275' title='bbox 1204 2023 1389 2080; x_wconf 90' lang='lat' dir='ltr'><strong>dolosa</strong></span> <span class='ocrx_word' id='word_1_276' title='bbox 1415 2021 1466 2077; x_wconf 90' lang='lat' dir='ltr'><strong>ei</strong></span> <span class='ocrx_word' id='word_1_277' title='bbox 1496 2021 1732 2075; x_wconf 84' lang='lat' dir='ltr'><strong>maxime</strong></span> <span class='ocrx_word' id='word_1_278' title='bbox 1757 2021 2026 2091; x_wconf 90' lang='lat' dir='ltr'><strong>impreca-</strong></span> 
     </span>
    </p>
   </div>
   <div class='ocr_carea' id='block_1_35' title="bbox 442 2113 2027 2189">
    <p class='ocr_par' dir='ltr' id='par_1_35' title="bbox 442 2113 2027 2189">
     <span class='ocr_line' id='line_1_35' title="bbox 442 2113 2027 2189; baseline -0.005 -15"><span class='ocrx_word' id='word_1_279' title='bbox 442 2129 548 2186; x_wconf 90' lang='lat' dir='ltr'><strong>tur,</strong></span> <span class='ocrx_word' id='word_1_280' title='bbox 581 2119 724 2189; x_wconf 92' lang='lat' dir='ltr'><strong>quod</strong></span> <span class='ocrx_word' id='word_1_281' title='bbox 751 2119 985 2174; x_wconf 82' lang='lat' dir='ltr'><strong>maxime</strong></span> <span class='ocrx_word' id='word_1_282' title='bbox 1007 2118 1256 2174; x_wconf 89' lang='lat' dir='ltr'><strong>nocivum</strong></span> <span class='ocrx_word' id='word_1_283' title='bbox 1287 2122 1406 2170; x_wconf 91' lang='lat' dir='ltr'><strong>erat</strong></span> <span class='ocrx_word' id='word_1_284' title='bbox 1431 2129 1555 2170; x_wconf 92' lang='lat' dir='ltr'><strong>cum</strong></span> <span class='ocrx_word' id='word_1_285' title='bbox 1584 2113 1713 2169; x_wconf 88' lang='lat' dir='ltr'><strong>dicit</strong></span> <span class='ocrx_word' id='word_1_286' title='bbox 1743 2133 1760 2164; x_wconf 75' lang='grc' dir='ltr'><strong>ι</strong></span> <span class='ocrx_word' id='word_1_287' title='bbox 1789 2113 2027 2184; x_wconf 86' lang='lat' dir='ltr'><strong>linguam</strong></span> 
     </span>
    </p>
   </div>
   <div class='ocr_carea' id='block_1_36' title="bbox 446 2204 2023 2284">
    <p class='ocr_par' dir='ltr' id='par_1_36' title="bbox 446 2204 2023 2284">
     <span class='ocr_line' id='line_1_36' title="bbox 446 2204 2023 2284; baseline -0.004 -18"><span class='ocrx_word' id='word_1_288' title='bbox 446 2233 465 2266; x_wconf 83' lang='grc'><strong><em>‹</em></strong></span> <span class='ocrx_word' id='word_1_289' title='bbox 495 2213 920 2284; x_wconf 86' lang='lat' dir='ltr'><strong>magniloquam,</strong></span> <span class='ocrx_word' id='word_1_290' title='bbox 955 2231 974 2264; x_wconf 75' lang='grc' dir='ltr'><strong>ι</strong></span> <span class='ocrx_word' id='word_1_291' title='bbox 1012 2211 1219 2267; x_wconf 91' lang='lat' dir='ltr'><strong>scilicet</strong></span> <span class='ocrx_word' id='word_1_292' title='bbox 1240 2208 1637 2263; x_wconf 89' lang='lat' dir='ltr'><strong>mundanorum</strong></span> <span class='ocrx_word' id='word_1_293' title='bbox 1676 2204 2023 2276; x_wconf 89' lang='lat' dir='ltr'><strong>philosopho-</strong></span> 
     </span>
    </p>
   </div>
   <div class='ocr_carea' id='block_1_37' title="bbox 439 2297 2024 2375">
    <p class='ocr_par' dir='ltr' id='par_1_37' title="bbox 439 2297 2024 2375">
     <span class='ocr_line' id='line_1_37' title="bbox 439 2297 2024 2375; baseline -0.005 -16"><span class='ocrx_word' id='word_1_294' title='bbox 439 2320 581 2359; x_wconf 91' lang='lat' dir='ltr'><strong>rum.</strong></span> <span class='ocrx_word' id='word_1_295' title='bbox 621 2304 905 2375; x_wconf 90' lang='lat' dir='ltr'><strong>Disperdat</strong></span> <span class='ocrx_word' id='word_1_296' title='bbox 939 2302 1105 2369; x_wconf 92' lang='lat' dir='ltr'><strong>dicit,</strong></span> <span class='ocrx_word' id='word_1_297' title='bbox 1130 2310 1190 2357; x_wconf 89' lang='lat' dir='ltr'><strong>ut</strong></span> <span class='ocrx_word' id='word_1_298' title='bbox 1229 2301 1434 2373; x_wconf 88' lang='lat' dir='ltr'><strong>passim</strong></span> <span class='ocrx_word' id='word_1_299' title='bbox 1459 2306 1720 2370; x_wconf 89' lang='lat' dir='ltr'><strong>pereant,</strong></span> <span class='ocrx_word' id='word_1_300' title='bbox 1759 2298 1851 2369; x_wconf 91' lang='lat' dir='ltr'><strong>qui</strong></span> <span class='ocrx_word' id='word_1_301' title='bbox 1879 2311 1939 2354; x_wconf 91' lang='lat' dir='ltr'><strong>se</strong></span> <span class='ocrx_word' id='word_1_302' title='bbox 1969 2297 2024 2352; x_wconf 91' lang='lat' dir='ltr'><strong>in</strong></span> 
     </span>
    </p>
   </div>
   <div class='ocr_carea' id='block_1_38' title="bbox 438 2393 1220 2464">
    <p class='ocr_par' dir='ltr' id='par_1_38' title="bbox 438 2393 1220 2464">
     <span class='ocr_line' id='line_1_38' title="bbox 438 2393 1220 2464; baseline -0.003 -15"><span class='ocrx_word' id='word_1_303' title='bbox 438 2409 546 2449; x_wconf 89' lang='lat' dir='ltr'><strong>una</strong></span> <span class='ocrx_word' id='word_1_304' title='bbox 571 2395 840 2464; x_wconf 89' lang='lat' dir='ltr'><strong>pravitate</strong></span> <span class='ocrx_word' id='word_1_305' title='bbox 871 2393 1220 2464; x_wconf 88' lang='lat' dir='ltr'><strong>collegerant.</strong></span> 
     </span>
    </p>
   </div>
   <div class='ocr_carea' id='block_1_39' title="bbox 515 2481 2026 2556">
    <p class='ocr_par' dir='ltr' id='par_1_39' title="bbox 515 2481 2026 2556">
     <span class='ocr_line' id='line_1_39' title="bbox 515 2481 2026 2556; baseline -0.002 -19"><span class='ocrx_word' id='word_1_306' title='bbox 515 2504 533 2537; x_wconf 75' lang='grc' dir='ltr'><strong>ι</strong></span> <span class='ocrx_word' id='word_1_307' title='bbox 570 2485 672 2552; x_wconf 86' lang='lat' dir='ltr'><strong>Qui</strong></span> <span class='ocrx_word' id='word_1_308' title='bbox 709 2505 727 2538; x_wconf 72' lang='grc' dir='ltr'><strong>ι</strong></span> <span class='ocrx_word' id='word_1_309' title='bbox 762 2485 969 2542; x_wconf 88' lang='lat' dir='ltr'><strong>scilicet</strong></span> <span class='ocrx_word' id='word_1_310' title='bbox 998 2484 1300 2556; x_wconf 84' lang='lat' dir='ltr'><strong>philosophi</strong></span> <span class='ocrx_word' id='word_1_311' title='bbox 1336 2503 1354 2535; x_wconf 75' lang='grc' dir='ltr'><strong>ι</strong></span> <span class='ocrx_word' id='word_1_312' title='bbox 1392 2485 1681 2540; x_wconf 85' lang='lat' dir='ltr'><strong>dixerunt:</strong></span> <span class='ocrx_word' id='word_1_313' title='bbox 1714 2481 2026 2551; x_wconf 80' lang='lat' dir='ltr'><strong>Magnifica~</strong></span> 
     </span>
    </p>
   </div>
   <div class='ocr_carea' id='block_1_40' title="bbox 443 2573 2025 2645">
    <p class='ocr_par' dir='ltr' id='par_1_40' title="bbox 443 2573 2025 2645">
     <span class='ocr_line' id='line_1_40' title="bbox 443 2573 2025 2645; baseline -0.001 -16"><span class='ocrx_word' id='word_1_314' title='bbox 443 2595 463 2628; x_wconf 72' lang='grc' dir='ltr'><strong>ι</strong></span> <span class='ocrx_word' id='word_1_315' title='bbox 495 2577 674 2633; x_wconf 91' lang='lat' dir='ltr'><strong>bimus</strong></span> <span class='ocrx_word' id='word_1_316' title='bbox 701 2577 841 2632; x_wconf 89' lang='lat' dir='ltr'><strong>labia</strong></span> <span class='ocrx_word' id='word_1_317' title='bbox 871 2585 1080 2642; x_wconf 89' lang='lat' dir='ltr'><strong>nostra,</strong></span> <span class='ocrx_word' id='word_1_318' title='bbox 1121 2597 1139 2628; x_wconf 72' lang='grc' dir='ltr'><strong>ι</strong></span> <span class='ocrx_word' id='word_1_319' title='bbox 1169 2577 1222 2631; x_wconf 87' lang='lat' dir='ltr'><strong>id</strong></span> <span class='ocrx_word' id='word_1_320' title='bbox 1246 2585 1330 2631; x_wconf 91' lang='lat' dir='ltr'><strong>est</strong></span> <span class='ocrx_word' id='word_1_321' title='bbox 1351 2590 1546 2645; x_wconf 90' lang='lat' dir='ltr'><strong>magna</strong></span> <span class='ocrx_word' id='word_1_322' title='bbox 1573 2575 1816 2629; x_wconf 90' lang='lat' dir='ltr'><strong>dicemus</strong></span> <span class='ocrx_word' id='word_1_323' title='bbox 1841 2573 1908 2628; x_wconf 89' lang='lat' dir='ltr'><strong>de</strong></span> <span class='ocrx_word' id='word_1_324' title='bbox 1930 2588 2025 2628; x_wconf 86' lang='lat' dir='ltr'><strong>no-</strong></span> 
     </span>
    </p>
   </div>
   <div class='ocr_carea' id='block_1_41' title="bbox 434 2667 2026 2741">
    <p class='ocr_par' dir='ltr' id='par_1_41' title="bbox 434 2667 2026 2741">
     <span class='ocr_line' id='line_1_41' title="bbox 434 2667 2026 2741; baseline -0.003 -14"><span class='ocrx_word' id='word_1_325' title='bbox 434 2670 556 2727; x_wconf 90' lang='lat' dir='ltr'><strong>bis:</strong></span> <span class='ocrx_word' id='word_1_326' title='bbox 592 2678 648 2726; x_wconf 92' lang='lat' dir='ltr'><strong>et</strong></span> <span class='ocrx_word' id='word_1_327' title='bbox 684 2672 789 2726; x_wconf 93' lang='lat' dir='ltr'><strong>hoc</strong></span> <span class='ocrx_word' id='word_1_328' title='bbox 816 2685 1129 2741; x_wconf 88' lang='lat' dir='ltr'><strong>possumus,</strong></span> <span class='ocrx_word' id='word_1_329' title='bbox 1160 2669 1287 2738; x_wconf 89' lang='lat' dir='ltr'><strong>quia</strong></span> <span class='ocrx_word' id='word_1_330' title='bbox 1318 2687 1337 2720; x_wconf 76' lang='grc' dir='ltr'><strong>ι</strong></span> <span class='ocrx_word' id='word_1_331' title='bbox 1370 2668 1513 2724; x_wconf 88' lang='lat' dir='ltr'><strong>labia</strong></span> <span class='ocrx_word' id='word_1_332' title='bbox 1546 2677 1765 2734; x_wconf 87' lang='lat' dir='ltr'><strong>nostra,</strong></span> <span class='ocrx_word' id='word_1_333' title='bbox 1803 2687 1820 2718; x_wconf 73' lang='grc' dir='ltr'><strong>ι</strong></span> <span class='ocrx_word' id='word_1_334' title='bbox 1854 2667 1907 2722; x_wconf 93' lang='lat' dir='ltr'><strong>id</strong></span> <span class='ocrx_word' id='word_1_335' title='bbox 1943 2674 2026 2722; x_wconf 89' lang='lat' dir='ltr'><strong>est</strong></span> 
     </span>
    </p>
   </div>
   <div class='ocr_carea' id='block_1_42' title="bbox 435 2760 2022 2831">
    <p class='ocr_par' dir='ltr' id='par_1_42' title="bbox 435 2760 2022 2831">
     <span class='ocr_line' id='line_1_42' title="bbox 435 2760 2022 2831; baseline -0.001 -16"><span class='ocrx_word' id='word_1_336' title='bbox 435 2760 647 2831; x_wconf 89' lang='lat' dir='ltr'><strong>loquela</strong></span> <span class='ocrx_word' id='word_1_337' title='bbox 678 2769 883 2827; x_wconf 90' lang='lat' dir='ltr'><strong>nostra,</strong></span> <span class='ocrx_word' id='word_1_338' title='bbox 919 2781 936 2812; x_wconf 74' lang='grc' dir='ltr'><strong>ι</strong></span> <span class='ocrx_word' id='word_1_339' title='bbox 964 2770 1090 2816; x_wconf 90' lang='lat' dir='ltr'><strong>sunt</strong></span> <span class='ocrx_word' id='word_1_340' title='bbox 1118 2775 1148 2815; x_wconf 92' lang='lat' dir='ltr'><strong>a</strong></span> <span class='ocrx_word' id='word_1_341' title='bbox 1175 2760 1348 2826; x_wconf 91' lang='lat' dir='ltr'><strong>nobis,</strong></span> <span class='ocrx_word' id='word_1_342' title='bbox 1388 2780 1406 2812; x_wconf 72' lang='grc' dir='ltr'><strong>ι</strong></span> <span class='ocrx_word' id='word_1_343' title='bbox 1441 2760 1496 2815; x_wconf 90' lang='lat' dir='ltr'><strong>id</strong></span> <span class='ocrx_word' id='word_1_344' title='bbox 1520 2769 1605 2815; x_wconf 86' lang='lat' dir='ltr'><strong>est</strong></span> <span class='ocrx_word' id='word_1_345' title='bbox 1631 2775 1696 2815; x_wconf 80' lang='lat' dir='ltr'><strong>ex</strong></span> <span class='ocrx_word' id='word_1_346' title='bbox 1724 2769 1912 2816; x_wconf 91' lang='lat' dir='ltr'><strong>nostro</strong></span> <span class='ocrx_word' id='word_1_347' title='bbox 1937 2760 2022 2813; x_wconf 88' lang='lat' dir='ltr'><strong>in-</strong></span> 
     </span>
    </p>
   </div>
   <div class='ocr_carea' id='block_1_43' title="bbox 435 2851 2022 2925">
    <p class='ocr_par' dir='ltr' id='par_1_43' title="bbox 435 2851 2022 2925">
     <span class='ocr_line' id='line_1_43' title="bbox 435 2851 2022 2925; baseline -0.002 -17"><span class='ocrx_word' id='word_1_348' title='bbox 435 2853 628 2925; x_wconf 87' lang='lat' dir='ltr'><strong>genio,</strong></span> <span class='ocrx_word' id='word_1_349' title='bbox 660 2853 725 2907; x_wconf 92' lang='lat' dir='ltr'><strong>de</strong></span> <span class='ocrx_word' id='word_1_350' title='bbox 751 2853 948 2923; x_wconf 88' lang='lat' dir='ltr'><strong>quibus</strong></span> <span class='ocrx_word' id='word_1_351' title='bbox 982 2852 1308 2924; x_wconf 83' lang='lat' dir='ltr'><strong>Apostolus:</strong></span> <span class='ocrx_word' id='word_1_352' title='bbox 1354 2851 1703 2908; x_wconf 87' lang='lat' dir='ltr'><strong>Evanuerunt</strong></span> <span class='ocrx_word' id='word_1_353' title='bbox 1729 2852 1782 2906; x_wconf 90' lang='lat' dir='ltr'><strong>in</strong></span> <span class='ocrx_word' id='word_1_354' title='bbox 1813 2852 2022 2923; x_wconf 86' lang='lat' dir='ltr'><strong>cogita-</strong></span> 
     </span>
    </p>
   </div>
   <div class='ocr_carea' id='block_1_44' title="bbox 436 2945 2016 3018">
    <p class='ocr_par' dir='ltr' id='par_1_44' title="bbox 436 2945 2016 3018">
     <span class='ocr_line' id='line_1_44' title="bbox 436 2945 2016 3018; baseline -0.004 -15"><span class='ocrx_word' id='word_1_355' title='bbox 436 2948 675 3004; x_wconf 88' lang='lat' dir='ltr'><strong>tionibus</strong></span> <span class='ocrx_word' id='word_1_356' title='bbox 696 2948 810 3003; x_wconf 91' lang='lat' dir='ltr'><strong>suis</strong></span> <span class='ocrx_word' id='word_1_357' title='bbox 837 2947 1011 3018; x_wconf 82' lang='lat' dir='ltr'><strong>(Rom.</strong></span> <span class='ocrx_word' id='word_1_358' title='bbox 1036 2947 1076 3017; x_wconf 86' lang='lat' dir='ltr'><strong>i)</strong></span> <span class='ocrx_word' id='word_1_359' title='bbox 1112 2965 1124 3000; x_wconf 92' lang='lat'><strong>:</strong></span> <span class='ocrx_word' id='word_1_360' title='bbox 1164 2965 1182 2997; x_wconf 72' lang='grc' dir='ltr'><strong>ι</strong></span> <span class='ocrx_word' id='word_1_361' title='bbox 1211 2946 1354 3001; x_wconf 89' lang='lat' dir='ltr'><strong>labia</strong></span> <span class='ocrx_word' id='word_1_362' title='bbox 1384 2957 1568 3002; x_wconf 87' lang='lat' dir='ltr'><strong>nostra</strong></span> <span class='ocrx_word' id='word_1_363' title='bbox 1596 2955 1720 3001; x_wconf 89' lang='lat' dir='ltr'><strong>sunt</strong></span> <span class='ocrx_word' id='word_1_364' title='bbox 1740 2962 1767 2999; x_wconf 92' lang='lat' dir='ltr'><strong>a</strong></span> <span class='ocrx_word' id='word_1_365' title='bbox 1792 2945 1965 3010; x_wconf 88' lang='lat' dir='ltr'><strong>nobis,</strong></span> <span class='ocrx_word' id='word_1_366' title='bbox 1999 2964 2016 2996; x_wconf 73' lang='grc' dir='ltr'><strong>ι</strong></span> 
     </span>
    </p>
   </div>
   <div class='ocr_carea' id='block_1_45' title="bbox 435 3037 2023 3112">
    <p class='ocr_par' dir='ltr' id='par_1_45' title="bbox 435 3037 2023 3112">
     <span class='ocr_line' id='line_1_45' title="bbox 435 3037 2023 3112; baseline -0.001 -17"><span class='ocrx_word' id='word_1_367' title='bbox 435 3043 561 3112; x_wconf 89' lang='lat' dir='ltr'><strong>quia</strong></span> <span class='ocrx_word' id='word_1_368' title='bbox 595 3060 612 3091; x_wconf 76' lang='grc' dir='ltr'><strong>ι</strong></span> <span class='ocrx_word' id='word_1_369' title='bbox 651 3039 774 3110; x_wconf 90' lang='lat' dir='ltr'><strong>quis</strong></span> <span class='ocrx_word' id='word_1_370' title='bbox 795 3048 881 3095; x_wconf 90' lang='lat' dir='ltr'><strong>est</strong></span> <span class='ocrx_word' id='word_1_371' title='bbox 907 3048 1092 3095; x_wconf 91' lang='lat' dir='ltr'><strong>noster</strong></span> <span class='ocrx_word' id='word_1_372' title='bbox 1117 3039 1415 3094; x_wconf 88' lang='lat' dir='ltr'><strong>Dominus?</strong></span> <span class='ocrx_word' id='word_1_373' title='bbox 1449 3058 1469 3092; x_wconf 87' lang='grc'><strong>›</strong></span> <span class='ocrx_word' id='word_1_374' title='bbox 1513 3039 1567 3094; x_wconf 90' lang='lat' dir='ltr'><strong>id</strong></span> <span class='ocrx_word' id='word_1_375' title='bbox 1605 3047 1689 3094; x_wconf 90' lang='lat' dir='ltr'><strong>est</strong></span> <span class='ocrx_word' id='word_1_376' title='bbox 1717 3039 1838 3108; x_wconf 88' lang='lat' dir='ltr'><strong>quis</strong></span> <span class='ocrx_word' id='word_1_377' title='bbox 1868 3037 2023 3094; x_wconf 92' lang='lat' dir='ltr'><strong>nobis</strong></span> 
     </span>
    </p>
   </div>
   <div class='ocr_carea' id='block_1_46' title="bbox 433 3128 1406 3196">
    <p class='ocr_par' dir='ltr' id='par_1_46' title="bbox 433 3128 1406 3196">
     <span class='ocr_line' id='line_1_46' title="bbox 433 3128 1406 3196; baseline -0.006 -9"><span class='ocrx_word' id='word_1_378' title='bbox 433 3130 786 3187; x_wconf 87' lang='lat' dir='ltr'><strong>dominatur?</strong></span> <span class='ocrx_word' id='word_1_379' title='bbox 821 3129 1048 3196; x_wconf 90' lang='lat' dir='ltr'><strong>scilicet,</strong></span> <span class='ocrx_word' id='word_1_380' title='bbox 1078 3130 1133 3183; x_wconf 91' lang='lat' dir='ltr'><strong>in</strong></span> <span class='ocrx_word' id='word_1_381' title='bbox 1160 3128 1406 3184; x_wconf 87' lang='lat' dir='ltr'><strong>scientia.</strong></span> 
     </span>
    </p>
   </div>
   <div class='ocr_carea' id='block_1_47' title="bbox 2137 2017 2610 2074">
    <p class='ocr_par' dir='ltr' id='par_1_47' title="bbox 2137 2017 2610 2074">
     <span class='ocr_line' id='line_1_47' title="bbox 2137 2017 2610 2074; baseline 0.004 -6"><span class='ocrx_word' id='word_1_382' title='bbox 2137 2035 2156 2068; x_wconf 72' lang='grc' dir='ltr'><strong><em>ο</em></strong></span> <span class='ocrx_word' id='word_1_383' title='bbox 2187 2017 2243 2072; x_wconf 91' lang='lat' dir='ltr'><strong>in</strong></span> <span class='ocrx_word' id='word_1_384' title='bbox 2273 2024 2557 2074; x_wconf 66' lang='lat' dir='ltr'><strong>aatemum.</strong></span> <span class='ocrx_word' id='word_1_385' title='bbox 2591 2037 2610 2070; x_wconf 74' lang='grc' dir='ltr'><strong>ι</strong></span> 
     </span>
    </p>
   </div>
   <div class='ocr_carea' id='block_1_48' title="bbox 2199 2107 3728 2182">
    <p class='ocr_par' dir='ltr' id='par_1_48' title="bbox 2199 2107 3728 2182">
     <span class='ocr_line' id='line_1_48' title="bbox 2199 2107 3728 2182; baseline 0.005 -21"><span class='ocrx_word' id='word_1_386' title='bbox 2199 2107 2309 2164; x_wconf 86' lang='lat' dir='ltr'><strong>Nos</strong></span> <span class='ocrx_word' id='word_1_387' title='bbox 2328 2107 2594 2174; x_wconf 87' lang='lat' dir='ltr'><strong>servabis,</strong></span> <span class='ocrx_word' id='word_1_388' title='bbox 2624 2109 2895 2165; x_wconf 90' lang='lat' dir='ltr'><strong>custodies</strong></span> <span class='ocrx_word' id='word_1_389' title='bbox 2928 2130 2946 2161; x_wconf 86' lang='grc'><em>‹</em></span> <span class='ocrx_word' id='word_1_390' title='bbox 2979 2109 3132 2182; x_wconf 90' lang='lat' dir='ltr'><strong>impii</strong></span> <span class='ocrx_word' id='word_1_391' title='bbox 3152 2120 3337 2166; x_wconf 89' lang='lat' dir='ltr'><strong>autem</strong></span> <span class='ocrx_word' id='word_1_392' title='bbox 3361 2111 3670 2180; x_wconf 89' lang='lat' dir='ltr'><strong>ambulant,</strong></span> <span class='ocrx_word' id='word_1_393' title='bbox 3707 2133 3728 2168; x_wconf 73' lang='grc' dir='ltr'><strong>ι</strong></span> 
     </span>
    </p>
   </div>
   <div class='ocr_carea' id='block_1_49' title="bbox 2128 2201 3734 2275">
    <p class='ocr_par' dir='ltr' id='par_1_49' title="bbox 2128 2201 3734 2275">
     <span class='ocr_line' id='line_1_49' title="bbox 2128 2201 3734 2275; baseline 0.004 -19"><span class='ocrx_word' id='word_1_394' title='bbox 2128 2201 2182 2257; x_wconf 93' lang='lat' dir='ltr'><strong>id</strong></span> <span class='ocrx_word' id='word_1_395' title='bbox 2210 2209 2295 2258; x_wconf 90' lang='lat' dir='ltr'><strong>est</strong></span> <span class='ocrx_word' id='word_1_396' title='bbox 2323 2201 2571 2257; x_wconf 89' lang='lat' dir='ltr'><strong>laborant</strong></span> <span class='ocrx_word' id='word_1_397' title='bbox 2605 2221 2623 2253; x_wconf 85' lang='grc'><em>‹</em></span> <span class='ocrx_word' id='word_1_398' title='bbox 2661 2202 2715 2256; x_wconf 91' lang='lat' dir='ltr'><strong>in</strong></span> <span class='ocrx_word' id='word_1_399' title='bbox 2746 2203 2998 2267; x_wconf 90' lang='lat' dir='ltr'><strong>circuitu,</strong></span> <span class='ocrx_word' id='word_1_400' title='bbox 3034 2223 3053 2254; x_wconf 72' lang='grc' dir='ltr'><strong>ι</strong></span> <span class='ocrx_word' id='word_1_401' title='bbox 3088 2203 3142 2258; x_wconf 91' lang='lat' dir='ltr'><strong>id</strong></span> <span class='ocrx_word' id='word_1_402' title='bbox 3165 2204 3325 2260; x_wconf 90' lang='lat' dir='ltr'><strong>estin</strong></span> <span class='ocrx_word' id='word_1_403' title='bbox 3349 2207 3591 2275; x_wconf 88' lang='lat' dir='ltr'><strong>appetitu</strong></span> <span class='ocrx_word' id='word_1_404' title='bbox 3626 2215 3734 2262; x_wconf 85' lang='lat' dir='ltr'><strong>ter-</strong></span> 
     </span>
    </p>
   </div>
   <div class='ocr_carea' id='block_1_50' title="bbox 2127 2294 3731 2368">
    <p class='ocr_par' dir='ltr' id='par_1_50' title="bbox 2127 2294 3731 2368">
     <span class='ocr_line' id='line_1_50' title="bbox 2127 2294 3731 2368; baseline 0.004 -20"><span class='ocrx_word' id='word_1_405' title='bbox 2127 2304 2406 2356; x_wconf 87' lang='lat' dir='ltr'><strong>renorum.</strong></span> <span class='ocrx_word' id='word_1_406' title='bbox 2430 2294 2486 2349; x_wconf 92' lang='lat' dir='ltr'><strong>in</strong></span> <span class='ocrx_word' id='word_1_407' title='bbox 2510 2294 2707 2364; x_wconf 91' lang='lat' dir='ltr'><strong>quibus</strong></span> <span class='ocrx_word' id='word_1_408' title='bbox 2733 2311 3012 2365; x_wconf 90' lang='lat' dir='ltr'><strong>nunquam</strong></span> <span class='ocrx_word' id='word_1_409' title='bbox 3037 2296 3106 2351; x_wconf 89' lang='lat' dir='ltr'><strong>ad</strong></span> <span class='ocrx_word' id='word_1_410' title='bbox 3127 2310 3314 2351; x_wconf 88' lang='lat' dir='ltr'><strong>verum</strong></span> <span class='ocrx_word' id='word_1_411' title='bbox 3337 2296 3497 2352; x_wconf 82' lang='lat' dir='ltr'><strong>linem</strong></span> <span class='ocrx_word' id='word_1_412' title='bbox 3525 2314 3731 2368; x_wconf 88' lang='lat' dir='ltr'><strong>perve-</strong></span> 
     </span>
    </p>
   </div>
   <div class='ocr_carea' id='block_1_51' title="bbox 2127 2387 3733 2463">
    <p class='ocr_par' dir='ltr' id='par_1_51' title="bbox 2127 2387 3733 2463">
     <span class='ocr_line' id='line_1_51' title="bbox 2127 2387 3733 2463; baseline 0.005 -22"><span class='ocrx_word' id='word_1_413' title='bbox 2127 2387 2314 2443; x_wconf 88' lang='lat' dir='ltr'><strong>nient:</strong></span> <span class='ocrx_word' id='word_1_414' title='bbox 2347 2389 2489 2443; x_wconf 91' lang='lat' dir='ltr'><strong>sicut</strong></span> <span class='ocrx_word' id='word_1_415' title='bbox 2512 2387 2604 2443; x_wconf 90' lang='lat' dir='ltr'><strong>ille</strong></span> <span class='ocrx_word' id='word_1_416' title='bbox 2629 2389 2722 2459; x_wconf 89' lang='lat' dir='ltr'><strong>qui</strong></span> <span class='ocrx_word' id='word_1_417' title='bbox 2750 2389 2901 2444; x_wconf 87' lang='lat' dir='ltr'><strong>vadit</strong></span> <span class='ocrx_word' id='word_1_418' title='bbox 2929 2390 2982 2444; x_wconf 92' lang='lat' dir='ltr'><strong>in</strong></span> <span class='ocrx_word' id='word_1_419' title='bbox 3019 2390 3270 2458; x_wconf 87' lang='lat' dir='ltr'><strong>circuitu,</strong></span> <span class='ocrx_word' id='word_1_420' title='bbox 3296 2408 3572 2463; x_wconf 89' lang='lat' dir='ltr'><strong>nunquam</strong></span> <span class='ocrx_word' id='word_1_421' title='bbox 3599 2409 3733 2449; x_wconf 83' lang='lat' dir='ltr'><strong>me-</strong></span> 
     </span>
    </p>
   </div>
   <div class='ocr_carea' id='block_1_52' title="bbox 2128 2481 3733 2551">
    <p class='ocr_par' dir='ltr' id='par_1_52' title="bbox 2128 2481 3733 2551">
     <span class='ocr_line' id='line_1_52' title="bbox 2128 2481 3733 2551; baseline 0.006 -15"><span class='ocrx_word' id='word_1_422' title='bbox 2128 2491 2241 2536; x_wconf 88' lang='lat' dir='ltr'><strong>tam</strong></span> <span class='ocrx_word' id='word_1_423' title='bbox 2269 2481 2494 2536; x_wconf 89' lang='lat' dir='ltr'><strong>invenit.</strong></span> <span class='ocrx_word' id='word_1_424' title='bbox 2523 2500 2542 2532; x_wconf 72' lang='lat' dir='ltr'><strong>r</strong></span> <span class='ocrx_word' id='word_1_425' title='bbox 2568 2482 2733 2538; x_wconf 91' lang='lat' dir='ltr'><strong>Filios</strong></span> <span class='ocrx_word' id='word_1_426' title='bbox 2758 2491 2937 2540; x_wconf 90' lang='lat' dir='ltr'><strong>autem</strong></span> <span class='ocrx_word' id='word_1_427' title='bbox 2963 2483 3264 2551; x_wconf 91' lang='lat' dir='ltr'><strong>hominum,</strong></span> <span class='ocrx_word' id='word_1_428' title='bbox 3301 2505 3320 2537; x_wconf 73' lang='grc' dir='ltr'><strong>ι</strong></span> <span class='ocrx_word' id='word_1_429' title='bbox 3356 2486 3408 2540; x_wconf 91' lang='lat' dir='ltr'><strong>id</strong></span> <span class='ocrx_word' id='word_1_430' title='bbox 3435 2496 3520 2542; x_wconf 88' lang='lat' dir='ltr'><strong>est</strong></span> <span class='ocrx_word' id='word_1_431' title='bbox 3551 2489 3733 2545; x_wconf 89' lang='lat' dir='ltr'><strong>ratio-</strong></span> 
     </span>
    </p>
   </div>
   <div class='ocr_carea' id='block_1_53' title="bbox 2126 2574 3722 2654">
    <p class='ocr_par' dir='ltr' id='par_1_53' title="bbox 2126 2574 3722 2654">
     <span class='ocr_line' id='line_1_53' title="bbox 2126 2574 3722 2654; baseline 0.002 -24"><span class='ocrx_word' id='word_1_432' title='bbox 2126 2574 2350 2639; x_wconf 88' lang='lat' dir='ltr'><strong>nalium,</strong></span> <span class='ocrx_word' id='word_1_433' title='bbox 2375 2575 2465 2644; x_wconf 90' lang='lat' dir='ltr'><strong>qui</strong></span> <span class='ocrx_word' id='word_1_434' title='bbox 2487 2581 2704 2654; x_wconf 84' lang='lat' dir='ltr'><strong>patrum</strong></span> <span class='ocrx_word' id='word_1_435' title='bbox 2733 2578 2945 2633; x_wconf 85' lang='lat' dir='ltr'><strong>ratione</strong></span> <span class='ocrx_word' id='word_1_436' title='bbox 2965 2586 3209 2644; x_wconf 89' lang='lat' dir='ltr'><strong>utuntur,</strong></span> <span class='ocrx_word' id='word_1_437' title='bbox 3232 2596 3251 2629; x_wconf 74' lang='grc' dir='ltr'><strong>ι</strong></span> <span class='ocrx_word' id='word_1_438' title='bbox 3272 2577 3678 2649; x_wconf 90' lang='lat' dir='ltr'><strong>multiplicasti,</strong></span> <span class='ocrx_word' id='word_1_439' title='bbox 3706 2603 3722 2633; x_wconf 79' lang='grc' dir='ltr'><strong>ι</strong></span> 
     </span>
    </p>
   </div>
   <div class='ocr_carea' id='block_1_54' title="bbox 2127 2665 3730 2739">
    <p class='ocr_par' dir='ltr' id='par_1_54' title="bbox 2127 2665 3730 2739">
     <span class='ocr_line' id='line_1_54' title="bbox 2127 2665 3730 2739; baseline 0.007 -18"><span class='ocrx_word' id='word_1_440' title='bbox 2127 2667 2216 2722; x_wconf 92' lang='lat' dir='ltr'><strong>hic</strong></span> <span class='ocrx_word' id='word_1_441' title='bbox 2243 2665 2532 2723; x_wconf 87' lang='lat' dir='ltr'><strong>virtutibus</strong></span> <span class='ocrx_word' id='word_1_442' title='bbox 2569 2669 2784 2724; x_wconf 90' lang='lat' dir='ltr'><strong>tandem</strong></span> <span class='ocrx_word' id='word_1_443' title='bbox 2814 2679 3017 2726; x_wconf 64' lang='lat' dir='ltr'><strong>interna</strong></span> <span class='ocrx_word' id='word_1_444' title='bbox 3047 2671 3437 2739; x_wconf 88' lang='lat' dir='ltr'><strong>retributione,</strong></span> <span class='ocrx_word' id='word_1_445' title='bbox 3476 2690 3586 2730; x_wconf 88' lang='lat' dir='ltr'><strong>non</strong></span> <span class='ocrx_word' id='word_1_446' title='bbox 3637 2693 3730 2732; x_wconf 86' lang='lat' dir='ltr'><strong>se-</strong></span> 
     </span>
    </p>
   </div>
   <div class='ocr_carea' id='block_1_55' title="bbox 2127 2761 3729 2833">
    <p class='ocr_par' dir='ltr' id='par_1_55' title="bbox 2127 2761 3729 2833">
     <span class='ocr_line' id='line_1_55' title="bbox 2127 2761 3729 2833; baseline 0.008 -19"><span class='ocrx_word' id='word_1_447' title='bbox 2127 2761 2360 2816; x_wconf 87' lang='lat' dir='ltr'><strong>cundum</strong></span> <span class='ocrx_word' id='word_1_448' title='bbox 2389 2775 2576 2818; x_wconf 90' lang='lat' dir='ltr'><strong>eorum</strong></span> <span class='ocrx_word' id='word_1_449' title='bbox 2607 2765 2797 2820; x_wconf 91' lang='lat' dir='ltr'><strong>merita</strong></span> <span class='ocrx_word' id='word_1_450' title='bbox 2818 2806 2833 2833; x_wconf 94' lang='lat'><strong>,</strong></span> <span class='ocrx_word' id='word_1_451' title='bbox 2863 2769 2957 2822; x_wconf 89' lang='lat' dir='ltr'><strong>sed</strong></span> <span class='ocrx_word' id='word_1_452' title='bbox 2992 2786 3009 2818; x_wconf 87' lang='grc'><strong><em>‹</em></strong></span> <span class='ocrx_word' id='word_1_453' title='bbox 3043 2770 3342 2824; x_wconf 90' lang='lat' dir='ltr'><strong>secundum</strong></span> <span class='ocrx_word' id='word_1_454' title='bbox 3374 2769 3729 2827; x_wconf 80' lang='lat' dir='ltr'><strong>altitudinem</strong></span> 
     </span>
    </p>
   </div>
   <div class='ocr_carea' id='block_1_56' title="bbox 2132 2855 3725 2936">
    <p class='ocr_par' dir='ltr' id='par_1_56' title="bbox 2132 2855 3725 2936">
     <span class='ocr_line' id='line_1_56' title="bbox 2132 2855 3725 2936; baseline 0.012 -34"><span class='ocrx_word' id='word_1_455' title='bbox 2132 2870 2150 2902; x_wconf 75' lang='grc' dir='ltr'><strong>ι</strong></span> <span class='ocrx_word' id='word_1_456' title='bbox 2186 2859 2353 2919; x_wconf 88' lang='lat' dir='ltr'><strong>tuam,</strong></span> <span class='ocrx_word' id='word_1_457' title='bbox 2391 2875 2410 2906; x_wconf 72' lang='grc' dir='ltr'><strong>ι</strong></span> <span class='ocrx_word' id='word_1_458' title='bbox 2441 2855 2492 2910; x_wconf 92' lang='lat' dir='ltr'><strong>id</strong></span> <span class='ocrx_word' id='word_1_459' title='bbox 2521 2865 2606 2911; x_wconf 90' lang='lat' dir='ltr'><strong>est</strong></span> <span class='ocrx_word' id='word_1_460' title='bbox 2641 2858 3091 2916; x_wconf 89' lang='lat' dir='ltr'><strong>misericordiam.</strong></span> <span class='ocrx_word' id='word_1_461' title='bbox 3121 2862 3254 2917; x_wconf 91' lang='lat' dir='ltr'><strong>Cum</strong></span> <span class='ocrx_word' id='word_1_462' title='bbox 3294 2865 3426 2920; x_wconf 90' lang='lat' dir='ltr'><strong>dicit</strong></span> <span class='ocrx_word' id='word_1_463' title='bbox 3456 2865 3725 2936; x_wconf 86' lang='lat' dir='ltr'><strong>multipli-</strong></span> 
     </span>
    </p>
   </div>
   <div class='ocr_carea' id='block_1_57' title="bbox 2127 2947 3723 3030">
    <p class='ocr_par' dir='ltr' id='par_1_57' title="bbox 2127 2947 3723 3030">
     <span class='ocr_line' id='line_1_57' title="bbox 2127 2947 3723 3030; baseline 0.01 -30"><span class='ocrx_word' id='word_1_464' title='bbox 2127 2947 2284 3012; x_wconf 84' lang='lat' dir='ltr'><strong>casti,</strong></span> <span class='ocrx_word' id='word_1_465' title='bbox 2312 2949 2532 3018; x_wconf 87' lang='lat' dir='ltr'><strong>respicit</strong></span> <span class='ocrx_word' id='word_1_466' title='bbox 2553 2950 2618 3004; x_wconf 88' lang='lat' dir='ltr'><strong>ad</strong></span> <span class='ocrx_word' id='word_1_467' title='bbox 2641 2954 3054 3021; x_wconf 90' lang='lat' dir='ltr'><strong>promissionem</strong></span> <span class='ocrx_word' id='word_1_468' title='bbox 3078 2955 3276 3013; x_wconf 86' lang='lat' dir='ltr'><strong>factam</strong></span> <span class='ocrx_word' id='word_1_469' title='bbox 3297 2957 3530 3014; x_wconf 72' lang='lat' dir='ltr'><strong>Abrahae</strong></span> <span class='ocrx_word' id='word_1_470' title='bbox 3561 2959 3723 3030; x_wconf 79' lang='lat' dir='ltr'><strong>(Gen.</strong></span> 
     </span>
    </p>
   </div>
   <div class='ocr_carea' id='block_1_58' title="bbox 2128 3040 3726 3112">
    <p class='ocr_par' dir='ltr' id='par_1_58' title="bbox 2128 3040 3726 3112">
     <span class='ocr_line' id='line_1_58' title="bbox 2128 3040 3726 3112; baseline 0.008 -20"><span class='ocrx_word' id='word_1_471' title='bbox 2128 3054 2216 3093; x_wconf 79' lang='lat' dir='ltr'><strong>xvi</strong></span> <span class='ocrx_word' id='word_1_472' title='bbox 2243 3047 2298 3094; x_wconf 91' lang='lat' dir='ltr'><strong>et</strong></span> <span class='ocrx_word' id='word_1_473' title='bbox 2327 3040 2483 3112; x_wconf 79' lang='lat' dir='ltr'><strong>xvn).</strong></span> <span class='ocrx_word' id='word_1_474' title='bbox 2509 3041 2577 3095; x_wconf 91' lang='lat' dir='ltr'><strong>Et</strong></span> <span class='ocrx_word' id='word_1_475' title='bbox 2610 3042 2665 3096; x_wconf 90' lang='lat' dir='ltr'><strong>in</strong></span> <span class='ocrx_word' id='word_1_476' title='bbox 2695 3043 2799 3099; x_wconf 88' lang='lat' dir='ltr'><strong>hoc</strong></span> <span class='ocrx_word' id='word_1_477' title='bbox 2836 3044 3026 3101; x_wconf 90' lang='lat' dir='ltr'><strong>ultimo</strong></span> <span class='ocrx_word' id='word_1_478' title='bbox 3050 3062 3210 3103; x_wconf 88' lang='lat' dir='ltr'><strong>versu</strong></span> <span class='ocrx_word' id='word_1_479' title='bbox 3239 3048 3460 3104; x_wconf 86' lang='lat' dir='ltr'><strong>brevem</strong></span> <span class='ocrx_word' id='word_1_480' title='bbox 3499 3051 3726 3105; x_wconf 86' lang='lat' dir='ltr'><strong>conclu-</strong></span> 
     </span>
    </p>
   </div>
   <div class='ocr_carea' id='block_1_59' title="bbox 2126 3130 3726 3208">
    <p class='ocr_par' dir='ltr' id='par_1_59' title="bbox 2126 3130 3726 3208">
     <span class='ocr_line' id='line_1_59' title="bbox 2126 3130 3726 3208; baseline 0.008 -23"><span class='ocrx_word' id='word_1_481' title='bbox 2126 3130 2333 3186; x_wconf 89' lang='lat' dir='ltr'><strong>sionem</strong></span> <span class='ocrx_word' id='word_1_482' title='bbox 2363 3132 2644 3204; x_wconf 84' lang='lat' dir='ltr'><strong>utriusque</strong></span> <span class='ocrx_word' id='word_1_483' title='bbox 2686 3136 2856 3206; x_wconf 86' lang='lat' dir='ltr'><strong>partis</strong></span> <span class='ocrx_word' id='word_1_484' title='bbox 2891 3139 3071 3208; x_wconf 91' lang='lat' dir='ltr'><strong>ponit,</strong></span> <span class='ocrx_word' id='word_1_485' title='bbox 3101 3139 3365 3196; x_wconf 89' lang='lat' dir='ltr'><strong>bonorum</strong></span> <span class='ocrx_word' id='word_1_486' title='bbox 3411 3142 3621 3199; x_wconf 84' lang='lat' dir='ltr'><strong>scilicet</strong></span> <span class='ocrx_word' id='word_1_487' title='bbox 3666 3155 3726 3198; x_wconf 86' lang='lat' dir='ltr'><strong>et</strong></span> 
     </span>
    </p>
   </div>
   <div class='ocr_carea' id='block_1_60' title="bbox 502 3221 2412 3294">
    <p class='ocr_par' dir='ltr' id='par_1_60' title="bbox 502 3221 2412 3294">
     <span class='ocr_line' id='line_1_60' title="bbox 502 3221 2412 3294; baseline 0 -17"><span class='ocrx_word' id='word_1_488' title='bbox 502 3223 608 3294; x_wconf 90' lang='lat' dir='ltr'><strong>lpsi</strong></span> <span class='ocrx_word' id='word_1_489' title='bbox 658 3225 845 3279; x_wconf 91' lang='lat' dir='ltr'><strong>dicunt</strong></span> <span class='ocrx_word' id='word_1_490' title='bbox 882 3225 1014 3290; x_wconf 89' lang='lat' dir='ltr'><strong>hoc,</strong></span> <span class='ocrx_word' id='word_1_491' title='bbox 1069 3224 1162 3279; x_wconf 86' lang='lat' dir='ltr'><strong>sed</strong></span> <span class='ocrx_word' id='word_1_492' title='bbox 1210 3223 1470 3278; x_wconf 91' lang='lat' dir='ltr'><strong>Dominus</strong></span> <span class='ocrx_word' id='word_1_493' title='bbox 1517 3223 1621 3278; x_wconf 93' lang='lat' dir='ltr'><strong>hoc</strong></span> <span class='ocrx_word' id='word_1_494' title='bbox 1647 3222 1815 3278; x_wconf 87' lang='lat' dir='ltr'><strong>dicit:</strong></span> <span class='ocrx_word' id='word_1_495' title='bbox 1866 3221 2020 3279; x_wconf 88' lang='lat' dir='ltr'><strong>Nunc</strong></span> <span class='ocrx_word' id='word_1_496' title='bbox 2061 3288 2090 3294; x_wconf 39' lang='grc' dir='ltr'><strong>Α</strong></span> <span class='ocrx_word' id='word_1_497' title='bbox 2123 3221 2412 3278; x_wconf 73' lang='lat' dir='ltr'><strong>malorum.</strong></span> 
     </span>
    </p>
   </div>
   <div class='ocr_carea' id='block_1_61' title="bbox 431 3288 2093 3387">
    <p class='ocr_par' dir='ltr' id='par_1_61' title="bbox 431 3288 2093 3387">
     <span class='ocr_line' id='line_1_61' title="bbox 431 3288 2093 3387; baseline -0.001 -17"><span class='ocrx_word' id='word_1_498' title='bbox 431 3316 589 3387; x_wconf 91' lang='lat' dir='ltr'><strong>quasi</strong></span> <span class='ocrx_word' id='word_1_499' title='bbox 615 3331 787 3386; x_wconf 90' lang='lat' dir='ltr'><strong>usque</strong></span> <span class='ocrx_word' id='word_1_500' title='bbox 807 3316 966 3372; x_wconf 92' lang='lat' dir='ltr'><strong>modo</strong></span> <span class='ocrx_word' id='word_1_501' title='bbox 987 3315 1238 3381; x_wconf 87' lang='lat' dir='ltr'><strong>dormivi,</strong></span> <span class='ocrx_word' id='word_1_502' title='bbox 1265 3316 1360 3371; x_wconf 86' lang='lat' dir='ltr'><strong>sed</strong></span> <span class='ocrx_word' id='word_1_503' title='bbox 1382 3329 1525 3370; x_wconf 90' lang='lat' dir='ltr'><strong>nunc</strong></span> <span class='ocrx_word' id='word_1_504' title='bbox 1553 3314 1608 3369; x_wconf 89' lang='lat' dir='ltr'><strong>in</strong></span> <span class='ocrx_word' id='word_1_505' title='bbox 1633 3323 1875 3384; x_wconf 89' lang='lat' dir='ltr'><strong>tempore</strong></span> <span class='ocrx_word' id='word_1_506' title='bbox 1897 3331 2020 3385; x_wconf 84' lang='lat' dir='ltr'><strong>gra-</strong></span> <span class='ocrx_word' id='word_1_507' title='bbox 2047 3288 2093 3352; x_wconf 78' lang='lat' dir='ltr'>C</span> 
     </span>
    </p>
   </div>
   <div class='ocr_carea' id='block_1_62' title="bbox 433 3405 2022 3479">
    <p class='ocr_par' dir='ltr' id='par_1_62' title="bbox 433 3405 2022 3479">
     <span class='ocr_line' id='line_1_62' title="bbox 433 3405 2022 3479; baseline 0.001 -18"><span class='ocrx_word' id='word_1_508' title='bbox 433 3408 522 3463; x_wconf 84' lang='lat' dir='ltr'><strong>tiae</strong></span> <span class='ocrx_word' id='word_1_509' title='bbox 554 3426 572 3459; x_wconf 88' lang='grc'><em>‹</em></span> <span class='ocrx_word' id='word_1_510' title='bbox 603 3423 840 3479; x_wconf 87' lang='lat' dir='ltr'><strong>surgam,</strong></span> <span class='ocrx_word' id='word_1_511' title='bbox 876 3427 894 3459; x_wconf 77' lang='grc' dir='ltr'><strong>ι</strong></span> <span class='ocrx_word' id='word_1_512' title='bbox 921 3407 1128 3463; x_wconf 89' lang='lat' dir='ltr'><strong>scilicet</strong></span> <span class='ocrx_word' id='word_1_513' title='bbox 1153 3417 1373 3479; x_wconf 88' lang='lat' dir='ltr'><strong>propter</strong></span> <span class='ocrx_word' id='word_1_514' title='bbox 1398 3405 1781 3461; x_wconf 88' lang='lat' dir='ltr'><strong>removendam</strong></span> <span class='ocrx_word' id='word_1_515' title='bbox 1815 3426 1833 3458; x_wconf 89' lang='grc'><strong><em>‹</em></strong></span> <span class='ocrx_word' id='word_1_516' title='bbox 1860 3407 2022 3462; x_wconf 88' lang='lat' dir='ltr'><strong>mise-</strong></span> 
     </span>
    </p>
   </div>
   <div class='ocr_carea' id='block_1_63' title="bbox 437 3496 2021 3569">
    <p class='ocr_par' dir='ltr' id='par_1_63' title="bbox 437 3496 2021 3569">
     <span class='ocr_line' id='line_1_63' title="bbox 437 3496 2021 3569; baseline 0.003 -21"><span class='ocrx_word' id='word_1_517' title='bbox 437 3516 456 3548; x_wconf 72' lang='grc' dir='ltr'><strong>ι</strong></span> <span class='ocrx_word' id='word_1_518' title='bbox 493 3497 629 3551; x_wconf 90' lang='lat' dir='ltr'><strong>riam</strong></span> <span class='ocrx_word' id='word_1_519' title='bbox 658 3497 901 3569; x_wconf 86' lang='lat' dir='ltr'><strong>inopum,</strong></span> <span class='ocrx_word' id='word_1_520' title='bbox 937 3517 956 3548; x_wconf 85' lang='grc'><strong>›</strong></span> <span class='ocrx_word' id='word_1_521' title='bbox 986 3497 1041 3552; x_wconf 91' lang='lat' dir='ltr'><strong>id</strong></span> <span class='ocrx_word' id='word_1_522' title='bbox 1075 3506 1162 3552; x_wconf 90' lang='lat' dir='ltr'><strong>est</strong></span> <span class='ocrx_word' id='word_1_523' title='bbox 1188 3496 1500 3567; x_wconf 91' lang='lat' dir='ltr'><strong>gentilium,</strong></span> <span class='ocrx_word' id='word_1_524' title='bbox 1541 3497 1632 3567; x_wconf 85' lang='lat' dir='ltr'><strong>qui</strong></span> <span class='ocrx_word' id='word_1_525' title='bbox 1676 3497 1796 3552; x_wconf 88' lang='lat' dir='ltr'><strong>ideo</strong></span> <span class='ocrx_word' id='word_1_526' title='bbox 1835 3498 2021 3568; x_wconf 89' lang='lat' dir='ltr'><strong>inopes</strong></span> 
     </span>
    </p>
   </div>
   <div class='ocr_carea' id='block_1_64' title="bbox 432 3589 2021 3661">
    <p class='ocr_par' dir='ltr' id='par_1_64' title="bbox 432 3589 2021 3661">
     <span class='ocr_line' id='line_1_64' title="bbox 432 3589 2021 3661; baseline -0.001 -15"><span class='ocrx_word' id='word_1_527' title='bbox 432 3591 705 3658; x_wconf 83' lang='lat' dir='ltr'><strong>dicuntur,</strong></span> <span class='ocrx_word' id='word_1_528' title='bbox 737 3592 862 3661; x_wconf 90' lang='lat' dir='ltr'><strong>quia</strong></span> <span class='ocrx_word' id='word_1_529' title='bbox 891 3605 1066 3660; x_wconf 89' lang='lat' dir='ltr'><strong>neque</strong></span> <span class='ocrx_word' id='word_1_530' title='bbox 1091 3605 1188 3660; x_wconf 90' lang='lat' dir='ltr'><strong>per</strong></span> <span class='ocrx_word' id='word_1_531' title='bbox 1209 3589 1375 3661; x_wconf 89' lang='lat' dir='ltr'><strong>leges,</strong></span> <span class='ocrx_word' id='word_1_532' title='bbox 1407 3605 1581 3660; x_wconf 88' lang='lat' dir='ltr'><strong>neque</strong></span> <span class='ocrx_word' id='word_1_533' title='bbox 1602 3605 1700 3660; x_wconf 88' lang='lat' dir='ltr'><strong>per</strong></span> <span class='ocrx_word' id='word_1_534' title='bbox 1728 3591 2021 3660; x_wconf 86' lang='lat' dir='ltr'><strong>prophetas</strong></span> 
     </span>
    </p>
   </div>
   <div class='ocr_carea' id='block_1_65' title="bbox 431 3682 2020 3754">
    <p class='ocr_par' dir='ltr' id='par_1_65' title="bbox 431 3682 2020 3754">
     <span class='ocr_line' id='line_1_65' title="bbox 431 3682 2020 3754; baseline -0.003 -14"><span class='ocrx_word' id='word_1_535' title='bbox 431 3684 647 3740; x_wconf 92' lang='lat' dir='ltr'><strong>divitias</strong></span> <span class='ocrx_word' id='word_1_536' title='bbox 678 3684 1000 3754; x_wconf 90' lang='lat' dir='ltr'><strong>cognitionis</strong></span> <span class='ocrx_word' id='word_1_537' title='bbox 1025 3682 1331 3748; x_wconf 88' lang='lat' dir='ltr'><strong>habebant,</strong></span> <span class='ocrx_word' id='word_1_538' title='bbox 1367 3701 1385 3733; x_wconf 71' lang='grc' dir='ltr'><strong>ι</strong></span> <span class='ocrx_word' id='word_1_539' title='bbox 1424 3690 1478 3737; x_wconf 88' lang='grc' dir='ltr'><strong>ει</strong></span> <span class='ocrx_word' id='word_1_540' title='bbox 1505 3691 1725 3752; x_wconf 90' lang='lat' dir='ltr'><strong>propter</strong></span> <span class='ocrx_word' id='word_1_541' title='bbox 1761 3683 2020 3753; x_wconf 86' lang='lat' dir='ltr'><strong>gemitum</strong></span> 
     </span>
    </p>
   </div>
   <div class='ocr_carea' id='block_1_66' title="bbox 437 3773 2018 3846">
    <p class='ocr_par' dir='ltr' id='par_1_66' title="bbox 437 3773 2018 3846">
     <span class='ocr_line' id='line_1_66' title="bbox 437 3773 2018 3846; baseline 0.001 -19"><span class='ocrx_word' id='word_1_542' title='bbox 437 3798 453 3827; x_wconf 77' lang='grc' dir='ltr'><strong>ι</strong></span> <span class='ocrx_word' id='word_1_543' title='bbox 490 3791 806 3846; x_wconf 87' lang='lat' dir='ltr'><strong>pauperum,</strong></span> <span class='ocrx_word' id='word_1_544' title='bbox 843 3796 860 3828; x_wconf 75' lang='grc' dir='ltr'><strong>ι</strong></span> <span class='ocrx_word' id='word_1_545' title='bbox 898 3776 951 3831; x_wconf 90' lang='lat' dir='ltr'><strong>id</strong></span> <span class='ocrx_word' id='word_1_546' title='bbox 978 3783 1062 3830; x_wconf 83' lang='lat' dir='ltr'><strong>est</strong></span> <span class='ocrx_word' id='word_1_547' title='bbox 1087 3773 1436 3829; x_wconf 85' lang='lat' dir='ltr'><strong>Judaeorum:</strong></span> <span class='ocrx_word' id='word_1_548' title='bbox 1481 3774 1573 3843; x_wconf 88' lang='lat' dir='ltr'><strong>qui</strong></span> <span class='ocrx_word' id='word_1_549' title='bbox 1600 3774 1719 3828; x_wconf 87' lang='lat' dir='ltr'><strong>ideo</strong></span> <span class='ocrx_word' id='word_1_550' title='bbox 1754 3789 2018 3843; x_wconf 89' lang='lat' dir='ltr'><strong>pauperes</strong></span> 
     </span>
    </p>
   </div>
   <div class='ocr_carea' id='block_1_67' title="bbox 429 3866 2014 3940">
    <p class='ocr_par' dir='ltr' id='par_1_67' title="bbox 429 3866 2014 3940">
     <span class='ocr_line' id='line_1_67' title="bbox 429 3866 2014 3940; baseline -0.004 -15"><span class='ocrx_word' id='word_1_551' title='bbox 429 3869 717 3936; x_wconf 88' lang='lat' dir='ltr'><strong>dicuntur,</strong></span> <span class='ocrx_word' id='word_1_552' title='bbox 763 3869 890 3940; x_wconf 85' lang='lat' dir='ltr'><strong>quia</strong></span> <span class='ocrx_word' id='word_1_553' title='bbox 935 3868 1064 3923; x_wconf 91' lang='lat' dir='ltr'><strong>licet</strong></span> <span class='ocrx_word' id='word_1_554' title='bbox 1089 3866 1260 3938; x_wconf 82' lang='lat' dir='ltr'><strong>legem</strong></span> <span class='ocrx_word' id='word_1_555' title='bbox 1305 3876 1361 3921; x_wconf 92' lang='lat' dir='ltr'><strong>et</strong></span> <span class='ocrx_word' id='word_1_556' title='bbox 1389 3867 1682 3937; x_wconf 87' lang='lat' dir='ltr'><strong>prophetas</strong></span> <span class='ocrx_word' id='word_1_557' title='bbox 1711 3868 2014 3932; x_wconf 86' lang='lat' dir='ltr'><strong>habebant,</strong></span> 
     </span>
    </p>
   </div>
   <div class='ocr_carea' id='block_1_68' title="bbox 429 3959 2016 4032">
    <p class='ocr_par' dir='ltr' id='par_1_68' title="bbox 429 3959 2016 4032">
     <span class='ocr_line' id='line_1_68' title="bbox 429 3959 2016 4032; baseline -0.005 -10"><span class='ocrx_word' id='word_1_558' title='bbox 429 3982 536 4022; x_wconf 90' lang='lat' dir='ltr'><strong>non</strong></span> <span class='ocrx_word' id='word_1_559' title='bbox 568 3975 752 4020; x_wconf 89' lang='lat' dir='ltr'><strong>tamen</strong></span> <span class='ocrx_word' id='word_1_560' title='bbox 783 3965 852 4020; x_wconf 93' lang='lat' dir='ltr'><strong>ad</strong></span> <span class='ocrx_word' id='word_1_561' title='bbox 892 3963 1246 4019; x_wconf 90' lang='lat' dir='ltr'><strong>salvationem</strong></span> <span class='ocrx_word' id='word_1_562' title='bbox 1289 3959 1578 4016; x_wconf 79' lang='lat' dir='ltr'><strong>sufﬁciunt.</strong></span> <span class='ocrx_word' id='word_1_563' title='bbox 1619 3960 1723 4015; x_wconf 90' lang='lat' dir='ltr'><strong>Per</strong></span> <span class='ocrx_word' id='word_1_564' title='bbox 1759 3961 2016 4032; x_wconf 80' lang='lat' dir='ltr'><strong>gemitum</strong></span> 
     </span>
    </p>
   </div>
   <div class='ocr_carea' id='block_1_69' title="bbox 429 4052 2017 4126">
    <p class='ocr_par' dir='ltr' id='par_1_69' title="bbox 429 4052 2017 4126">
     <span class='ocr_line' id='line_1_69' title="bbox 429 4052 2017 4126; baseline -0.003 -14"><span class='ocrx_word' id='word_1_565' title='bbox 429 4064 585 4112; x_wconf 88' lang='lat' dir='ltr'><strong>notat</strong></span> <span class='ocrx_word' id='word_1_566' title='bbox 610 4056 821 4126; x_wconf 90' lang='lat' dir='ltr'><strong>aliquos</strong></span> <span class='ocrx_word' id='word_1_567' title='bbox 847 4055 914 4110; x_wconf 92' lang='lat' dir='ltr'><strong>de</strong></span> <span class='ocrx_word' id='word_1_568' title='bbox 943 4054 1172 4109; x_wconf 89' lang='lat' dir='ltr'><strong>adventu</strong></span> <span class='ocrx_word' id='word_1_569' title='bbox 1212 4052 1415 4108; x_wconf 87' lang='lat' dir='ltr'><strong>Christi</strong></span> <span class='ocrx_word' id='word_1_570' title='bbox 1455 4053 1745 4108; x_wconf 76' lang='lat' dir='ltr'><strong>maximam</strong></span> <span class='ocrx_word' id='word_1_571' title='bbox 1776 4053 2017 4108; x_wconf 76' lang='lat' dir='ltr'><strong>affectio-</strong></span> 
     </span>
    </p>
   </div>
   <div class='ocr_carea' id='block_1_70' title="bbox 429 4148 2017 4220">
    <p class='ocr_par' dir='ltr' id='par_1_70' title="bbox 429 4148 2017 4220">
     <span class='ocr_line' id='line_1_70' title="bbox 429 4148 2017 4220; baseline -0.003 -12"><span class='ocrx_word' id='word_1_572' title='bbox 429 4167 554 4208; x_wconf 90' lang='lat' dir='ltr'><strong>nem</strong></span> <span class='ocrx_word' id='word_1_573' title='bbox 599 4152 821 4206; x_wconf 88' lang='lat' dir='ltr'><strong>habere.</strong></span> <span class='ocrx_word' id='word_1_574' title='bbox 855 4150 922 4205; x_wconf 88' lang='lat' dir='ltr'><strong>Et</strong></span> <span class='ocrx_word' id='word_1_575' title='bbox 946 4150 1036 4205; x_wconf 91' lang='lat' dir='ltr'><strong>hic</strong></span> <span class='ocrx_word' id='word_1_576' title='bbox 1065 4148 1254 4220; x_wconf 91' lang='lat' dir='ltr'><strong>incipit</strong></span> <span class='ocrx_word' id='word_1_577' title='bbox 1291 4149 1578 4206; x_wconf 86' lang='lat' dir='ltr'><strong>ostendere</strong></span> <span class='ocrx_word' id='word_1_578' title='bbox 1603 4150 2017 4220; x_wconf 90' lang='lat' dir='ltr'><strong>promissionem</strong></span> 
     </span>
    </p>
   </div>
   <div class='ocr_carea' id='block_1_71' title="bbox 434 4243 1304 4299">
    <p class='ocr_par' dir='ltr' id='par_1_71' title="bbox 434 4243 1304 4299">
     <span class='ocr_line' id='line_1_71' title="bbox 434 4243 1304 4299; baseline -0.001 0"><span class='ocrx_word' id='word_1_579' title='bbox 434 4243 768 4299; x_wconf 81' lang='lat' dir='ltr'><strong>salvationis.</strong></span> <span class='ocrx_word' id='word_1_580' title='bbox 1300 4283 1304 4288; x_wconf 87' lang='grc'><strong>-</strong></span> 
     </span>
    </p>
   </div>
   <div class='ocr_carea' id='block_1_72' title="bbox 510 4333 2016 4406">
    <p class='ocr_par' dir='ltr' id='par_1_72' title="bbox 510 4333 2016 4406">
     <span class='ocr_line' id='line_1_72' title="bbox 510 4333 2016 4406; baseline 0.002 -20"><span class='ocrx_word' id='word_1_581' title='bbox 510 4354 527 4385; x_wconf 74' lang='grc' dir='ltr'><strong>ι</strong></span> <span class='ocrx_word' id='word_1_582' title='bbox 577 4333 690 4404; x_wconf 80' lang='lat' dir='ltr'><strong>Ego</strong></span> <span class='ocrx_word' id='word_1_583' title='bbox 741 4349 1048 4406; x_wconf 81' lang='lat' dir='ltr'><strong>exsurgam,</strong></span> <span class='ocrx_word' id='word_1_584' title='bbox 1096 4353 1114 4387; x_wconf 70' lang='grc' dir='ltr'><strong>ι</strong></span> <span class='ocrx_word' id='word_1_585' title='bbox 1147 4343 1202 4390; x_wconf 88' lang='grc' dir='ltr'><strong>ει</strong></span> <span class='ocrx_word' id='word_1_586' title='bbox 1253 4335 1358 4391; x_wconf 92' lang='lat' dir='ltr'><strong>hoc</strong></span> <span class='ocrx_word' id='word_1_587' title='bbox 1410 4335 1556 4406; x_wconf 88' lang='lat' dir='ltr'><strong>quod</strong></span> <span class='ocrx_word' id='word_1_588' title='bbox 1605 4335 1846 4391; x_wconf 85' lang='lat' dir='ltr'><strong>facturus</strong></span> <span class='ocrx_word' id='word_1_589' title='bbox 1897 4350 2016 4390; x_wconf 92' lang='lat' dir='ltr'><strong>sum</strong></span> 
     </span>
    </p>
   </div>
   <div class='ocr_carea' id='block_1_73' title="bbox 439 4425 2015 4498">
    <p class='ocr_par' dir='ltr' id='par_1_73' title="bbox 439 4425 2015 4498">
     <span class='ocr_line' id='line_1_73' title="bbox 439 4425 2015 4498; baseline 0.003 -22"><span class='ocrx_word' id='word_1_590' title='bbox 439 4446 456 4476; x_wconf 76' lang='grc' dir='ltr'><strong>ε</strong></span> <span class='ocrx_word' id='word_1_591' title='bbox 485 4439 682 4496; x_wconf 86' lang='lat' dir='ltr'><strong>ponam</strong></span> <span class='ocrx_word' id='word_1_592' title='bbox 709 4425 765 4479; x_wconf 91' lang='lat' dir='ltr'><strong>in</strong></span> <span class='ocrx_word' id='word_1_593' title='bbox 793 4425 1038 4492; x_wconf 90' lang='lat' dir='ltr'><strong>salutari,</strong></span> <span class='ocrx_word' id='word_1_594' title='bbox 1078 4447 1096 4478; x_wconf 80' lang='grc' dir='ltr'><strong>ι</strong></span> <span class='ocrx_word' id='word_1_595' title='bbox 1133 4427 1188 4481; x_wconf 90' lang='lat' dir='ltr'><strong>id</strong></span> <span class='ocrx_word' id='word_1_596' title='bbox 1215 4435 1298 4483; x_wconf 92' lang='lat' dir='ltr'><strong>est</strong></span> <span class='ocrx_word' id='word_1_597' title='bbox 1337 4427 1391 4482; x_wconf 92' lang='lat' dir='ltr'><strong>in</strong></span> <span class='ocrx_word' id='word_1_598' title='bbox 1418 4426 1543 4484; x_wconf 81' lang='lat' dir='ltr'><strong>Jesu</strong></span> <span class='ocrx_word' id='word_1_599' title='bbox 1565 4468 1578 4494; x_wconf 97' lang='lat'><strong>,</strong></span> <span class='ocrx_word' id='word_1_600' title='bbox 1615 4428 1740 4497; x_wconf 91' lang='lat' dir='ltr'><strong>quia</strong></span> <span class='ocrx_word' id='word_1_601' title='bbox 1767 4442 1865 4498; x_wconf 91' lang='lat' dir='ltr'><strong>per</strong></span> <span class='ocrx_word' id='word_1_602' title='bbox 1893 4443 2015 4482; x_wconf 89' lang='lat' dir='ltr'><strong>eum</strong></span> 
     </span>
    </p>
   </div>
   <div class='ocr_carea' id='block_1_74' title="bbox 433 4519 2017 4591">
    <p class='ocr_par' dir='ltr' id='par_1_74' title="bbox 433 4519 2017 4591">
     <span class='ocr_line' id='line_1_74' title="bbox 433 4519 2017 4591; baseline 0.001 -18"><span class='ocrx_word' id='word_1_603' title='bbox 433 4519 655 4574; x_wconf 85' lang='lat' dir='ltr'><strong>salvabo</strong></span> <span class='ocrx_word' id='word_1_604' title='bbox 693 4519 985 4573; x_wconf 87' lang='lat' dir='ltr'><strong>humanum</strong></span> <span class='ocrx_word' id='word_1_605' title='bbox 1021 4535 1190 4591; x_wconf 88' lang='lat' dir='ltr'><strong>genus</strong></span> <span class='ocrx_word' id='word_1_606' title='bbox 1219 4539 1231 4574; x_wconf 97' lang='lat'><strong>:</strong></span> <span class='ocrx_word' id='word_1_607' title='bbox 1271 4529 1326 4576; x_wconf 92' lang='lat' dir='ltr'><strong>et</strong></span> <span class='ocrx_word' id='word_1_608' title='bbox 1372 4541 1390 4574; x_wconf 72' lang='grc' dir='ltr'><strong>ι</strong></span> <span class='ocrx_word' id='word_1_609' title='bbox 1430 4522 1484 4576; x_wconf 92' lang='lat' dir='ltr'><strong>in</strong></span> <span class='ocrx_word' id='word_1_610' title='bbox 1507 4536 1572 4576; x_wconf 92' lang='lat' dir='ltr'><strong>eo</strong></span> <span class='ocrx_word' id='word_1_611' title='bbox 1605 4536 1758 4591; x_wconf 86' lang='lat' dir='ltr'><strong>agam</strong></span> <span class='ocrx_word' id='word_1_612' title='bbox 1791 4520 2017 4574; x_wconf 84' lang='lat' dir='ltr'><strong>fiducia-</strong></span> 
     </span>
    </p>
   </div>
   <div class='ocr_carea' id='block_1_75' title="bbox 2617 3357 3206 3418">
    <p class='ocr_par' dir='ltr' id='par_1_75' title="bbox 2617 3357 3206 3418">
     <span class='ocr_line' id='line_1_75' title="bbox 2617 3357 3206 3418; baseline 0.01 -6"><span class='ocrx_word' id='word_1_613' title='bbox 2617 3357 2689 3413; x_wconf 83' lang='grc' dir='ltr'><strong>ΙΝ</strong></span> <span class='ocrx_word' id='word_1_614' title='bbox 2723 3357 3056 3416; x_wconf 82' lang='lat' dir='ltr'><strong>PSALMUM</strong></span> <span class='ocrx_word' id='word_1_615' title='bbox 3093 3360 3206 3418; x_wconf 85' lang='lat' dir='ltr'><strong>XII.</strong></span> 
     </span>
    </p>
   </div>
   <div class='ocr_carea' id='block_1_76' title="bbox 2389 3482 3450 3556">
    <p class='ocr_par' dir='ltr' id='par_1_76' title="bbox 2389 3482 3450 3556">
     <span class='ocr_line' id='line_1_76' title="bbox 2389 3482 3450 3556; baseline 0.008 -18"><span class='ocrx_word' id='word_1_616' title='bbox 2389 3482 2630 3540; x_wconf 81' lang='lat' dir='ltr'><strong>Trruws</strong></span> <span class='ocrx_word' id='word_1_617' title='bbox 2657 3503 2669 3539; x_wconf 94' lang='lat'><strong>:</strong></span> <span class='ocrx_word' id='word_1_618' title='bbox 2710 3485 2778 3541; x_wconf 84' lang='lat' dir='ltr'><strong>In</strong></span> <span class='ocrx_word' id='word_1_619' title='bbox 2807 3487 2964 3556; x_wconf 78' lang='lat' dir='ltr'><strong>finem</strong></span> <span class='ocrx_word' id='word_1_620' title='bbox 2995 3489 3228 3556; x_wconf 79' lang='lat' dir='ltr'><strong>psalmus</strong></span> <span class='ocrx_word' id='word_1_621' title='bbox 3256 3491 3450 3548; x_wconf 83' lang='lat' dir='ltr'><strong>David.</strong></span> 
     </span>
    </p>
   </div>
   <div class='ocr_carea' id='block_1_77' title="bbox 2200 3612 3719 3684">
    <p class='ocr_par' dir='ltr' id='par_1_77' title="bbox 2200 3612 3719 3684">
     <span class='ocr_line' id='line_1_77' title="bbox 2200 3612 3719 3684; baseline 0.01 -18"><span class='ocrx_word' id='word_1_622' title='bbox 2200 3632 2216 3663; x_wconf 87' lang='grc'><strong>‹</strong></span> <span class='ocrx_word' id='word_1_623' title='bbox 2254 3612 2567 3684; x_wconf 87' lang='lat' dir='ltr'><strong>Usquequo,</strong></span> <span class='ocrx_word' id='word_1_624' title='bbox 2599 3613 2842 3672; x_wconf 90' lang='lat' dir='ltr'><strong>Domine.</strong></span> <span class='ocrx_word' id='word_1_625' title='bbox 2875 3637 2892 3668; x_wconf 78' lang='grc' dir='ltr'><strong>ι</strong></span> <span class='ocrx_word' id='word_1_626' title='bbox 2927 3617 3173 3676; x_wconf 89' lang='lat' dir='ltr'><strong>Psalmus</strong></span> <span class='ocrx_word' id='word_1_627' title='bbox 3199 3621 3301 3678; x_wconf 87' lang='lat' dir='ltr'><strong>iste</strong></span> <span class='ocrx_word' id='word_1_628' title='bbox 3326 3625 3583 3679; x_wconf 77' lang='lat' dir='ltr'><strong>convenit</strong></span> <span class='ocrx_word' id='word_1_629' title='bbox 3615 3625 3719 3681; x_wconf 82' lang='lat' dir='ltr'><strong>Da-</strong></span> 
     </span>
    </p>
   </div>
   <div class='ocr_carea' id='block_1_78' title="bbox 2122 3703 3719 3783">
    <p class='ocr_par' dir='ltr' id='par_1_78' title="bbox 2122 3703 3719 3783">
     <span class='ocr_line' id='line_1_78' title="bbox 2122 3703 3719 3783; baseline 0.01 -25"><span class='ocrx_word' id='word_1_630' title='bbox 2122 3703 2210 3758; x_wconf 86' lang='lat' dir='ltr'><strong>vid</strong></span> <span class='ocrx_word' id='word_1_631' title='bbox 2242 3705 2515 3775; x_wconf 74' lang='lat' dir='ltr'><strong>prophetae</strong></span> <span class='ocrx_word' id='word_1_632' title='bbox 2539 3707 2633 3776; x_wconf 89' lang='lat' dir='ltr'><strong>qui</strong></span> <span class='ocrx_word' id='word_1_633' title='bbox 2659 3708 2748 3763; x_wconf 94' lang='lat' dir='ltr'><strong>hic</strong></span> <span class='ocrx_word' id='word_1_634' title='bbox 2769 3708 3010 3779; x_wconf 92' lang='lat' dir='ltr'><strong>loquitur</strong></span> <span class='ocrx_word' id='word_1_635' title='bbox 3036 3729 3047 3766; x_wconf 91' lang='lat'><strong>:</strong></span> <span class='ocrx_word' id='word_1_636' title='bbox 3078 3711 3325 3770; x_wconf 88' lang='lat' dir='ltr'><strong>Psalmus</strong></span> <span class='ocrx_word' id='word_1_637' title='bbox 3344 3715 3488 3783; x_wconf 89' lang='lat' dir='ltr'><strong>dico,</strong></span> <span class='ocrx_word' id='word_1_638' title='bbox 3515 3719 3719 3774; x_wconf 90' lang='lat' dir='ltr'><strong>ducens</strong></span> 
     </span>
    </p>
   </div>
   <div class='ocr_carea' id='block_1_79' title="bbox 2125 3797 3712 3869">
    <p class='ocr_par' dir='ltr' id='par_1_79' title="bbox 2125 3797 3712 3869">
     <span class='ocr_line' id='line_1_79' title="bbox 2125 3797 3712 3869; baseline 0.011 -17"><span class='ocrx_word' id='word_1_639' title='bbox 2125 3797 2178 3852; x_wconf 92' lang='lat' dir='ltr'><strong>in</strong></span> <span class='ocrx_word' id='word_1_640' title='bbox 2209 3797 2400 3863; x_wconf 85' lang='lat' dir='ltr'><strong>ﬁnem,</strong></span> <span class='ocrx_word' id='word_1_641' title='bbox 2438 3800 2494 3854; x_wconf 94' lang='lat' dir='ltr'><strong>id</strong></span> <span class='ocrx_word' id='word_1_642' title='bbox 2539 3810 2622 3855; x_wconf 83' lang='lat' dir='ltr'><strong>est</strong></span> <span class='ocrx_word' id='word_1_643' title='bbox 2660 3801 2713 3855; x_wconf 92' lang='lat' dir='ltr'><strong>in</strong></span> <span class='ocrx_word' id='word_1_644' title='bbox 2753 3802 3050 3860; x_wconf 88' lang='lat' dir='ltr'><strong>Christum.</strong></span> <span class='ocrx_word' id='word_1_645' title='bbox 3081 3806 3314 3864; x_wconf 88' lang='lat' dir='ltr'><strong>lntendit</strong></span> <span class='ocrx_word' id='word_1_646' title='bbox 3345 3813 3492 3866; x_wconf 91' lang='lat' dir='ltr'><strong>enim</strong></span> <span class='ocrx_word' id='word_1_647' title='bbox 3523 3813 3576 3866; x_wconf 90' lang='lat' dir='ltr'><strong>in</strong></span> <span class='ocrx_word' id='word_1_648' title='bbox 3606 3814 3712 3869; x_wconf 90' lang='lat' dir='ltr'><strong>hoc</strong></span> 
     </span>
    </p>
   </div>
   <div class='ocr_carea' id='block_1_80' title="bbox 2119 3888 3712 3960">
    <p class='ocr_par' dir='ltr' id='par_1_80' title="bbox 2119 3888 3712 3960">
     <span class='ocr_line' id='line_1_80' title="bbox 2119 3888 3712 3960; baseline 0.011 -17"><span class='ocrx_word' id='word_1_649' title='bbox 2119 3888 2330 3958; x_wconf 89' lang='lat' dir='ltr'><strong>psalmo</strong></span> <span class='ocrx_word' id='word_1_650' title='bbox 2357 3905 2457 3945; x_wconf 92' lang='lat' dir='ltr'><strong>nos</strong></span> <span class='ocrx_word' id='word_1_651' title='bbox 2480 3891 2548 3945; x_wconf 90' lang='lat' dir='ltr'><strong>ad</strong></span> <span class='ocrx_word' id='word_1_652' title='bbox 2574 3890 2777 3948; x_wconf 90' lang='lat' dir='ltr'><strong>Christi</strong></span> <span class='ocrx_word' id='word_1_653' title='bbox 2804 3896 3123 3953; x_wconf 88' lang='lat' dir='ltr'><strong>charitatem</strong></span> <span class='ocrx_word' id='word_1_654' title='bbox 3154 3899 3386 3958; x_wconf 88' lang='lat' dir='ltr'><strong>invitare</strong></span> <span class='ocrx_word' id='word_1_655' title='bbox 3412 3919 3512 3960; x_wconf 91' lang='lat' dir='ltr'><strong>suo</strong></span> <span class='ocrx_word' id='word_1_656' title='bbox 3532 3919 3712 3960; x_wconf 78' lang='lat' dir='ltr'><strong>exem-</strong></span> 
     </span>
    </p>
   </div>
   <div class='ocr_carea' id='block_1_81' title="bbox 2117 3983 3717 4066">
    <p class='ocr_par' dir='ltr' id='par_1_81' title="bbox 2117 3983 3717 4066">
     <span class='ocr_line' id='line_1_81' title="bbox 2117 3983 3717 4066; baseline 0.013 -31"><span class='ocrx_word' id='word_1_657' title='bbox 2117 3983 2228 4052; x_wconf 85' lang='lat' dir='ltr'><strong>plo.</strong></span> <span class='ocrx_word' id='word_1_658' title='bbox 2262 3983 2486 4040; x_wconf 84' lang='lat' dir='ltr'><strong>Materia</strong></span> <span class='ocrx_word' id='word_1_659' title='bbox 2527 3994 2612 4040; x_wconf 90' lang='lat' dir='ltr'><strong>est</strong></span> <span class='ocrx_word' id='word_1_660' title='bbox 2641 3987 2754 4058; x_wconf 86' lang='lat' dir='ltr'><strong>ipse</strong></span> <span class='ocrx_word' id='word_1_661' title='bbox 2783 3990 2981 4057; x_wconf 91' lang='lat' dir='ltr'><strong>David,</strong></span> <span class='ocrx_word' id='word_1_662' title='bbox 3023 4001 3077 4048; x_wconf 95' lang='lat' dir='ltr'><strong>et</strong></span> <span class='ocrx_word' id='word_1_663' title='bbox 3106 3993 3195 4049; x_wconf 87' lang='lat' dir='ltr'><strong>alii</strong></span> <span class='ocrx_word' id='word_1_664' title='bbox 3240 3996 3340 4051; x_wconf 92' lang='lat' dir='ltr'><strong>sibi</strong></span> <span class='ocrx_word' id='word_1_665' title='bbox 3373 3998 3608 4066; x_wconf 84' lang='lat' dir='ltr'><strong>similes,</strong></span> <span class='ocrx_word' id='word_1_666' title='bbox 3649 4001 3717 4056; x_wconf 87' lang='lat' dir='ltr'><strong>de</strong></span> 
     </span>
    </p>
   </div>
   <div class='ocr_carea' id='block_1_82' title="bbox 2119 4077 3719 4158">
    <p class='ocr_par' dir='ltr' id='par_1_82' title="bbox 2119 4077 3719 4158">
     <span class='ocr_line' id='line_1_82' title="bbox 2119 4077 3719 4158; baseline 0.013 -29"><span class='ocrx_word' id='word_1_667' title='bbox 2119 4092 2226 4146; x_wconf 91' lang='lat' dir='ltr'><strong>qua</strong></span> <span class='ocrx_word' id='word_1_668' title='bbox 2259 4077 2361 4132; x_wconf 91' lang='lat' dir='ltr'><strong>hoc</strong></span> <span class='ocrx_word' id='word_1_669' title='bbox 2387 4077 2548 4134; x_wconf 91' lang='lat' dir='ltr'><strong>modo</strong></span> <span class='ocrx_word' id='word_1_670' title='bbox 2572 4080 2718 4152; x_wconf 89' lang='lat' dir='ltr'><strong>agit:</strong></span> <span class='ocrx_word' id='word_1_671' title='bbox 2760 4083 2914 4153; x_wconf 90' lang='lat' dir='ltr'><strong>ponit</strong></span> <span class='ocrx_word' id='word_1_672' title='bbox 2951 4100 3008 4140; x_wconf 90' lang='lat' dir='ltr'><strong>se</strong></span> <span class='ocrx_word' id='word_1_673' title='bbox 3041 4098 3463 4158; x_wconf 87' lang='lat' dir='ltr'><strong>conquerentem</strong></span> <span class='ocrx_word' id='word_1_674' title='bbox 3489 4092 3556 4148; x_wconf 91' lang='lat' dir='ltr'><strong>de</strong></span> <span class='ocrx_word' id='word_1_675' title='bbox 3581 4093 3687 4148; x_wconf 89' lang='lat' dir='ltr'><strong>dila</strong></span> <span class='ocrx_word' id='word_1_676' title='bbox 3706 4125 3719 4135; x_wconf 88' lang='lat'><strong>-</strong></span> 
     </span>
    </p>
   </div>
   <div class='ocr_carea' id='block_1_83' title="bbox 2119 4165 3718 4250">
    <p class='ocr_par' dir='ltr' id='par_1_83' title="bbox 2119 4165 3718 4250">
     <span class='ocr_line' id='line_1_83' title="bbox 2119 4165 3718 4250; baseline 0.013 -30"><span class='ocrx_word' id='word_1_677' title='bbox 2119 4165 2267 4221; x_wconf 90' lang='lat' dir='ltr'><strong>tione</strong></span> <span class='ocrx_word' id='word_1_678' title='bbox 2313 4167 2574 4224; x_wconf 80' lang='lat' dir='ltr'><strong>adventus</strong></span> <span class='ocrx_word' id='word_1_679' title='bbox 2620 4169 2862 4227; x_wconf 88' lang='lat' dir='ltr'><strong>Christi:</strong></span> <span class='ocrx_word' id='word_1_680' title='bbox 2902 4176 3054 4244; x_wconf 91' lang='lat' dir='ltr'><strong>ponit</strong></span> <span class='ocrx_word' id='word_1_681' title='bbox 3095 4177 3259 4232; x_wconf 90' lang='lat' dir='ltr'><strong>etiam</strong></span> <span class='ocrx_word' id='word_1_682' title='bbox 3292 4181 3613 4250; x_wconf 89' lang='lat' dir='ltr'><strong>petitionem</strong></span> <span class='ocrx_word' id='word_1_683' title='bbox 3660 4195 3718 4240; x_wconf 92' lang='lat' dir='ltr'><strong>nt</strong></span> 
     </span>
    </p>
   </div>
   <div class='ocr_carea' id='block_1_84' title="bbox 2119 4253 3716 4339">
    <p class='ocr_par' dir='ltr' id='par_1_84' title="bbox 2119 4253 3716 4339">
     <span class='ocr_line' id='line_1_84' title="bbox 2119 4253 3716 4339; baseline 0.014 -30"><span class='ocrx_word' id='word_1_684' title='bbox 2119 4255 2227 4311; x_wconf 91' lang='lat' dir='ltr'><strong>cito</strong></span> <span class='ocrx_word' id='word_1_685' title='bbox 2256 4256 2459 4312; x_wconf 85' lang='lat' dir='ltr'><strong>veniat.</strong></span> <span class='ocrx_word' id='word_1_686' title='bbox 2491 4257 2550 4313; x_wconf 89' lang='lat' dir='ltr'><strong>In</strong></span> <span class='ocrx_word' id='word_1_687' title='bbox 2577 4259 2771 4317; x_wconf 90' lang='lat' dir='ltr'><strong>ultimo</strong></span> <span class='ocrx_word' id='word_1_688' title='bbox 2798 4264 2950 4332; x_wconf 90' lang='lat' dir='ltr'><strong>ponit</strong></span> <span class='ocrx_word' id='word_1_689' title='bbox 2977 4281 3036 4321; x_wconf 89' lang='lat' dir='ltr'><strong>se</strong></span> <span class='ocrx_word' id='word_1_690' title='bbox 3073 4253 3346 4337; x_wconf 70' lang='lat' dir='ltr'><strong>patienter</strong></span> <span class='ocrx_word' id='word_1_691' title='bbox 3372 4270 3518 4327; x_wconf 90' lang='lat' dir='ltr'><strong>ferre</strong></span> <span class='ocrx_word' id='word_1_692' title='bbox 3539 4315 3553 4339; x_wconf 92' lang='lat'><strong>,</strong></span> <span class='ocrx_word' id='word_1_693' title='bbox 3582 4276 3628 4330; x_wconf 92' lang='lat' dir='ltr'><strong>si</strong></span> <span class='ocrx_word' id='word_1_694' title='bbox 3662 4277 3716 4331; x_wconf 88' lang='lat' dir='ltr'><strong>in</strong></span> 
     </span>
    </p>
   </div>
   <div class='ocr_carea' id='block_1_85' title="bbox 2119 4352 3716 4436">
    <p class='ocr_par' dir='ltr' id='par_1_85' title="bbox 2119 4352 3716 4436">
     <span class='ocr_line' id='line_1_85' title="bbox 2119 4352 3716 4436; baseline 0.014 -37"><span class='ocrx_word' id='word_1_695' title='bbox 2119 4353 2364 4417; x_wconf 88' lang='lat' dir='ltr'><strong>tempore</strong></span> <span class='ocrx_word' id='word_1_696' title='bbox 2390 4363 2488 4404; x_wconf 90' lang='lat' dir='ltr'><strong>suo</strong></span> <span class='ocrx_word' id='word_1_697' title='bbox 2515 4364 2622 4405; x_wconf 92' lang='lat' dir='ltr'><strong>non</strong></span> <span class='ocrx_word' id='word_1_698' title='bbox 2653 4352 2837 4407; x_wconf 91' lang='lat' dir='ltr'><strong>veniat</strong></span> <span class='ocrx_word' id='word_1_699' title='bbox 2862 4373 2874 4407; x_wconf 92' lang='lat'><strong>:</strong></span> <span class='ocrx_word' id='word_1_700' title='bbox 2908 4363 2964 4409; x_wconf 87' lang='lat' dir='ltr'><strong>et</strong></span> <span class='ocrx_word' id='word_1_701' title='bbox 2987 4371 3016 4410; x_wconf 90' lang='lat' dir='ltr'><strong>a</strong></span> <span class='ocrx_word' id='word_1_702' title='bbox 3047 4358 3330 4427; x_wconf 87' lang='lat' dir='ltr'><strong>questione</strong></span> <span class='ocrx_word' id='word_1_703' title='bbox 3365 4362 3443 4417; x_wconf 88' lang='lat' dir='ltr'><strong>sic</strong></span> <span class='ocrx_word' id='word_1_704' title='bbox 3483 4363 3716 4436; x_wconf 90' lang='lat' dir='ltr'><strong>incipit:</strong></span> 
     </span>
    </p>
   </div>
   <div class='ocr_carea' id='block_1_86' title="bbox 2196 4439 3719 4515">
    <p class='ocr_par' dir='ltr' id='par_1_86' title="bbox 2196 4439 3719 4515">
     <span class='ocr_line' id='line_1_86' title="bbox 2196 4439 3719 4515; baseline 0.017 -25"><span class='ocrx_word' id='word_1_705' title='bbox 2196 4455 2215 4489; x_wconf 86' lang='grc'><em>‹</em></span> <span class='ocrx_word' id='word_1_706' title='bbox 2250 4439 2509 4508; x_wconf 89' lang='lat' dir='ltr'><strong>Domine,</strong></span> <span class='ocrx_word' id='word_1_707' title='bbox 2541 4450 2600 4497; x_wconf 89' lang='lat' dir='ltr'><strong>tu</strong></span> <span class='ocrx_word' id='word_1_708' title='bbox 2629 4443 2970 4502; x_wconf 88' lang='lat' dir='ltr'><strong>Oblivisceris</strong></span> <span class='ocrx_word' id='word_1_709' title='bbox 3002 4465 3108 4506; x_wconf 90' lang='lat' dir='ltr'><strong>me.</strong></span> <span class='ocrx_word' id='word_1_710' title='bbox 3148 4470 3166 4504; x_wconf 73' lang='grc' dir='ltr'><strong>ι</strong></span> <span class='ocrx_word' id='word_1_711' title='bbox 3207 4451 3418 4510; x_wconf 88' lang='lat' dir='ltr'><strong>Oblitus</strong></span> <span class='ocrx_word' id='word_1_712' title='bbox 3443 4456 3590 4513; x_wconf 91' lang='lat' dir='ltr'><strong>Deus</strong></span> <span class='ocrx_word' id='word_1_713' title='bbox 3623 4461 3719 4515; x_wconf 77' lang='lat' dir='ltr'><strong>lio-</strong></span> 
     </span>
    </p>
   </div>
   <div class='ocr_carea' id='block_1_87' title="bbox 2121 4529 3715 4621">
    <p class='ocr_par' dir='ltr' id='par_1_87' title="bbox 2121 4529 3715 4621">
     <span class='ocr_line' id='line_1_87' title="bbox 2121 4529 3715 4621; baseline 0.015 -39"><span class='ocrx_word' id='word_1_714' title='bbox 2121 4529 2325 4585; x_wconf 79' lang='lat' dir='ltr'><strong>mitium</strong></span> <span class='ocrx_word' id='word_1_715' title='bbox 2363 4542 2488 4589; x_wconf 90' lang='lat' dir='ltr'><strong>ante</strong></span> <span class='ocrx_word' id='word_1_716' title='bbox 2532 4533 2824 4592; x_wconf 87' lang='lat' dir='ltr'><strong>adventum</strong></span> <span class='ocrx_word' id='word_1_717' title='bbox 2865 4540 3068 4596; x_wconf 87' lang='lat' dir='ltr'><strong>Christi</strong></span> <span class='ocrx_word' id='word_1_718' title='bbox 3111 4541 3281 4600; x_wconf 90' lang='lat' dir='ltr'><strong>fuisse</strong></span> <span class='ocrx_word' id='word_1_719' title='bbox 3322 4547 3541 4614; x_wconf 91' lang='lat' dir='ltr'><strong>dicitur,</strong></span> <span class='ocrx_word' id='word_1_720' title='bbox 3588 4554 3715 4621; x_wconf 77' lang='lat' dir='ltr'><strong>quia</strong></span> 
     </span>
    </p>
   </div>
   <div class='ocr_carea' id='block_1_88' title="bbox 438 4609 3716 4711">
    <p class='ocr_par' dir='ltr' id='par_1_88' title="bbox 438 4609 3716 4711">
     <span class='ocr_line' id='line_1_88' title="bbox 438 4609 3716 4711; baseline 0.011 -52"><span class='ocrx_word' id='word_1_721' title='bbox 438 4629 456 4659; x_wconf 85' lang='grc'><em>‹</em></span> <span class='ocrx_word' id='word_1_722' title='bbox 492 4609 634 4676; x_wconf 87' lang='lat' dir='ltr'><strong>liter,</strong></span> <span class='ocrx_word' id='word_1_723' title='bbox 668 4630 686 4662; x_wconf 71' lang='grc' dir='ltr'><strong>ι</strong></span> <span class='ocrx_word' id='word_1_724' title='bbox 721 4625 828 4665; x_wconf 92' lang='lat' dir='ltr'><strong>non</strong></span> <span class='ocrx_word' id='word_1_725' title='bbox 855 4610 1074 4676; x_wconf 68' lang='lat' dir='ltr'><strong>timide,</strong></span> <span class='ocrx_word' id='word_1_726' title='bbox 1116 4611 1256 4667; x_wconf 66' lang='lat' dir='ltr'><strong>Sicut</strong></span> <span class='ocrx_word' id='word_1_727' title='bbox 1292 4627 1390 4683; x_wconf 73' lang='lat' dir='ltr'><strong>pel“</strong></span> <span class='ocrx_word' id='word_1_728' title='bbox 1414 4627 1622 4676; x_wconf 67' lang='lat' dir='ltr'><strong>Servos,</strong></span> <span class='ocrx_word' id='word_1_729' title='bbox 1662 4611 1755 4666; x_wconf 71' lang='lat' dir='ltr'><strong>Sed</strong></span> <span class='ocrx_word' id='word_1_730' title='bbox 1780 4619 2017 4680; x_wconf 66' lang='lat' dir='ltr'><strong>POIBSla-</strong></span> <span class='ocrx_word' id='word_1_731' title='bbox 2046 4649 2096 4711; x_wconf 69' lang='grc' dir='ltr'><strong><em>Β</em></strong></span> <span class='ocrx_word' id='word_1_732' title='bbox 2123 4631 2248 4678; x_wconf 88' lang='lat' dir='ltr'><strong>ante</strong></span> <span class='ocrx_word' id='word_1_733' title='bbox 2275 4639 2399 4679; x_wconf 91' lang='lat' dir='ltr'><strong>eum</strong></span> <span class='ocrx_word' id='word_1_734' title='bbox 2423 4625 2601 4681; x_wconf 89' lang='lat' dir='ltr'><strong>nullus</strong></span> <span class='ocrx_word' id='word_1_735' title='bbox 2623 4628 2675 4682; x_wconf 90' lang='lat' dir='ltr'><strong>in</strong></span> <span class='ocrx_word' id='word_1_736' title='bbox 2693 4630 3004 4698; x_wconf 89' lang='lat' dir='ltr'><strong>paradisum</strong></span> <span class='ocrx_word' id='word_1_737' title='bbox 3027 4633 3409 4702; x_wconf 87' lang='lat' dir='ltr'><strong>deducebatur,</strong></span> <span class='ocrx_word' id='word_1_738' title='bbox 3429 4609 3716 4696; x_wconf 80' lang='lat' dir='ltr'><strong>sedctiam</strong></span> 
     </span>
    </p>
   </div>
   <div class='ocr_carea' id='block_1_89' title="bbox 433 4703 2019 4779">
    <p class='ocr_par' dir='ltr' id='par_1_89' title="bbox 433 4703 2019 4779">
     <span class='ocr_line' id='line_1_89' title="bbox 433 4703 2019 4779; baseline 0.003 -21"><span class='ocrx_word' id='word_1_739' title='bbox 433 4703 542 4759; x_wconf 88' lang='lat' dir='ltr'><strong>tive</strong></span> <span class='ocrx_word' id='word_1_740' title='bbox 571 4723 582 4757; x_wconf 90' lang='lat'><strong>:</strong></span> <span class='ocrx_word' id='word_1_741' title='bbox 625 4706 764 4760; x_wconf 89' lang='lat' dir='ltr'><strong>sicut</strong></span> <span class='ocrx_word' id='word_1_742' title='bbox 791 4705 1118 4776; x_wconf 91' lang='lat' dir='ltr'><strong>completum</strong></span> <span class='ocrx_word' id='word_1_743' title='bbox 1143 4715 1248 4774; x_wconf 87' lang='lat' dir='ltr'><strong>est,</strong></span> <span class='ocrx_word' id='word_1_744' title='bbox 1275 4709 1493 4779; x_wconf 90' lang='lat' dir='ltr'><strong>quando</strong></span> <span class='ocrx_word' id='word_1_745' title='bbox 1520 4708 1634 4779; x_wconf 91' lang='lat' dir='ltr'><strong>ipse</strong></span> <span class='ocrx_word' id='word_1_746' title='bbox 1660 4708 1819 4779; x_wconf 89' lang='lat' dir='ltr'><strong>ejecit</strong></span> <span class='ocrx_word' id='word_1_747' title='bbox 1847 4708 2019 4764; x_wconf 90' lang='lat' dir='ltr'><strong>homi-</strong></span> 
     </span>
    </p>
   </div>
   <div class='ocr_carea' id='block_1_90' title="bbox 431 4797 1266 4873">
    <p class='ocr_par' dir='ltr' id='par_1_90' title="bbox 431 4797 1266 4873">
     <span class='ocr_line' id='line_1_90' title="bbox 431 4797 1266 4873; baseline 0.006 -23"><span class='ocrx_word' id='word_1_748' title='bbox 431 4811 528 4851; x_wconf 87' lang='lat' dir='ltr'><strong>nes</strong></span> <span class='ocrx_word' id='word_1_749' title='bbox 555 4797 620 4851; x_wconf 89' lang='lat' dir='ltr'><strong>de</strong></span> <span class='ocrx_word' id='word_1_750' title='bbox 654 4797 851 4868; x_wconf 91' lang='lat' dir='ltr'><strong>templo</strong></span> <span class='ocrx_word' id='word_1_751' title='bbox 879 4797 1096 4868; x_wconf 80' lang='lat' dir='ltr'><strong>(Matth.</strong></span> <span class='ocrx_word' id='word_1_752' title='bbox 1127 4801 1266 4873; x_wconf 70' lang='lat' dir='ltr'><strong>xxx).</strong></span> 
     </span>
    </p>
   </div>
   <div class='ocr_carea' id='block_1_91' title="bbox 509 4887 2018 4963">
    <p class='ocr_par' dir='ltr' id='par_1_91' title="bbox 509 4887 2018 4963">
     <span class='ocr_line' id='line_1_91' title="bbox 509 4887 2018 4963; baseline 0.005 -23"><span class='ocrx_word' id='word_1_753' title='bbox 509 4905 526 4938; x_wconf 84' lang='grc'>‹</span> <span class='ocrx_word' id='word_1_754' title='bbox 566 4887 912 4944; x_wconf 80' lang='lat' dir='ltr'><strong>Fiducialiter</strong></span> <span class='ocrx_word' id='word_1_755' title='bbox 937 4907 1094 4963; x_wconf 89' lang='lat' dir='ltr'><strong>agam</strong></span> <span class='ocrx_word' id='word_1_756' title='bbox 1118 4893 1172 4948; x_wconf 92' lang='lat' dir='ltr'><strong>in</strong></span> <span class='ocrx_word' id='word_1_757' title='bbox 1198 4908 1264 4948; x_wconf 93' lang='lat' dir='ltr'><strong>eo</strong></span> <span class='ocrx_word' id='word_1_758' title='bbox 1295 4913 1314 4944; x_wconf 74' lang='grc' dir='ltr'><strong>ι</strong></span> <span class='ocrx_word' id='word_1_759' title='bbox 1350 4901 1404 4948; x_wconf 84' lang='grc' dir='ltr'><strong>ει</strong></span> <span class='ocrx_word' id='word_1_760' title='bbox 1431 4893 1570 4949; x_wconf 90' lang='lat' dir='ltr'><strong>bene</strong></span> <span class='ocrx_word' id='word_1_761' title='bbox 1598 4894 1702 4948; x_wconf 90' lang='lat' dir='ltr'><strong>hoc</strong></span> <span class='ocrx_word' id='word_1_762' title='bbox 1727 4902 1917 4963; x_wconf 90' lang='lat' dir='ltr'><strong>potero</strong></span> <span class='ocrx_word' id='word_1_763' title='bbox 1938 4893 2018 4948; x_wconf 85' lang='lat' dir='ltr'><strong>fa-</strong></span> 
     </span>
    </p>
   </div>
   <div class='ocr_carea' id='block_1_92' title="bbox 431 4982 2010 5058">
    <p class='ocr_par' dir='ltr' id='par_1_92' title="bbox 431 4982 2010 5058">
     <span class='ocr_line' id='line_1_92' title="bbox 431 4982 2010 5058; baseline 0.004 -24"><span class='ocrx_word' id='word_1_764' title='bbox 431 4995 573 5048; x_wconf 89' lang='lat' dir='ltr'><strong>cere,</strong></span> <span class='ocrx_word' id='word_1_765' title='bbox 606 4982 731 5051; x_wconf 89' lang='lat' dir='ltr'><strong>quia</strong></span> <span class='ocrx_word' id='word_1_766' title='bbox 761 5003 779 5034; x_wconf 73' lang='grc' dir='ltr'><strong>ι</strong></span> <span class='ocrx_word' id='word_1_767' title='bbox 815 4982 1026 5054; x_wconf 89' lang='lat' dir='ltr'><strong>eloquia</strong></span> <span class='ocrx_word' id='word_1_768' title='bbox 1056 4985 1198 5041; x_wconf 89' lang='lat' dir='ltr'><strong>illius</strong></span> <span class='ocrx_word' id='word_1_769' title='bbox 1227 4985 1438 5041; x_wconf 92' lang='lat' dir='ltr'><strong>Domini</strong></span> <span class='ocrx_word' id='word_1_770' title='bbox 1467 5006 1485 5038; x_wconf 75' lang='grc' dir='ltr'><strong>ι</strong></span> <span class='ocrx_word' id='word_1_771' title='bbox 1515 4995 1640 5040; x_wconf 91' lang='lat' dir='ltr'><strong>sunt</strong></span> <span class='ocrx_word' id='word_1_772' title='bbox 1671 5005 1688 5036; x_wconf 77' lang='grc' dir='ltr'><strong>ι</strong></span> <span class='ocrx_word' id='word_1_773' title='bbox 1717 4986 1951 5058; x_wconf 86' lang='lat' dir='ltr'><strong>eloquia,</strong></span> <span class='ocrx_word' id='word_1_774' title='bbox 1991 5008 2010 5041; x_wconf 75' lang='grc' dir='ltr'><strong>ι</strong></span> 
     </span>
    </p>
   </div>
   <div class='ocr_carea' id='block_1_93' title="bbox 431 5071 2018 5146">
    <p class='ocr_par' dir='ltr' id='par_1_93' title="bbox 431 5071 2018 5146">
     <span class='ocr_line' id='line_1_93' title="bbox 431 5071 2018 5146; baseline 0.004 -19"><span class='ocrx_word' id='word_1_775' title='bbox 431 5071 486 5128; x_wconf 91' lang='lat' dir='ltr'><strong>id</strong></span> <span class='ocrx_word' id='word_1_776' title='bbox 512 5081 596 5128; x_wconf 91' lang='lat' dir='ltr'><strong>est</strong></span> <span class='ocrx_word' id='word_1_777' title='bbox 627 5075 809 5146; x_wconf 88' lang='lat' dir='ltr'><strong>magni</strong></span> <span class='ocrx_word' id='word_1_778' title='bbox 835 5077 1108 5145; x_wconf 89' lang='lat' dir='ltr'><strong>ponderis,</strong></span> <span class='ocrx_word' id='word_1_779' title='bbox 1143 5078 1285 5132; x_wconf 88' lang='lat' dir='ltr'><strong>sicut</strong></span> <span class='ocrx_word' id='word_1_780' title='bbox 1321 5075 1520 5131; x_wconf 88' lang='lat' dir='ltr'><strong>dicitur</strong></span> <span class='ocrx_word' id='word_1_781' title='bbox 1544 5095 1557 5130; x_wconf 90' lang='lat'><strong>:</strong></span> <span class='ocrx_word' id='word_1_782' title='bbox 1586 5075 1684 5130; x_wconf 88' lang='lat' dir='ltr'><strong>llic</strong></span> <span class='ocrx_word' id='word_1_783' title='bbox 1710 5077 1794 5131; x_wconf 92' lang='lat' dir='ltr'><strong>vir</strong></span> <span class='ocrx_word' id='word_1_784' title='bbox 1822 5087 1923 5143; x_wconf 89' lang='lat' dir='ltr'><strong>est,</strong></span> <span class='ocrx_word' id='word_1_785' title='bbox 1963 5079 2018 5134; x_wconf 93' lang='lat' dir='ltr'><strong>id</strong></span> 
     </span>
    </p>
   </div>
   <div class='ocr_carea' id='block_1_94' title="bbox 431 5168 2016 5240">
    <p class='ocr_par' dir='ltr' id='par_1_94' title="bbox 431 5168 2016 5240">
     <span class='ocr_line' id='line_1_94' title="bbox 431 5168 2016 5240; baseline 0.003 -19"><span class='ocrx_word' id='word_1_786' title='bbox 431 5174 514 5221; x_wconf 90' lang='lat' dir='ltr'><strong>est</strong></span> <span class='ocrx_word' id='word_1_787' title='bbox 553 5168 856 5224; x_wconf 82' lang='lat' dir='ltr'><strong>maximus:</strong></span> <span class='ocrx_word' id='word_1_788' title='bbox 887 5179 944 5225; x_wconf 91' lang='lat' dir='ltr'><strong>et</strong></span> <span class='ocrx_word' id='word_1_789' title='bbox 969 5179 1097 5225; x_wconf 91' lang='lat' dir='ltr'><strong>sunt</strong></span> <span class='ocrx_word' id='word_1_790' title='bbox 1138 5189 1157 5222; x_wconf 72' lang='grc' dir='ltr'><strong>ι</strong></span> <span class='ocrx_word' id='word_1_791' title='bbox 1199 5177 1387 5235; x_wconf 91' lang='lat' dir='ltr'><strong>casta,</strong></span> <span class='ocrx_word' id='word_1_792' title='bbox 1420 5189 1439 5222; x_wconf 76' lang='grc' dir='ltr'><strong>ι</strong></span> <span class='ocrx_word' id='word_1_793' title='bbox 1476 5169 1530 5223; x_wconf 93' lang='lat' dir='ltr'><strong>id</strong></span> <span class='ocrx_word' id='word_1_794' title='bbox 1558 5177 1643 5225; x_wconf 89' lang='lat' dir='ltr'><strong>est</strong></span> <span class='ocrx_word' id='word_1_795' title='bbox 1678 5171 1796 5226; x_wconf 91' lang='lat' dir='ltr'><strong>sine</strong></span> <span class='ocrx_word' id='word_1_796' title='bbox 1837 5170 2016 5240; x_wconf 89' lang='lat' dir='ltr'><strong>aliqua</strong></span> 
     </span>
    </p>
   </div>
   <div class='ocr_carea' id='block_1_95' title="bbox 433 5259 2017 5333">
    <p class='ocr_par' dir='ltr' id='par_1_95' title="bbox 433 5259 2017 5333">
     <span class='ocr_line' id='line_1_95' title="bbox 433 5259 2017 5333; baseline 0.003 -21"><span class='ocrx_word' id='word_1_797' title='bbox 433 5259 767 5316; x_wconf 78' lang='lat' dir='ltr'><strong>admixtione</strong></span> <span class='ocrx_word' id='word_1_798' title='bbox 807 5260 1099 5318; x_wconf 78' lang='lat' dir='ltr'><strong>falsitatis:</strong></span> <span class='ocrx_word' id='word_1_799' title='bbox 1139 5270 1196 5317; x_wconf 89' lang='lat' dir='ltr'><strong>et</strong></span> <span class='ocrx_word' id='word_1_800' title='bbox 1239 5269 1366 5317; x_wconf 91' lang='lat' dir='ltr'><strong>sunt</strong></span> <span class='ocrx_word' id='word_1_801' title='bbox 1399 5279 1417 5312; x_wconf 76' lang='grc' dir='ltr'><strong>ι</strong></span> <span class='ocrx_word' id='word_1_802' title='bbox 1447 5269 1764 5333; x_wconf 90' lang='lat' dir='ltr'><strong>argentum,</strong></span> <span class='ocrx_word' id='word_1_803' title='bbox 1801 5281 1819 5314; x_wconf 78' lang='grc' dir='ltr'><strong>ι</strong></span> <span class='ocrx_word' id='word_1_804' title='bbox 1852 5263 1908 5318; x_wconf 92' lang='lat' dir='ltr'><strong>id</strong></span> <span class='ocrx_word' id='word_1_805' title='bbox 1935 5271 2017 5319; x_wconf 89' lang='lat' dir='ltr'><strong>est</strong></span> 
     </span>
    </p>
   </div>
   <div class='ocr_carea' id='block_1_96' title="bbox 431 5351 2016 5429">
    <p class='ocr_par' dir='ltr' id='par_1_96' title="bbox 431 5351 2016 5429">
     <span class='ocr_line' id='line_1_96' title="bbox 431 5351 2016 5429; baseline 0.005 -21"><span class='ocrx_word' id='word_1_806' title='bbox 431 5351 628 5408; x_wconf 89' lang='lat' dir='ltr'><strong>similia</strong></span> <span class='ocrx_word' id='word_1_807' title='bbox 659 5363 903 5426; x_wconf 87' lang='lat' dir='ltr'><strong>argento.</strong></span> <span class='ocrx_word' id='word_1_808' title='bbox 946 5356 1100 5412; x_wconf 88' lang='lat' dir='ltr'><strong>Sicut</strong></span> <span class='ocrx_word' id='word_1_809' title='bbox 1128 5357 1275 5412; x_wconf 90' lang='lat' dir='ltr'><strong>enim</strong></span> <span class='ocrx_word' id='word_1_810' title='bbox 1308 5365 1593 5427; x_wconf 84' lang='lat' dir='ltr'><strong>argentum</strong></span> <span class='ocrx_word' id='word_1_811' title='bbox 1630 5357 1928 5429; x_wconf 89' lang='lat' dir='ltr'><strong>elegantius</strong></span> <span class='ocrx_word' id='word_1_812' title='bbox 1961 5369 2016 5416; x_wconf 91' lang='lat' dir='ltr'><strong>et</strong></span> 
     </span>
    </p>
   </div>
   <div class='ocr_carea' id='block_1_97' title="bbox 431 5445 2013 5522">
    <p class='ocr_par' dir='ltr' id='par_1_97' title="bbox 431 5445 2013 5522">
     <span class='ocr_line' id='line_1_97' title="bbox 431 5445 2013 5522; baseline 0.004 -21"><span class='ocrx_word' id='word_1_813' title='bbox 431 5445 632 5504; x_wconf 91' lang='lat' dir='ltr'><strong>clarius</strong></span> <span class='ocrx_word' id='word_1_814' title='bbox 667 5451 878 5506; x_wconf 81' lang='lat' dir='ltr'><strong>caeteris</strong></span> <span class='ocrx_word' id='word_1_815' title='bbox 920 5450 1152 5506; x_wconf 88' lang='lat' dir='ltr'><strong>metallis</strong></span> <span class='ocrx_word' id='word_1_816' title='bbox 1197 5449 1386 5515; x_wconf 92' lang='lat' dir='ltr'><strong>tinnit,</strong></span> <span class='ocrx_word' id='word_1_817' title='bbox 1435 5451 1514 5506; x_wconf 91' lang='lat' dir='ltr'><strong>sic</strong></span> <span class='ocrx_word' id='word_1_818' title='bbox 1555 5450 1768 5522; x_wconf 88' lang='lat' dir='ltr'><strong>eloquia</strong></span> <span class='ocrx_word' id='word_1_819' title='bbox 1799 5453 2013 5508; x_wconf 91' lang='lat' dir='ltr'><strong>Domini</strong></span> 
     </span>
    </p>
   </div>
   <div class='ocr_carea' id='block_1_98' title="bbox 431 5536 2010 5613">
    <p class='ocr_par' dir='ltr' id='par_1_98' title="bbox 431 5536 2010 5613">
     <span class='ocr_line' id='line_1_98' title="bbox 431 5536 2010 5613; baseline 0.005 -20"><span class='ocrx_word' id='word_1_820' title='bbox 431 5536 638 5595; x_wconf 87' lang='lat' dir='ltr'><strong>dulcius</strong></span> <span class='ocrx_word' id='word_1_821' title='bbox 677 5542 926 5597; x_wconf 89' lang='lat' dir='ltr'><strong>omnibus</strong></span> <span class='ocrx_word' id='word_1_822' title='bbox 955 5541 1075 5598; x_wconf 91' lang='lat' dir='ltr'><strong>aliis</strong></span> <span class='ocrx_word' id='word_1_823' title='bbox 1111 5541 1166 5597; x_wconf 90' lang='lat' dir='ltr'><strong>in</strong></span> <span class='ocrx_word' id='word_1_824' title='bbox 1195 5540 1417 5597; x_wconf 91' lang='lat' dir='ltr'><strong>auribus</strong></span> <span class='ocrx_word' id='word_1_825' title='bbox 1455 5542 1694 5599; x_wconf 85' lang='lat' dir='ltr'><strong>fidelium</strong></span> <span class='ocrx_word' id='word_1_826' title='bbox 1721 5555 2010 5613; x_wconf 89' lang='lat' dir='ltr'><strong>resonant;</strong></span> 
     </span>
    </p>
   </div>
   <div class='ocr_carea' id='block_1_99' title="bbox 433 5633 2014 5705">
    <p class='ocr_par' dir='ltr' id='par_1_99' title="bbox 433 5633 2014 5705">
     <span class='ocr_line' id='line_1_99' title="bbox 433 5633 2014 5705; baseline 0.006 -20"><span class='ocrx_word' id='word_1_827' title='bbox 433 5641 713 5702; x_wconf 81' lang='lat' dir='ltr'><strong>argentum</strong></span> <span class='ocrx_word' id='word_1_828' title='bbox 738 5633 858 5689; x_wconf 92' lang='lat' dir='ltr'><strong>dico</strong></span> <span class='ocrx_word' id='word_1_829' title='bbox 892 5652 911 5684; x_wconf 72' lang='grc' dir='ltr'><strong>ι</strong></span> <span class='ocrx_word' id='word_1_830' title='bbox 947 5634 1070 5705; x_wconf 90' lang='lat' dir='ltr'><strong>igne</strong></span> <span class='ocrx_word' id='word_1_831' title='bbox 1099 5634 1483 5691; x_wconf 79' lang='lat' dir='ltr'><strong>examinatum.</strong></span> <span class='ocrx_word' id='word_1_832' title='bbox 1521 5655 1540 5689; x_wconf 78' lang='grc' dir='ltr'><strong>ι</strong></span> <span class='ocrx_word' id='word_1_833' title='bbox 1578 5635 1730 5693; x_wconf 86' lang='lat' dir='ltr'><strong>Sicut</strong></span> <span class='ocrx_word' id='word_1_834' title='bbox 1755 5639 1898 5694; x_wconf 90' lang='lat' dir='ltr'><strong>enim</strong></span> <span class='ocrx_word' id='word_1_835' title='bbox 1929 5655 2014 5694; x_wconf 83' lang='lat' dir='ltr'><strong>ar-</strong></span> 
     </span>
    </p>
   </div>
   <div class='ocr_carea' id='block_1_100' title="bbox 434 5726 2012 5799">
    <p class='ocr_par' dir='ltr' id='par_1_100' title="bbox 434 5726 2012 5799">
     <span class='ocr_line' id='line_1_100' title="bbox 434 5726 2012 5799; baseline 0.007 -22"><span class='ocrx_word' id='word_1_836' title='bbox 434 5733 652 5793; x_wconf 84' lang='lat' dir='ltr'><strong>gentum</strong></span> <span class='ocrx_word' id='word_1_837' title='bbox 681 5726 1062 5796; x_wconf 90' lang='lat' dir='ltr'><strong>comprobatur</strong></span> <span class='ocrx_word' id='word_1_838' title='bbox 1089 5743 1186 5799; x_wconf 90' lang='lat' dir='ltr'><strong>per</strong></span> <span class='ocrx_word' id='word_1_839' title='bbox 1223 5727 1398 5799; x_wconf 91' lang='lat' dir='ltr'><strong>ignem</strong></span> <span class='ocrx_word' id='word_1_840' title='bbox 1417 5769 1431 5796; x_wconf 93' lang='lat'><strong>,</strong></span> <span class='ocrx_word' id='word_1_841' title='bbox 1476 5729 1556 5786; x_wconf 91' lang='lat' dir='ltr'><strong>sic</strong></span> <span class='ocrx_word' id='word_1_842' title='bbox 1579 5728 1832 5787; x_wconf 88' lang='lat' dir='ltr'><strong>Christus</strong></span> <span class='ocrx_word' id='word_1_843' title='bbox 1860 5745 2012 5788; x_wconf 90' lang='lat' dir='ltr'><strong>com-</strong></span> 
     </span>
    </p>
   </div>
   <div class='ocr_carea' id='block_1_101' title="bbox 433 5818 2007 5899">
    <p class='ocr_par' dir='ltr' id='par_1_101' title="bbox 433 5818 2007 5899">
     <span class='ocr_line' id='line_1_101' title="bbox 433 5818 2007 5899; baseline 0.008 -28"><span class='ocrx_word' id='word_1_844' title='bbox 433 5818 682 5889; x_wconf 89' lang='lat' dir='ltr'><strong>probavit</strong></span> <span class='ocrx_word' id='word_1_845' title='bbox 708 5836 804 5875; x_wconf 87' lang='lat' dir='ltr'><strong>sua</strong></span> <span class='ocrx_word' id='word_1_846' title='bbox 836 5820 1047 5891; x_wconf 90' lang='lat' dir='ltr'><strong>eloquia</strong></span> <span class='ocrx_word' id='word_1_847' title='bbox 1073 5837 1192 5878; x_wconf 88' lang='lat' dir='ltr'><strong>esse</strong></span> <span class='ocrx_word' id='word_1_848' title='bbox 1219 5839 1348 5879; x_wconf 88' lang='lat' dir='ltr'><strong>vera</strong></span> <span class='ocrx_word' id='word_1_849' title='bbox 1378 5839 1475 5896; x_wconf 91' lang='lat' dir='ltr'><strong>per</strong></span> <span class='ocrx_word' id='word_1_850' title='bbox 1497 5843 1650 5883; x_wconf 89' lang='lat' dir='ltr'><strong>suam</strong></span> <span class='ocrx_word' id='word_1_851' title='bbox 1670 5828 2007 5899; x_wconf 84' lang='lat' dir='ltr'><strong>passionem:</strong></span> 
     </span>
    </p>
   </div>
   <div class='ocr_carea' id='block_1_102' title="bbox 440 5912 2014 5990">
    <p class='ocr_par' dir='ltr' id='par_1_102' title="bbox 440 5912 2014 5990">
     <span class='ocr_line' id='line_1_102' title="bbox 440 5912 2014 5990; baseline 0.009 -27"><span class='ocrx_word' id='word_1_852' title='bbox 440 5929 457 5962; x_wconf 71' lang='grc' dir='ltr'><strong>ι</strong></span> <span class='ocrx_word' id='word_1_853' title='bbox 499 5912 784 5983; x_wconf 86' lang='lat' dir='ltr'><strong>probatum</strong></span> <span class='ocrx_word' id='word_1_854' title='bbox 813 5923 986 5982; x_wconf 68' lang='lat' dir='ltr'><strong>terrae,</strong></span> <span class='ocrx_word' id='word_1_855' title='bbox 1028 5933 1045 5969; x_wconf 82' lang='lat'><strong>)</strong></span> <span class='ocrx_word' id='word_1_856' title='bbox 1080 5915 1131 5972; x_wconf 92' lang='lat' dir='ltr'><strong>id</strong></span> <span class='ocrx_word' id='word_1_857' title='bbox 1157 5927 1237 5972; x_wconf 88' lang='lat' dir='ltr'><strong>est</strong></span> <span class='ocrx_word' id='word_1_858' title='bbox 1269 5928 1554 5990; x_wconf 83' lang='lat' dir='ltr'><strong>purgatum</strong></span> <span class='ocrx_word' id='word_1_859' title='bbox 1589 5938 1616 5976; x_wconf 93' lang='lat' dir='ltr'><strong>a</strong></span> <span class='ocrx_word' id='word_1_860' title='bbox 1658 5931 1801 5978; x_wconf 85' lang='lat' dir='ltr'><strong>terra</strong></span> <span class='ocrx_word' id='word_1_861' title='bbox 1832 5942 1842 5977; x_wconf 90' lang='lat'><strong>:</strong></span> <span class='ocrx_word' id='word_1_862' title='bbox 1875 5923 2014 5978; x_wconf 88' lang='lat' dir='ltr'><strong>sicut</strong></span> 
     </span>
    </p>
   </div>
   <div class='ocr_carea' id='block_1_103' title="bbox 2114 4712 3713 4790">
    <p class='ocr_par' dir='ltr' id='par_1_103' title="bbox 2114 4712 3713 4790">
     <span class='ocr_line' id='line_1_103' title="bbox 2114 4712 3713 4790; baseline 0.014 -25"><span class='ocrx_word' id='word_1_863' title='bbox 2114 4712 2265 4782; x_wconf 85' lang='lat' dir='ltr'><strong>justi,</strong></span> <span class='ocrx_word' id='word_1_864' title='bbox 2301 4717 2549 4784; x_wconf 89' lang='lat' dir='ltr'><strong>quamvis</strong></span> <span class='ocrx_word' id='word_1_865' title='bbox 2595 4718 2712 4775; x_wconf 88' lang='lat' dir='ltr'><strong>sine</strong></span> <span class='ocrx_word' id='word_1_866' title='bbox 2749 4735 2945 4790; x_wconf 65' lang='lat' dir='ltr'><strong>paena,</strong></span> <span class='ocrx_word' id='word_1_867' title='bbox 2991 4724 3044 4778; x_wconf 89' lang='lat' dir='ltr'><strong>in</strong></span> <span class='ocrx_word' id='word_1_868' title='bbox 3092 4725 3304 4782; x_wconf 85' lang='lat' dir='ltr'><strong>inferno</strong></span> <span class='ocrx_word' id='word_1_869' title='bbox 3346 4730 3713 4787; x_wconf 89' lang='lat' dir='ltr'><strong>tenebantur:</strong></span> 
     </span>
    </p>
   </div>
   <div class='ocr_carea' id='block_1_104' title="bbox 2125 4811 3718 4882">
    <p class='ocr_par' dir='ltr' id='par_1_104' title="bbox 2125 4811 3718 4882">
     <span class='ocr_line' id='line_1_104' title="bbox 2125 4811 3718 4882; baseline 0.013 -22"><span class='ocrx_word' id='word_1_870' title='bbox 2125 4827 2145 4859; x_wconf 77' lang='grc' dir='ltr'><strong>ι</strong></span> <span class='ocrx_word' id='word_1_871' title='bbox 2179 4816 2230 4862; x_wconf 83' lang='grc' dir='ltr'><strong>ει</strong></span> <span class='ocrx_word' id='word_1_872' title='bbox 2255 4824 2559 4880; x_wconf 89' lang='lat' dir='ltr'><strong>usquequo,</strong></span> <span class='ocrx_word' id='word_1_873' title='bbox 2599 4811 2845 4882; x_wconf 87' lang='lat' dir='ltr'><strong>Domine,</strong></span> <span class='ocrx_word' id='word_1_874' title='bbox 2880 4836 2898 4868; x_wconf 71' lang='grc' dir='ltr'><strong>ι</strong></span> <span class='ocrx_word' id='word_1_875' title='bbox 2935 4818 3038 4872; x_wconf 89' lang='lat' dir='ltr'><strong>erit</strong></span> <span class='ocrx_word' id='word_1_876' title='bbox 3072 4819 3187 4875; x_wconf 58' lang='lat' dir='ltr'><strong>haec</strong></span> <span class='ocrx_word' id='word_1_877' title='bbox 3218 4821 3460 4877; x_wconf 81' lang='lat' dir='ltr'><strong>obliviO?</strong></span> <span class='ocrx_word' id='word_1_878' title='bbox 3490 4825 3598 4880; x_wconf 91' lang='lat' dir='ltr'><strong>erit</strong></span> <span class='ocrx_word' id='word_1_879' title='bbox 3625 4842 3718 4881; x_wconf 89' lang='lat' dir='ltr'><strong>us-</strong></span> 
     </span>
    </p>
   </div>
   <div class='ocr_carea' id='block_1_105' title="bbox 2119 4900 3711 4989">
    <p class='ocr_par' dir='ltr' id='par_1_105' title="bbox 2119 4900 3711 4989">
     <span class='ocr_line' id='line_1_105' title="bbox 2119 4900 3711 4989; baseline 0.013 -37"><span class='ocrx_word' id='word_1_880' title='bbox 2119 4915 2223 4969; x_wconf 83' lang='lat' dir='ltr'><strong>que</strong></span> <span class='ocrx_word' id='word_1_881' title='bbox 2267 4900 2318 4954; x_wconf 91' lang='lat' dir='ltr'><strong>in</strong></span> <span class='ocrx_word' id='word_1_882' title='bbox 2362 4900 2524 4957; x_wconf 84' lang='lat' dir='ltr'><strong>finem</strong></span> <span class='ocrx_word' id='word_1_883' title='bbox 2551 4911 2874 4976; x_wconf 91' lang='lat' dir='ltr'><strong>temporum,</strong></span> <span class='ocrx_word' id='word_1_884' title='bbox 2914 4909 2968 4963; x_wconf 91' lang='lat' dir='ltr'><strong>id</strong></span> <span class='ocrx_word' id='word_1_885' title='bbox 3009 4919 3092 4966; x_wconf 90' lang='lat' dir='ltr'><strong>est</strong></span> <span class='ocrx_word' id='word_1_886' title='bbox 3129 4913 3198 4968; x_wconf 89' lang='lat' dir='ltr'><strong>ad</strong></span> <span class='ocrx_word' id='word_1_887' title='bbox 3241 4923 3450 4985; x_wconf 90' lang='lat' dir='ltr'><strong>tempus</strong></span> <span class='ocrx_word' id='word_1_888' title='bbox 3495 4919 3711 4989; x_wconf 74' lang='lat' dir='ltr'><strong>gratiae.</strong></span> 
     </span>
    </p>
   </div>
   <div class='ocr_carea' id='block_1_106' title="bbox 2120 4991 3712 5081">
    <p class='ocr_par' dir='ltr' id='par_1_106' title="bbox 2120 4991 3712 5081">
     <span class='ocr_line' id='line_1_106' title="bbox 2120 4991 3712 5081; baseline 0.012 -36"><span class='ocrx_word' id='word_1_889' title='bbox 2120 4991 2264 5048; x_wconf 90' lang='lat' dir='ltr'><strong>Bene</strong></span> <span class='ocrx_word' id='word_1_890' title='bbox 2305 4995 2480 5049; x_wconf 90' lang='lat' dir='ltr'><strong>sentio</strong></span> <span class='ocrx_word' id='word_1_891' title='bbox 2513 4997 2637 5064; x_wconf 90' lang='lat' dir='ltr'><strong>quia</strong></span> <span class='ocrx_word' id='word_1_892' title='bbox 2676 5014 2846 5070; x_wconf 89' lang='lat' dir='ltr'><strong>usque</strong></span> <span class='ocrx_word' id='word_1_893' title='bbox 2888 5009 3015 5058; x_wconf 89' lang='lat' dir='ltr'><strong>tunc</strong></span> <span class='ocrx_word' id='word_1_894' title='bbox 3049 5004 3188 5072; x_wconf 88' lang='lat' dir='ltr'><strong>erit,</strong></span> <span class='ocrx_word' id='word_1_895' title='bbox 3225 5017 3280 5062; x_wconf 91' lang='lat' dir='ltr'><strong>et</strong></span> <span class='ocrx_word' id='word_1_896' title='bbox 3326 5026 3344 5058; x_wconf 85' lang='grc'><strong><em>‹</em></strong></span> <span class='ocrx_word' id='word_1_897' title='bbox 3386 5025 3712 5081; x_wconf 81' lang='lat' dir='ltr'><strong>usquequo,</strong></span> 
     </span>
    </p>
   </div>
   <div class='ocr_carea' id='block_1_107' title="bbox 2126 5086 3708 5162">
    <p class='ocr_par' dir='ltr' id='par_1_107' title="bbox 2126 5086 3708 5162">
     <span class='ocr_line' id='line_1_107' title="bbox 2126 5086 3708 5162; baseline 0.016 -26"><span class='ocrx_word' id='word_1_898' title='bbox 2126 5105 2145 5136; x_wconf 82' lang='grc'><strong>(</strong></span> <span class='ocrx_word' id='word_1_899' title='bbox 2170 5086 2416 5154; x_wconf 89' lang='lat' dir='ltr'><strong>Domine,</strong></span> <span class='ocrx_word' id='word_1_900' title='bbox 2435 5090 2636 5146; x_wconf 90' lang='lat' dir='ltr'><strong>avertis</strong></span> <span class='ocrx_word' id='word_1_901' title='bbox 2664 5091 2853 5149; x_wconf 77' lang='lat' dir='ltr'><strong>faciem</strong></span> <span class='ocrx_word' id='word_1_902' title='bbox 2884 5103 3054 5162; x_wconf 82' lang='lat' dir='ltr'><strong>tuam,</strong></span> <span class='ocrx_word' id='word_1_903' title='bbox 3077 5117 3095 5150; x_wconf 75' lang='grc' dir='ltr'><strong>ι</strong></span> <span class='ocrx_word' id='word_1_904' title='bbox 3122 5098 3175 5154; x_wconf 93' lang='lat' dir='ltr'><strong>id</strong></span> <span class='ocrx_word' id='word_1_905' title='bbox 3195 5108 3277 5156; x_wconf 89' lang='lat' dir='ltr'><strong>est</strong></span> <span class='ocrx_word' id='word_1_906' title='bbox 3301 5100 3495 5157; x_wconf 85' lang='lat' dir='ltr'><strong>Filium</strong></span> <span class='ocrx_word' id='word_1_907' title='bbox 3519 5113 3708 5162; x_wconf 88' lang='lat' dir='ltr'><strong>tuum:</strong></span> 
     </span>
    </p>
   </div>
   <div class='ocr_carea' id='block_1_108' title="bbox 2118 5179 3714 5265">
    <p class='ocr_par' dir='ltr' id='par_1_108' title="bbox 2118 5179 3714 5265">
     <span class='ocr_line' id='line_1_108' title="bbox 2118 5179 3714 5265; baseline 0.013 -33"><span class='ocrx_word' id='word_1_908' title='bbox 2118 5179 2210 5249; x_wconf 90' lang='lat' dir='ltr'><strong>qui</strong></span> <span class='ocrx_word' id='word_1_909' title='bbox 2241 5179 2439 5235; x_wconf 88' lang='lat' dir='ltr'><strong>dicitur</strong></span> <span class='ocrx_word' id='word_1_910' title='bbox 2472 5181 2636 5238; x_wconf 84' lang='lat' dir='ltr'><strong>facies</strong></span> <span class='ocrx_word' id='word_1_911' title='bbox 2665 5192 2720 5239; x_wconf 91' lang='lat' dir='ltr'><strong>et</strong></span> <span class='ocrx_word' id='word_1_912' title='bbox 2742 5185 2918 5258; x_wconf 86' lang='lat' dir='ltr'><strong>imago</strong></span> <span class='ocrx_word' id='word_1_913' title='bbox 2949 5188 3125 5247; x_wconf 89' lang='lat' dir='ltr'><strong>Patris</strong></span> <span class='ocrx_word' id='word_1_914' title='bbox 3149 5207 3163 5245; x_wconf 92' lang='lat'><strong>:</strong></span> <span class='ocrx_word' id='word_1_915' title='bbox 3192 5193 3243 5247; x_wconf 91' lang='lat' dir='ltr'><strong>id</strong></span> <span class='ocrx_word' id='word_1_916' title='bbox 3269 5203 3372 5261; x_wconf 90' lang='lat' dir='ltr'><strong>est,</strong></span> <span class='ocrx_word' id='word_1_917' title='bbox 3397 5211 3569 5265; x_wconf 87' lang='lat' dir='ltr'><strong>quare</strong></span> <span class='ocrx_word' id='word_1_918' title='bbox 3598 5206 3714 5252; x_wconf 84' lang='lat' dir='ltr'><strong>tar-</strong></span> 
     </span>
    </p>
   </div>
   <div class='ocr_carea' id='block_1_109' title="bbox 2118 5273 3066 5347">
    <p class='ocr_par' dir='ltr' id='par_1_109' title="bbox 2118 5273 3066 5347">
     <span class='ocr_line' id='line_1_109' title="bbox 2118 5273 3066 5347; baseline 0.008 -18"><span class='ocrx_word' id='word_1_919' title='bbox 2118 5273 2216 5330; x_wconf 90' lang='lat' dir='ltr'><strong>das</strong></span> <span class='ocrx_word' id='word_1_920' title='bbox 2243 5275 2459 5331; x_wconf 87' lang='lat' dir='ltr'><strong>mittere</strong></span> <span class='ocrx_word' id='word_1_921' title='bbox 2481 5291 2641 5347; x_wconf 86' lang='lat' dir='ltr'><strong>quem</strong></span> <span class='ocrx_word' id='word_1_922' title='bbox 2672 5283 2936 5338; x_wconf 90' lang='lat' dir='ltr'><strong>missurus</strong></span> <span class='ocrx_word' id='word_1_923' title='bbox 2964 5299 3022 5340; x_wconf 88' lang='lat' dir='ltr'><strong>es</strong></span> <span class='ocrx_word' id='word_1_924' title='bbox 3043 5286 3066 5337; x_wconf 88' lang='lat'><strong>?</strong></span> 
     </span>
    </p>
   </div>
   <div class='ocr_carea' id='block_1_110' title="bbox 2195 5366 3708 5445">
    <p class='ocr_par' dir='ltr' id='par_1_110' title="bbox 2195 5366 3708 5445">
     <span class='ocr_line' id='line_1_110' title="bbox 2195 5366 3708 5445; baseline 0.013 -26"><span class='ocrx_word' id='word_1_925' title='bbox 2195 5384 2213 5417; x_wconf 77' lang='grc' dir='ltr'><strong>ι</strong></span> <span class='ocrx_word' id='word_1_926' title='bbox 2264 5366 2510 5435; x_wconf 84' lang='lat' dir='ltr'><strong>Quandiu</strong></span> <span class='ocrx_word' id='word_1_927' title='bbox 2552 5385 2750 5440; x_wconf 90' lang='lat' dir='ltr'><strong>ponam</strong></span> <span class='ocrx_word' id='word_1_928' title='bbox 2789 5387 2889 5445; x_wconf 88' lang='lat' dir='ltr'><strong>ego</strong></span> <span class='ocrx_word' id='word_1_929' title='bbox 2931 5383 2986 5429; x_wconf 92' lang='lat' dir='ltr'><strong>et</strong></span> <span class='ocrx_word' id='word_1_930' title='bbox 3029 5377 3253 5433; x_wconf 89' lang='lat' dir='ltr'><strong>consilia</strong></span> <span class='ocrx_word' id='word_1_931' title='bbox 3295 5397 3314 5432; x_wconf 74' lang='grc' dir='ltr'><strong>ι</strong></span> <span class='ocrx_word' id='word_1_932' title='bbox 3361 5380 3428 5436; x_wconf 89' lang='lat' dir='ltr'><strong>de</strong></span> <span class='ocrx_word' id='word_1_933' title='bbox 3467 5380 3708 5438; x_wconf 83' lang='lat' dir='ltr'><strong>adventu</strong></span> 
     </span>
    </p>
   </div>
   <div class='ocr_carea' id='block_1_111' title="bbox 2116 5457 3709 5543">
    <p class='ocr_par' dir='ltr' id='par_1_111' title="bbox 2116 5457 3709 5543">
     <span class='ocr_line' id='line_1_111' title="bbox 2116 5457 3709 5543; baseline 0.013 -31"><span class='ocrx_word' id='word_1_934' title='bbox 2116 5457 2234 5527; x_wconf 88' lang='lat' dir='ltr'><strong>ejus</strong></span> <span class='ocrx_word' id='word_1_935' title='bbox 2265 5477 2284 5509; x_wconf 73' lang='grc' dir='ltr'><strong>ι</strong></span> <span class='ocrx_word' id='word_1_936' title='bbox 2306 5459 2361 5515; x_wconf 93' lang='lat' dir='ltr'><strong>in</strong></span> <span class='ocrx_word' id='word_1_937' title='bbox 2388 5461 2567 5517; x_wconf 91' lang='lat' dir='ltr'><strong>anima</strong></span> <span class='ocrx_word' id='word_1_938' title='bbox 2599 5465 2801 5520; x_wconf 65' lang='lat' dir='ltr'><strong>mea?»</strong></span> <span class='ocrx_word' id='word_1_939' title='bbox 2837 5475 2891 5522; x_wconf 87' lang='lat' dir='ltr'><strong>et</strong></span> <span class='ocrx_word' id='word_1_940' title='bbox 2915 5483 3112 5538; x_wconf 91' lang='lat' dir='ltr'><strong>ponam</strong></span> <span class='ocrx_word' id='word_1_941' title='bbox 3145 5487 3246 5543; x_wconf 89' lang='lat' dir='ltr'><strong>ego</strong></span> <span class='ocrx_word' id='word_1_942' title='bbox 3281 5492 3300 5524; x_wconf 74' lang='grc' dir='ltr'><strong>ε</strong></span> <span class='ocrx_word' id='word_1_943' title='bbox 3321 5472 3558 5529; x_wconf 88' lang='lat' dir='ltr'><strong>dolorem</strong></span> <span class='ocrx_word' id='word_1_944' title='bbox 3579 5496 3596 5526; x_wconf 88' lang='grc'><strong><em>›</em></strong></span> <span class='ocrx_word' id='word_1_945' title='bbox 3636 5476 3709 5532; x_wconf 87' lang='lat' dir='ltr'><strong>de</strong></span> 
     </span>
    </p>
   </div>
   <div class='ocr_carea' id='block_1_112' title="bbox 2121 5550 3707 5637">
    <p class='ocr_par' dir='ltr' id='par_1_112' title="bbox 2121 5550 3707 5637">
     <span class='ocr_line' id='line_1_112' title="bbox 2121 5550 3707 5637; baseline 0.011 -31"><span class='ocrx_word' id='word_1_946' title='bbox 2121 5550 2378 5607; x_wconf 90' lang='lat' dir='ltr'><strong>dilatione</strong></span> <span class='ocrx_word' id='word_1_947' title='bbox 2409 5555 2490 5609; x_wconf 91' lang='lat' dir='ltr'><strong>sui</strong></span> <span class='ocrx_word' id='word_1_948' title='bbox 2515 5557 2773 5613; x_wconf 85' lang='lat' dir='ltr'><strong>adventus</strong></span> <span class='ocrx_word' id='word_1_949' title='bbox 2805 5579 2823 5610; x_wconf 73' lang='grc' dir='ltr'><strong>ι</strong></span> <span class='ocrx_word' id='word_1_950' title='bbox 2853 5560 2905 5615; x_wconf 92' lang='lat' dir='ltr'><strong>in</strong></span> <span class='ocrx_word' id='word_1_951' title='bbox 2926 5563 3089 5618; x_wconf 89' lang='lat' dir='ltr'><strong>corde</strong></span> <span class='ocrx_word' id='word_1_952' title='bbox 3118 5580 3238 5621; x_wconf 90' lang='lat' dir='ltr'><strong>meo</strong></span> <span class='ocrx_word' id='word_1_953' title='bbox 3261 5581 3359 5637; x_wconf 90' lang='lat' dir='ltr'><strong>per</strong></span> <span class='ocrx_word' id='word_1_954' title='bbox 3386 5567 3549 5634; x_wconf 89' lang='lat' dir='ltr'><strong>diem,</strong></span> <span class='ocrx_word' id='word_1_955' title='bbox 3590 5589 3607 5621; x_wconf 71' lang='grc' dir='ltr'><strong>ι</strong></span> <span class='ocrx_word' id='word_1_956' title='bbox 3649 5569 3707 5624; x_wconf 72' lang='lat' dir='ltr'><strong>id</strong></span> 
     </span>
    </p>
   </div>
   <div class='ocr_carea' id='block_1_113' title="bbox 2119 5643 3706 5725">
    <p class='ocr_par' dir='ltr' id='par_1_113' title="bbox 2119 5643 3706 5725">
     <span class='ocr_line' id='line_1_113' title="bbox 2119 5643 3706 5725; baseline 0.012 -28"><span class='ocrx_word' id='word_1_957' title='bbox 2119 5650 2204 5698; x_wconf 89' lang='lat' dir='ltr'><strong>est</strong></span> <span class='ocrx_word' id='word_1_958' title='bbox 2236 5643 2301 5697; x_wconf 93' lang='lat' dir='ltr'><strong>de</strong></span> <span class='ocrx_word' id='word_1_959' title='bbox 2325 5643 2412 5699; x_wconf 90' lang='lat' dir='ltr'><strong>die</strong></span> <span class='ocrx_word' id='word_1_960' title='bbox 2442 5646 2495 5699; x_wconf 90' lang='lat' dir='ltr'><strong>in</strong></span> <span class='ocrx_word' id='word_1_961' title='bbox 2533 5647 2694 5703; x_wconf 90' lang='lat' dir='ltr'><strong>diem.</strong></span> <span class='ocrx_word' id='word_1_962' title='bbox 2729 5648 2833 5705; x_wconf 87' lang='lat' dir='ltr'><strong>Per</strong></span> <span class='ocrx_word' id='word_1_963' title='bbox 2854 5651 2955 5708; x_wconf 89' lang='lat' dir='ltr'><strong>hoc</strong></span> <span class='ocrx_word' id='word_1_964' title='bbox 2997 5655 3140 5725; x_wconf 91' lang='lat' dir='ltr'><strong>quod</strong></span> <span class='ocrx_word' id='word_1_965' title='bbox 3168 5656 3296 5712; x_wconf 89' lang='lat' dir='ltr'><strong>dicit</strong></span> <span class='ocrx_word' id='word_1_966' title='bbox 3334 5671 3393 5714; x_wconf 92' lang='lat' dir='ltr'><strong>se</strong></span> <span class='ocrx_word' id='word_1_967' title='bbox 3421 5659 3604 5714; x_wconf 88' lang='lat' dir='ltr'><strong>dolere</strong></span> <span class='ocrx_word' id='word_1_968' title='bbox 3634 5663 3706 5716; x_wconf 87' lang='lat' dir='ltr'><strong>de</strong></span> 
     </span>
    </p>
   </div>
   <div class='ocr_carea' id='block_1_114' title="bbox 2121 5734 3706 5824">
    <p class='ocr_par' dir='ltr' id='par_1_114' title="bbox 2121 5734 3706 5824">
     <span class='ocr_line' id='line_1_114' title="bbox 2121 5734 3706 5824; baseline 0.015 -36"><span class='ocrx_word' id='word_1_969' title='bbox 2121 5734 2351 5790; x_wconf 87' lang='lat' dir='ltr'><strong>adventu</strong></span> <span class='ocrx_word' id='word_1_970' title='bbox 2391 5735 2587 5793; x_wconf 89' lang='lat' dir='ltr'><strong>Christi</strong></span> <span class='ocrx_word' id='word_1_971' title='bbox 2615 5780 2628 5806; x_wconf 91' lang='lat'><strong>,</strong></span> <span class='ocrx_word' id='word_1_972' title='bbox 2678 5751 2825 5798; x_wconf 88' lang='lat' dir='ltr'><strong>notat</strong></span> <span class='ocrx_word' id='word_1_973' title='bbox 2869 5759 2927 5800; x_wconf 88' lang='lat' dir='ltr'><strong>se</strong></span> <span class='ocrx_word' id='word_1_974' title='bbox 2968 5761 3093 5815; x_wconf 80' lang='lat' dir='ltr'><strong>erga</strong></span> <span class='ocrx_word' id='word_1_975' title='bbox 3135 5747 3407 5806; x_wconf 87' lang='lat' dir='ltr'><strong>Christum</strong></span> <span class='ocrx_word' id='word_1_976' title='bbox 3446 5768 3706 5824; x_wconf 87' lang='lat' dir='ltr'><strong>magnam</strong></span> 
     </span>
    </p>
   </div>
   <div class='ocr_carea' id='block_1_115' title="bbox 2121 5829 3700 5912">
    <p class='ocr_par' dir='ltr' id='par_1_115' title="bbox 2121 5829 3700 5912">
     <span class='ocr_line' id='line_1_115' title="bbox 2121 5829 3700 5912; baseline 0.013 -30"><span class='ocrx_word' id='word_1_977' title='bbox 2121 5829 2436 5886; x_wconf 87' lang='lat' dir='ltr'><strong>charitatem</strong></span> <span class='ocrx_word' id='word_1_978' title='bbox 2466 5831 2685 5899; x_wconf 86' lang='lat' dir='ltr'><strong>habere,</strong></span> <span class='ocrx_word' id='word_1_979' title='bbox 2717 5851 2812 5905; x_wconf 87' lang='lat' dir='ltr'><strong>per</strong></span> <span class='ocrx_word' id='word_1_980' title='bbox 2837 5838 2975 5907; x_wconf 87' lang='lat' dir='ltr'><strong>quod</strong></span> <span class='ocrx_word' id='word_1_981' title='bbox 3005 5855 3100 5896; x_wconf 89' lang='lat' dir='ltr'><strong>nos</strong></span> <span class='ocrx_word' id='word_1_982' title='bbox 3130 5857 3341 5912; x_wconf 88' lang='lat' dir='ltr'><strong>quoque</strong></span> <span class='ocrx_word' id='word_1_983' title='bbox 3360 5845 3426 5900; x_wconf 90' lang='lat' dir='ltr'><strong>ad</strong></span> <span class='ocrx_word' id='word_1_984' title='bbox 3452 5850 3700 5902; x_wconf 86' lang='lat' dir='ltr'><strong>eamdem</strong></span> 
     </span>
    </p>
   </div>
   <div class='ocr_carea' id='block_1_116' title="bbox 2122 5924 2679 5984">
    <p class='ocr_par' dir='ltr' id='par_1_116' title="bbox 2122 5924 2679 5984">
     <span class='ocr_line' id='line_1_116' title="bbox 2122 5924 2679 5984; baseline 0.007 -6"><span class='ocrx_word' id='word_1_985' title='bbox 2122 5924 2441 5980; x_wconf 81' lang='lat' dir='ltr'><strong>charitatem</strong></span> <span class='ocrx_word' id='word_1_986' title='bbox 2472 5926 2679 5984; x_wconf 81' lang='lat' dir='ltr'><strong>invitat.</strong></span> 
     </span>
    </p>
   </div>
  </div>
