3984 6448
207 320 319 379 955

1364 327 1802 384 EXPLANATIO
1839 328 1905 385 1N
1945 331 2287 391 PSALMOS.

3370 342 3479 399 ’δι

286 456 306 491 ι
346 436 414 496 Et
436 453 716 511 usquequo
745 442 1088 508 excitabitur,
1112 463 1131 495 ι
1160 442 1216 499 id
1245 452 1350 509 est,
1380 443 1789 499 dominabitur?
1816 448 1863 507 Α
1891 445 2144 502 dicebam
2168 447 2455 505 illudentes
2477 447 2534 505 ei
2557 467 2575 503 :
2613 466 2631 500 ι
2654 448 2712 505 Si
2742 447 2913 507 Filius
2938 450 3035 507 Dei
3059 460 3161 518 cst,
3187 452 3481 511 descendat

202 535 349 591 Ante
391 534 681 591 adventum
722 538 866 592 enim
908 536 1110 593 Christi
1145 537 1415 593 exaltatus
1455 537 1522 595 de
1559 538 1796 595 humana

200 629 526 700 captivitate
573 629 882 700 gaudebat:
928 633 1054 702 quia
1099 633 1266 689 etiam
1306 631 1484 702 iustos
1530 634 1796 691 retinebat

210 735 229 769 ι
262 719 515 775 inimicus
540 735 713 786 meus,
753 741 770 773 ι
807 722 859 777 id
883 732 967 778 est
993 723 1270 790 diabolus;
1317 724 1644 781 exaltabitur
1673 724 1796 781 dico

207 827 229 860 ι
260 824 425 881 super
447 824 533 867 me
561 830 581 861 ι
610 818 666 865 ει
689 810 825 867 alios
858 813 1050 869 bonos.
1081 813 1181 869 llic
1201 814 1354 884 ponit
1375 814 1710 885 petitionem,
1736 822 1795 870 ut

200 900 385 955 mittat
432 915 596 970 quem
638 902 908 959 missurus
949 913 1054 960 est.
1102 904 1484 961 Continuatio:
1529 905 1794 985 inimicus

197 989 471 1045 exaltatus
494 1000 598 1056 est,
627 992 721 1047 sed
754 1000 843 1059 tu,
867 993 1112 1059 Domine,
1143 995 1404 1064 urespice
1432 1013 1451 1047 ι
1484 994 1640 1051 nobis
1670 995 1794 1051 mit-

195 1081 363 1140 tendo
404 1081 600 1139 Filium
646 1092 840 1139 tuum:
881 1086 1090 1157 respice
1126 1087 1256 1143 dicit
1278 1097 1475 1144 contra
1515 1090 1620 1145 hoc
1649 1090 1792 1160 quod

197 1175 450 1246 superius
476 1175 718 1244 dixerat,
754 1179 956 1234 avertis
984 1178 1214 1247 faciem,
1248 1198 1268 1232 ι
1303 1182 1499 1237 exaudi
1526 1197 1644 1249 me,
1687 1183 1791 1240 Do-

196 1266 366 1333 mine,
394 1266 537 1325 Deus
582 1284 735 1326 meus
764 1289 782 1323 ι
811 1269 1095 1327 liberando
1136 1287 1170 1328 a
1197 1272 1428 1341 diabolo,
1455 1282 1509 1331 et
1542 1274 1600 1330 in
1627 1290 1791 1348 para—

138 1414 151 1423 ,
199 1354 377 1411 disum
406 1358 734 1415 reducendo.

264 1444 499 1516 Respice
540 1449 803 1507 mittendo
834 1452 1026 1508 Filium
1055 1472 1068 1508 :
1109 1466 1163 1511 et
1206 1457 1251 1512 si
1280 1472 1393 1513 non
1421 1458 1503 1513 vis
1531 1467 1641 1516 tam
1681 1462 1789 1518 cito

193 1533 441 1603 mittere,
481 1534 673 1593 saltem
708 1560 727 1592 ι
760 1541 1002 1598 illumina
1028 1544 1215 1601 oculos
1244 1560 1393 1603 meos
1427 1566 1447 1600 ι
1477 1549 1686 1606 scilicet
1711 1551 1790 1607 in-

192 1626 447 1694 teriores,
496 1636 556 1683 ut
600 1630 827 1687 habeam
871 1635 938 1689 de
968 1651 1044 1691 eo
1074 1652 1266 1692 verum
1305 1638 1635 1697 intellectum
1667 1663 1685 1695 ι
1717 1660 1786 1699 ne

1897 536 1963 591 de
1988 551 2148 593 cruce
2174 547 2230 592 et
2262 539 2538 596 credimus
2578 540 2628 596 ci
2657 539 2877 612 (Matth.
2914 544 3109 615 xxvu).
3149 564 3168 597 ι
3214 544 3284 611 Et
3325 545 3480 617 ponit

1896 640 2116 683 causam
2146 633 2326 698 'qnare.
2369 629 2477 685 hoc
2524 631 2789 697 dicerent,
2840 635 2971 704 quia
3008 638 3271 692 excaecati
3319 647 3478 697 erant

1894 726 2115 788 propter
2141 728 2384 788 peccata.
2418 719 2766 779 Continuatio
2796 743 2814 778 :

1971 828 1988 859 ι
2011 808 2124 865 Hoc
2153 811 2289 865 dixit
2310 810 2594 883 insipiens,
2631 834 2647 863 ι
2675 822 2731 869 et
2752 815 2854 870 hoc
2880 817 3003 873 ideo
3028 818 3155 888 quia
3184 837 3203 870 ι
3226 822 3476 891 corrupti

1894 907 2053 965 sunt,
2087 919 2104 951 ι
2160 899 2211 954 id
2260 910 2344 956 est
2375 918 2404 955 a
2450 904 2657 958 ratione
2693 907 2938 963 veritatis
2981 910 3319 977 decedemus,
3362 931 3381 965 ι
3420 920 3479 968 ει

1886 990 2301 1056 abominabiles,
2326 1011 2352 1043 ,ι
2399 992 2454 1048 id
2487 1003 2574 1049 est
2601 994 2945 1055 detestabiles
2970 1014 3070 1069 per
3096 1001 3270 1059 malos
3293 1012 3478 1073 actus,

1899 1099 1916 1132 ι
1955 1079 2088 1136 facti
2115 1090 2244 1138 sunt
2271 1082 2324 1137 in
2354 1083 2548 1143 studiis
2569 1086 2701 1152 suis,
2730 1106 2748 1139 ι
2780 1087 2831 1143 id
2846 1099 2937 1144 est
2955 1093 3102 1147 omni
3129 1094 3309 1150 studio
3333 1110 3394 1152 se
3418 1095 3477 1153 in

1892 1181 2046 1231 artus
2072 1176 2414 1247 turpissimos
2449 1178 2847 1245 demerserunt.
2876 1181 3166 1249 intantum,
3194 1187 3336 1256 quod
3358 1187 3477 1257 jam

1896 1284 1915 1317 ι
1952 1282 2060 1323 non
2089 1276 2175 1325 est
2208 1289 2227 1322 ι
2271 1269 2468 1340 aliquis
2508 1271 2652 1327 inter
2677 1286 2774 1328 eos
2807 1292 2825 1323 ι
2860 1275 2951 1342 qui
2999 1274 3162 1331 faciat
3192 1278 3420 1346 bonum,
3449 1298 3473 1336 ι

1886 1368 1945 1414 ει
1989 1360 2118 1431 quia
2164 1362 2411 1431 quadam
2453 1362 2727 1419 faciebant
2766 1380 2887 1436 qua:
2938 1366 3080 1423 bona
3128 1368 3477 1440 videbantur,

1888 1451 2123 1507 ostendit
2160 1467 2224 1506 ea
2267 1467 2372 1508 non
2399 1467 2520 1509 esse
2547 1454 2709 1521 bona,
2735 1456 2863 1525 quia
2901 1474 2920 1507 ι
2960 1473 3066 1511 non
3094 1467 3178 1515 cst
3213 1478 3231 1511 ι
3252 1460 3476 1531 aliquis,

1896 1558 1915 1590 α
1964 1540 2057 1611 qui
2110 1539 2276 1596 faciat
2329 1541 2530 1597 bonum
2584 1563 2603 1596 ι
2661 1544 2833 1600 donec
2880 1547 3066 1602 veniat
3118 1566 3136 1598 ι
3188 1564 3364 1620 .nsquc
3406 1550 3476 1605 ad

1883 1649 2078 1700 unum,
2113 1653 2136 1685 ο
2194 1634 2376 1690 idest
2417 1650 2589 1706 usque
2631 1638 2700 1691 ad
2745 1636 3042 1693 Christum.
3108 1639 3266 1696 Solus
3326 1641 3474 1698 enim

197 1735 217 1768 α
252 1734 492 1789 unquam
516 1720 855 1778 obdormiam
879 1725 939 1781 in
970 1739 1199 1784 mortem
1230 1749 1249 1782 ι
1276 1745 1376 1801 per
1402 1733 1782 1805 negligentiam
1812 1800 1851 1806 _
1885 1724 2140 1781 Christus
2164 1733 2247 1780 est
2276 1726 2395 1781 sine
2428 1742 2537 1797 quo
2578 1727 2793 1797 aliquod
2820 1728 3019 1785 bonum
3044 1730 3285 1789 humana
3309 1731 3475 1806 fragi-

190 1809 443 1868 humante
468 1814 825 1886 inﬁrmitatis,
856 1828 909 1877 et
931 1821 1010 1878 sic
1030 1825 1209 1881 eundo
1234 1826 1288 1880 in
1310 1836 1541 1885 mortem
1565 1832 1769 1889 animae.

1884 1815 2012 1873 litas
2041 1815 2222 1872 facere
2252 1832 2359 1873 non
2386 1826 2569 1888 potest
2597 1819 2667 1873 ad
2695 1835 2852 1888 quem
2876 1829 3161 1891 postquam
3181 1839 3283 1894 per
3309 1800 3472 1880 fidem

190 1901 259 1956 Et
277 1903 441 1958 etiam
456 1904 729 1975 illumina,
743 1925 811 1965 ue
832 1912 1091 1983 instinctu
1117 1915 1315 1972 diaboli
1336 1920 1521 1976 seduci
1545 1924 1746 1991 possim
1759 1938 1779 1979 :

187 1998 245 2044 et
282 1992 389 2048 hoc
426 2005 514 2050 est
558 1998 705 2066 quod
744 2000 875 2056 dicit
909 2021 928 2053 ι
964 2017 1030 2057 ne
1068 2006 1292 2075 quando
1337 2007 1482 2065 dicat
1527 2010 1782 2071 inimicus

190 2100 214 2132 ί
256 2098 461 2151 meus,»
489 2087 546 2141 id
572 2096 655 2143 est
680 2089 950 2158 diabolus,
980 2112 999 2144 ι
1021 2097 1278 2165 ρι’ωνείυἰ
1301 2099 1563 2173 adversus
1587 2118 1729 2159 eum.
1754 2126 1774 2159 υ

262 2175 341 2231 Νε
391 2178 534 2234 dicat
584 2198 603 2232 ι
658 2184 977 2253 praevalui,»
1023 2189 1150 2258 quia
1185 2208 1203 2241 ‹
1244 2191 1290 2246 si
1330 2202 1509 2248 motus
1542 2194 1717 2263 fuero,
1755 2217 1773 2250 ι

182 2266 397 2322 scilicet
421 2285 450 2323 a
472 2274 746 2341 proposito
765 2275 892 2331 boni
921 2280 1123 2349 aperis,
1157 2301 1176 2332 ι
1198 2283 1546 2340 exsultabant
1562 2288 1654 2357 qui
1678 2290 1778 2345 tri-

186 2358 377 2413 bulant
422 2376 527 2428 me,
560 2383 578 2415 ι
617 2378 846 2433 quorum
889 2370 1307 2428 exsultationem
1363 2391 1639 2447 nunquam
1687 2382 1779 2436 de-

184 2450 284 2506 bes
309 2452 443 2521 pati,
472 2454 599 2523 quia
625 2455 724 2525 ipsi
750 2467 877 2513 sunt
908 2460 1115 2518 inimici
1145 2463 1245 2530 tui,
1280 2473 1335 2520 et
1356 2468 1705 2527 exsultabunt
1730 2474 1777 2528 si

186 2549 372 2598 motus
417 2542 591 2610 fuero,
626 2547 721 2602 sed
759 2563 859 2619 ego
892 2567 996 2606 non
1031 2553 1306 2622 movebar,
1334 2557 1461 2627 quia
1510 2577 1529 2610 ‹
1563 2564 1774 2631 speravi

182 2632 242 2686 in
273 2634 644 2695 misericordia
667 2644 779 2705 tua,
804 2658 824 2692 ι
862 2648 918 2695 ει
942 2641 1002 2697 in
1044 2642 1148 2699 hoc
1178 2642 1245 2698 de
1271 2648 1601 2716 praecedenti
1633 2651 1772 2707 inci-

178 2723 265 2793 pit
293 2724 359 2780 de
388 2726 673 2797 patientia.

262 2835 280 2868 ι
322 2816 388 2872 Et
425 2821 640 2889 speravi
668 2821 725 2876 in
750 2822 1123 2883 misericordia
1151 2836 1276 2884 tua:
1309 2848 1328 2882 ο
1364 2839 1420 2887 ει
1459 2832 1581 2891 ideo
1609 2834 1773 2891 etiam

177 2906 228 2963 si
268 2910 443 2965 oculis
473 2926 582 2967 non
607 2914 819 2970 videam
864 2916 1043 2987 ipsum
1079 2918 1373 2988 Christum,
1408 2932 1589 2982 tamen
1622 2946 1642 2977 ι
1681 2943 1775 2983 cor

181 3014 370 3056 meum
421 3003 713 3061 exsultabit
749 3007 805 3061 in
848 3009 1085 3066 Salutari
1130 3021 1245 3080 tuo,
1277 3033 1296 3068 ι
1345 3015 1400 3072 id
1435 3026 1521 3073 est
1558 3018 1612 3074 in
1642 3018 1772 3076 Jesu

175 3097 309 3152 tuo;
350 3100 407 3147 et
447 3092 523 3147 illi
571 3094 663 3151 tali
714 3116 732 3148 ι
783 3096 1016 3156 1)οωίηο
1054 3104 1289 3159 cantabo
1332 3123 1359 3158 ι
1408 3116 1612 3173 mente,
1647 3128 1666 3159 ς
1710 3118 1767 3166 ει

1885 1907 2251 1977 pervenimus,
2282 1908 2485 1963 bonum
2515 1908 2694 1964 facere
2722 1924 3027 1979 possumus.
3054 1912 3209 1971 Unde
3235 1914 3472 1986 Aposto-

1883 1998 1966 2055 lus
1994 2018 2008 2057 :
2040 2019 2063 2051 ι
2097 1999 2268 2056 Omne
2313 2001 2460 2073 quod
2493 2015 2602 2058 non
2636 2012 2720 2059 est
2768 2018 2838 2058 ex
2873 2004 2996 2071 fide,
3054 2018 3349 2077 peccatum
3386 2021 3471 2064 est

1880 2088 2058 2160 (Rom.
2084 2094 2219 2163 xxv).
2251 2113 2270 2146 ι

1953 2182 2060 2254 ipsi
2087 2184 2275 2240 dicunt
2299 2187 2443 2256 quod
2468 2189 2631 2245 homo
2654 2187 2745 2245 ille
2769 2205 2877 2247 non
2906 2199 2995 2247 cst
3017 2191 3180 2259 Deus,
3206 2193 3300 2249 sed
3327 2193 3470 2249 male

1880 2273 2088 2340 dicunt,
2119 2274 2245 2343 quia
2284 2275 2426 2333 Deus
2458 2287 2543 2334 est
2577 2298 2589 2333 :
2626 2287 2681 2335 et
2721 2280 2823 2336 hoc
2857 2291 2941 2337 est
2972 2300 2992 2332 ι
3032 2282 3291 2339 Dominus
3326 2284 3470 2339 Deus

1883 2384 1903 2417 ί
1936 2366 2235 2435 prospexit,
2273 2385 2291 2419 ι
2326 2368 2379 2424 id
2408 2377 2495 2425 est
2522 2371 2779 2427 misertus
2804 2381 2887 2429 est
2920 2391 2937 2425 ι
2973 2375 3039 2429 de
3065 2374 3226 2441 ctelo,
3256 2395 3274 2428 ι
3305 2375 3359 2431 id
3383 2386 3469 2432 est

1877 2458 1946 2514 de
1983 2459 2319 2516 humanitate
2358 2479 2376 2515 ε
2420 2477 2541 2532 qua:
2571 2463 2692 2519 ideo
2726 2464 2927 2520 cwlum
2972 2466 3194 2531 dicitur,
3220 2468 3346 2538 quia
3374 2484 3468 2524 se-

1877 2557 2029 2604 creta
2055 2550 2237 2606 divina
2261 2552 2313 2606 ei
2340 2554 2631 2609 commissa
2656 2564 2803 2610 sunt.
2830 2555 2927 2612 Vel
2949 2556 3076 2629 quia
3103 2558 3250 2614 sicut
3273 2559 3399 2614 coeli
3433 2576 3464 2613 a

1878 2647 2023 2693 terra
2050 2639 2273 2695 exaltati
2297 2651 2443 2703 sunt,
2475 2643 2555 2698 sic
2581 2643 2671 2698 illa
2698 2645 3009 2700 humanitas
3041 2661 3204 2715 supra
3242 2663 3464 2704 omnem

1877 2737 2183 2785 creaturam
2220 2731 2455 2787 exaltata
2485 2740 2586 2788 est.
2614 2732 2876 2805 Respexit
2912 2734 3032 2791 dico
3071 2754 3089 2785 ι
3122 2751 3285 2807 super
3317 2737 3467 2797 ﬁlios

1875 2820 2177 2888 hominum,
2214 2842 2234 2876 ι
2297 2833 2353 2878 ει
2396 2824 2466 2881 ad
2502 2825 2607 2880 hoc
2642 2825 2851 2881 scilicet
2888 2843 2907 2877 ι
2964 2835 3024 2881 ut
3058 2828 3258 2894 videat,
3294 2847 3314 2880 ι
3351 2844 3461 2885 non

1874 2909 2019 2981 quod
2045 2911 2248 2981 aliquid
2273 2928 2397 2969 eum
2420 2913 2607 2980 lateat,
2638 2915 2734 2971 sed
2769 2924 2827 2971 ut
2851 2916 2990 2971 alios
3009 2916 3179 2973 faciat
3200 2926 3458 2988 patenter

1873 3000 2058 3057 videre
2086 3020 2100 3056 :
2129 3003 2232 3058 hoc
2269 3003 2475 3060 scilicet
2522 3025 2540 3056 ι
2577 3005 2624 3061 si
2649 3016 2732 3063 est
2761 3027 2779 3058 ι
2808 3008 3003 3079 aliquis
3035 3027 3055 3062 ‹
3094 3009 3400 3082 intelligens
3428 3032 3446 3066 ι

1874 3108 1995 3149 eum
2054 3110 2172 3151 sese
2219 3096 2430 3164 Deum;
2484 3107 2577 3153 aut
2633 3110 2918 3170 postquam
2963 3100 3333 3171 intellexerit,
3380 3107 3452 3162 sit

175 3181 412 3253 psallam
446 3203 465 3235 ι
506 3185 648 3241 bona
706 3192 1020 3259 operatione
1079 3212 1098 3246 ι
1135 3197 1341 3251 nomini
1384 3198 1617 3268 Domini,
1649 3222 1669 3255 ο
1706 3202 1761 3258 id

1876 3204 1891 3237 ι
1922 3185 2228 3255 requirens,
2262 3209 2280 3239 ι
2310 3190 2448 3243 Lena
2474 3193 2807 3261 operatione.

170 3281 264 3330 est
290 3275 356 3330 ad
384 3278 817 3347 amplificandum
849 3299 1047 3341 nomen
1082 3286 1225 3343 illius
1252 3289 1468 3346 Domini
1503 3310 1523 3342 ι
1558 3292 1762 3349 altissi-

170 3365 253 3419 mi
288 3385 307 3417 ι
348 3375 404 3422 ει
434 3371 651 3437 merito,
704 3374 836 3441 quia
880 3375 995 3449 ipse
1044 3386 1129 3431 est
1170 3396 1189 3429 ι
1222 3379 1318 3447 qui
1378 3381 1520 3437 bona
1576 3384 1767 3438 tribuit

169 3455 331 3510 mihi.
358 3476 374 3507 ι
408 3456 512 3511 Per
544 3478 562 3509 ι
593 3461 825 3516 cantabo
848 3483 867 3515 ι
905 3466 1222 3530 theoricam,
1251 3468 1305 3522 id
1326 3478 1409 3524 est
1431 3474 1765 3543 contempla—

172 3547 347 3601 tivam
370 3548 560 3614 vitam,
593 3559 779 3604 notat:
797 3567 893 3621 per
926 3572 944 3603 ι
965 3554 1191 3622 psallam
1215 3576 1232 3608 ι
1266 3560 1582 3626 practicam,
1608 3562 1658 3617 id
1679 3572 1766 3618 est

172 3638 442 3692 activam.

676 3711 743 3767 ΙΝ
773 3712 1101 3773 PSALMUM
1135 3716 1266 3774 XIII.

457 3801 719 3858 Ttwws.
748 3803 815 3859 In
841 3805 1000 3875 ﬁnem
1028 3809 1264 3880 psalmus
1295 3811 1484 3867 David.

255 3929 273 3960 ι
313 3909 461 3966 Dixit
495 3912 777 3984 insipiens.
816 3937 835 3969 ο
873 3918 1120 3975 Psalmus
1161 3921 1266 3979 iste
1304 3926 1556 3981 convenit
1593 3927 1762 3984 David

169 4000 474 4072 prepbetaz,
518 4003 603 4058 vel
648 4005 819 4060 cuivis
859 4006 1027 4076 justo.
1057 4010 1350 4081 Apponunt
1394 4016 1612 4084 quidam
1658 4019 1759 4089 ipsi

171 4092 369 4158 David,
401 4102 456 4149 et
498 4103 628 4151 tunc
671 4100 927 4153 convenit
964 4100 1063 4155 soli
1098 4101 1316 4159 Christo
1342 4121 1357 4158 :
1383 4105 1623 4178 dirigens
1661 4124 1759 4165 nos

169 4180 228 4235 in
275 4181 540 4249 ﬁnem,id
567 4186 741 4242 estin
783 4186 1078 4245 Christum.
1117 4190 1340 4248 Materia
1385 4204 1470 4250 est
1508 4196 1757 4255 Christus

170 4271 428 4327 visitatur
462 4272 516 4327 in
552 4273 657 4332 hoc
689 4277 903 4345 psalmo
935 4295 1042 4335 non
1084 4291 1330 4354 receptus
1372 4300 1401 4339 a
1439 4285 1663 4355 Judteis,
1689 4289 1757 4345 de

169 4375 281 4431 qua
311 4360 394 4417 sic
420 4362 573 4433 agit:
605 4364 851 4436 Increpat
884 4367 1097 4425 Judzcos
1121 4372 1265 4441 quod
1300 4387 1424 4428 eum
1452 4391 1557 4431 non
1595 4392 1753 4432 rece-

170 4459 391 4520 perunt,
426 4452 686 4510 describit
720 4454 1031 4514 Judazorum
1076 4461 1363 4529 malitiam,
1390 4467 1753 4523 comminatur

169 4543 255 4599 eis
302 4544 357 4599 in
385 4545 490 4600 fine
520 4564 536 4602 :
573 4549 800 4605 intentio
836 4560 921 4606 est
954 4567 1053 4608 nos
1091 4554 1298 4610 hortari
1334 4557 1401 4611 ad
1430 4557 1610 4613 fidem.
1650 4559 1753 4615 Per

171 4636 280 4692 hoc
306 4638 451 4707 quod
476 4639 717 4712 increpat
749 4656 843 4698 eos
867 4643 935 4699 de
964 4645 1342 4702 incredulitate
1368 4655 1423 4703 et
1454 4652 1754 4707 commina-

171 4737 264 4783 tur
298 4731 400 4796 eis,
430 4741 616 4788 monet
650 4742 713 4789 ut
755 4750 862 4791 non
903 4738 1072 4793 simus
1106 4738 1369 4795 increduli
1409 4742 1503 4797 sed
1547 4742 1749 4799 ﬁdeles.

174 4818 291 4878 Vox
318 4821 488 4880 David
516 4828 792 4898 prophetae
822 4846 835 4882 :
872 4837 928 4885 et
957 4830 1144 4900 incipit
1180 4832 1249 4888 ab
1283 4833 1649 4905 increpatione
1675 4838 1753 4893 sic

171 4915 360 4972 dicens
383 4935 400 4972 :

245 5025 267 5057 ι
301 5006 588 5080 lnsipiens,
616 5031 636 5063 ι
670 5011 725 5067 id
754 5022 833 5068 est
859 5013 1088 5084 populus
1121 5015 1208 5072 ille
1236 5014 1514 5081 Judaicus,
1537 5033 1645 5075 non
1672 5028 1755 5075 at-

173 5096 402 5153 tendens
436 5097 610 5171 legem
650 5108 708 5156 et
744 5104 1060 5174 prophetas,
1089 5105 1144 5161 in
1169 5108 1368 5176 quibus
1398 5107 1646 5166 Christus
1675 5112 1754 5166 eis

172 5189 473 5257 promissus
506 5189 702 5259 fuerat,
741 5210 841 5250 nec
884 5197 1168 5253 attendens
1194 5199 1360 5254 vitam
1398 5199 1519 5268 ejus
1559 5201 1754 5259 inmu-

173 5292 295 5333 nem
325 5293 357 5332 a
387 5290 633 5349 peccato,
664 5298 763 5340 nec
804 5285 1066 5341 miracula
1099 5282 1231 5358 qua!
1245 5288 1495 5347 Christus
1520 5291 1752 5351 faciebat

178 5383 197 5416 ι
227 5367 367 5424 dixit
397 5389 415 5422 ι
442 5385 556 5436 ore,
580 5382 637 5427 et
656 5372 717 5431 tit
739 5375 912 5446 magis
932 5377 1224 5445 nequitiam
1252 5393 1442 5434 eorum
1468 5388 1743 5453 aggravet,

173 5462 226 5509 et
263 5456 366 5513 hoc
403 5459 638 5517 habebat
670 5481 688 5514 ι
721 5463 774 5518 in
802 5465 966 5520 corde
992 5481 1090 5521 suo
1116 5467 1343 5533 scilicet,
1385 5488 1404 5522 ι
1436 5471 1579 5543 quod
1603 5470 1745 5528 fece-

173 5557 279 5614 rat,
302 5565 407 5607 non
439 5551 645 5609 habens
665 5553 769 5611 hoc
794 5571 823 5611 a
853 5556 971 5626 lege
1001 5568 1055 5612 et
1085 5559 1361 5629 prophetis
1386 5573 1400 5616 :
1429 5570 1485 5617 et
1510 5561 1614 5618 hoc
1636 5563 1744 5619 sci-

1935 3278 2052 3348 lpse
2076 3281 2371 3351 prospexit,
2392 3284 2524 3337 sedi
2567 3299 2756 3340 omnes
2777 3285 3205 3358 declinaverunt,
3245 3311 3263 3343 ι
3285 3292 3339 3348 id
3364 3302 3448 3349 est

1868 3384 1973 3426 non
1987 3384 2342 3428 curaverunt:
2371 3384 2427 3429 et
2459 3394 2477 3425 ι
2507 3375 2687 3442 simul,
2711 3398 2729 3428 ι
2763 3378 2815 3433 id
2841 3388 2925 3434 est
2949 3396 3016 3436 ex
3037 3397 3147 3452 quo
3174 3383 3451 3440 declinare

1866 3473 2149 3533 cmperunt
2191 3484 2210 3515 ι
2256 3464 2384 3521 facti
2422 3476 2549 3521 sunt
2594 3469 2832 3536 inutiles,
2862 3490 2881 3523 ι
2931 3472 2988 3528 id
3022 3484 3108 3530 est
3148 3468 3443 3541 intantum,

1867 3555 2010 3623 quod
2045 3575 2063 3606 ι
2094 3555 2273 3613 nullus
2315 3567 2400 3614 est
2432 3579 2448 3610 ι
2478 3575 2665 3615 eorum
2695 3581 2712 3612 ι
2746 3563 2836 3630 qui
2867 3562 3002 3618 facit
3040 3565 3239 3621 bonum
3277 3582 3450 3638 usque

1868 3642 1936 3696 ad
1969 3658 2135 3698 unum
2170 3664 2187 3695 ι
2242 3654 2301 3699 ιιι
2338 3663 2522 3717 supra.
2572 3648 2726 3716 Quod
2752 3651 2883 3706 dicit
2931 3674 2949 3704 ι
2983 3670 3173 3712 omnes
3208 3657 3447 3714 declina-

1870 3744 2109 3802 verunt,
2148 3757 2166 3790 ι
2216 3752 2327 3792 non
2371 3740 2436 3794 de
2482 3742 2732 3797 omnibus
2772 3742 2922 3810 dicit,
2972 3747 3065 3801 sed
3104 3748 3170 3802 de
3210 3747 3316 3803 illis
3351 3752 3447 3820 qui

1868 3825 2122 3882 dixerunt
2154 3847 2173 3880 ‹
2202 3844 2309 3884 non
2332 3838 2415 3884 est
2432 3829 2596 3886 Deus.
2620 3850 2639 3882 ι
2670 3830 2945 3889 Hactenus
2989 3849 3084 3891 eos
3122 3836 3448 3908 increpavit,

1865 3918 2010 3986 quod
2039 3918 2375 3975 visitatorem
2415 3937 2572 3977 suum
2614 3938 2723 3977 non
2767 3934 3127 3997 receperunt:
3159 3944 3302 3985 nunc
3343 3944 3444 3985 au.

1863 4017 1973 4065 tem
2022 4026 2212 4067 eorum
2260 4013 2516 4069 describit
2559 4016 2875 4086 nequitiam.
2921 4016 3214 4075 Sciendum
3260 4030 3445 4077 autem

1862 4100 2005 4171 quod
2055 4102 2318 4173 propheta
2363 4104 2497 4160 istos
2544 4112 2656 4174 tres
2699 4117 2987 4176 sequentes
3016 4124 3206 4166 versus
3245 4111 3299 4166 in
3339 4113 3443 4170 hoc

1861 4193 2068 4263 psalmo
2107 4210 2214 4249 non
2260 4197 2460 4266 posuit,
2502 4198 2597 4252 sed
2639 4198 2765 4275 quia
2808 4198 3099 4270 Apostolus
3132 4201 3442 4262 Iudaeorum

1860 4284 2020 4340 fidem
2076 4286 2367 4359 increpans
2406 4289 2461 4343 in
2506 4290 2730 4360 cpistola
2764 4292 2831 4345 ad
2861 4291 3134 4348 Romanos
3170 4295 3321 4367 (Cap.
3353 4300 3442 4374 ιη)

1857 4373 1931 4428 ita
1954 4377 2250 4443 contexuit,
2281 4377 2522 4435 Ecclesia
2551 4388 2731 4436 autem
2758 4380 2876 4450 ejus
2903 4390 3159 4453 tanquam
3185 4395 3241 4441 et
3268 4373 3443 4451 David

1859 4469 2241 4525 auctoritatem
2273 4471 2579 4540 attendens,
2599 4473 2719 4544 ejus
2750 4474 3149 4531 contextionem
3173 4493 3278 4535 non
3309 4496 3439 4552 pcr-

1857 4562 2108 4617 mutavit.

1932 4671 1949 4703 ‹
1976 4653 2091 4709 Νοη
2114 4664 2197 4712 εει
2210 4658 2300 4728 qui
2328 4657 2493 4716 faciat
2517 4659 2768 4729 bonum,i
2789 4666 2883 4722 sed
2905 4670 3085 4738 potius
3110 4690 3128 4722 ι
3151 4678 3337 4743 guttur
3356 4679 3439 4727 est

1796 4730 1828 4823 ί
1856 4744 2163 4813 sepulcrum
2219 4759 2408 4820 patens
2434 4792 2448 4818 ,
2510 4753 2710 4825 linguis
2748 4758 2860 4815 suis
2896 4730 3081 4820 dolose
3124 4730 3379 4837 agebant,
3414 4786 3432 4817 ι

1856 4834 1993 4891 sicut
2028 4852 2189 4909 supra
2217 4843 2518 4912 expositum
2543 4855 2627 4902 est
2656 4864 2670 4902 :
2698 4857 2752 4902 et
2781 4867 2800 4901 ι
2843 4852 2943 4907 sub
2973 4853 3131 4911 labiis
3164 4834 3373 4922 eorum,
3415 4878 3433 4908 ι

1858 4926 1911 4981 id
1955 4937 2039 4983 est
2077 4930 2131 4985 in
2177 4933 2339 4988 corde
2379 4928 2634 5004 ipsorum
2665 4948 2752 4994 est
2801 4960 2820 4993 ‹
2869 4958 3156 5013 venenum,
3196 4964 3215 4999 ι
3256 4946 3311 5002 id
3354 4955 3442 5003 est

1856 5016 2039 5073 odium
2079 5034 2287 5077 veneno
2339 5027 2702 5095 comparabile
2749 5050 2762 5085 :
2807 5035 2934 5104 quia
2984 5037 3124 5093 sicut
3165 5051 3434 5094 venenum

1856 5110 2025 5180 serpit
2067 5125 2164 5181 per
2198 5127 2385 5170 omnes
2417 5132 2606 5185 venas,
2645 5123 2787 5178 unde
2824 5133 2880 5180 et
2906 5141 3173 5184 venenum
3211 5128 3430 5195 dicitur,

1856 5197 1931 5253 ita
1969 5199 2097 5254 illud
2125 5201 2310 5258 odlum
2348 5213 2518 5263 totum
2552 5209 2826 5269 hominem
2867 5225 3116 5289 occupat,
3144 5228 3204 5274 ut
3244 5232 3433 5276 omnes

1853 5290 2090 5349 hominis
2123 5294 2356 5353 virtutes
2394 5300 2659 5359 obstruat.
2701 5304 2836 5361 Cum
2872 5307 3006 5365 dicit
3048 5329 3068 5363 ‹
3095 5311 3365 5384 aspidum,
3406 5332 3422 5361 ι

1853 5391 2006 5471 notat
2040 5386 2183 5454 quod
2215 5386 2346 5444 illud
2379 5390 2562 5448 odium
2597 5395 2669 5450 sit
2712 5396 3029 5466 incurabile,
3056 5408 3112 5456 et
3145 5401 3291 5471 quod
3325 5401 3429 5471 ipsi

1852 5470 2020 5530 Judtei
2048 5484 2296 5534 naturam
2323 5481 2523 5552 aspidis
2553 5485 2804 5542 habeant.
2827 5487 3045 5558 Aspidis
3064 5470 3209 5545 enim
3232 5470 3424 5547 natura

1851 5570 2044 5628 est,ut
2074 5564 2201 5621 dum
2241 5567 2569 5639 incantatur,
2598 5573 2779 5646 alligat
2814 5593 2979 5633 unam
3014 5593 3202 5634 aurem
3242 5589 3429 5650 teme,

175 5634 318 5705 licet,
343 5639 444 5696 iste
466 5641 627 5698 homo
653 5644 745 5714 qui
778 5652 861 5699 est
894 5644 1162 5716 passibilis
1190 5654 1243 5700 et
1279 5649 1542 5715 mortalis,
1575 5649 1744 5706 fame-
1846 5663 1906 5711 et
1927 5654 2154 5714 alteram
2191 5663 2360 5718 cauda
2387 5634 2651 5732 obstruat,
2682 5634 2751 5724 ne
2785 5669 3178 5727 incantationes
3202 5634 3425 5732 audiat;

174 5723 326 5797 licus,
357 5741 489 5799 etc.,
534 5751 553 5783 ς
585 5747 691 5787 non
726 5743 809 5789 est
839 5735 997 5800 Deus,
1031 5753 1048 5784 ι
1085 5749 1184 5791 nec
1215 5735 1383 5795 Filius
1413 5740 1504 5796 Dei
1542 5754 1557 5795 :
1599 5741 1741 5799 unde

565 5825 844 5917 νιτιιοι.
880 5826 1105 5893 cxvr.

1852 5746 1929 5803 sic
1976 5756 2029 5804 et
2064 5747 2233 5810 Judaei
2277 5757 2515 5824 appetitu
2557 5766 2893 5816 terrenorum
2941 5769 2995 5815 et
3038 5765 3432 5848 consuetudine

2953 5853 2992 5915 8
