3984 6450
508 369 515 376 -
538 328 651 385 255

1010 323 1364 382 ΗΑΥΜΟΝΙΞ
1402 321 1881 383 HALBERSTAT.
1924 321 2107 378 ΕΗΒ(

2214 320 2335 376 ιρι).
2360 320 2558 377 psus
2598 320 2639 376 ι.
2667 309 2745 362 -“
2764 322 3117 379 comem.
3160 325 3330 381 BIBL.

3694 327 3819 386 236

504 458 521 483 λ
544 443 822 511 antiquam
849 438 1140 495 obstruunt
1165 452 1371 502 aurem,
1402 450 1472 492 ne
1507 435 1728 491 audiant
1762 435 2109 507 przedicatio-
2137 439 2185 498 A
2213 435 2367 491 distis
2412 443 2673 506 quantum
2710 439 2779 493 ad
2803 453 2901 495 vos
2957 457 2979 492 ι
3023 440 3310 496 consilium
3339 459 3361 494 ι
3395 440 3533 511 ejus,
3585 442 3821 501 scilicet

524 548 670 591 τιιειιι
695 530 919 588 Christi.
950 528 1049 585 Vel
1079 528 1236 583 aliter
1268 546 1287 580 ι
1316 541 1581 582 venenum
1624 526 1869 596 aspidum
1895 534 1981 582 est
2013 527 2114 582 sub

508 622 711 681 '«labiis-
730 637 947 686 eorum;
970 639 990 673 ι
1041 619 1095 675 id
1128 627 1214 674 est
1246 616 1471 673 inferius
1507 633 1669 688 quam
1693 618 1855 673 verba
1904 631 2111 682 eorum,

532 716 669 789 quia
696 714 866 786 magis
883 719 1010 769 sunt
1029 710 1219 765 nociva
1247 710 1408 764 verba
1435 722 1647 774 eorum,
1664 724 1825 778 quam
1846 722 2114 763 venenum

542 790 812 880 aspidem.

618 920 638 951 ι
666 900 901 968 Quorum
927 910 989 951 os
1008 894 1223 966 plenum
1245 900 1328 948 est
1344 892 1741 954 maledictione,
1766 909 1784 941 ι
1807 890 1858 944 id
1884 897 1967 945 est
1992 888 2112 945 bla-

538 991 785 1062 sphemia
830 988 882 1042 in
921 988 1110 1049 Deum,
1149 1003 1168 1036 ‹
1209 995 1263 1039 ει
1290 985 1667 1049 amaritudine,
1702 1003 1720 1036 ι
1762 983 1887 1052 quia
1928 997 2112 1036 amara

539 1082 705 1137 verba
748 1079 1001 1135 dicebant
1039 1078 1089 1133 ei
1131 1095 1145 1130 :
1186 1085 1249 1132 ut
1284 1092 1408 1133 cum
1455 1077 1742 1131 dicerent:
1782 1092 1800 1126 ι
1845 1074 2114 1145 Crucifige

532 1189 684 1239 eum,
727 1182 834 1228 etc.
861 1170 1014 1243 (Luc.
1042 1169 1222 1240 nui).
1261 1189 1279 1220 ι
1315 1188 1334 1221 ι
1369 1167 1565 1234 Pedes,
1597 1187 1615 1217 ι
1646 1167 1698 1222 id
1739 1174 1825 1221 est
1872 1164 2113 1220 affectio-

514 1281 636 1321 'nos
653 1280 867 1321 eorum.
896 1260 1137 1318 Affectus
1166 1260 1287 1316 ideo
1318 1261 1484 1331 pedes
1517 1258 1789 1321 dicuntur,
1818 1257 1945 1327 quia
1974 1256 2115 1311 sicut

536 1373 856 1430 corpusper
882 1357 1046 1427 pedes
1072 1362 1342 1425 portatur,
1395 1353 1472 1407 ita
1501 1365 1656 1406 mens
1681 1364 1781 1419 per
1803 1349 2027 1403 allectus
2058 1348 2111 1402 in

537 1450 756 1505 diversa
781 1447 1011 1519 rapitur,
1046 1466 1063 1497 ι
1093 1453 1220 1501 ειιιιι
1242 1443 1456 1499 veloces
1483 1441 1582 1497 ade
1604 1437 1952 1495 liundendum
1982 1452 2112 1494 san-

538 1541 753 1614 guinem
789 1559 810 1592 ι
844 1536 1163 1594 Salvatoris.

582 1631 735 1686 ,Ilaac
755 1630 939 1686 omnia
962 1627 1200 1685 suntvia:
1214 1641 1422 1692 eorum,
1438 1624 1558 1680 etin
1579 1623 1683 1679 illis
1700 1641 1718 1672 ι
1740 1621 1840 1676 viis
1855 1635 2063 1684 eorum,
2086 1637 2105 1671 ι

538 1723 593 1779 id
631 1731 715 1778 est
755 1720 1009 1792 operibus
1049 1733 1255 1785 eorum,
1305 1725 1389 1773 est
1423 1716 1703 1781 contritio;
1731 1714 1785 1769 id
1815 1721 1903 1768 est
1945 1725 2108 1780 opera

2217 526 2500 580 consilium
2535 529 2823 597 reparandi
2854 531 3146 586 humanum
3170 546 3344 603 genus
3372 548 3387 585 :
3416 532 3539 588 ideo
3566 534 3818 601 scilicet,

2216 616 2342 686 quia
2382 616 2509 671 illud
2535 618 2822 673 consilium
2849 629 2969 675 erat
3012 640 3030 673 ι
3062 622 3256 692 inopis,
3290 630 3345 677 et
3366 624 3627 692 quoniam
3656 626 3820 682 Deus

2214 720 2299 766 est
2326 726 2451 781 spes
2484 709 2601 779 ejus
2622 731 2644 764 ι
2681 712 2807 781 quia
2835 728 2943 768 non
2973 712 3302 779 conﬁdebat,
3327 713 3433 769 nisi
3465 713 3519 767 in
3543 715 3817 781 Domino,

2214 812 2436 873 propter
2464 804 2607 872 quod
2635 804 2923 859 consilium
2968 804 3086 873 ejus
3111 805 3293 875 potius
3335 814 3481 861 esset
3528 807 3817 876 recipien-

2216 893 2341 948 dum
2371 908 2532 963 quam
2581 894 2957 964 rejiciendum.
2982 893 3259 950 Christum
3288 904 3521 950 testatur
3556 896 3815 967 Αροιιοφ

2190 982 2298 1038 ‘lus
2327 982 2492 1039 fuisse
2546 984 2781 1054 inopem,
2813 985 3038 1040 dicens:
3074 1003 3093 1035 ‹
3127 984 3259 1040 Cum
3290 986 3443 1041 dives
3490 994 3659 1053 esset,
3702 1002 3813 1057 pro

2214 1074 2370 1129 nobis
2398 1084 2613 1145 pauperi
2628 1074 2805 1131 factus
2833 1086 2916 1131 est
2948 1076 3034 1146 (11
3063 1075 3354 1147 Cor.n).1

2289 1161 2392 1218 Vos
2420 1180 2443 1212 ι
2473 1164 2761 1218 consilium
2791 1165 2871 1219 eis
2897 1164 3222 1221 confudistis
3256 1185 3274 1218 ι
3309 1167 3404 1222 sed
3434 1167 3539 1223 hoc
3568 1168 3809 1224 stultum

2214 1254 2335 1323 fuit,
2362 1258 2490 1327 quia
2540 1275 2558 1309 ι
2593 1258 2715 1329 quis
2745 1260 2925 1313 veniet
2971 1274 3040 1315 ex
3089 1259 3243 1325 Sion,
3276 1279 3294 1313 ι
3344 1261 3399 1315 id
3449 1270 3555 1325 est,
3584 1260 3806 1327 Judaza.

2219 1367 2237 1399 ι
2276 1347 2423 1403 dabit
2470 1347 2726 1414 salutare,
2765 1367 2782 1399 ι
2825 1348 2878 1402 id
2905 1356 3009 1413 est,
3062 1347 3442 1403 salutationem
3496 1368 3517 1401 ι
3547 1349 3743 1413 Israel,
3783 1370 3801 1403 ι

2213 1436 2268 1492 id
2293 1444 2399 1502 est,
2425 1435 2724 1494 Israelitico
2767 1436 2965 1506 populo
2993 1454 3007 1492 :
3034 1438 3139 1492 nisi
3183 1437 3327 1493 iste?
3368 1436 3552 1494 nullus
3583 1441 3803 1510 utique,

2211 1534 2267 1581 et
2288 1543 2395 1583 non
2427 1535 2634 1583 tantum
2662 1527 2813 1582 dabit
2846 1528 3101 1595 salutare,
3128 1529 3224 1585 sed
3268 1548 3287 1581 ι
3323 1545 3448 1585 cum
3477 1533 3750 1587 averterit
3777 1553 3797 1584 ι

2212 1616 2266 1673 in
2294 1616 2477 1675 futuro
2520 1638 2540 1671 ι
2578 1619 2966 1689 captivitatem,
3005 1641 3025 1674 ι
3072 1621 3126 1676 id
3154 1630 3258 1688 εει,
3294 1622 3714 1690 passibilitatem
3744 1633 3802 1680 et

2212 1711 2742 1767 mortalitatemret
2794 1710 2991 1781 cujus?
3048 1731 3066 1764 ι
3096 1713 3270 1783 plebis
3322 1728 3455 1780 suae,
3488 1734 3508 1767 ι
3556 1724 3616 1770 ει
3674 1732 3800 1772 cum

516 1825 724 1868 eorum
764 1818 1040 1867 merentur
1080 1809 1161 1864 eis
1202 1807 1604 1871 contritioncm,
1630 1804 1684 1859 id
1724 1811 1807 1859 est
1846 1809 2104 1856 aeternam
2138 1792 2181 1852 Β
2210 1801 2487 1868 averterit,
2539 1800 2833 1858 exsultabit
2875 1801 3062 1868 Iacob,
3094 1802 3148 1857 id
3174 1810 3277 1869 est,
3307 1802 3545 1860 luctator
3596 1815 3797 1860 contra

536 1902 957 1959 damnationem.
980 1896 1079 1954 Vel
1109 1898 1384 1963 contritio,
1421 1897 1574 1960 sicut
1599 1894 1697 1949 fuit
1724 1895 1806 1950 eis
1842 1909 1873 1947 a
1906 1891 2026 1947 Tito
2054 1899 2109 1946 et

536 1992 866 2064 Vespasiano
898 1992 951 2046 in
986 1989 1351 2045 destructione
1377 1986 1735 2051 Hierusalem,
1789 2002 1807 2035 ι
1841 1992 1895 2038 ει
1933 1982 2109 2038 infeli—

535 2086 674 2140 citas
725 2085 780 2138 in
824 2084 947 2148 viis,
976 2101 993 2133 ι
1025 2081 1240 2152 quando
1292 2096 1392 2150 per
1425 2086 1594 2135 totum
1627 2076 1881 2133 mundum
1911 2073 2108 2147 captivi

536 2173 686 2229 ducti
714 2182 858 2228 sunt.
882 2173 940 2227 In
970 2172 1073 2226 viis
1094 2186 1281 2227 eorum
1307 2170 1506 2225 dicitur
1526 2168 1779 2224 contritio
1799 2182 1940 2232 esse,
1966 2166 2109 2221 sicut

520 2265 734 2320 dicitur
775 2264 1013 2319 latroni:
1042 2263 1099 2317 In
1125 2263 1213 2317 via
1258 2269 1345 2315 tua
1392 2277 1524 2315 crux
1571 2268 1652 2315 est
1680 2276 1693 2313 :
1725 2267 1780 2313 et
1824 2260 1987 2314 etiam
2028 2256 2108 2312 sic

534 2355 719 2413 afﬂicti
753 2375 773 2408 ι
807 2371 912 2411 ιιοιι
940 2360 1303 2427 cognoverunt
1332 2352 1473 2407 viam
1497 2351 1668 2423 pacis,
1699 2370 1718 2404 ι
1750 2350 1803 2405 id
1832 2357 1915 2405 est
1944 2347 2104 2403 Chriv

533 2455 698 2512 stum,
723 2447 816 2516 qui
841 2460 968 2501 vere
994 2444 1079 2498 via
1104 2442 1256 2514 pacis
1279 2449 1379 2497 est.
1404 2441 1560 2497 Unde
1588 2448 1643 2494 ct
1665 2440 1778 2510 ipse
1797 2439 1874 2493 ait
1900 2456 1914 2492 :
1947 2457 1965 2489 ‹
1991 2438 2105 2507 Ego

524 2550 667 2593 sum
711 2535 821 2600 via,
858 2542 916 2588 et
952 2532 1175 2597 veritas,
1229 2539 1287 2585 et
1325 2529 1437 2583 vita
1461 2529 1642 2599 (Joan.
1680 2526 1815 2597 xw).
1852 2546 1871 2579 ι
1934 2544 1951 2577 ι
1988 2524 2105 2580 Non

530 2634 919 2701 cognoverunt.
956 2646 974 2678 ι
1033 2624 1186 2681 Unde
1232 2621 1520 2693 Apostolus
1577 2638 1590 2673 :
1637 2634 1677 2670 ιη
1694 2620 1811 2690 Ipse
1870 2625 1958 2675 est
1998 2632 2105 2687 pax

536 2730 741 2787 nostra,
780 2719 872 2790 qui
905 2716 1031 2772 fecit
1081 2723 1314 2784 utraque
1351 2727 1520 2767 unum
1568 2711 1782 2783 (Ep/tes.
1810 2713 1895 2782 tt).
1935 2727 1954 2761 ι
1985 2708 2103 2763 ϐεεν

538 2819 655 2867 tera
682 2811 846 2866 etiam
876 2808 1016 2864 mala
1055 2806 1317 2873 fecerunt,
1343 2821 1463 2876 qute
1486 2804 1743 2875 praedicta
1780 2803 1833 2858 in
1874 2802 1953 2857 eis
1984 2800 2102 2857 fue-

540 2910 688 2969 runt,
732 2903 853 2957 ideo
903 2901 1029 2972 quia
1073 2919 1091 2952 ‹
1131 2901 1292 2955 timor
1332 2898 1425 2954 Dei
1474 2912 1581 2953 non
1627 2904 1711 2952 est
1757 2907 1884 2951 ante
1920 2896 2105 2951 oculos

534 3008 743 3058 eorum,
779 3012 797 3044 ι
832 2991 1059 3055 scilicet,
1101 2989 1301 3056 cordis,
1348 2988 1474 3058 quia
1499 3002 1620 3042 eum
1650 3000 1756 3041 non
1800 2985 2099 3040 attendunt.

500 3125 505 3137 ι
530 3084 689 3152 Quod
703 3082 976 3139 Christum
991 3096 1095 3136 non
1118 3079 1511 3151 cognovissent,
1537 3084 1767 3132 testatur
1785 3076 2099 3142 auctoritas,

533 3177 763 3232 dicens:
807 3193 825 3227 ι
862 3173 920 3229 Si
947 3173 1342 3245 cognovissent,
1369 3185 1641 3241 nunquam
1666 3169 1950 3225 Dominum
1985 3167 2104 3240 glo-
2130 3137 2176 3201 Ο

535 3269 632 3323 τίω
688 3264 1085 3322 cruciﬁxissent
1143 3261 1221 3334 (Ι
1266 3261 1387 3316 Cor.
1450 3261 1552 3333 ιι).
1605 3280 1623 3312 ι
1690 3260 1897 3315 Dehinc
1956 3257 2109 3328 ponit

496 3356 1029 3413 xeomminationem.
1070 3354 1178 3424 Ipsi
1233 3369 1339 3409 non
1388 3359 1775 3423 cognoverunt,
1817 3348 1913 3405 sed
1959 3357 2108 3406 certe

535 3456 865 3519 cognoscent
897 3465 910 3501 :
941 3454 997 3501 et
1024 3446 1128 3501 hoc
1156 3452 1262 3500 est.
1320 3461 1337 3494 ι
1372 3442 1559 3499 Nonne
1585 3450 1908 3511 cognoscent
1932 3461 1951 3494 ι
1984 3449 2106 3495 tan-

534 3538 659 3594 dem
712 3538 994 3593 Dominum
1032 3554 1050 3586 ι
1080 3549 1268 3590 οιιιιιεε
1297 3534 1388 3604 qui
1412 3540 1703 3603 operantur
1734 3552 1754 3584 ι
1782 3531 1929 3586 illam
1957 3544 2108 3600 egre-

534 3634 677 3705 giam
712 3652 730 3685 σ
763 3632 1133 3703 iniquitatem,
1154 3650 1172 3682 ι
1207 3628 1414 3684 scilicet
1437 3634 1662 3682 mortem
1701 3624 1934 3690 Domini,
1968 3642 1987 3674 ‹
2014 3623 2106 3693 qui

533 3724 698 3781 etiam
747 3722 1007 3779 devorant
1054 3720 1262 3791 plebem
1311 3733 1509 3783 meam,
1538 3737 1557 3769 ι
1614 3717 1668 3773 id
1700 3724 1784 3772 est
1836 3715 2106 3786 apostolos

536 3814 619 3870 vel
647 3814 782 3869 alios
805 3812 1001 3882 iustos.
1030 3810 1089 3866 Si
1117 3811 1369 3881 loquatur
1389 3808 1660 3873 Christus,
1683 3808 1819 3862 bene
1841 3806 1972 3861 dicit
1994 3805 2106 3876 ple—

508 3905 656 3962 ‘bem
694 3919 893 3968 meam,
916 3902 1019 3958 sibi
1050 3899 1339 3956 subditam.
1356 3898 1423 3954 ‘Si
1451 3897 1993 3967 loquatur-Propheta
2021 3896 2105 3951 vel

532 3995 675 4051 alius
694 3993 895 4063 justus,
923 3993 1062 4048 bene
1095 3989 1226 4045 dicit
1262 3987 1472 4059 plebem
1510 4002 1685 4051 suam,
1715 3986 1781 4040 de
1806 4001 1912 4056 qua
1961 4000 2104 4041 unus

534 4094 620 4143 εει
645 4103 658 4139 :
689 4085 791 4155 ipsi
823 4084 1082 4138 devorant
1109 4081 1231 4136 dico
1275 4097 1294 4130 ι
1335 4079 1476 4136 sicut
1509 4093 1690 4134 escam
1714 4078 1902 4149 panis,
1932 4098 1949 4131 ι
1977 4077 2107 4148 quia

536 4177 678 4233 sicut
708 4174 984 4231 famelicus
1015 4171 1210 4242 aliquis
1237 4185 1389 4242 pane.
1414 4169 1676 4236 reﬁcitur,
1706 4168 1787 4224 sic
1823 4167 1899 4224 illi
1931 4168 2104 4224 tribu-

512 4266 737 4323 ilatione
760 4264 1029 4334 iustorum
1059 4261 1395 4317 reﬁciuntur.

594 4357 725 4426 Qui.
747 4357 910 4412 etiam
957 4356 1125 4410 Deum
1170 4370 1191 4405 ι
1218 4367 1326 4409 ιιοιι
1362 4353 1766 4416 invocaverunt,
1794 4370 1815 4404 ι
1841 4350 1966 4421 quia
2000 4348 2105 4404 nisi

518 4465 636 4521 ,ρει-
658 4448 933 4505 Christum
953 4446 1223 4502 orationes
1246 4442 1489 4500 exaudiri
1528 4459 1632 4498 non
1665 4449 1907 4513 possunt,
1947 4458 1965 4490 ι
1995 4439 2106 4494 illic

524 4538 941 4610 .trepidaverunt
994 4536 1209 4599 timore,
1238 4533 1330 4589 ubi
1360 4548 1465 4588 non
1495 4540 1613 4587 erat
1658 4532 1837 4595 timor,
1869 4549 1888 4581 ι
1920 4530 1976 4584 id
2023 4538 2106 4583 est

537 4630 688 4685 illum
713 4629 960 4684 timorem
982 4642 1142 4697 quem
1163 4624 1389 4681 interius
1414 4625 1739 4690 habuerunt,
1766 4622 1890 4692 quia
1924 4629 2102 4677 tamen

538 4735 647 4777 non
681 4727 830 4776 esset
870 4718 1168 4783 habendus,
1205 4715 1444 4772 exterius
1483 4716 1537 4769 in
1581 4728 1807 4781 corpore
1853 4711 2104 4767 ostende-

537 4817 703 4875 runt;
734 4806 982 4864 dicebant
1020 4806 1203 4861 enim:
1241 4804 1298 4860 Si
1339 4804 1611 4862 credimus
1636 4803 1691 4857 in
1718 4816 1865 4866 eum,
1889 4799 2107 4857 venient

536 4898 766 4956 Romani
793 4907 851 4953 et
878 4896 1066 4952 tollant
1088 4905 1330 4952 nostrum
1360 4896 1535 4951 locum
1563 4902 1617 4949 et
1645 4901 1879 4963 gentem.
1905 4890 2006 4948 Ubi
2039 4891 2104 4945 ti-

534 4990 789 5047 mendum
825 4998 989 5054 esset,
1021 5003 1128 5044 non
1165 4988 1482 5051 timuerunt,
1504 5000 1626 5040 cum
1644 4983 1849 5053 justum
1881 4995 1987 5035 non
2017 4988 2100 5034 at-

539 5082 819 5138 tendentes
833 5080 1017 5137 occide
1025 5077 1327 5135 runt.Sicut
1341 5083 1643 5147 opportuno
1661 5081 1900 5141 tempore
1915 5071 2103 5127 timere

532 5175 818 5246 prudentia
844 5186 946 5239 est,
975 5174 1053 5229 sic
1082 5173 1273 5228 timere
1306 5167 1520 5240 quando
1545 5167 1841 5223 timendum
1872 5179 1981 5219 non
2020 5178 2103 5219 εεο

538 5274 623 5322 set
649 5264 875 5321 stultitia
901 5271 1005 5321 est.

605 5372 641 5433 ,ι
668 5354 857 5411 Nonne
880 5359 1226 5425 cognoscent,
1248 5368 1265 5401 ι
1298 5349 1502 5406 scilicet
1528 5350 1634 5403 hoc
1663 5366 1681 5400 ‹
1710 5345 1966 5416 quoniam
1997 5363 2016 5395 ι
2048 5343 2101 5400 id

537 5452 642 5511 εει,
672 5444 817 5516 quod
874 5462 894 5495 ι
931 5442 1188 5498 Dominus
1215 5449 1300 5496 est
1342 5440 1396 5494 in
1424 5440 1766 5509 generatione
1798 5437 1946 5507 justa
1995 5456 2014 5487 ι
2049 5443 2104 5490 ει

540 5537 800 5607 quoniam
842 5536 957 5605 ipse
998 5534 1051 5589 in
1090 5532 1251 5603 justis
1292 5531 1520 5597 habitat,
1547 5530 1669 5585 ideo
1699 5530 1992 5584 timendum
2022 5536 2105 5582 est

542 5631 646 5688 illis
695 5631 789 5700 qui
840 5644 935 5684 eos
959 5633 1392 5698 persequuntur.
1426 5625 1593 5680 Deum
1633 5639 1741 5679 non
1775 5620 2063 5677 invocastis
2085 5658 2101 5685 ,

528 5721 636 5777 .scd
673 5718 853 5790 potius
895 5714 1232 5783 contudistis,
1282 5715 1337 5772 id
1381 5723 1482 5781 est,
1513 5714 1884 5771 confusibiletn
1925 5719 2105 5768 osten-

2211 1901 2472 1963 peccata,
2528 1892 2738 1950 scilicet
2804 1893 2980 1949 active
3032 1894 3276 1950 viventes
3340 1912 3360 1946 ι
3417 1903 3473 1949 ει
3520 1895 3800 1951 laetabitur

2210 1981 2397 2048 Israel,
2438 2002 2457 2035 ι
2486 1982 2540 2038 id
2564 1992 2671 2048 est,
2698 1984 2783 2038 vir
2808 1984 3000 2039 videns
3025 1984 3213 2049 Deum,
3258 1998 3356 2055 per
3380 1986 3527 2056 quod
3553 1997 3801 2044 contem-

2180 2128 2187 2135 ,
2210 2071 2441 2143 plativos
2476 2073 2844 2146 intelligimus.

2689 2205 2757 2261 1N
2794 2206 3127 2265 PSALMUM
3154 2208 3296 2265 XIV.

2280 2316 2536 2374 Ttwws.
2570 2315 2816 2374 Psalmus
2838 2319 3032 2375 David.
3082 2318 3197 2377 Vox
3231 2322 3401 2377 David
3424 2326 3725 2395 prapltelaa.

2284 2462 2303 2495 ‹
2333 2443 2720 2513 Domine,quis
2747 2442 3032 2499 habitabit.
3064 2464 3083 2497 ι
3111 2444 3169 2501 In
3193 2445 3297 2502 hoc
3325 2446 3529 2516 psalmo
3554 2450 3793 2505 materia

2206 2543 2291 2588 est
2327 2532 2507 2601 justus
2535 2540 2591 2587 et
2617 2533 2971 2603 spiritualiter
2994 2534 3264 2602 Christus,
3292 2536 3361 2592 de
3389 2552 3492 2606 qua
3520 2538 3601 2593 sic
3640 2541 3790 2610 agit:

2206 2621 2356 2679 Facit
2401 2620 2884 2693 interrogationem
2912 2631 2968 2680 et
3004 2625 3408 2694 responsionem
3436 2643 3450 2677 :
3478 2626 3533 2689 in
3559 2642 3672 2696 qua
3704 2643 3797 2682 re-

2205 2710 2493 2781 sponsione
2537 2710 2793 2766 describit
2836 2709 3082 2780 justum,
3140 2714 3441 2771 attribuens
3494 2715 3793 2774 eidecem

2205 2803 2453 2869 virtutes,
2493 2818 2612 2874 qua-
2644 2803 2997 2874 spiritualiter
3023 2808 3350 2863 conveniunt
3388 2808 3607 2865 Christo
3649 2811 3788 2875 soli;

2206 2895 2326 2951 aliis
2374 2905 2555 2951 autem
2599 2894 2761 2966 justis
2812 2899 3192 2968 quoquomodo
3238 2908 3464 2968 possunt
3509 2901 3790 2971 adaptari.

2202 2988 2433 3046 intentio
2461 2999 2546 3047 est
2582 3006 2683 3047 nos
2735 2991 3028 3048 admonere
3069 3008 3139 3049 ne
3182 3008 3571 3063 praesumamus
3599 2996 3669 3049 de
3706 3011 3791 3050 re-

2204 3099 2310 3155 gno
2335 3083 2454 3149 Dei,
2479 3083 2619 3139 sicut
2644 3081 2888 3153 plerique
2917 3098 3039 3139 cum
3068 3082 3251 3151 injusti
3280 3085 3411 3148 sint,
3438 3094 3617 3143 tamen
3644 3085 3792 3141 filios

2210 3175 2306 3231 Dei
2346 3189 2405 3231 se
2445 3187 2563 3231 esse
2588 3181 2941 3243 praesumunt.
2995 3174 3063 3231 Et
3108 3175 3249 3230 sicut
3291 3174 3484 3244 aliquis
3522 3178 3788 3231 sacerdos

2206 3265 2400 3335 quaerit
2428 3280 2685 3335 respousa
2718 3281 2748 3319 a
2771 3264 2903 3331 Deo,
2933 3274 2990 3321 et
3016 3265 3197 3321 audita
3224 3265 3432 3336 profert
3454 3267 3679 3336 populo,
3710 3268 3795 3325 ita.

2205 3354 2477 3426 Propheta
2512 3356 2706 3425 qumrit
2742 3370 2771 3409 a
2799 3355 2929 3422 Deo,
2960 3356 3051 3425 qui
3090 3356 3200 3411 sint
3244 3357 3548 3412 habitantes
3595 3357 3648 3411 in
3679 3372 3787 3413 suo

2207 3448 2577 3512 tabernaculo,
2609 3463 2732 3503 cum
2761 3448 2923 3502 dicit:

2281 3557 2299 3588 ι
2320 3538 2569 3603 Domine,
2593 3557 2611 3589 ι
2644 3537 2842 3592 multos
2867 3538 3023 3593 video
3042 3538 3135 3608 qui
3162 3554 3221 3594 se
3246 3540 3575 3596 dicunt‘esse
3602 3540 3656 3594 in
3687 3549 3785 3595 tuo

2207 3630 2578 3692 tabernaculo,
2627 3630 2721 3685 sed
2777 3648 2795 3681 ι
2843 3631 3089 3696 Domine,
3120 3633 3241 3701 quis
3271 3632 3531 3688 habitabit
3574 3635 3631 3688 in
3692 3617 3781 3689 ta-

2204 3719 2495 3775 hernaculo
2540 3720 2666 3775 tuo?
2698 3739 2717 3771 ι
2772 3720 2825 3775 id
2880 3729 2962 3776 est
3003 3722 3058 3776 in
3092 3725 3356 3792 praesenti,
3385 3724 3619 3779 Ecclesia
3660 3734 3778 3790 tua,

2184 3810 2294 3865 ubi
2321 3818 2403 3865 est
2437 3810 2587 3865 locus
2616 3810 2837 3865 militiae.
2866 3811 3236 3869 Tabernacula
3262 3815 3412 3868 enim
3435 3825 3552 3869 sunt
3577 3817 3778 3869 domus

2205 3899 2647 3970 expeditionales.
2692 3899 2827 3956 Cum
2879 3902 3013 3957 dicit
3072 3921 3092 3954 ι
3128 3904 3414 3969 habitabit,
3454 3925 3473 3960 ι
3526 3905 3780 3976 intelligit

2190 4005 2312 4045 (non
2339 3990 2514 4045 solum
2545 3990 2831 4056 intrantes,
2855 3993 2948 4048 sed
2970 3993 3134 4048 etiam
3159 4004 3599 4064 perseverantes;
3633 4016 3653 4050 ι
3678 4007 3781 4052 aut

2205 4081 2327 4151 quis
2370 4082 2587 4137 tandem
2614 4083 2918 4152 requiescet
2951 4084 3004 4138 in
3037 4095 3238 4151 monte,
3272 4105 3291 4136 ι
3332 4086 3385 4140 id
3412 4095 3518 4151 est,
3550 4088 3604 4142 in
3627 4101 3783 4142 secu-

2207 4172 2368 4226 ritate
2420 4172 2609 4226 teterni
2663 4174 2835 4243 regni,
2885 4174 2974 4229 ubi
3028 4175 3170 4229 nulla
3222 4190 3421 4245 pugna,
3473 4177 3571 4231 sed
3624 4177 3783 4245 quies

2204 4278 2436 4318 summa.
2494 4262 2648 4318 Sicut
2672 4265 2815 4319 enim
2843 4266 2934 4334 qui
2975 4266 3030 4320 in
3057 4275 3239 4323 monte
3269 4276 3416 4330 sunt,
3445 4268 3628 4323 securi
3655 4278 3785 4324 sunt

2209 4356 2277 4410 ab
2305 4354 2575 4418 hostibus,
2606 4356 2678 4409 ita
2706 4357 2796 4424 qui
2825 4357 2896 4411 ibi
2923 4367 3082 4413 erunt
3109 4377 3121 4407 :
3165 4367 3348 4414 monte
3381 4358 3506 4413 dico
3537 4376 3557 4409 ‹
3591 4369 3783 4415 sancto

2210 4452 2302 4499 tuo
2338 4464 2356 4496 ι
2393 4459 2551 4513 quem
2584 4454 2639 4499 tu
2667 4445 3038 4500 sanctiﬁcasti.
3069 4446 3359 4516 Postquam
3388 4448 3573 4516 posuit
3611 4449 3785 4503 inter-

2209 4538 2563 4608 rogationem,
2594 4537 2748 4607 ponit
2789 4545 2845 4592 et
2875 4537 3299 4606 responsionem,
3328 4537 3481 4605 quasi
3531 4539 3649 4607 ipse
3678 4539 3785 4593 Do—

2206 4630 2385 4683 minus
2420 4628 2789 4697 responderet.

2277 4718 2509 4785 Quaesivi
2555 4718 2677 4787 quis
2724 4718 3030 4780 habitaret,
3075 4733 3201 4773 ecce
3237 4718 3376 4788 quis,
3430 4717 3522 4772 ille
3571 4718 3786 4773 scilicet

2211 4829 2229 4860 ι
2260 4812 2351 4879 qui
2381 4810 2681 4880 ingreditur
2708 4830 2727 4862 ι
2764 4811 2817 4864 in
2843 4810 3139 4864 Ecclesium
3165 4810 3257 4864 Dei
3293 4828 3313 4861 ‹
3347 4810 3463 4864 sine
3492 4810 3728 4873 macula,
3760 4828 3781 4859 ι

2206 4898 2456 4955 Christus
2480 4900 2695 4969 quidem
2737 4900 2854 4955 sine
2882 4900 3027 4953 omni
3058 4899 3286 4965 macula,
3312 4898 3493 4953 caeteri
3531 4913 3665 4953 vero
3696 4897 3787 4968 ju-

2205 4989 2272 5045 sti
2321 4989 2439 5044 sine
2485 4988 2754 5045 crimiuali
2782 4998 3004 5060 peccato
3046 5006 3059 5041 :
3101 5000 3157 5044 ει
3188 4990 3240 5043 in
3271 4989 3372 5043 hoc
3418 4995 3644 5042 notatur
3679 5004 3787 5042 una

2205 5079 2272 5135 de
2305 5079 2489 5135 decem
2533 5079 2822 5134 virtutibus
2877 5096 2895 5129 ‹
2930 5086 2984 5133 ει
3030 5079 3121 5149 qui
3161 5086 3415 5149 operatur
3453 5077 3727 5148 justitiam
3761 5096 3782 5129 ι

2206 5171 2461 5241 aliquam.
2508 5170 2564 5227 Si
2614 5172 2758 5227 enim
2804 5171 2922 5225 sine
2971 5171 3183 5226 macula
3232 5170 3551 5241 ingreditur,
3586 5178 3647 5225 et
3674 5184 3793 5224 non

2206 5260 2339 5317 facit
2359 5261 2649 5331 justitiam,
2679 5274 2787 5316 non
2819 5269 2904 5316 est
2916 5260 3113 5330 justus.

2277 5352 2370 5407 Ille
2411 5353 2576 5407 etiam
2622 5352 2923 5422 ingreditur
2971 5370 2989 5403 ι
3024 5352 3114 5422 qui
3142 5351 3378 5421 loquitur
3408 5349 3698 5405 veritatem
3729 5350 3791 5405 in

2205 5442 2367 5497 corde
2401 5458 2518 5508 suo,
2554 5461 2572 5494 ι
2613 5440 2666 5496 id
2693 5451 2796 5505 est,
2825 5441 2916 5510 qui
2962 5455 3175 5511 semper
3199 5440 3480 5494 veritatem
3508 5438 3788 5503 retinens.

2206 5539 2350 5586 tacet
2396 5546 2515 5586 eam
2547 5531 2883 5586 auditoribus
2907 5532 3013 5586 illis
3063 5531 3155 5601 qui
3186 5532 3410 5585 verbum
3439 5530 3537 5585 Dei
3580 5529 3795 5585 vellent

2207 5623 2544 5679 conculcarc.
2598 5623 2804 5677 Bonum
2848 5630 2932 5677 est
2966 5622 3253 5692 aliquando
3280 5623 3501 5677 verbum
3525 5621 3624 5676 Dei
3656 5618 3796 5687 reti-

2208 5727 2330 5767 cere
2357 5730 2367 5770 τ
2397 5714 2535 5768 unde
2586 5714 2640 5768 in
2672 5713 2961 5784 Evangelio
3009 5714 3321 5785 praecipitur
3348 5731 3359 5774 :
3390 5732 3408 5767 ι
3443 5711 3625 5789 Nolite
3656 5726 3795 5777 san:
