3984 6446
215 358 324 412 εὖτ

1349 351 1827 407 ἘΧΡΙΑΑΝΛἸῚΟ
1872 350 1936 405 IN
1976 351 2313 409 PSALMOS.

3311 408 3318 416 .
3375 360 3486 417 258

214 490 368 533 ctum
420 475 550 530 dare
596 464 850 535 canibus,
895 478 951 522 et
1006 468 1327 539 margaritas
1376 480 1631 537 spargere
1680 474 1804 521 ante
1834 471 1878 527 Α
1909 465 2189 535 inscriptio
2224 467 2361 521 tituli
2387 468 2651 523 convenit
2696 467 2795 538 ipsi
2818 468 3013 535 David,
3044 468 3097 525 id
3125 478 3208 526 est
3251 472 3503 529 Christoi‘

214 581 414 641 porcos
465 563 695 637 (Matth.
733 562 860 634 vn).
894 581 910 612 ι
963 559 1192 631 Operari
1231 560 1524 630 justitiam,
1568 558 1807 615 secunda

217 663 395 719 virtus
417 698 432 723 ,
461 657 575 712 haec
620 662 798 710 autem
845 653 1007 708 tertia
1043 670 1055 705 :
1102 652 1169 707 Et
1211 651 1302 707 ille
1337 670 1355 703 ι
1384 651 1685 722 ingreditur
1709 652 1804 718 qui

216 768 328 809 non
382 749 494 821 egit
518 746 698 803 dolum
728 745 782 800 in
821 744 1001 815 lingua
1033 759 1155 809 sua,
1186 761 1204 794 ι
1252 742 1306 798 id
1334 752 1418 798 est
1468 743 1559 812 qui
1602 741 1804 797 verita-

216 854 329 899 tem
366 839 713 913 prtedicaudo
754 835 974 896 nullum,
1004 834 1233 922 decepit,
1276 834 1401 904 quia
1454 847 1633 902 neque
1675 846 1803 902 pro-

212 942 339 1005 pter
360 927 665 1002 pecuniam,
688 940 863 996 neque
886 924 1047 981 simili
1074 924 1233 979 modo
1256 941 1269 977 :
1292 932 1346 978 et
1368 924 1483 978 lucc
1503 929 1589 977 est
1611 928 1805 992 quarta

215 1026 413 1080 virtus.

288 1115 360 1171 Et
387 1113 479 1170 ille
507 1111 752 1178 intrabit,
785 1111 876 1181 qui
927 1129 946 1160 ι
978 1124 1083 1165 non
1115 1107 1244 1164 fecit
1269 1108 1518 1178 proximo
1557 1123 1657 1164 suo
1691 1124 1804 1165 ma-

218 1212 331 1266 lum
362 1227 383 1261 »
436 1203 769 1261 verberando
797 1219 942 1269 eum,
990 1217 1087 1258 sua
1127 1199 1424 1257 auferendo
1449 1218 1463 1255 :
1488 1209 1545 1257 et
1570 1202 1685 1256 haec
1719 1209 1804 1256 est

218 1298 410 1371 quinta
437 1296 638 1361 virtus;
672 1314 695 1348 ς
719 1302 775 1351 ει
797 1292 1142 1365 opprobrium
1172 1306 1280 1347 non
1309 1292 1518 1363 accepit
1541 1293 1809 1349 adversus

216 1389 494 1461 proximos
547 1401 692 1451 suos,
727 1405 746 1439 ι
799 1385 855 1443 id
893 1393 978 1441 est
1026 1382 1267 1440 nonfuit
1304 1384 1639 1454 acceptabile
1670 1376 1798 1450 sibi,

219 1480 402 1536 dicere
435 1476 701 1548 proximis
734 1476 938 1547 aliquid
977 1490 1141 1531 causa
1178 1475 1482 1546 opprobrii,
1531 1482 1586 1530 et
1608 1474 1656 1530 si
1696 1475 1800 1530 ali.-

218 1586 324 1640 qua
373 1569 555 1640 turpia
599 1569 736 1625 dixit
776 1583 940 1624 causa
980 1567 1338 1624 correctionis
1365 1608 1383 1633 ,
1435 1582 1538 1623 nec
1576 1567 1624 1622 si
1662 1566 1802 1623 alius

219 1663 355 1718 dixit
383 1661 486 1717 sibi
515 1668 727 1733 gratum
764 1660 868 1715 fuit
892 1677 908 1712 :
940 1661 1058 1715 haec
1083 1667 1168 1715 est
1195 1667 1347 1714 sexta
1379 1660 1571 1714 virtus.

286 1753 355 1809 Et
402 1753 492 1808 ille
532 1753 761 1809 intrabit
785 1751 877 1822 qui
911 1751 1033 1806 talis
1072 1758 1174 1815 est,
1201 1750 1327 1820 quia
1366 1768 1385 1802 ί
1422 1751 1476 1804 in
1505 1758 1799 1820 conspectu

1906 556 2033 627 quia
2079 572 2345 627 nusquam
2389 558 2584 626 legitur
2606 558 2774 613 David
2808 558 2874 615 de
2914 573 2972 616 se
3008 559 3243 629 aliquem
3266 563 3488 619 titulum

1904 648 2207 718 scripsisse,
2237 664 2411 718 neque
2436 650 2601 705 etiam
2627 651 2692 706 de
2734 665 2799 706 eo
2845 652 2982 707 alius
3008 653 3227 725 scripsit
3250 656 3482 712 titulum.
3506 696 3511 705 .

1906 738 2001 794 Vel
2028 741 2107 795 sic
2132 742 2421 812 exponitur
2464 743 2690 798 titulus:
2718 744 2878 799 Tituli
2929 746 3206 817 inscriptio
3254 748 3353 820 ipsi
3380 751 3486 805 Da-

1904 832 2014 896 vid,
2048 833 2102 886 id
2130 841 2214 888 est
2264 833 2511 903 operatio
2549 834 2692 889 unde
2719 834 2963 905 loquitur
2989 837 3245 906 psalmus,
3292 848 3379 895 est
3402 849 3487 896 at—
3518 904 3523 909 η
3574 900 3577 903 λ

1904 927 2186 983 tribuenda
2231 926 2422 993 David,
2456 927 2509 980 id
2544 935 2629 982 est
2657 926 2873 984 Christo
2899 938 3090 1001 agente
3123 931 3225 987 hoc
3250 948 3349 1002 pro
3386 948 3486 989 sua
3576 999 3587 1012 ,

1900 1020 2147 1075 victoria.
2193 1020 2406 1075 Titulus
2448 1019 2594 1074 enim
2626 1021 2768 1089 apud
2805 1031 3013 1079 veteres
3058 1024 3127 1080 ad
3167 1025 3492 1096 designatio-

1902 1124 2023 1165 nem
2050 1109 2294 1165 victoriae
2331 1109 2386 1163 in
2415 1110 2730 1180 triumphali
2770 1125 2900 1166 arcu
2946 1113 3340 1171 ascribcbatur.
3373 1114 3488 1170 Ma-

1902 1200 2038 1256 teria
2070 1208 2155 1255 est
2190 1215 2415 1271 regnum
2459 1200 2789 1264 restitutum,
2825 1201 2879 1256 id
2925 1211 3009 1257 est
3038 1203 3248 1271 ﬁdeles,
3280 1207 3348 1262 de
3375 1221 3485 1276 qua

1901 1290 1980 1346 sic
2006 1291 2154 1362 agit:
2184 1290 2345 1346 Ponit
2370 1290 2741 1347 inﬁrmitatem
2768 1293 3141 1362 humanitatis,
3176 1304 3230 1353 et
3254 1298 3482 1369 gloriam

1899 1380 2252 1449 hatreditatis,
2302 1382 2356 1438 id
2382 1390 2488 1447 ,εει
2534 1398 2776 1440 suorum.
2835 1384 3030 1442 Postea
3057 1388 3159 1443 sub
3184 1390 3484 1460 gratiarum

1903 1473 2117 1530 actione
2160 1475 2272 1547 agit
2298 1474 2365 1531 de
2390 1474 2661 1544 passione,
2696 1477 3114 1542 resurrectione,
3143 1480 3482 1547 ascensione,

1898 1577 1996 1633 per
2017 1578 2137 1632 qua:
2179 1564 2362 1619 omnia
2412 1562 2553 1618 facta
2609 1572 2694 1619 est
2718 1566 2989 1621 restitutio
3036 1568 3208 1637 regni.
3231 1568 3507 1637 intentio

1899 1668 2030 1710 vero
2054 1662 2139 1710 est
2164 1669 2269 1711 nos
2306 1655 2598 1711 admonere
2619 1664 2678 1711 ut
2705 1672 2813 1712 non
2836 1660 3272 1715 contradicamus
3294 1661 3484 1729 titulo,

1901 1743 1995 1799 sed
2038 1744 2396 1800 conﬁteamur
2440 1744 2717 1805 Christum
2765 1762 2886 1802 esse
2926 1763 3105 1818 regem
3147 1749 3484 1807 Iudaeorum.

215 1844 336 1914 ejus
384 1844 674 1916 malignus,
710 1862 729 1897 ι
766 1844 818 1898 id
869 1851 959 1899 est
989 1841 1234 1897 diabolus
1268 1859 1290 1892 ί
1327 1841 1394 1896 ad
1430 1840 1659 1895 nihilum
1710 1840 1804 1895 de-
1838 1823 1880 1881 Β
1908 1834 2025 1891 Vox
2052 1832 2256 1891 Christi
2300 1836 2594 1892 secundum
2648 1838 3144 1905 humanitate,m,qet
3181 1842 3371 1913 incipit
3414 1844 3483 1897 ab

218 1939 412 1993 ductus
448 1945 550 2001 est,
578 1955 596 1988 ι
632 1936 686 1990 id
734 1942 821 1990 est
860 1933 1058 1989 nullius
1084 1932 1245 2003 pretii
1270 1932 1487 1986 habitus
1514 1939 1599 1986 est
1625 1948 1638 1983 :
1663 1931 1810 1987 sicut

216 2024 473 2081 Christus
503 2039 625 2079 cum
661 2039 692 2078 a
723 2023 939 2079 diabolo
966 2029 1287 2086 tentaretur,
1316 2021 1452 2076 dixit
1480 2020 1531 2076 ei
1559 2035 1573 2073 :
1604 2040 1623 2072 ι
1653 2019 1817 2075 Vade,

218 2126 390 2179 retro,
421 2115 649 2172 Satanas
676 2114 892 2187 (Matth.
917 2114 1014 2186 tv).
1048 2118 1075 2165 ι’
1097 2114 1387 2185 Malignum
1416 2113 1616 2169 nullius
1644 2113 1803 2184 pretii

217 2208 373 2281 facit,
421 2208 515 2263 sed
563 2225 581 2257 ι
616 2208 869 2262 timentes
891 2206 1177 2262 Dominum
1215 2205 1500 2276 gloriﬁcat,
1545 2224 1563 2258 ι
1617 2206 1672 2261 id
1700 2214 1815 2274 est,-

214 2301 392 2370 iustos
445 2302 676 2356 honorat
731 2317 746 2353 :
797 2308 847 2355 et
920 2299 1023 2355 hoc
1070 2314 1232 2353 versu
1294 2306 1516 2353 notatur
1574 2298 1804 2369 septima

218 2393 418 2447 virtus.

289 2482 358 2536 Et
381 2482 469 2536 ille
503 2499 525 2533 ε
552 2481 645 2552 qui
668 2480 816 2551 jnrat
845 2480 1092 2552 proximo
1121 2495 1241 2546 suo,
1289 2489 1341 2535 et
1371 2494 1477 2534 non
1512 2478 1738 2550 decipit,
1778 2500 1797 2533 ι

220 2572 279 2626 id
303 2580 408 2638 est,
434 2571 664 2626 ﬁrmiter
685 2571 815 2625 dicit
835 2579 890 2625 et
910 2585 1014 2626 non
1043 2569 1174 2625 fallit
1197 2588 1215 2623 :r
1227 2570 1366 2626 sicut
1384 2569 1629 2625 Christus
1649 2570 1805 2641 quid-

216 2663 372 2733 quid.
397 2662 662 2733 apostolis
710 2662 864 2729 dixit,
918 2662 1245 2731 completum
1297 2670 1426 2717 est:
1459 2670 1516 2716 et
1560 2661 1677 2717 haec
1720 2669 1817 2721 εει,

217 2753 394 2808 virtus
409 2760 620 2809 octava.
643 2752 713 2806 Et
731 2751 820 2809 ille
846 2770 865 2804 ι
892 2752 983 2822 qui
1012 2752 1299 2823 pecuniam
1345 2766 1521 2818 suam,
1544 2771 1563 2805 ι
1597 2752 1804 2808 εείΙίεει

218 2856 515 2912 terrenam,
576 2865 595 2898 ‹
626 2859 735 2900 non
766 2846 913 2901 dedit
954 2846 1022 2900 ad
1060 2859 1299 2911 usuram,
1336 2865 1355 2897 ›
1389 2844 1483 2899 sed
1521 2844 1800 2913 pecuniam

216 2953 375 2993 suam
401 2935 551 2992 Judzn
584 2937 803 2993 tradidit
848 2936 1176 3007 pauperibus
1218 2934 1568 3007 erogandam.
1630 2933 1802 3004 Spiri-

216 3026 436 3081 tualiter
484 3035 663 3082 autem
689 3027 916 3097 pecunia
955 3027 1095 3082 bene
1142 3026 1211 3083 ad
1238 3040 1457 3081 usuram
1483 3024 1801 3094 praecipitur

211 3117 617 3175 commodanda
654 3136 668 3172 :
713 3127 768 3173 et
808 3118 924 3174 htec
951 3118 1123 3172 virtus
1154 3132 1297 3172 nona
1324 3123 1428 3172 est.
1477 3115 1545 3171 Et
1585 3115 1674 3171 ille
1702 3115 1796 3184 qui
1825 3172 1867 3195 ﬁ

1908 1927 2224 1983 inﬁrmitate
2251 1927 2624 1993 humanitatis,
2653 1929 2809 1999 quasi
2834 1929 3042 1999 positus
3076 1930 3219 1986 inter
3243 1932 3483 2002 pericula

1906 2021 1987 2075 sic
2013 2021 2255 2076 diceret:

1906 2123 1933 2153 ε
1978 2094 2248 2169 {Domine
2274 2115 2437 2179 Deus,
2479 2130 2739 2171 conserva
2768 2130 2854 2172 me
2889 2135 2909 2168 ι
2958 2132 3028 2172 ne
3072 2118 3203 2172 mibi
3236 2117 3350 2173 ista:
3390 2117 3487 2172 tri-

1904 2203 2209 2260 bulationes
2252 2205 2602 2276 praevaleant.
2647 2205 2748 2261 llic
2783 2206 2959 2261 innuit
2999 2222 3067 2261 ex
3110 2222 3168 2262 se
3207 2188 3343 2262 nihil
3383 2209 3483 2262 ba-

1905 2294 2075 2349 bere:
2107 2294 2203 2349 sed
2230 2309 2297 2348 ex
2324 2292 2438 2353 Deo
2478 2312 2496 2345 ι
2527 2309 2789 2349 conserva
2818 2308 2905 2349 me
2937 2315 2954 2346 ι
3007 2304 3064 2351 ει
3105 2296 3268 2353 debes
3304 2296 3484 2369 facere

1909 2400 1928 2433 ι
1958 2382 2214 2452 quoniam
2254 2384 2465 2451 speravi
2512 2383 2566 2437 in
2595 2391 2649 2439 te
2677 2404 2694 2434 ι
2739 2399 2890 2454 spem
2921 2399 3097 2440 meam
3142 2386 3297 2454 posui
3326 2396 3399 2449 te,
3430 2395 3486 2441 et

1903 2479 2123 2544 propter
2172 2475 2275 2528 hoc
2316 2475 2478 2530 etiam
2533 2475 2676 2544 quod
2704 2475 2840 2529 dixit
2871 2476 2967 2530 tibi
3022 2493 3040 2526 ι
3071 2475 3318 2543 Domine,
3341 2477 3485 2532 Deus

1904 2579 2057 2620 meus
2080 2579 2139 2621 es
2189 2574 2267 2631 tu,
2305 2585 2324 2619 ο
2366 2567 2421 2621 id
2447 2574 2531 2621 est
2553 2565 2779 2621 multum
2822 2565 2956 2619 mihi
2994 2565 3320 2622 familiaris:
3363 2566 3486 2622 ideo

1904 2656 2024 2712 dico
2070 2658 2226 2730 Deus.
2280 2676 2298 2710 ‹
2335 2657 2592 2730 quoniam
2646 2664 2701 2711 tu
2762 2656 3026 2729 bonorum
3082 2671 3325 2714 meorum
3371 2673 3484 2714 non

1909 2765 1927 2796 ι
1960 2760 2108 2817 eges,
2145 2766 2163 2799 ι
2201 2746 2254 2801 id
2279 2754 2364 2802 est
2414 2746 2549 2801 nihil
2582 2745 2709 2801 boni
2738 2762 2805 2801 ex
2831 2761 2919 2801 me
2944 2746 3143 2812 habeo,
3173 2749 3273 2803 sed
3305 2749 3505 2818 potius.

1900 2848 1968 2890 ex
1996 2843 2085 2889 te:
2111 2835 2239 2905 quia
2269 2835 2315 2890 si
2347 2835 2551 2904 aliquid
2590 2850 2654 2890 ex
2692 2850 2780 2891 me
2810 2836 3093 2903 haberem,
3135 2837 3229 2894 illo
3258 2846 3317 2894 tu
3358 2854 3485 2910 ege-

1901 2940 2008 2993 res,
2050 2934 2107 2981 et
2143 2942 2251 2983 non
2289 2942 2443 2983 esses
2480 2926 2770 2983 sufﬁciens.
2810 2926 2945 2984 Cum
2967 2928 3219 2985 Christus
3242 2930 3487 2987 dicate:

1899 3031 1958 3072 se
1986 3016 2119 3072 nihil
2150 3017 2272 3072 boni
2304 3017 2538 3084 habere,
2576 3018 2889 3075 manifestat
2936 3019 3056 3077 illos
3095 3021 3248 3077 valde
3278 3036 3485 3092 praesu-

1902 3123 2069 3173 mere,
2112 3109 2205 3180 qui
2255 3123 2323 3163 ex
2370 3122 2429 3164 se
2476 3109 2681 3180 aliquid
2725 3110 2853 3169 boni
2896 3111 3212 3169 existimant
3255 3114 3479 3171 habere.

222 3229 242 3260 ι
274 3224 499 3266 munera
540 3225 701 3280 super
742 3210 1060 3265 innocentes
1102 3224 1223 3264 non.
1250 3208 1479 3280 accepit.
1518 3228 1536 3260 ι
1573 3208 1794 3263 Munera

1902 3195 1998 3252 Hic
2034 3198 2221 3268 incipit
2267 3199 2556 3255 osten'ere
2609 3200 2835 3270 gloriam
2874 3202 3227 3259 haereditatis.
3288 3205 3477 3262 Conti-

216 3302 435 3372 quidem
466 3303 673 3371 accepit
695 3301 961 3367 Christus,
990 3302 1085 3356 sed
1113 3314 1219 3355 non
1247 3308 1307 3354 ut
1351 3300 1669 3355 innocentes
1707 3313 1798 3369 op—

216 3392 479 3462 primeret
505 3411 517 3446 :
550 3392 668 3446 haec
693 3392 864 3446 virtus
888 3391 1096 3446 decima
1132 3391 1424 3445 invenitur.
1462 3390 1587 3445 Haec
1615 3400 1796 3445 autem

215 3483 401 3536 omnia
434 3481 788 3551 spiritualiter
816 3482 870 3534 in
901 3480 1119 3533 Christo
1147 3481 1510 3535 inveniuntur.

296 3590 316 3621 ι
364 3571 468 3636 Qui
497 3590 515 3621 ι
548 3584 678 3624 vero
724 3570 859 3622 alius
903 3570 1194 3622 secundum
1235 3571 1375 3637 quod
1409 3572 1640 3623 humana
1684 3570 1795 3623 fra-

222 3659 403 3729 gilitas
431 3673 538 3712 non
584 3666 788 3712 tantum
837 3657 1091 3727 loquitur,
1142 3658 1235 3712 sed
1291 3676 1309 3707 ι
1345 3657 1476 3712 facit
1521 3660 1654 3723 inec,
1691 3675 1797 3712 nou

221 3749 564 3814 movebitur,
601 3769 619 3800 ι
670 3748 722 3804 id
772 3756 858 3802 est
901 3764 1002 3808 nor.
1060 3748 1397 3818 separabitur
1445 3764 1473 3801 a
1514 3748 1625 3803 Deo
1686 3767 1702 3800 ι
1744 3749 1797 3803 in

216 3847 484 3894 aeternum
519 3858 537 3891 ι
590 3839 685 3895 sed
737 3838 1067 3909 ingredietur
1110 3840 1162 3894 in
1228 3839 1629 3894 tabernaculum
1682 3840 1794 3905 Dei,

219 3941 277 3989 et
303 3932 605 4002 requiescet
647 3931 699 3985 in
728 3942 912 3986 monte
943 3940 1130 3988 sancto
1160 3932 1274 3987 Dei.

711 4065 778 4119 IN
816 4065 1146 4122 PSALMUM
1187 4067 1302 4122 XV.

465 4178 721 4234 Trwws.
754 4177 1031 4251 Inscriptio
1064 4182 1201 4236 tituli
1235 4184 1333 4253 ipsi
1358 4180 1545 4238 David.

295 4312 313 4344 ε
354 4292 646 4349 Conserva.
686 4313 704 4346 ι
754 4294 1020 4363 Propheta
1069 4294 1266 4351 Esdras
1296 4294 1600 4365 intelligens
1630 4298 1794 4354 David

215 4385 507 4454 scripsisse
552 4385 695 4440 hunc
751 4383 1017 4453 psalmum
1067 4384 1134 4440 de
1195 4387 1589 4443 restauratione
1642 4387 1792 4459 regni

211 4473 460 4540 Christi,
509 4482 562 4530 et
583 4474 867 4544 providens
896 4476 1056 4530 etiam
1104 4477 1323 4545 quodin
1351 4478 1599 4546 passione
1626 4479 1793 4548 ipsius

212 4562 417 4620 Christi
464 4562 563 4618 iste
612 4563 795 4629 titulus
840 4563 1168 4618 scriberetur
1197 4584 1209 4619 :
1243 4584 1260 4617 ‹
1292 4564 1448 4620 Jesus
1482 4565 1792 4622 Nazarcnus

215 4670 312 4710 rex
342 4652 675 4722 Judaeorum;
731 4673 748 4703 ι
780 4665 833 4708 ει
862 4656 1005 4724 quod
1027 4655 1189 4709 etiam
1238 4655 1310 4709 illi
1344 4655 1498 4711 titulo
1524 4658 1794 4711 contradi-

213 4751 423 4807 cerent,
444 4743 684 4799 dicentes
710 4742 882 4797 Pilato
912 4759 925 4794 :
963 4762 979 4793 ι
1012 4742 1130 4798 Noli
1162 4745 1427 4811 scribere,
1465 4760 1556 4800 rex
1586 4744 1795 4800 Iudaeo-

216 4846 376 4898 rum,
430 4826 523 4887 sed
561 4832 703 4902 .quia
761 4834 872 4902 ipse
921 4833 1085 4900 dixit,
1155 4850 1250 4889 rex
1305 4850 1422 4889 sum
1486 4834 1791 4891 Judceoruzn

216 4923 403 4995 (Joan.
429 4925 565 4996 xxx),
589 4944 607 4977 ι
638 4927 705 4981 ad
718 4914 1179 4981 conﬁrmationem
1209 4928 1361 4983 istius
1384 4926 1544 4992 tituli,
1567 4928 1644 4982 sic
1663 4926 1833 4982 inti-9

217 5015 413 5070 tulavit
440 5018 703 5086 psalmum
734 5020 915 5073 istum.
949 5018 1047 5075 Ubi
1075 5020 1217 5074 enim
1232 5020 1361 5075 dicit
1385 5020 1647 5090 psalmum
1670 5037 1787 5077 esse

215 5106 559 5177 inscriptum,
594 5109 827 5164 ostendit
871 5108 1031 5164 etiam
1060 5109 1271 5164 titulum
1299 5125 1419 5165 esse
1448 5110 1786 5181 inscriptum,

214 5195 345 5265 quia
391 5196 457 5249 de
497 5196 683 5253 eodem
729 5199 857 5269 agit,
887 5208 943 5254 et
982 5199 1169 5255 titulus
1198 5208 1251 5254 ct
1291 5201 1551 5270 psalmus,
1583 5201 1790 5256 scilicet

216 5285 283 5338 de
310 5300 476 5355 regno
510 5284 729 5342 Christi.
775 5288 984 5343 Titulus
1011 5297 1189 5344 autem
1222 5289 1301 5344 sic
1332 5291 1653 5360 exponitur:
1680 5290 1790 5345 lsta

218 5368 500 5446 inscriptio
534 5377 697 5443 tituli,
746 5378 797 5432 id
838 5387 921 5433 est
960 5381 1061 5434 iste
1108 5380 1346 5450 psalmus
1372 5381 1462 5451 qui
1489 5389 1544 5435 et
1576 5380 1784 5445 titulus,

217 5468 346 5537 quia
386 5470 454 5523 de
488 5470 709 5526 obtentu
747 5471 912 5541 ipsius
958 5474 1126 5542 regni,
1177 5474 1318 5529 sicut
1361 5473 1546 5529 titulus
1581 5474 1634 5528 in
1669 5490 1789 5543 pas-

216 5563 390 5619 sione.
437 5563 728 5635 lnscriptus
748 5575 849 5631 est,
876 5566 928 5621 id
958 5575 1055 5635 ,εει
1084 5566 1494 5621 immutabilitcr
1522 5568 1781 5637 scriptus;

216 5656 343 5724 quia
395 5654 701 5726 quicunque
738 5658 1131 5723 contradicant,
1179 5657 1295 5726 ipse
1331 5673 1542 5728 semper
1584 5665 1666 5715 est
1691 5672 1785 5713 rex

217 5744 545 5811 Judmorum,
599 5747 650 5801 id
681 5757 761 5803 est
789 5764 910 5804 vere
942 5750 1108 5805 Deum
1141 5748 1506 5803 conﬁtentium
1536 5766 1550 5803 :
1586 5759 1635 5805 et
1673 5751 1785 5805 hzec

1899 3291 2121 3345 nuaﬁo:

1971 3401 1993 3434 ί
2020 3382 2139 3437 Dixi
2162 3383 2407 3448 Domino,
2428 3384 2571 3440 Deus
2595 3400 2748 3441 meus
2768 3400 2847 3451 es,
2871 3406 2889 3436 ι
2916 3387 3006 3441 hic
3021 3396 3197 3443 autem
3221 3387 3482 3446 Dominus

1903 3492 1920 3524 ‹
1957 3474 2290 3539 mirificavit,
2326 3496 2343 3526 ι
2393 3476 2445 3531 id
2485 3484 2570 3532 est
2610 3476 2889 3533 mirabiles
2939 3478 3176 3535 ostendit
3219 3499 3237 3532 ι
3289 3495 3482 3541 omnes

1898 3566 2200 3621 voluntates
2241 3582 2407 3621 meas.
2447 3587 2464 3617 ι
2517 3568 2778 3623 Voluntas
2804 3568 3006 3624 Christi
3048 3579 3151 3636 est,
3193 3578 3255 3627 ut
3289 3587 3481 3630 omnes

1900 3654 2153 3723 impleant
2188 3656 2441 3708 mandata
2465 3657 2602 3725 ejus.
2629 3657 2781 3712 Ilanc
2809 3658 3141 3715 voluntatem
3172 3661 3477 3718 mirabilem

1899 3744 2134 3799 ostendit
2173 3745 2316 3799 Deus
2372 3762 2391 3795 ι
2422 3744 2626 3799 sanctis
2653 3764 2671 3798 ι
2716 3746 3294 3817 quandocoguoscere
3327 3751 3475 3817 facit,

1898 3836 2040 3906 quod
2070 3835 2115 3890 si
2141 3834 2279 3889 hanc
2324 3835 2658 3891 voluntatem
2710 3836 2987 3906 impleant,
3036 3838 3394 3908 impassibiles
3419 3855 3476 3896 et

1898 3929 2230 3985 immortales
2260 3926 2410 3983 liant.
2445 3927 2663 3984 Sanctis
2692 3928 2814 3984 dico
2846 3947 2864 3980 ε
2900 3930 2991 3999 qui
3014 3938 3139 3985 sunt
3162 3932 3216 3986 in
3243 3939 3408 4000 terra,
3444 3956 3469 3987 ο

1893 4021 1986 4090 qui
2018 4019 2139 4075 ideo
2164 4019 2418 4074 dicuntur
2445 4021 2649 4087 sancti,
2671 4021 2797 4090 quia
2834 4030 2963 4077 sunt
3001 4023 3058 4078 in
3091 4032 3256 4094 terra,
3292 4025 3349 4081 id
3370 4036 3473 4092 est,

1895 4115 1948 4168 in
1997 4112 2312 4179 stabilitate,
2347 4128 2452 4169 non
2481 4113 2534 4168 in
2562 4114 2813 4171 ﬂuctibus
2854 4113 3014 4184 hujus
3041 4119 3266 4175 mundi:
3305 4126 3471 4187 terra,

1894 4203 2014 4260 dico
2048 4222 2067 4254 ι
2100 4201 2217 4270 ejus
2251 4222 2267 4254 ι
2301 4202 2508 4259 scilicet
2560 4204 2969 4272 benedictionis,
3005 4222 3112 4263 non
3142 4209 3475 4267 maledictio-

1895 4295 1998 4363 nis,
2027 4302 2087 4349 ut
2129 4302 2272 4351 terra
2300 4294 2429 4350 Adze
2463 4292 2743 4368 (Geram),
2776 4296 2852 4359 ΔΕι
2878 4297 3005 4367 quia
3043 4298 3209 4369 aliqui
3251 4313 3474 4371 possent

1893 4399 2215 4456 cognoscere
2240 4385 2590 4451 voluntatem,
2621 4396 2676 4441 et
2707 4395 2883 4441 tamen
2911 4403 3016 4442 non
3038 4388 3214 4458 posita
3242 4402 3394 4448 esset
3414 4393 3471 4447 in
3494 4426 3501 4435 ι

1895 4478 1996 4543 εἰε,
2032 4478 2178 4533 addit
2222 4495 2240 4526 ‹
2276 4477 2330 4532 in
2359 4478 2439 4533 eis
2471 4498 2489 4529 ι
2542 4478 2615 4533 ita
2654 4479 2863 4533 scilicet
2914 4497 2933 4530 ί
2970 4480 3300 4549 miriﬁcavit,
3337 4502 3357 4537 ι
3408 4495 3497 4539 ιιι,

1897 4578 2075 4623 essent
2103 4569 2293 4638 positae
2335 4570 2389 4624 in
2416 4570 2537 4637 eis;
2574 4590 2592 4619 ι
2626 4570 2934 4627 mirificavit
2970 4594 3001 4628 ι,
3023 4574 3175 4643 prius
3200 4577 3499 4633 erantinv.

1898 4660 2058 4726 firmi,
2094 4668 2149 4715 et
2178 4676 2298 4715 cum
2328 4670 2511 4716 essent
2538 4661 2762 4727 inﬁrmi,
2793 4663 2890 4718 sub
2918 4666 3151 4720 naturali
3184 4666 3301 4738 lege
3333 4685 3351 4718 σ
3388 4669 3470 4724 itt-

1897 4749 2181 4806 firmitatcs
2229 4766 2439 4817 eorum,
2473 4772 2490 4803 ι
2547 4751 2601 4807 id
2625 4761 2710 4808 est
2734 4763 2955 4823 peccata
3007 4774 3025 4806 ι
3055 4757 3408 4828 multiplicata
3444 4780 3495 4814 ι.

1897 4855 1992 4908 per
2044 4840 2214 4910 legem
2253 4843 2531 4913 scriptam.
2565 4842 2720 4898 Unde
2748 4845 3051 4914 .Apostoltts
3088 4863 3099 4897 :
3134 4846 3248 4903 Lex
3281 4851 3467 4905 subin-

1900 4931 2065 4985 travit
2115 4940 2174 4985 ut
2201 4931 2503 4989 abundaret
2551 4933 2807 4991 delictum
2836 4933 3006 5005 (Rom.
3039 4936 3115 5003 v),
3152 4955 3171 4987 ι
3202 4946 3408 5008 postea,
3442 4959 3460 4989 ι

1893 5021 1945 5076 id
1973 5030 2075 5085 est,
2108 5029 2391 5092 postquam
2430 5038 2488 5079 se
2527 5035 2895 5096 cognoverunt
2936 5040 3047 5081 non
3077 5042 3240 5099 posse
3268 5027 3465 5081 salvari

1890 5129 1985 5183 per
2009 5114 2202 5186 legem,
2226 5115 2319 5172 sed
2348 5116 2528 5186 potius
2558 5117 2902 5189 multiplicari
2930 5128 3149 5190 peccata
3178 5136 3190 5173 :
3218 5135 3316 5191 per
3344 5135 3485 5176 eane

1897 5224 1913 5254 ι
1945 5204 2404 5270 acceleraverunt,
2440 5225 2456 5255 ι
2491 5207 2699 5261 scilicet
2722 5208 2789 5262 ad
2815 5209 3110 5263 Christum.

1966 5316 1983 5348 ι
2025 5295 2475 5353 Acceleraverunt
2508 5317 2525 5348 ›
2558 5307 2614 5354 ει
2643 5300 2761 5355 ideo
2789 5298 2899 5369 jam
2933 5319 2951 5350 ι
2983 5315 3089 5355 non
3126 5302 3468 5371 congregabo

1895 5387 2261 5442 conventicula
2310 5404 2519 5453 eorum,
2558 5410 2577 5443 ι
2615 5390 2665 5444 id
2704 5398 2785 5446 est
2824 5402 3119 5448 conventus
3142 5432 3158 5459 ,
3219 5392 3464 5446 instituta

1894 5480 1959 5533 de
1987 5479 2336 5550 sanguinibus
2367 5500 2386 5532 ι
2419 5482 2767 5545 etfundendis,
2797 5483 2936 5537 sicut
2974 5484 3027 5538 in
3053 5484 3155 5537 alia
3198 5482 3331 5553 lege.
3355 5479 3483 5537 Sed.

1887 5568 1998 5637 jam
2024 5585 2131 5625 non
2159 5572 2414 5641 recipiam
2441 5574 2778 5644 sanguinem,
2811 5574 2865 5628 id
2909 5583 2993 5627 est
3040 5570 3366 5628 sacriﬁcium
3398 5574 3484 5641 de.

1893 5659 2153 5718 effusione
2173 5663 2474 5733 sanguinis,
2500 5664 2585 5718 vel
2630 5665 2751 5735 agni
2778 5664 2858 5717 vel
2895 5664 3053 5717 hirci.
3103 5663 3201 5719 llic
3237 5666 3464 5736 promit-

1896 5750 2040 5806 tebat
2078 5761 2261 5822 aperte
2292 5752 2662 5807 liberationem
2705 5755 2771 5808 ab
2819 5767 2981 5807 onere
3011 5752 3141 5827 legis
3171 5753 3427 5810 Dominus
3448 5767 3469 5809 :.
