  <div class='ocr_page' id='page_1' title='image "/cluster/home/n/w/nwhite01/storage/ocr_20150623/116/hvd.32044015466881/125.png"; bbox 0 0 3984 6454; ppageno 0'>
   <div class='ocr_carea' id='block_1_1' title="bbox 465 345 574 402">
    <p class='ocr_par' dir='ltr' id='par_1_1' title="bbox 465 345 574 402">
     <span class='ocr_line' id='line_1_1' title="bbox 465 345 574 402; baseline 0.018 -2"><span class='ocrx_word' id='word_1_1' title='bbox 465 345 574 402; x_wconf 70' lang='grc' dir='ltr'><strong>πθ</strong></span> 
     </span>
    </p>
   </div>
   <div class='ocr_carea' id='block_1_2' title="bbox 957 343 3274 405">
    <p class='ocr_par' dir='ltr' id='par_1_2' title="bbox 957 343 3274 405">
     <span class='ocr_line' id='line_1_2' title="bbox 957 343 3274 405; baseline 0.002 -5"><span class='ocrx_word' id='word_1_2' title='bbox 957 343 1312 403; x_wconf 72' lang='lat' dir='ltr'><strong>HAYMOMS</strong></span> <span class='ocrx_word' id='word_1_3' title='bbox 1352 343 1828 400; x_wconf 74' lang='lat' dir='ltr'><strong>HALBERSTAT.</strong></span> <span class='ocrx_word' id='word_1_4' title='bbox 1872 343 2084 400; x_wconf 77' lang='lat' dir='ltr'><strong>EPISC.</strong></span> <span class='ocrx_word' id='word_1_5' title='bbox 2129 346 2278 402; x_wconf 83' lang='lat' dir='ltr'><strong>OPP.</strong></span> <span class='ocrx_word' id='word_1_6' title='bbox 2322 345 2500 402; x_wconf 75' lang='lat' dir='ltr'><strong>PARS</strong></span> <span class='ocrx_word' id='word_1_7' title='bbox 2541 347 2580 400; x_wconf 85' lang='grc'><strong>1.</strong></span> <span class='ocrx_word' id='word_1_8' title='bbox 2611 377 2678 387; x_wconf 90' lang='lat'><em>-</em></span> <span class='ocrx_word' id='word_1_9' title='bbox 2708 346 3060 404; x_wconf 80' lang='lat' dir='ltr'><strong>COMMENT.</strong></span> <span class='ocrx_word' id='word_1_10' title='bbox 3105 349 3274 405; x_wconf 85' lang='lat' dir='ltr'><strong>BIBL.</strong></span> 
     </span>
    </p>
   </div>
   <div class='ocr_carea' id='block_1_3' title="bbox 3637 354 3754 409">
    <p class='ocr_par' dir='ltr' id='par_1_3' title="bbox 3637 354 3754 409">
     <span class='ocr_line' id='line_1_3' title="bbox 3637 354 3754 409; baseline 0.017 -2"><span class='ocrx_word' id='word_1_11' title='bbox 3637 354 3754 409; x_wconf 58' lang='lat' dir='ltr'><strong>S40</strong></span> 
     </span>
    </p>
   </div>
   <div class='ocr_carea' id='block_1_4' title="bbox 469 457 3760 534">
    <p class='ocr_par' dir='ltr' id='par_1_4' title="bbox 469 457 3760 534">
     <span class='ocr_line' id='line_1_4' title="bbox 469 457 3760 534; baseline 0.003 -21"><span class='ocrx_word' id='word_1_12' title='bbox 469 480 488 513; x_wconf 66' lang='lat' dir='ltr'><strong>r</strong></span> <span class='ocrx_word' id='word_1_13' title='bbox 534 475 636 518; x_wconf 85' lang='lat' dir='ltr'><strong>nec</strong></span> <span class='ocrx_word' id='word_1_14' title='bbox 665 475 874 516; x_wconf 86' lang='lat' dir='ltr'><strong>memor</strong></span> <span class='ocrx_word' id='word_1_15' title='bbox 901 475 997 516; x_wconf 87' lang='lat' dir='ltr'><strong>ero</strong></span> <span class='ocrx_word' id='word_1_16' title='bbox 1024 461 1300 515; x_wconf 87' lang='lat' dir='ltr'><strong>nominum</strong></span> <span class='ocrx_word' id='word_1_17' title='bbox 1331 474 1538 524; x_wconf 90' lang='lat' dir='ltr'><strong>corum,</strong></span> <span class='ocrx_word' id='word_1_18' title='bbox 1575 479 1592 511; x_wconf 74' lang='grc' dir='ltr'><strong>ι</strong></span> <span class='ocrx_word' id='word_1_19' title='bbox 1626 461 1677 515; x_wconf 93' lang='lat' dir='ltr'><strong>id</strong></span> <span class='ocrx_word' id='word_1_20' title='bbox 1703 470 1786 515; x_wconf 90' lang='lat' dir='ltr'><strong>est</strong></span> <span class='ocrx_word' id='word_1_21' title='bbox 1812 457 2050 514; x_wconf 67' lang='lat' dir='ltr'><strong>infamiae</strong></span> <span class='ocrx_word' id='word_1_22' title='bbox 2077 467 2124 522; x_wconf 76' lang='grc' dir='ltr'><strong>Α</strong></span> <span class='ocrx_word' id='word_1_23' title='bbox 2225 459 2361 527; x_wconf 86' lang='lat' dir='ltr'><strong>Quia</strong></span> <span class='ocrx_word' id='word_1_24' title='bbox 2387 460 2502 531; x_wconf 91' lang='lat' dir='ltr'><strong>ipse</strong></span> <span class='ocrx_word' id='word_1_25' title='bbox 2546 479 2565 512; x_wconf 80' lang='grc' dir='ltr'>ι</span> <span class='ocrx_word' id='word_1_26' title='bbox 2601 461 2734 516; x_wconf 90' lang='lat' dir='ltr'><strong>mihi</strong></span> <span class='ocrx_word' id='word_1_27' title='bbox 2763 469 2846 516; x_wconf 90' lang='lat' dir='ltr'><strong>est</strong></span> <span class='ocrx_word' id='word_1_28' title='bbox 2887 477 2917 516; x_wconf 91' lang='lat' dir='ltr'><strong>a</strong></span> <span class='ocrx_word' id='word_1_29' title='bbox 2948 463 3162 518; x_wconf 76' lang='lat' dir='ltr'><strong>dextris</strong></span> <span class='ocrx_word' id='word_1_30' title='bbox 3188 471 3429 534; x_wconf 89' lang='lat' dir='ltr'><strong>propter,</strong></span> <span class='ocrx_word' id='word_1_31' title='bbox 3461 464 3566 520; x_wconf 85' lang='lat' dir='ltr'><strong>hoc</strong></span> <span class='ocrx_word' id='word_1_32' title='bbox 3594 465 3760 523; x_wconf 66' lang='lat' dir='ltr'><strong>leta-</strong></span> 
     </span>
    </p>
   </div>
   <div class='ocr_carea' id='block_1_5' title="bbox 463 548 2045 614">
    <p class='ocr_par' dir='ltr' id='par_1_5' title="bbox 463 548 2045 614">
     <span class='ocr_line' id='line_1_5' title="bbox 463 548 2045 614; baseline -0.003 -6"><span class='ocrx_word' id='word_1_33' title='bbox 463 566 672 608; x_wconf 88' lang='lat' dir='ltr'><strong>eorum.</strong></span> <span class='ocrx_word' id='word_1_34' title='bbox 696 550 854 607; x_wconf 81' lang='lat' dir='ltr'><strong>Prius</strong></span> <span class='ocrx_word' id='word_1_35' title='bbox 870 550 1286 606; x_wconf 76' lang='lat' dir='ltr'><strong>nominabantur</strong></span> <span class='ocrx_word' id='word_1_36' title='bbox 1311 548 1454 604; x_wconf 88' lang='lat' dir='ltr'><strong>fures</strong></span> <span class='ocrx_word' id='word_1_37' title='bbox 1477 549 1589 614; x_wconf 84' lang='lat' dir='ltr'><strong>alii,</strong></span> <span class='ocrx_word' id='word_1_38' title='bbox 1615 550 1702 605; x_wconf 83' lang='lat' dir='ltr'><strong>alii</strong></span> <span class='ocrx_word' id='word_1_39' title='bbox 1732 548 2045 614; x_wconf 71' lang='lat' dir='ltr'><strong>idololatrte,</strong></span> 
     </span>
    </p>
   </div>
   <div class='ocr_carea' id='block_1_6' title="bbox 463 639 2052 702">
    <p class='ocr_par' dir='ltr' id='par_1_6' title="bbox 463 639 2052 702">
     <span class='ocr_line' id='line_1_6' title="bbox 463 639 2052 702; baseline -0.005 -1"><span class='ocrx_word' id='word_1_40' title='bbox 463 655 521 701; x_wconf 86' lang='lat' dir='ltr'><strong>et</strong></span> <span class='ocrx_word' id='word_1_41' title='bbox 543 645 726 702; x_wconf 69' lang='lat' dir='ltr'><strong>caeteri</strong></span> <span class='ocrx_word' id='word_1_42' title='bbox 752 644 1019 699; x_wconf 83' lang='lat' dir='ltr'><strong>similibus</strong></span> <span class='ocrx_word' id='word_1_43' title='bbox 1061 641 1388 698; x_wconf 88' lang='lat' dir='ltr'><strong>nominibus.</strong></span> <span class='ocrx_word' id='word_1_44' title='bbox 1419 641 1518 696; x_wconf 86' lang='lat' dir='ltr'><strong>Hic</strong></span> <span class='ocrx_word' id='word_1_45' title='bbox 1555 650 1776 695; x_wconf 86' lang='lat' dir='ltr'><strong>notatur</strong></span> <span class='ocrx_word' id='word_1_46' title='bbox 1805 639 2052 694; x_wconf 84' lang='lat' dir='ltr'><strong>remissio</strong></span> 
     </span>
    </p>
   </div>
   <div class='ocr_carea' id='block_1_7' title="bbox 465 731 2051 806">
    <p class='ocr_par' dir='ltr' id='par_1_7' title="bbox 465 731 2051 806">
     <span class='ocr_line' id='line_1_7' title="bbox 465 731 2051 806; baseline -0.006 -13"><span class='ocrx_word' id='word_1_47' title='bbox 465 744 836 806; x_wconf 79' lang='lat' dir='ltr'><strong>peccatorum,</strong></span> <span class='ocrx_word' id='word_1_48' title='bbox 859 755 878 786; x_wconf 84' lang='grc'><strong><em>‹</em></strong></span> <span class='ocrx_word' id='word_1_49' title='bbox 901 749 1004 788; x_wconf 87' lang='lat' dir='ltr'><strong>non</strong></span> <span class='ocrx_word' id='word_1_50' title='bbox 1021 749 1115 788; x_wconf 89' lang='lat' dir='ltr'><strong>ero</strong></span> <span class='ocrx_word' id='word_1_51' title='bbox 1129 746 1359 798; x_wconf 91' lang='lat' dir='ltr'><strong>memor,</strong></span> <span class='ocrx_word' id='word_1_52' title='bbox 1380 751 1398 783; x_wconf 73' lang='grc' dir='ltr'><strong><em>ι</em></strong></span> <span class='ocrx_word' id='word_1_53' title='bbox 1417 741 1474 786; x_wconf 92' lang='lat' dir='ltr'><strong>et</strong></span> <span class='ocrx_word' id='word_1_54' title='bbox 1496 733 1600 787; x_wconf 89' lang='lat' dir='ltr'><strong>hoc</strong></span> <span class='ocrx_word' id='word_1_55' title='bbox 1616 732 1739 786; x_wconf 90' lang='lat' dir='ltr'><strong>dico</strong></span> <span class='ocrx_word' id='word_1_56' title='bbox 1754 749 1772 793; x_wconf 63' lang='grc' dir='ltr'><strong>ς</strong></span> <span class='ocrx_word' id='word_1_57' title='bbox 1785 747 1891 800; x_wconf 90' lang='lat' dir='ltr'><strong>.per</strong></span> <span class='ocrx_word' id='word_1_58' title='bbox 1909 731 2051 785; x_wconf 86' lang='lat' dir='ltr'><strong>labia</strong></span> 
     </span>
    </p>
   </div>
   <div class='ocr_carea' id='block_1_8' title="bbox 471 821 2053 893">
    <p class='ocr_par' dir='ltr' id='par_1_8' title="bbox 471 821 2053 893">
     <span class='ocr_line' id='line_1_8' title="bbox 471 821 2053 893; baseline -0.001 -17"><span class='ocrx_word' id='word_1_59' title='bbox 471 843 490 876; x_wconf 71' lang='grc' dir='ltr'><strong>ο</strong></span> <span class='ocrx_word' id='word_1_60' title='bbox 511 841 650 889; x_wconf 80' lang='lat' dir='ltr'><strong>mea,</strong></span> <span class='ocrx_word' id='word_1_61' title='bbox 676 846 693 877; x_wconf 73' lang='grc' dir='ltr'><strong><em>ι</em></strong></span> <span class='ocrx_word' id='word_1_62' title='bbox 716 826 766 880; x_wconf 88' lang='lat' dir='ltr'><strong>id</strong></span> <span class='ocrx_word' id='word_1_63' title='bbox 789 833 985 893; x_wconf 80' lang='lat' dir='ltr'><strong>est.per</strong></span> <span class='ocrx_word' id='word_1_64' title='bbox 1002 821 1161 877; x_wconf 88' lang='lat' dir='ltr'><strong>Vetus</strong></span> <span class='ocrx_word' id='word_1_65' title='bbox 1185 829 1241 877; x_wconf 89' lang='lat' dir='ltr'><strong>et</strong></span> <span class='ocrx_word' id='word_1_66' title='bbox 1263 821 1470 876; x_wconf 84' lang='lat' dir='ltr'><strong>Novum</strong></span> <span class='ocrx_word' id='word_1_67' title='bbox 1489 821 1531 874; x_wconf 85' lang='grc' dir='ltr'>Τ</span> <span class='ocrx_word' id='word_1_68' title='bbox 1534 828 2053 890; x_wconf 70' lang='lat' dir='ltr'><strong>cstamentum,.qu;e</strong></span> 
     </span>
    </p>
   </div>
   <div class='ocr_carea' id='block_1_9' title="bbox 466 913 2052 984">
    <p class='ocr_par' dir='ltr' id='par_1_9' title="bbox 466 913 2052 984">
     <span class='ocr_line' id='line_1_9' title="bbox 466 913 2052 984; baseline -0.004 -12"><span class='ocrx_word' id='word_1_69' title='bbox 466 917 827 975; x_wconf 84' lang='lat' dir='ltr'><strong>Testamenta</strong></span> <span class='ocrx_word' id='word_1_70' title='bbox 864 917 984 971; x_wconf 91' lang='lat' dir='ltr'><strong>ideo</strong></span> <span class='ocrx_word' id='word_1_71' title='bbox 1033 915 1293 970; x_wconf 88' lang='lat' dir='ltr'><strong>dicuntur</strong></span> <span class='ocrx_word' id='word_1_72' title='bbox 1349 913 1508 976; x_wconf 83' lang='lat' dir='ltr'><strong>labia,</strong></span> <span class='ocrx_word' id='word_1_73' title='bbox 1543 913 1669 984; x_wconf 87' lang='lat' dir='ltr'><strong>quia</strong></span> <span class='ocrx_word' id='word_1_74' title='bbox 1720 913 1860 967; x_wconf 90' lang='lat' dir='ltr'><strong>sicut</strong></span> <span class='ocrx_word' id='word_1_75' title='bbox 1913 913 2052 966; x_wconf 86' lang='lat' dir='ltr'><strong>labia</strong></span> 
     </span>
    </p>
   </div>
   <div class='ocr_carea' id='block_1_10' title="bbox 466 1006 2051 1077">
    <p class='ocr_par' dir='ltr' id='par_1_10' title="bbox 466 1006 2051 1077">
     <span class='ocr_line' id='line_1_10' title="bbox 466 1006 2051 1077; baseline -0.004 -12"><span class='ocrx_word' id='word_1_76' title='bbox 466 1012 793 1066; x_wconf 83' lang='lat' dir='ltr'><strong>conveniunt</strong></span> <span class='ocrx_word' id='word_1_77' title='bbox 860 1009 928 1064; x_wconf 86' lang='lat' dir='ltr'><strong>ad</strong></span> <span class='ocrx_word' id='word_1_78' title='bbox 989 1008 1204 1077; x_wconf 87' lang='lat' dir='ltr'><strong>aliquod</strong></span> <span class='ocrx_word' id='word_1_79' title='bbox 1270 1006 1930 1068; x_wconf 72' lang='lat' dir='ltr'><strong>verbumformandum,</strong></span> <span class='ocrx_word' id='word_1_80' title='bbox 1978 1007 2051 1060; x_wconf 84' lang='lat' dir='ltr'><strong>ita</strong></span> 
     </span>
    </p>
   </div>
   <div class='ocr_carea' id='block_1_11' title="bbox 465 1098 2055 1168">
    <p class='ocr_par' dir='ltr' id='par_1_11' title="bbox 465 1098 2055 1168">
     <span class='ocr_line' id='line_1_11' title="bbox 465 1098 2055 1168; baseline -0.002 -13"><span class='ocrx_word' id='word_1_81' title='bbox 465 1101 572 1156; x_wconf 89' lang='lat' dir='ltr'><strong>duo</strong></span> <span class='ocrx_word' id='word_1_82' title='bbox 601 1101 942 1154; x_wconf 87' lang='lat' dir='ltr'><strong>Testamenta</strong></span> <span class='ocrx_word' id='word_1_83' title='bbox 983 1099 1035 1152; x_wconf 92' lang='lat' dir='ltr'><strong>in</strong></span> <span class='ocrx_word' id='word_1_84' title='bbox 1075 1098 1435 1168; x_wconf 83' lang='lat' dir='ltr'><strong>promissione</strong></span> <span class='ocrx_word' id='word_1_85' title='bbox 1488 1098 1825 1154; x_wconf 84' lang='lat' dir='ltr'><strong>remissionis</strong></span> <span class='ocrx_word' id='word_1_86' title='bbox 1866 1112 2055 1168; x_wconf 83' lang='lat' dir='ltr'><strong>pecca-</strong></span> 
     </span>
    </p>
   </div>
   <div class='ocr_carea' id='block_1_12' title="bbox 467 1187 2060 1255">
    <p class='ocr_par' dir='ltr' id='par_1_12' title="bbox 467 1187 2060 1255">
     <span class='ocr_line' id='line_1_12' title="bbox 467 1187 2060 1255; baseline -0.001 -8"><span class='ocrx_word' id='word_1_87' title='bbox 467 1202 644 1247; x_wconf 89' lang='lat' dir='ltr'><strong>torum</strong></span> <span class='ocrx_word' id='word_1_88' title='bbox 673 1191 1023 1247; x_wconf 90' lang='lat' dir='ltr'><strong>conveniunt.</strong></span> <span class='ocrx_word' id='word_1_89' title='bbox 1061 1189 1120 1244; x_wconf 84' lang='lat' dir='ltr'><strong>In</strong></span> <span class='ocrx_word' id='word_1_90' title='bbox 1155 1191 1507 1246; x_wconf 85' lang='lat' dir='ltr'><strong>Testamento</strong></span> <span class='ocrx_word' id='word_1_91' title='bbox 1532 1187 1732 1255; x_wconf 82' lang='lat' dir='ltr'><strong>Veteri,</strong></span> <span class='ocrx_word' id='word_1_92' title='bbox 1755 1199 1815 1244; x_wconf 93' lang='lat' dir='ltr'><strong>ut</strong></span> <span class='ocrx_word' id='word_1_93' title='bbox 1844 1191 1896 1244; x_wconf 94' lang='lat' dir='ltr'><strong>in</strong></span> <span class='ocrx_word' id='word_1_94' title='bbox 1927 1189 2060 1245; x_wconf 83' lang='lat' dir='ltr'><strong>Eze-</strong></span> 
     </span>
    </p>
   </div>
   <div class='ocr_carea' id='block_1_13' title="bbox 465 1279 2052 1351">
    <p class='ocr_par' dir='ltr' id='par_1_13' title="bbox 465 1279 2052 1351">
     <span class='ocr_line' id='line_1_13' title="bbox 465 1279 2052 1351; baseline -0.002 -15"><span class='ocrx_word' id='word_1_95' title='bbox 465 1282 667 1338; x_wconf 85' lang='lat' dir='ltr'><strong>chiele:</strong></span> <span class='ocrx_word' id='word_1_96' title='bbox 692 1300 710 1332; x_wconf 83' lang='grc'><em>‹</em></span> <span class='ocrx_word' id='word_1_97' title='bbox 733 1281 904 1336; x_wconf 81' lang='lat' dir='ltr'><strong>Filius</strong></span> <span class='ocrx_word' id='word_1_98' title='bbox 917 1296 1022 1335; x_wconf 94' lang='lat' dir='ltr'><strong>non</strong></span> <span class='ocrx_word' id='word_1_99' title='bbox 1039 1280 1279 1351; x_wconf 86' lang='lat' dir='ltr'><strong>portabit</strong></span> <span class='ocrx_word' id='word_1_100' title='bbox 1296 1281 1631 1350; x_wconf 88' lang='lat' dir='ltr'><strong>iniquitatem</strong></span> <span class='ocrx_word' id='word_1_101' title='bbox 1649 1281 1818 1351; x_wconf 85' lang='lat' dir='ltr'><strong>patris</strong></span> <span class='ocrx_word' id='word_1_102' title='bbox 1834 1279 2052 1351; x_wconf 74' lang='lat' dir='ltr'><strong>(Ezech.</strong></span> 
     </span>
    </p>
   </div>
   <div class='ocr_carea' id='block_1_14' title="bbox 468 1375 2055 1446">
    <p class='ocr_par' dir='ltr' id='par_1_14' title="bbox 468 1375 2055 1446">
     <span class='ocr_line' id='line_1_14' title="bbox 468 1375 2055 1446; baseline -0.001 -14"><span class='ocrx_word' id='word_1_103' title='bbox 468 1376 648 1446; x_wconf 78' lang='lat' dir='ltr'><strong>xvm).</strong></span> <span class='ocrx_word' id='word_1_104' title='bbox 669 1396 688 1428; x_wconf 76' lang='grc' dir='ltr'><strong><em>ι</em></strong></span> <span class='ocrx_word' id='word_1_105' title='bbox 707 1376 772 1431; x_wconf 66' lang='grc' dir='ltr'>ιιισ</span> <span class='ocrx_word' id='word_1_106' title='bbox 785 1375 932 1431; x_wconf 77' lang='grc' dir='ltr'><strong>Νονο</strong></span> <span class='ocrx_word' id='word_1_107' title='bbox 947 1377 1034 1431; x_wconf 91' lang='lat' dir='ltr'><strong>ubi</strong></span> <span class='ocrx_word' id='word_1_108' title='bbox 1053 1375 1302 1431; x_wconf 85' lang='lat' dir='ltr'><strong>Christus</strong></span> <span class='ocrx_word' id='word_1_109' title='bbox 1316 1377 1448 1431; x_wconf 80' lang='lat' dir='ltr'><strong>dixit</strong></span> <span class='ocrx_word' id='word_1_110' title='bbox 1464 1377 1754 1446; x_wconf 88' lang='lat' dir='ltr'><strong>apostolis:</strong></span> <span class='ocrx_word' id='word_1_111' title='bbox 1788 1395 1805 1426; x_wconf 79' lang='grc' dir='ltr'>ι</span> <span class='ocrx_word' id='word_1_112' title='bbox 1819 1376 2055 1444; x_wconf 85' lang='lat' dir='ltr'><strong>Quorum</strong></span> 
     </span>
    </p>
   </div>
   <div class='ocr_carea' id='block_1_15' title="bbox 465 1466 2061 1538">
    <p class='ocr_par' dir='ltr' id='par_1_15' title="bbox 465 1466 2061 1538">
     <span class='ocr_line' id='line_1_15' title="bbox 465 1466 2061 1538; baseline 0 -17"><span class='ocrx_word' id='word_1_113' title='bbox 465 1467 798 1523; x_wconf 82' lang='lat' dir='ltr'><strong>remiseritis</strong></span> <span class='ocrx_word' id='word_1_114' title='bbox 817 1475 1040 1537; x_wconf 87' lang='lat' dir='ltr'><strong>peccata</strong></span> <span class='ocrx_word' id='word_1_115' title='bbox 1071 1466 1252 1537; x_wconf 83' lang='lat' dir='ltr'><strong>(Joan.</strong></span> <span class='ocrx_word' id='word_1_116' title='bbox 1288 1467 1401 1538; x_wconf 80' lang='lat' dir='ltr'><strong>xx).</strong></span> <span class='ocrx_word' id='word_1_117' title='bbox 1438 1486 1455 1518; x_wconf 77' lang='grc' dir='ltr'><strong><em>ι</em></strong></span> <span class='ocrx_word' id='word_1_118' title='bbox 1491 1466 1586 1521; x_wconf 83' lang='lat' dir='ltr'><strong>Vel</strong></span> <span class='ocrx_word' id='word_1_119' title='bbox 1621 1483 1718 1537; x_wconf 88' lang='lat' dir='ltr'><strong>per</strong></span> <span class='ocrx_word' id='word_1_120' title='bbox 1741 1467 1882 1521; x_wconf 88' lang='lat' dir='ltr'><strong>labia</strong></span> <span class='ocrx_word' id='word_1_121' title='bbox 1915 1468 2061 1522; x_wconf 86' lang='lat' dir='ltr'><strong>acci-</strong></span> 
     </span>
    </p>
   </div>
   <div class='ocr_carea' id='block_1_16' title="bbox 465 1557 1856 1629">
    <p class='ocr_par' dir='ltr' id='par_1_16' title="bbox 465 1557 1856 1629">
     <span class='ocr_line' id='line_1_16' title="bbox 465 1557 1856 1629; baseline 0 -17"><span class='ocrx_word' id='word_1_122' title='bbox 465 1557 681 1629; x_wconf 86' lang='lat' dir='ltr'><strong>piamus</strong></span> <span class='ocrx_word' id='word_1_123' title='bbox 707 1558 1000 1627; x_wconf 79' lang='lat' dir='ltr'><strong>apostolos,</strong></span> <span class='ocrx_word' id='word_1_124' title='bbox 1033 1558 1162 1627; x_wconf 84' lang='lat' dir='ltr'><strong>quia</strong></span> <span class='ocrx_word' id='word_1_125' title='bbox 1177 1572 1284 1628; x_wconf 78' lang='lat' dir='ltr'><strong>per</strong></span> <span class='ocrx_word' id='word_1_126' title='bbox 1307 1572 1401 1612; x_wconf 87' lang='lat' dir='ltr'><strong>eos</strong></span> <span class='ocrx_word' id='word_1_127' title='bbox 1430 1558 1670 1628; x_wconf 89' lang='lat' dir='ltr'><strong>loquitur</strong></span> <span class='ocrx_word' id='word_1_128' title='bbox 1698 1558 1856 1612; x_wconf 90' lang='lat' dir='ltr'><strong>Deus.</strong></span> 
     </span>
    </p>
   </div>
   <div class='ocr_carea' id='block_1_17' title="bbox 547 1648 2062 1712">
    <p class='ocr_par' dir='ltr' id='par_1_17' title="bbox 547 1648 2062 1712">
     <span class='ocr_line' id='line_1_17' title="bbox 547 1648 2062 1712; baseline 0.002 -12"><span class='ocrx_word' id='word_1_129' title='bbox 547 1668 566 1700; x_wconf 75' lang='grc' dir='ltr'>ι</span> <span class='ocrx_word' id='word_1_130' title='bbox 607 1648 722 1703; x_wconf 83' lang='lat' dir='ltr'><strong>Non</strong></span> <span class='ocrx_word' id='word_1_131' title='bbox 775 1665 870 1704; x_wconf 90' lang='lat' dir='ltr'><strong>ero</strong></span> <span class='ocrx_word' id='word_1_132' title='bbox 907 1665 1116 1705; x_wconf 87' lang='lat' dir='ltr'><strong>memor</strong></span> <span class='ocrx_word' id='word_1_133' title='bbox 1146 1650 1422 1704; x_wconf 84' lang='lat' dir='ltr'><strong>nominum</strong></span> <span class='ocrx_word' id='word_1_134' title='bbox 1465 1665 1672 1712; x_wconf 79' lang='lat' dir='ltr'><strong>eorum,</strong></span> <span class='ocrx_word' id='word_1_135' title='bbox 1709 1669 1726 1702; x_wconf 73' lang='grc' dir='ltr'><strong><em>ι</em></strong></span> <span class='ocrx_word' id='word_1_136' title='bbox 1765 1650 1861 1704; x_wconf 88' lang='lat' dir='ltr'><strong>sed</strong></span> <span class='ocrx_word' id='word_1_137' title='bbox 1887 1667 1905 1699; x_wconf 76' lang='grc' dir='ltr'><strong><em>ι</em></strong></span> <span class='ocrx_word' id='word_1_138' title='bbox 1959 1649 2062 1703; x_wconf 88' lang='lat' dir='ltr'><strong>Do-</strong></span> 
     </span>
    </p>
   </div>
   <div class='ocr_carea' id='block_1_18' title="bbox 470 1739 2058 1809">
    <p class='ocr_par' dir='ltr' id='par_1_18' title="bbox 470 1739 2058 1809">
     <span class='ocr_line' id='line_1_18' title="bbox 470 1739 2058 1809; baseline -0.001 -15"><span class='ocrx_word' id='word_1_139' title='bbox 470 1739 652 1794; x_wconf 86' lang='lat' dir='ltr'><strong>minus</strong></span> <span class='ocrx_word' id='word_1_140' title='bbox 684 1758 703 1792; x_wconf 74' lang='lat' dir='ltr'><strong>I</strong></span> <span class='ocrx_word' id='word_1_141' title='bbox 733 1739 836 1794; x_wconf 92' lang='lat' dir='ltr'><strong>erit</strong></span> <span class='ocrx_word' id='word_1_142' title='bbox 872 1757 890 1790; x_wconf 73' lang='grc' dir='ltr'><strong>ε</strong></span> <span class='ocrx_word' id='word_1_143' title='bbox 927 1755 1052 1809; x_wconf 89' lang='lat' dir='ltr'><strong>pars</strong></span> <span class='ocrx_word' id='word_1_144' title='bbox 1073 1740 1404 1794; x_wconf 68' lang='lat' dir='ltr'><strong>haereditatis</strong></span> <span class='ocrx_word' id='word_1_145' title='bbox 1432 1755 1586 1806; x_wconf 68' lang='lat' dir='ltr'><strong>mere,</strong></span> <span class='ocrx_word' id='word_1_146' title='bbox 1615 1760 1633 1792; x_wconf 76' lang='grc' dir='ltr'><strong><em>ι</em></strong></span> <span class='ocrx_word' id='word_1_147' title='bbox 1668 1739 1943 1809; x_wconf 83' lang='lat' dir='ltr'><strong>quiacum</strong></span> <span class='ocrx_word' id='word_1_148' title='bbox 1969 1739 2058 1793; x_wconf 87' lang='lat' dir='ltr'><strong>alii</strong></span> 
     </span>
    </p>
   </div>
   <div class='ocr_carea' id='block_1_19' title="bbox 2154 552 3760 624">
    <p class='ocr_par' dir='ltr' id='par_1_19' title="bbox 2154 552 3760 624">
     <span class='ocr_line' id='line_1_19' title="bbox 2154 552 3760 624; baseline 0.006 -17"><span class='ocrx_word' id='word_1_149' title='bbox 2154 561 2269 607; x_wconf 91' lang='lat' dir='ltr'><strong>tum</strong></span> <span class='ocrx_word' id='word_1_150' title='bbox 2319 563 2403 606; x_wconf 91' lang='lat' dir='ltr'><strong>cst</strong></span> <span class='ocrx_word' id='word_1_151' title='bbox 2450 567 2546 608; x_wconf 91' lang='lat' dir='ltr'><strong>cor</strong></span> <span class='ocrx_word' id='word_1_152' title='bbox 2589 567 2768 608; x_wconf 92' lang='lat' dir='ltr'><strong>meum</strong></span> <span class='ocrx_word' id='word_1_153' title='bbox 2815 572 2834 604; x_wconf 74' lang='grc' dir='ltr'>ι</span> <span class='ocrx_word' id='word_1_154' title='bbox 2865 553 2933 609; x_wconf 90' lang='lat' dir='ltr'><strong>de</strong></span> <span class='ocrx_word' id='word_1_155' title='bbox 2963 552 3080 624; x_wconf 62' lang='lat' dir='ltr'><strong>&#39;spe</strong></span> <span class='ocrx_word' id='word_1_156' title='bbox 3137 557 3578 624; x_wconf 84' lang='lat' dir='ltr'><strong>resurrectionis,</strong></span> <span class='ocrx_word' id='word_1_157' title='bbox 3629 579 3652 612; x_wconf 72' lang='grc' dir='ltr'>ι</span> <span class='ocrx_word' id='word_1_158' title='bbox 3695 567 3760 617; x_wconf 77' lang='lat' dir='ltr'><strong>et</strong></span> 
     </span>
    </p>
   </div>
   <div class='ocr_carea' id='block_1_20' title="bbox 2151 645 3759 720">
    <p class='ocr_par' dir='ltr' id='par_1_20' title="bbox 2151 645 3759 720">
     <span class='ocr_line' id='line_1_20' title="bbox 2151 645 3759 720; baseline 0.004 -19"><span class='ocrx_word' id='word_1_159' title='bbox 2151 645 2438 701; x_wconf 79' lang='lat' dir='ltr'><strong>exsultavit</strong></span> <span class='ocrx_word' id='word_1_160' title='bbox 2457 646 2670 717; x_wconf 89' lang='lat' dir='ltr'><strong>lingua:</strong></span> <span class='ocrx_word' id='word_1_161' title='bbox 2696 665 2714 698; x_wconf 75' lang='grc' dir='ltr'><strong><em>ι</em></strong></span> <span class='ocrx_word' id='word_1_162' title='bbox 2743 646 2855 716; x_wconf 90' lang='lat' dir='ltr'><strong>ipsa</strong></span> <span class='ocrx_word' id='word_1_163' title='bbox 2871 648 3014 700; x_wconf 90' lang='lat' dir='ltr'><strong>enim</strong></span> <span class='ocrx_word' id='word_1_164' title='bbox 3037 645 3271 717; x_wconf 82' lang='lat' dir='ltr'><strong>perfecta</strong></span> <span class='ocrx_word' id='word_1_165' title='bbox 3287 657 3369 703; x_wconf 86' lang='lat' dir='ltr'><strong>est</strong></span> <span class='ocrx_word' id='word_1_166' title='bbox 3398 649 3759 720; x_wconf 65' lang='lat' dir='ltr'><strong>laetitia,qua</strong></span> 
     </span>
    </p>
   </div>
   <div class='ocr_carea' id='block_1_21' title="bbox 2149 737 3756 810">
    <p class='ocr_par' dir='ltr' id='par_1_21' title="bbox 2149 737 3756 810">
     <span class='ocr_line' id='line_1_21' title="bbox 2149 737 3756 810; baseline 0.002 -18"><span class='ocrx_word' id='word_1_167' title='bbox 2149 747 2206 792; x_wconf 86' lang='lat' dir='ltr'><strong>et</strong></span> <span class='ocrx_word' id='word_1_168' title='bbox 2225 737 2380 791; x_wconf 86' lang='lat' dir='ltr'><strong>hilari</strong></span> <span class='ocrx_word' id='word_1_169' title='bbox 2406 737 2569 792; x_wconf 91' lang='lat' dir='ltr'><strong>corde</strong></span> <span class='ocrx_word' id='word_1_170' title='bbox 2583 737 2902 806; x_wconf 90' lang='lat' dir='ltr'><strong>concipitur,</strong></span> <span class='ocrx_word' id='word_1_171' title='bbox 2920 748 2977 792; x_wconf 93' lang='lat' dir='ltr'><strong>et</strong></span> <span class='ocrx_word' id='word_1_172' title='bbox 2992 739 3156 793; x_wconf 89' lang='lat' dir='ltr'><strong>alacri</strong></span> <span class='ocrx_word' id='word_1_173' title='bbox 3180 754 3430 793; x_wconf 86' lang='lat' dir='ltr'><strong>sermone</strong></span> <span class='ocrx_word' id='word_1_174' title='bbox 3444 739 3756 810; x_wconf 81' lang='lat' dir='ltr'><strong>profertur.</strong></span> 
     </span>
    </p>
   </div>
   <div class='ocr_carea' id='block_1_22' title="bbox 2155 826 3757 901">
    <p class='ocr_par' dir='ltr' id='par_1_22' title="bbox 2155 826 3757 901">
     <span class='ocr_line' id='line_1_22' title="bbox 2155 826 3757 901; baseline 0.003 -19"><span class='ocrx_word' id='word_1_175' title='bbox 2155 826 2308 883; x_wconf 87' lang='lat' dir='ltr'><strong>Unde</strong></span> <span class='ocrx_word' id='word_1_176' title='bbox 2359 829 2473 898; x_wconf 90' lang='lat' dir='ltr'><strong>ipse</strong></span> <span class='ocrx_word' id='word_1_177' title='bbox 2503 828 2761 883; x_wconf 87' lang='lat' dir='ltr'><strong>Dominus</strong></span> <span class='ocrx_word' id='word_1_178' title='bbox 2788 829 2958 883; x_wconf 84' lang='lat' dir='ltr'><strong>dixit:</strong></span> <span class='ocrx_word' id='word_1_179' title='bbox 2996 847 3016 880; x_wconf 86' lang='grc'><strong><em>‹</em></strong></span> <span class='ocrx_word' id='word_1_180' title='bbox 3047 830 3252 886; x_wconf 83' lang='lat' dir='ltr'><strong>Solvite</strong></span> <span class='ocrx_word' id='word_1_181' title='bbox 3279 832 3558 901; x_wconf 89' lang='lat' dir='ltr'><strong>templum,</strong></span> <span class='ocrx_word' id='word_1_182' title='bbox 3606 843 3663 887; x_wconf 90' lang='lat' dir='ltr'><strong>et</strong></span> <span class='ocrx_word' id='word_1_183' title='bbox 3696 832 3757 887; x_wconf 90' lang='lat' dir='ltr'><strong>in</strong></span> 
     </span>
    </p>
   </div>
   <div class='ocr_carea' id='block_1_23' title="bbox 2156 921 3756 994">
    <p class='ocr_par' dir='ltr' id='par_1_23' title="bbox 2156 921 3756 994">
     <span class='ocr_line' id='line_1_23' title="bbox 2156 921 3756 994; baseline 0.003 -18"><span class='ocrx_word' id='word_1_184' title='bbox 2156 922 2484 979; x_wconf 78' lang='lat' dir='ltr'><strong>tridnoillud</strong></span> <span class='ocrx_word' id='word_1_185' title='bbox 2502 921 3036 993; x_wconf 61' lang='lat' dir='ltr'><strong>reaedifieaboanLn.</strong></span> <span class='ocrx_word' id='word_1_186' title='bbox 3057 924 3141 993; x_wconf 87' lang='lat' dir='ltr'><strong>tt).</strong></span> <span class='ocrx_word' id='word_1_187' title='bbox 3166 942 3183 974; x_wconf 74' lang='grc' dir='ltr'><strong><em>ι</em></strong></span> <span class='ocrx_word' id='word_1_188' title='bbox 3215 942 3232 974; x_wconf 76' lang='grc' dir='ltr'>ι</span> <span class='ocrx_word' id='word_1_189' title='bbox 3259 925 3506 994; x_wconf 85' lang='lat' dir='ltr'><strong>Insuper,</strong></span> <span class='ocrx_word' id='word_1_190' title='bbox 3531 945 3550 977; x_wconf 86' lang='grc'><strong>›</strong></span> <span class='ocrx_word' id='word_1_191' title='bbox 3571 925 3623 980; x_wconf 91' lang='lat' dir='ltr'><strong>id</strong></span> <span class='ocrx_word' id='word_1_192' title='bbox 3639 935 3756 990; x_wconf 85' lang='lat' dir='ltr'><strong>est,</strong></span> 
     </span>
    </p>
   </div>
   <div class='ocr_carea' id='block_1_24' title="bbox 2155 1012 3761 1085">
    <p class='ocr_par' dir='ltr' id='par_1_24' title="bbox 2155 1012 3761 1085">
     <span class='ocr_line' id='line_1_24' title="bbox 2155 1012 3761 1085; baseline 0.005 -22"><span class='ocrx_word' id='word_1_193' title='bbox 2155 1020 2374 1080; x_wconf 89' lang='lat' dir='ltr'><strong>propter</strong></span> <span class='ocrx_word' id='word_1_194' title='bbox 2395 1012 2498 1065; x_wconf 89' lang='lat' dir='ltr'><strong>hoc</strong></span> <span class='ocrx_word' id='word_1_195' title='bbox 2529 1028 2546 1060; x_wconf 85' lang='grc'><em>‹</em></span> <span class='ocrx_word' id='word_1_196' title='bbox 2586 1026 2715 1065; x_wconf 88' lang='lat' dir='ltr'><strong>caro</strong></span> <span class='ocrx_word' id='word_1_197' title='bbox 2744 1026 2864 1066; x_wconf 90' lang='lat' dir='ltr'><strong>mea</strong></span> <span class='ocrx_word' id='word_1_198' title='bbox 2891 1030 2910 1062; x_wconf 70' lang='grc' dir='ltr'><strong><em>ι</em></strong></span> <span class='ocrx_word' id='word_1_199' title='bbox 2935 1013 3124 1078; x_wconf 88' lang='lat' dir='ltr'><strong>etiam,</strong></span> <span class='ocrx_word' id='word_1_200' title='bbox 3147 1013 3198 1067; x_wconf 89' lang='lat' dir='ltr'><strong>id</strong></span> <span class='ocrx_word' id='word_1_201' title='bbox 3230 1022 3314 1070; x_wconf 87' lang='lat' dir='ltr'><strong>est</strong></span> <span class='ocrx_word' id='word_1_202' title='bbox 3343 1029 3540 1085; x_wconf 89' lang='lat' dir='ltr'><strong>corpus</strong></span> <span class='ocrx_word' id='word_1_203' title='bbox 3572 1015 3626 1070; x_wconf 90' lang='lat' dir='ltr'><strong>in</strong></span> <span class='ocrx_word' id='word_1_204' title='bbox 3664 1031 3761 1071; x_wconf 78' lang='lat' dir='ltr'><strong>se-</strong></span> 
     </span>
    </p>
   </div>
   <div class='ocr_carea' id='block_1_25' title="bbox 2157 1101 3760 1174">
    <p class='ocr_par' dir='ltr' id='par_1_25' title="bbox 2157 1101 3760 1174">
     <span class='ocr_line' id='line_1_25' title="bbox 2157 1101 3760 1174; baseline 0.004 -19"><span class='ocrx_word' id='word_1_205' title='bbox 2157 1103 2343 1170; x_wconf 89' lang='lat' dir='ltr'><strong>pulcro</strong></span> <span class='ocrx_word' id='word_1_206' title='bbox 2393 1119 2412 1151; x_wconf 76' lang='grc' dir='ltr'>ι</span> <span class='ocrx_word' id='word_1_207' title='bbox 2463 1101 2862 1171; x_wconf 84' lang='lat' dir='ltr'><strong>requiescetin</strong></span> <span class='ocrx_word' id='word_1_208' title='bbox 2902 1117 3062 1172; x_wconf 60' lang='lat' dir='ltr'><strong>spes</strong></span> <span class='ocrx_word' id='word_1_209' title='bbox 3112 1118 3286 1173; x_wconf 88' lang='lat' dir='ltr'><strong>quam</strong></span> <span class='ocrx_word' id='word_1_210' title='bbox 3339 1105 3451 1174; x_wconf 91' lang='lat' dir='ltr'><strong>ipse</strong></span> <span class='ocrx_word' id='word_1_211' title='bbox 3495 1104 3760 1161; x_wconf 82' lang='lat' dir='ltr'><strong>Christus</strong></span> 
     </span>
    </p>
   </div>
   <div class='ocr_carea' id='block_1_26' title="bbox 2160 1191 3752 1266">
    <p class='ocr_par' dir='ltr' id='par_1_26' title="bbox 2160 1191 3752 1266">
     <span class='ocr_line' id='line_1_26' title="bbox 2160 1191 3752 1266; baseline 0.002 -19"><span class='ocrx_word' id='word_1_212' title='bbox 2160 1193 2348 1248; x_wconf 81' lang='lat' dir='ltr'><strong>habuit</strong></span> <span class='ocrx_word' id='word_1_213' title='bbox 2372 1191 2440 1247; x_wconf 92' lang='lat' dir='ltr'><strong>de</strong></span> <span class='ocrx_word' id='word_1_214' title='bbox 2465 1191 2645 1247; x_wconf 88' lang='lat' dir='ltr'><strong>futura</strong></span> <span class='ocrx_word' id='word_1_215' title='bbox 2670 1194 3066 1249; x_wconf 73' lang='lat' dir='ltr'><strong>resurrectione</strong></span> <span class='ocrx_word' id='word_1_216' title='bbox 3089 1213 3102 1247; x_wconf 91' lang='lat'><strong>:</strong></span> <span class='ocrx_word' id='word_1_217' title='bbox 3130 1196 3274 1250; x_wconf 89' lang='lat' dir='ltr'><strong>unde</strong></span> <span class='ocrx_word' id='word_1_218' title='bbox 3294 1194 3566 1266; x_wconf 85' lang='lat' dir='ltr'><strong>Propheta</strong></span> <span class='ocrx_word' id='word_1_219' title='bbox 3594 1197 3752 1252; x_wconf 84' lang='lat' dir='ltr'><strong>dicit:</strong></span> 
     </span>
    </p>
   </div>
   <div class='ocr_carea' id='block_1_27' title="bbox 2165 1282 3318 1357">
    <p class='ocr_par' dir='ltr' id='par_1_27' title="bbox 2165 1282 3318 1357">
     <span class='ocr_line' id='line_1_27' title="bbox 2165 1282 3318 1357; baseline 0.002 -21"><span class='ocrx_word' id='word_1_220' title='bbox 2165 1303 2183 1336; x_wconf 70' lang='grc' dir='ltr'><strong>ε</strong></span> <span class='ocrx_word' id='word_1_221' title='bbox 2213 1282 2486 1338; x_wconf 87' lang='lat' dir='ltr'><strong>Dormiam</strong></span> <span class='ocrx_word' id='word_1_222' title='bbox 2509 1293 2564 1339; x_wconf 89' lang='lat' dir='ltr'><strong>et</strong></span> <span class='ocrx_word' id='word_1_223' title='bbox 2596 1284 2932 1354; x_wconf 89' lang='lat' dir='ltr'><strong>requiescam</strong></span> <span class='ocrx_word' id='word_1_224' title='bbox 2965 1282 3141 1355; x_wconf 78' lang='lat' dir='ltr'><strong>(Psal.</strong></span> <span class='ocrx_word' id='word_1_225' title='bbox 3163 1285 3263 1357; x_wconf 81' lang='lat' dir='ltr'><strong>iv).</strong></span> <span class='ocrx_word' id='word_1_226' title='bbox 3293 1305 3318 1338; x_wconf 69' lang='grc' dir='ltr'><strong>ο</strong></span> 
     </span>
    </p>
   </div>
   <div class='ocr_carea' id='block_1_28' title="bbox 2230 1374 3760 1448">
    <p class='ocr_par' dir='ltr' id='par_1_28' title="bbox 2230 1374 3760 1448">
     <span class='ocr_line' id='line_1_28' title="bbox 2230 1374 3760 1448; baseline 0.003 -19"><span class='ocrx_word' id='word_1_227' title='bbox 2230 1374 2344 1430; x_wconf 81' lang='lat' dir='ltr'><strong>Hac</strong></span> <span class='ocrx_word' id='word_1_228' title='bbox 2371 1389 2466 1444; x_wconf 86' lang='lat' dir='ltr'><strong>spe</strong></span> <span class='ocrx_word' id='word_1_229' title='bbox 2494 1375 2703 1429; x_wconf 88' lang='lat' dir='ltr'><strong>scilicet</strong></span> <span class='ocrx_word' id='word_1_230' title='bbox 2734 1395 2753 1426; x_wconf 73' lang='grc' dir='ltr'><strong><em>ι</em></strong></span> <span class='ocrx_word' id='word_1_231' title='bbox 2792 1375 3048 1444; x_wconf 90' lang='lat' dir='ltr'><strong>quoniam</strong></span> <span class='ocrx_word' id='word_1_232' title='bbox 3074 1392 3192 1430; x_wconf 88' lang='lat' dir='ltr'><strong>.non</strong></span> <span class='ocrx_word' id='word_1_233' title='bbox 3223 1377 3597 1448; x_wconf 86' lang='lat' dir='ltr'><strong>derelinquam</strong></span> <span class='ocrx_word' id='word_1_234' title='bbox 3639 1380 3760 1434; x_wconf 82' lang='lat' dir='ltr'><strong>ani—</strong></span> 
     </span>
    </p>
   </div>
   <div class='ocr_carea' id='block_1_29' title="bbox 2162 1447 3756 1522">
    <p class='ocr_par' dir='ltr' id='par_1_29' title="bbox 2162 1447 3756 1522">
     <span class='ocr_line' id='line_1_29' title="bbox 2162 1447 3756 1522; baseline 0.003 -4"><span class='ocrx_word' id='word_1_235' title='bbox 2162 1480 2305 1518; x_wconf 90' lang='lat' dir='ltr'><strong>mam</strong></span> <span class='ocrx_word' id='word_1_236' title='bbox 2329 1480 2504 1519; x_wconf 87' lang='lat' dir='ltr'><strong>meam</strong></span> <span class='ocrx_word' id='word_1_237' title='bbox 2521 1465 2575 1518; x_wconf 90' lang='lat' dir='ltr'><strong>in</strong></span> <span class='ocrx_word' id='word_1_238' title='bbox 2604 1463 2815 1519; x_wconf 92' lang='lat' dir='ltr'><strong>inferno</strong></span> <span class='ocrx_word' id='word_1_239' title='bbox 2840 1483 2858 1515; x_wconf 75' lang='lat' dir='ltr'><strong>i</strong></span> <span class='ocrx_word' id='word_1_240' title='bbox 2887 1465 3028 1519; x_wconf 90' lang='lat' dir='ltr'><strong>sicut</strong></span> <span class='ocrx_word' id='word_1_241' title='bbox 3043 1475 3202 1519; x_wconf 90' lang='lat' dir='ltr'><strong>antea</strong></span> <span class='ocrx_word' id='word_1_242' title='bbox 3223 1447 3756 1522; x_wconf 67' lang='lat' dir='ltr'><strong>animaeSanctorum</strong></span> 
     </span>
    </p>
   </div>
   <div class='ocr_carea' id='block_1_30' title="bbox 2163 1553 3758 1613">
    <p class='ocr_par' dir='ltr' id='par_1_30' title="bbox 2163 1553 3758 1613">
     <span class='ocr_line' id='line_1_30' title="bbox 2163 1553 3758 1613; baseline 0.003 -5"><span class='ocrx_word' id='word_1_243' title='bbox 2163 1563 2386 1608; x_wconf 76' lang='lat' dir='ltr'><strong>retenta:</strong></span> <span class='ocrx_word' id='word_1_244' title='bbox 2415 1554 2630 1608; x_wconf 82' lang='lat' dir='ltr'><strong>fuerant</strong></span> <span class='ocrx_word' id='word_1_245' title='bbox 2670 1555 2723 1608; x_wconf 91' lang='lat' dir='ltr'><strong>in</strong></span> <span class='ocrx_word' id='word_1_246' title='bbox 2755 1553 2988 1610; x_wconf 87' lang='lat' dir='ltr'><strong>inferno.</strong></span> <span class='ocrx_word' id='word_1_247' title='bbox 3030 1556 3221 1610; x_wconf 84' lang='lat' dir='ltr'><strong>Anima</strong></span> <span class='ocrx_word' id='word_1_248' title='bbox 3248 1566 3430 1612; x_wconf 87' lang='lat' dir='ltr'><strong>autem</strong></span> <span class='ocrx_word' id='word_1_249' title='bbox 3459 1555 3670 1613; x_wconf 89' lang='lat' dir='ltr'><strong>Christi</strong></span> <span class='ocrx_word' id='word_1_250' title='bbox 3695 1559 3758 1613; x_wconf 85' lang='lat' dir='ltr'><strong>in</strong></span> 
     </span>
    </p>
   </div>
   <div class='ocr_carea' id='block_1_31' title="bbox 2165 1643 3757 1711">
    <p class='ocr_par' dir='ltr' id='par_1_31' title="bbox 2165 1643 3757 1711">
     <span class='ocr_line' id='line_1_31' title="bbox 2165 1643 3757 1711; baseline 0.004 -14"><span class='ocrx_word' id='word_1_251' title='bbox 2165 1643 2376 1699; x_wconf 83' lang='lat' dir='ltr'><strong>inferno</strong></span> <span class='ocrx_word' id='word_1_252' title='bbox 2405 1661 2510 1699; x_wconf 89' lang='lat' dir='ltr'><strong>non</strong></span> <span class='ocrx_word' id='word_1_253' title='bbox 2539 1646 2821 1711; x_wconf 86' lang='lat' dir='ltr'><strong>remansit,</strong></span> <span class='ocrx_word' id='word_1_254' title='bbox 2844 1646 2938 1700; x_wconf 86' lang='lat' dir='ltr'><strong>sed</strong></span> <span class='ocrx_word' id='word_1_255' title='bbox 2969 1645 3104 1701; x_wconf 91' lang='lat' dir='ltr'><strong>alias</strong></span> <span class='ocrx_word' id='word_1_256' title='bbox 3125 1662 3310 1702; x_wconf 90' lang='lat' dir='ltr'><strong>secum</strong></span> <span class='ocrx_word' id='word_1_257' title='bbox 3337 1649 3566 1702; x_wconf 78' lang='lat' dir='ltr'><strong>abduxit</strong></span> <span class='ocrx_word' id='word_1_258' title='bbox 3596 1667 3618 1698; x_wconf 72' lang='grc' dir='ltr'><em>ς</em></span> <span class='ocrx_word' id='word_1_259' title='bbox 3650 1664 3757 1704; x_wconf 87' lang='lat' dir='ltr'><strong>nec</strong></span> 
     </span>
    </p>
   </div>
   <div class='ocr_carea' id='block_1_32' title="bbox 2167 1732 3756 1804">
    <p class='ocr_par' dir='ltr' id='par_1_32' title="bbox 2167 1732 3756 1804">
     <span class='ocr_line' id='line_1_32' title="bbox 2167 1732 3756 1804; baseline 0.004 -18"><span class='ocrx_word' id='word_1_260' title='bbox 2167 1732 2319 1786; x_wconf 84' lang='lat' dir='ltr'><strong>dabis</strong></span> <span class='ocrx_word' id='word_1_261' title='bbox 2348 1751 2366 1782; x_wconf 76' lang='grc' dir='ltr'><strong><em>ι</em></strong></span> <span class='ocrx_word' id='word_1_262' title='bbox 2394 1747 2478 1787; x_wconf 89' lang='lat' dir='ltr'><strong>me</strong></span> <span class='ocrx_word' id='word_1_263' title='bbox 2513 1752 2530 1782; x_wconf 75' lang='grc' dir='ltr'><strong><em>ι</em></strong></span> <span class='ocrx_word' id='word_1_264' title='bbox 2560 1741 2807 1786; x_wconf 84' lang='lat' dir='ltr'><strong>sanctum</strong></span> <span class='ocrx_word' id='word_1_265' title='bbox 2839 1741 3011 1798; x_wconf 87' lang='lat' dir='ltr'><strong>tuum,</strong></span> <span class='ocrx_word' id='word_1_266' title='bbox 3042 1753 3059 1785; x_wconf 80' lang='grc' dir='ltr'><strong><em>ι</em></strong></span> <span class='ocrx_word' id='word_1_267' title='bbox 3092 1735 3144 1788; x_wconf 89' lang='lat' dir='ltr'><strong>id</strong></span> <span class='ocrx_word' id='word_1_268' title='bbox 3180 1745 3284 1799; x_wconf 87' lang='lat' dir='ltr'><strong>est,</strong></span> <span class='ocrx_word' id='word_1_269' title='bbox 3329 1750 3528 1804; x_wconf 87' lang='lat' dir='ltr'><strong>corpus</strong></span> <span class='ocrx_word' id='word_1_270' title='bbox 3568 1750 3756 1792; x_wconf 85' lang='lat' dir='ltr'><strong>meum</strong></span> 
     </span>
    </p>
   </div>
   <div class='ocr_carea' id='block_1_33' title="bbox 467 1820 2055 1900">
    <p class='ocr_par' dir='ltr' id='par_1_33' title="bbox 467 1829 2055 1900">
     <span class='ocr_line' id='line_1_33' title="bbox 467 1829 2055 1900; baseline -0.001 -16"><span class='ocrx_word' id='word_1_271' title='bbox 467 1829 568 1884; x_wconf 82' lang='lat' dir='ltr'><strong>sibi</strong></span> <span class='ocrx_word' id='word_1_272' title='bbox 600 1829 799 1900; x_wconf 90' lang='lat' dir='ltr'><strong>eligant</strong></span> <span class='ocrx_word' id='word_1_273' title='bbox 824 1839 1024 1894; x_wconf 85' lang='lat' dir='ltr'><strong>vestes,</strong></span> <span class='ocrx_word' id='word_1_274' title='bbox 1048 1845 1264 1893; x_wconf 89' lang='lat' dir='ltr'><strong>aurum,</strong></span> <span class='ocrx_word' id='word_1_275' title='bbox 1287 1838 1417 1895; x_wconf 90' lang='lat' dir='ltr'><strong>etc.,</strong></span> <span class='ocrx_word' id='word_1_276' title='bbox 1439 1845 1557 1884; x_wconf 87' lang='lat' dir='ltr'><strong>mea</strong></span> <span class='ocrx_word' id='word_1_277' title='bbox 1580 1830 1866 1884; x_wconf 67' lang='lat' dir='ltr'><strong>hmreditas</strong></span> <span class='ocrx_word' id='word_1_278' title='bbox 1888 1830 2055 1884; x_wconf 76' lang='lat' dir='ltr'><strong>solum</strong></span> 
     </span>
    </p>
   </div>
   <div class='ocr_carea' id='block_1_34' title="bbox 2164 1820 3753 1900">
    <p class='ocr_par' dir='ltr' id='par_1_34' title="bbox 2165 1820 3753 1894">
     <span class='ocr_line' id='line_1_34' title="bbox 2165 1820 3753 1894; baseline 0.006 -20"><span class='ocrx_word' id='word_1_279' title='bbox 2165 1820 2584 1885; x_wconf 77' lang='lat' dir='ltr'><strong>sanctificatum,</strong></span> <span class='ocrx_word' id='word_1_280' title='bbox 2615 1839 2646 1871; x_wconf 64' lang='grc' dir='ltr'><strong>«υ</strong></span> <span class='ocrx_word' id='word_1_281' title='bbox 2666 1821 2872 1884; x_wconf 83' lang='lat' dir='ltr'><strong>videre,</strong></span> <span class='ocrx_word' id='word_1_282' title='bbox 2914 1843 2932 1874; x_wconf 76' lang='grc' dir='ltr'><strong><em>ι</em></strong></span> <span class='ocrx_word' id='word_1_283' title='bbox 2968 1823 3020 1876; x_wconf 88' lang='lat' dir='ltr'><strong>id</strong></span> <span class='ocrx_word' id='word_1_284' title='bbox 3047 1832 3130 1877; x_wconf 89' lang='lat' dir='ltr'><strong>est</strong></span> <span class='ocrx_word' id='word_1_285' title='bbox 3164 1825 3363 1879; x_wconf 87' lang='lat' dir='ltr'><strong>habere</strong></span> <span class='ocrx_word' id='word_1_286' title='bbox 3389 1843 3408 1876; x_wconf 74' lang='grc' dir='ltr'><strong>ε</strong></span> <span class='ocrx_word' id='word_1_287' title='bbox 3438 1829 3753 1894; x_wconf 86' lang='lat' dir='ltr'><strong>corruptio-</strong></span> 
     </span>
    </p>
   </div>
   <div class='ocr_carea' id='block_1_35' title="bbox 467 1918 2060 1989">
    <p class='ocr_par' dir='ltr' id='par_1_35' title="bbox 467 1918 2060 1989">
     <span class='ocr_line' id='line_1_35' title="bbox 467 1918 2060 1989; baseline 0.001 -16"><span class='ocrx_word' id='word_1_288' title='bbox 467 1918 756 1974; x_wconf 90' lang='lat' dir='ltr'><strong>Dominum</strong></span> <span class='ocrx_word' id='word_1_289' title='bbox 805 1919 938 1974; x_wconf 85' lang='lat' dir='ltr'><strong>facit</strong></span> <span class='ocrx_word' id='word_1_290' title='bbox 989 1935 1142 1974; x_wconf 84' lang='lat' dir='ltr'><strong>suam</strong></span> <span class='ocrx_word' id='word_1_291' title='bbox 1193 1929 1442 1989; x_wconf 86' lang='lat' dir='ltr'><strong>partem,</strong></span> <span class='ocrx_word' id='word_1_292' title='bbox 1494 1939 1513 1970; x_wconf 74' lang='grc' dir='ltr'>ι</span> <span class='ocrx_word' id='word_1_293' title='bbox 1561 1931 1616 1974; x_wconf 90' lang='lat' dir='ltr'><strong>et</strong></span> <span class='ocrx_word' id='word_1_294' title='bbox 1663 1921 1922 1974; x_wconf 88' lang='lat' dir='ltr'><strong>Dominus</strong></span> <span class='ocrx_word' id='word_1_295' title='bbox 1973 1928 2060 1974; x_wconf 87' lang='lat' dir='ltr'><strong>est</strong></span> 
     </span>
    </p>
   </div>
   <div class='ocr_carea' id='block_1_36' title="bbox 465 2011 2057 2082">
    <p class='ocr_par' dir='ltr' id='par_1_36' title="bbox 465 2011 2057 2082">
     <span class='ocr_line' id='line_1_36' title="bbox 465 2011 2057 2082; baseline -0.001 -16"><span class='ocrx_word' id='word_1_296' title='bbox 465 2027 593 2082; x_wconf 86' lang='lat' dir='ltr'><strong>pars</strong></span> <span class='ocrx_word' id='word_1_297' title='bbox 632 2012 817 2068; x_wconf 88' lang='lat' dir='ltr'><strong>calicis</strong></span> <span class='ocrx_word' id='word_1_298' title='bbox 840 2013 966 2067; x_wconf 91' lang='lat' dir='ltr'><strong>mei.</strong></span> <span class='ocrx_word' id='word_1_299' title='bbox 1002 2031 1019 2062; x_wconf 71' lang='grc' dir='ltr'><strong>ι</strong></span> <span class='ocrx_word' id='word_1_300' title='bbox 1079 2011 1185 2066; x_wconf 88' lang='lat' dir='ltr'><strong>Per</strong></span> <span class='ocrx_word' id='word_1_301' title='bbox 1229 2012 1597 2066; x_wconf 71' lang='lat' dir='ltr'><strong>hmreditatem</strong></span> <span class='ocrx_word' id='word_1_302' title='bbox 1649 2011 1909 2077; x_wconf 84' lang='lat' dir='ltr'><strong>fidelium,</strong></span> <span class='ocrx_word' id='word_1_303' title='bbox 1965 2012 2057 2066; x_wconf 91' lang='lat' dir='ltr'><strong>Dei</strong></span> 
     </span>
    </p>
   </div>
   <div class='ocr_carea' id='block_1_37' title="bbox 466 2103 2056 2174">
    <p class='ocr_par' dir='ltr' id='par_1_37' title="bbox 466 2103 2056 2174">
     <span class='ocr_line' id='line_1_37' title="bbox 466 2103 2056 2174; baseline 0 -15"><span class='ocrx_word' id='word_1_304' title='bbox 466 2105 771 2174; x_wconf 88' lang='lat' dir='ltr'><strong>possessio:</strong></span> <span class='ocrx_word' id='word_1_305' title='bbox 827 2119 926 2174; x_wconf 90' lang='lat' dir='ltr'><strong>per</strong></span> <span class='ocrx_word' id='word_1_306' title='bbox 977 2103 1200 2158; x_wconf 88' lang='lat' dir='ltr'><strong>calicem</strong></span> <span class='ocrx_word' id='word_1_307' title='bbox 1248 2118 1397 2168; x_wconf 90' lang='lat' dir='ltr'><strong>vero,</strong></span> <span class='ocrx_word' id='word_1_308' title='bbox 1443 2104 1683 2172; x_wconf 86' lang='lat' dir='ltr'><strong>ipsorum</strong></span> <span class='ocrx_word' id='word_1_309' title='bbox 1739 2103 2056 2159; x_wconf 89' lang='lat' dir='ltr'><strong>meritorum</strong></span> 
     </span>
    </p>
   </div>
   <div class='ocr_carea' id='block_1_38' title="bbox 468 2195 2056 2267">
    <p class='ocr_par' dir='ltr' id='par_1_38' title="bbox 468 2195 2056 2267">
     <span class='ocr_line' id='line_1_38' title="bbox 468 2195 2056 2267; baseline 0.001 -17"><span class='ocrx_word' id='word_1_310' title='bbox 468 2195 780 2251; x_wconf 76' lang='lat' dir='ltr'><strong>distributio</strong></span> <span class='ocrx_word' id='word_1_311' title='bbox 813 2196 1162 2266; x_wconf 78' lang='lat' dir='ltr'><strong>intelligitur;</strong></span> <span class='ocrx_word' id='word_1_312' title='bbox 1200 2211 1296 2266; x_wconf 89' lang='lat' dir='ltr'><strong>per</strong></span> <span class='ocrx_word' id='word_1_313' title='bbox 1328 2197 1552 2251; x_wconf 85' lang='lat' dir='ltr'><strong>calicem</strong></span> <span class='ocrx_word' id='word_1_314' title='bbox 1605 2197 1745 2250; x_wconf 90' lang='lat' dir='ltr'><strong>idem</strong></span> <span class='ocrx_word' id='word_1_315' title='bbox 1782 2197 2056 2267; x_wconf 80' lang='lat' dir='ltr'><strong>signiﬁca-</strong></span> 
     </span>
    </p>
   </div>
   <div class='ocr_carea' id='block_1_39' title="bbox 467 2287 2057 2359">
    <p class='ocr_par' dir='ltr' id='par_1_39' title="bbox 467 2287 2057 2359">
     <span class='ocr_line' id='line_1_39' title="bbox 467 2287 2057 2359; baseline 0.001 -17"><span class='ocrx_word' id='word_1_316' title='bbox 467 2301 589 2342; x_wconf 86' lang='lat' dir='ltr'><strong>mus</strong></span> <span class='ocrx_word' id='word_1_317' title='bbox 618 2287 759 2359; x_wconf 82' lang='lat' dir='ltr'><strong>quod</strong></span> <span class='ocrx_word' id='word_1_318' title='bbox 790 2302 886 2358; x_wconf 85' lang='lat' dir='ltr'><strong>per</strong></span> <span class='ocrx_word' id='word_1_319' title='bbox 911 2288 1301 2352; x_wconf 65' lang='lat' dir='ltr'><strong>h-xreditatem,</strong></span> <span class='ocrx_word' id='word_1_320' title='bbox 1341 2289 1434 2343; x_wconf 87' lang='lat' dir='ltr'><strong>sed</strong></span> <span class='ocrx_word' id='word_1_321' title='bbox 1461 2288 1756 2342; x_wconf 83' lang='lat' dir='ltr'><strong>secundum</strong></span> <span class='ocrx_word' id='word_1_322' title='bbox 1787 2289 1887 2344; x_wconf 86' lang='lat' dir='ltr'><strong>hoc</strong></span> <span class='ocrx_word' id='word_1_323' title='bbox 1914 2289 2057 2358; x_wconf 88' lang='lat' dir='ltr'><strong>quod</strong></span> 
     </span>
    </p>
   </div>
   <div class='ocr_carea' id='block_1_40' title="bbox 469 2377 2057 2448">
    <p class='ocr_par' dir='ltr' id='par_1_40' title="bbox 469 2377 2057 2448">
     <span class='ocr_line' id='line_1_40' title="bbox 469 2377 2057 2448; baseline -0.001 -14"><span class='ocrx_word' id='word_1_324' title='bbox 469 2379 612 2434; x_wconf 90' lang='lat' dir='ltr'><strong>Deus</strong></span> <span class='ocrx_word' id='word_1_325' title='bbox 643 2378 725 2432; x_wconf 91' lang='lat' dir='ltr'><strong>eis</strong></span> <span class='ocrx_word' id='word_1_326' title='bbox 771 2379 981 2432; x_wconf 90' lang='lat' dir='ltr'><strong>diversa</strong></span> <span class='ocrx_word' id='word_1_327' title='bbox 1033 2377 1171 2431; x_wconf 90' lang='lat' dir='ltr'><strong>dona</strong></span> <span class='ocrx_word' id='word_1_328' title='bbox 1221 2379 1521 2443; x_wconf 65' lang='lat' dir='ltr'><strong>disnibnit;</strong></span> <span class='ocrx_word' id='word_1_329' title='bbox 1558 2377 1638 2433; x_wconf 83' lang='lat' dir='ltr'><strong>vel</strong></span> <span class='ocrx_word' id='word_1_330' title='bbox 1688 2393 1784 2448; x_wconf 83' lang='lat' dir='ltr'><strong>per</strong></span> <span class='ocrx_word' id='word_1_331' title='bbox 1831 2377 2057 2432; x_wconf 90' lang='lat' dir='ltr'><strong>calicem</strong></span> 
     </span>
    </p>
   </div>
   <div class='ocr_carea' id='block_1_41' title="bbox 465 2466 2054 2539">
    <p class='ocr_par' dir='ltr' id='par_1_41' title="bbox 465 2466 2054 2539">
     <span class='ocr_line' id='line_1_41' title="bbox 465 2466 2054 2539; baseline -0.001 -17"><span class='ocrx_word' id='word_1_332' title='bbox 465 2467 817 2539; x_wconf 77' lang='lat' dir='ltr'><strong>intelligimus</strong></span> <span class='ocrx_word' id='word_1_333' title='bbox 839 2467 1194 2537; x_wconf 88' lang='lat' dir='ltr'><strong>spiritualiter</strong></span> <span class='ocrx_word' id='word_1_334' title='bbox 1221 2467 1522 2523; x_wconf 87' lang='lat' dir='ltr'><strong>imitatores</strong></span> <span class='ocrx_word' id='word_1_335' title='bbox 1541 2468 1809 2538; x_wconf 88' lang='lat' dir='ltr'><strong>passionis</strong></span> <span class='ocrx_word' id='word_1_336' title='bbox 1833 2466 2054 2522; x_wconf 88' lang='lat' dir='ltr'><strong>Christi.</strong></span> 
     </span>
    </p>
   </div>
   <div class='ocr_carea' id='block_1_42' title="bbox 469 2557 2057 2628">
    <p class='ocr_par' dir='ltr' id='par_1_42' title="bbox 469 2557 2057 2628">
     <span class='ocr_line' id='line_1_42' title="bbox 469 2557 2057 2628; baseline 0.001 -19"><span class='ocrx_word' id='word_1_337' title='bbox 469 2576 489 2609; x_wconf 76' lang='grc' dir='ltr'>ι</span> <span class='ocrx_word' id='word_1_338' title='bbox 520 2557 779 2614; x_wconf 87' lang='lat' dir='ltr'><strong>Dominus</strong></span> <span class='ocrx_word' id='word_1_339' title='bbox 805 2566 888 2613; x_wconf 90' lang='lat' dir='ltr'><strong>est</strong></span> <span class='ocrx_word' id='word_1_340' title='bbox 917 2573 1062 2628; x_wconf 88' lang='lat' dir='ltr'><strong>pars,</strong></span> <span class='ocrx_word' id='word_1_341' title='bbox 1090 2568 1147 2612; x_wconf 91' lang='lat' dir='ltr'><strong>et</strong></span> <span class='ocrx_word' id='word_1_342' title='bbox 1172 2567 1248 2623; x_wconf 88' lang='lat' dir='ltr'><strong>tu,</strong></span> <span class='ocrx_word' id='word_1_343' title='bbox 1278 2558 1524 2622; x_wconf 91' lang='lat' dir='ltr'><strong>Domine,</strong></span> <span class='ocrx_word' id='word_1_344' title='bbox 1552 2559 1801 2613; x_wconf 87' lang='lat' dir='ltr'><strong>restitues</strong></span> <span class='ocrx_word' id='word_1_345' title='bbox 1831 2557 2057 2612; x_wconf 80' lang='lat' dir='ltr'><strong>haeredi-</strong></span> 
     </span>
    </p>
   </div>
   <div class='ocr_carea' id='block_1_43' title="bbox 465 2649 2058 2720">
    <p class='ocr_par' dir='ltr' id='par_1_43' title="bbox 465 2649 2058 2720">
     <span class='ocr_line' id='line_1_43' title="bbox 465 2649 2058 2720; baseline -0.002 -16"><span class='ocrx_word' id='word_1_346' title='bbox 465 2656 635 2704; x_wconf 82' lang='lat' dir='ltr'><strong>tatem</strong></span> <span class='ocrx_word' id='word_1_347' title='bbox 659 2664 835 2705; x_wconf 91' lang='lat' dir='ltr'><strong>meam</strong></span> <span class='ocrx_word' id='word_1_348' title='bbox 865 2649 998 2703; x_wconf 88' lang='lat' dir='ltr'><strong>mihi</strong></span> <span class='ocrx_word' id='word_1_349' title='bbox 1033 2669 1050 2699; x_wconf 74' lang='lat' dir='ltr'><strong>i</strong></span> <span class='ocrx_word' id='word_1_350' title='bbox 1078 2664 1239 2720; x_wconf 85' lang='lat' dir='ltr'><strong>quam</strong></span> <span class='ocrx_word' id='word_1_351' title='bbox 1263 2663 1360 2718; x_wconf 94' lang='lat' dir='ltr'><strong>ego</strong></span> <span class='ocrx_word' id='word_1_352' title='bbox 1389 2650 1565 2720; x_wconf 83' lang='lat' dir='ltr'><strong>primi.</strong></span> <span class='ocrx_word' id='word_1_353' title='bbox 1584 2649 1826 2719; x_wconf 89' lang='lat' dir='ltr'><strong>parentis</strong></span> <span class='ocrx_word' id='word_1_354' title='bbox 1851 2664 2058 2720; x_wconf 59' lang='lat' dir='ltr'><strong>prava-</strong></span> 
     </span>
    </p>
   </div>
   <div class='ocr_carea' id='block_1_44' title="bbox 466 2739 1066 2795">
    <p class='ocr_par' dir='ltr' id='par_1_44' title="bbox 466 2739 1066 2795">
     <span class='ocr_line' id='line_1_44' title="bbox 466 2739 1066 2795; baseline -0.003 -1"><span class='ocrx_word' id='word_1_355' title='bbox 466 2739 735 2795; x_wconf 89' lang='lat' dir='ltr'><strong>ricatione</strong></span> <span class='ocrx_word' id='word_1_356' title='bbox 756 2741 1066 2794; x_wconf 88' lang='lat' dir='ltr'><strong>amiseram.</strong></span> 
     </span>
    </p>
   </div>
   <div class='ocr_carea' id='block_1_45' title="bbox 536 2831 2056 2904">
    <p class='ocr_par' dir='ltr' id='par_1_45' title="bbox 536 2831 2056 2904">
     <span class='ocr_line' id='line_1_45' title="bbox 536 2831 2056 2904; baseline 0.002 -19"><span class='ocrx_word' id='word_1_357' title='bbox 536 2831 720 2885; x_wconf 38' lang='lat' dir='ltr'><strong>Etvilla</strong></span> <span class='ocrx_word' id='word_1_358' title='bbox 747 2832 1034 2886; x_wconf 61' lang='lat' dir='ltr'><strong>basreditas</strong></span> <span class='ocrx_word' id='word_1_359' title='bbox 1057 2841 1139 2887; x_wconf 91' lang='lat' dir='ltr'><strong>est</strong></span> <span class='ocrx_word' id='word_1_360' title='bbox 1167 2833 1232 2888; x_wconf 90' lang='lat' dir='ltr'><strong>de</strong></span> <span class='ocrx_word' id='word_1_361' title='bbox 1259 2834 1558 2904; x_wconf 75' lang='lat' dir='ltr'><strong>praeclaris,</strong></span> <span class='ocrx_word' id='word_1_362' title='bbox 1585 2834 1646 2892; x_wconf 80' lang='lat' dir='ltr'><strong>et</strong></span> <span class='ocrx_word' id='word_1_363' title='bbox 1673 2835 1773 2891; x_wconf 89' lang='lat' dir='ltr'><strong>hoc</strong></span> <span class='ocrx_word' id='word_1_364' title='bbox 1803 2844 1887 2891; x_wconf 87' lang='lat' dir='ltr'><strong>est</strong></span> <span class='ocrx_word' id='word_1_365' title='bbox 1935 2856 1951 2887; x_wconf 80' lang='grc' dir='ltr'>ι</span> <span class='ocrx_word' id='word_1_366' title='bbox 1975 2835 2056 2889; x_wconf 90' lang='lat' dir='ltr'><strong>fu-</strong></span> 
     </span>
    </p>
   </div>
   <div class='ocr_carea' id='block_1_46' title="bbox 467 2921 2055 2988">
    <p class='ocr_par' dir='ltr' id='par_1_46' title="bbox 467 2921 2055 2988">
     <span class='ocr_line' id='line_1_46' title="bbox 467 2921 2055 2988; baseline 0.003 -12"><span class='ocrx_word' id='word_1_367' title='bbox 467 2935 583 2986; x_wconf 87' lang='lat' dir='ltr'><strong>nes,</strong></span> <span class='ocrx_word' id='word_1_368' title='bbox 615 2939 635 2972; x_wconf 78' lang='grc' dir='ltr'><strong>ι</strong></span> <span class='ocrx_word' id='word_1_369' title='bbox 673 2921 725 2975; x_wconf 91' lang='lat' dir='ltr'><strong>id</strong></span> <span class='ocrx_word' id='word_1_370' title='bbox 763 2930 846 2975; x_wconf 82' lang='lat' dir='ltr'><strong>est</strong></span> <span class='ocrx_word' id='word_1_371' title='bbox 895 2921 1098 2976; x_wconf 70' lang='lat' dir='ltr'><strong>divitia:</strong></span> <span class='ocrx_word' id='word_1_372' title='bbox 1143 2923 1226 2976; x_wconf 87' lang='lat' dir='ltr'><strong>vel</strong></span> <span class='ocrx_word' id='word_1_373' title='bbox 1270 2924 1584 2988; x_wconf 89' lang='lat' dir='ltr'><strong>electiones,</strong></span> <span class='ocrx_word' id='word_1_374' title='bbox 1632 2927 1717 2981; x_wconf 86' lang='lat' dir='ltr'><strong>vel</strong></span> <span class='ocrx_word' id='word_1_375' title='bbox 1766 2927 2055 2981; x_wconf 81' lang='lat' dir='ltr'><strong>divisiones</strong></span> 
     </span>
    </p>
   </div>
   <div class='ocr_carea' id='block_1_47' title="bbox 477 3011 2054 3086">
    <p class='ocr_par' dir='ltr' id='par_1_47' title="bbox 477 3011 2054 3086">
     <span class='ocr_line' id='line_1_47' title="bbox 477 3011 2054 3086; baseline 0.008 -24"><span class='ocrx_word' id='word_1_376' title='bbox 477 3030 496 3062; x_wconf 69' lang='grc' dir='ltr'><strong>ε</strong></span> <span class='ocrx_word' id='word_1_377' title='bbox 530 3011 868 3078; x_wconf 87' lang='lat' dir='ltr'><strong>ceciderunt,</strong></span> <span class='ocrx_word' id='word_1_378' title='bbox 904 3032 922 3064; x_wconf 71' lang='grc' dir='ltr'>ι</span> <span class='ocrx_word' id='word_1_379' title='bbox 969 3013 1021 3067; x_wconf 90' lang='lat' dir='ltr'><strong>id</strong></span> <span class='ocrx_word' id='word_1_380' title='bbox 1050 3022 1132 3067; x_wconf 85' lang='lat' dir='ltr'><strong>est</strong></span> <span class='ocrx_word' id='word_1_381' title='bbox 1161 3016 1522 3086; x_wconf 79' lang='lat' dir='ltr'><strong>contigerunt.</strong></span> <span class='ocrx_word' id='word_1_382' title='bbox 1547 3017 1820 3072; x_wconf 81' lang='lat' dir='ltr'><strong>Invenitur</strong></span> <span class='ocrx_word' id='word_1_383' title='bbox 1863 3019 2054 3074; x_wconf 83' lang='lat' dir='ltr'><strong>cadere</strong></span> 
     </span>
    </p>
   </div>
   <div class='ocr_carea' id='block_1_48' title="bbox 469 3102 2049 3180">
    <p class='ocr_par' dir='ltr' id='par_1_48' title="bbox 469 3102 2049 3180">
     <span class='ocr_line' id='line_1_48' title="bbox 469 3102 2049 3180; baseline 0.005 -24"><span class='ocrx_word' id='word_1_384' title='bbox 469 3102 596 3158; x_wconf 87' lang='lat' dir='ltr'><strong>alibi</strong></span> <span class='ocrx_word' id='word_1_385' title='bbox 625 3104 677 3158; x_wconf 90' lang='lat' dir='ltr'><strong>in</strong></span> <span class='ocrx_word' id='word_1_386' title='bbox 705 3104 870 3168; x_wconf 87' lang='lat' dir='ltr'><strong>bono,</strong></span> <span class='ocrx_word' id='word_1_387' title='bbox 909 3105 1002 3160; x_wconf 88' lang='lat' dir='ltr'><strong>ubi</strong></span> <span class='ocrx_word' id='word_1_388' title='bbox 1033 3105 1257 3160; x_wconf 85' lang='lat' dir='ltr'><strong>dicitur:</strong></span> <span class='ocrx_word' id='word_1_389' title='bbox 1302 3127 1320 3158; x_wconf 75' lang='grc' dir='ltr'><strong><em>ι</em></strong></span> <span class='ocrx_word' id='word_1_390' title='bbox 1378 3107 1508 3164; x_wconf 84' lang='lat' dir='ltr'><strong>Sors</strong></span> <span class='ocrx_word' id='word_1_391' title='bbox 1537 3109 1734 3164; x_wconf 88' lang='lat' dir='ltr'><strong>cecidit</strong></span> <span class='ocrx_word' id='word_1_392' title='bbox 1759 3125 1920 3180; x_wconf 86' lang='lat' dir='ltr'><strong>super</strong></span> <span class='ocrx_word' id='word_1_393' title='bbox 1943 3110 2049 3164; x_wconf 81' lang='lat' dir='ltr'><strong>Ma-</strong></span> 
     </span>
    </p>
   </div>
   <div class='ocr_carea' id='block_1_49' title="bbox 2168 1911 3756 1980">
    <p class='ocr_par' dir='ltr' id='par_1_49' title="bbox 2168 1911 3756 1980">
     <span class='ocr_line' id='line_1_49' title="bbox 2168 1911 3756 1980; baseline 0.005 -17"><span class='ocrx_word' id='word_1_394' title='bbox 2168 1925 2311 1975; x_wconf 90' lang='lat' dir='ltr'><strong>nem,</strong></span> <span class='ocrx_word' id='word_1_395' title='bbox 2351 1929 2368 1962; x_wconf 81' lang='grc' dir='ltr'><strong><em>ι</em></strong></span> <span class='ocrx_word' id='word_1_396' title='bbox 2393 1911 2554 1965; x_wconf 89' lang='lat' dir='ltr'><strong>idest</strong></span> <span class='ocrx_word' id='word_1_397' title='bbox 2575 1912 2936 1980; x_wconf 89' lang='lat' dir='ltr'><strong>putredinem.</strong></span> <span class='ocrx_word' id='word_1_398' title='bbox 2968 1913 3120 1980; x_wconf 86' lang='lat' dir='ltr'><strong>Quod</strong></span> <span class='ocrx_word' id='word_1_399' title='bbox 3146 1923 3329 1969; x_wconf 91' lang='lat' dir='ltr'><strong>autem</strong></span> <span class='ocrx_word' id='word_1_400' title='bbox 3370 1915 3498 1970; x_wconf 86' lang='lat' dir='ltr'><strong>alibi</strong></span> <span class='ocrx_word' id='word_1_401' title='bbox 3549 1917 3756 1972; x_wconf 90' lang='lat' dir='ltr'><strong>dicitur</strong></span> 
     </span>
    </p>
   </div>
   <div class='ocr_carea' id='block_1_50' title="bbox 2159 2000 3756 2073">
    <p class='ocr_par' dir='ltr' id='par_1_50' title="bbox 2159 2000 3756 2073">
     <span class='ocr_line' id='line_1_50' title="bbox 2159 2000 3756 2073; baseline 0.005 -17"><span class='ocrx_word' id='word_1_402' title='bbox 2159 2017 2282 2056; x_wconf 89' lang='lat' dir='ltr'><strong>eum</strong></span> <span class='ocrx_word' id='word_1_403' title='bbox 2327 2000 2489 2056; x_wconf 88' lang='lat' dir='ltr'><strong>fuisse</strong></span> <span class='ocrx_word' id='word_1_404' title='bbox 2529 2003 2958 2073; x_wconf 88' lang='lat' dir='ltr'><strong>corruptibilem,</strong></span> <span class='ocrx_word' id='word_1_405' title='bbox 2999 2020 3105 2059; x_wconf 90' lang='lat' dir='ltr'><strong>non</strong></span> <span class='ocrx_word' id='word_1_406' title='bbox 3137 2015 3222 2060; x_wconf 86' lang='lat' dir='ltr'><strong>est</strong></span> <span class='ocrx_word' id='word_1_407' title='bbox 3251 2009 3588 2062; x_wconf 83' lang='lat' dir='ltr'><strong>contrarium</strong></span> <span class='ocrx_word' id='word_1_408' title='bbox 3623 2009 3756 2064; x_wconf 83' lang='lat' dir='ltr'><strong>huic</strong></span> 
     </span>
    </p>
   </div>
   <div class='ocr_carea' id='block_1_51' title="bbox 2159 2093 3760 2168">
    <p class='ocr_par' dir='ltr' id='par_1_51' title="bbox 2159 2093 3760 2168">
     <span class='ocr_line' id='line_1_51' title="bbox 2159 2093 3760 2168; baseline 0.006 -22"><span class='ocrx_word' id='word_1_409' title='bbox 2159 2093 2460 2157; x_wconf 63' lang='lat' dir='ltr'><strong>sententiae,</strong></span> <span class='ocrx_word' id='word_1_410' title='bbox 2477 2093 2836 2163; x_wconf 86' lang='lat' dir='ltr'><strong>quia-propter</strong></span> <span class='ocrx_word' id='word_1_411' title='bbox 2846 2095 2951 2149; x_wconf 88' lang='lat' dir='ltr'><strong>hoc</strong></span> <span class='ocrx_word' id='word_1_412' title='bbox 2967 2103 3175 2149; x_wconf 88' lang='lat' dir='ltr'><strong>tantum</strong></span> <span class='ocrx_word' id='word_1_413' title='bbox 3197 2096 3395 2151; x_wconf 85' lang='lat' dir='ltr'><strong>dicitur</strong></span> <span class='ocrx_word' id='word_1_414' title='bbox 3425 2099 3760 2168; x_wconf 62' lang='lat' dir='ltr'><strong>corruptibi&#39;</strong></span> 
     </span>
    </p>
   </div>
   <div class='ocr_carea' id='block_1_52' title="bbox 2159 2184 3754 2259">
    <p class='ocr_par' dir='ltr' id='par_1_52' title="bbox 2159 2184 3754 2259">
     <span class='ocr_line' id='line_1_52' title="bbox 2159 2184 3754 2259; baseline 0.006 -20"><span class='ocrx_word' id='word_1_415' title='bbox 2159 2184 2245 2250; x_wconf 87' lang='lat' dir='ltr'><strong>lis,</strong></span> <span class='ocrx_word' id='word_1_416' title='bbox 2263 2186 2405 2255; x_wconf 92' lang='lat' dir='ltr'><strong>quod</strong></span> <span class='ocrx_word' id='word_1_417' title='bbox 2427 2186 2543 2254; x_wconf 90' lang='lat' dir='ltr'><strong>ipse</strong></span> <span class='ocrx_word' id='word_1_418' title='bbox 2566 2187 2740 2255; x_wconf 84' lang='lat' dir='ltr'><strong>potuit</strong></span> <span class='ocrx_word' id='word_1_419' title='bbox 2757 2187 3044 2243; x_wconf 90' lang='lat' dir='ltr'><strong>vulnerari.</strong></span> <span class='ocrx_word' id='word_1_420' title='bbox 3071 2189 3212 2244; x_wconf 90' lang='lat' dir='ltr'><strong>lstud</strong></span> <span class='ocrx_word' id='word_1_421' title='bbox 3236 2191 3376 2259; x_wconf 92' lang='lat' dir='ltr'><strong>quod</strong></span> <span class='ocrx_word' id='word_1_422' title='bbox 3401 2191 3493 2246; x_wconf 88' lang='lat' dir='ltr'><strong>hic</strong></span> <span class='ocrx_word' id='word_1_423' title='bbox 3517 2192 3754 2248; x_wconf 89' lang='lat' dir='ltr'><strong>dicitur:</strong></span> 
     </span>
    </p>
   </div>
   <div class='ocr_carea' id='block_1_53' title="bbox 2163 2278 3753 2353">
    <p class='ocr_par' dir='ltr' id='par_1_53' title="bbox 2163 2278 3753 2353">
     <span class='ocr_line' id='line_1_53' title="bbox 2163 2278 3753 2353; baseline 0.008 -23"><span class='ocrx_word' id='word_1_424' title='bbox 2163 2296 2181 2326; x_wconf 84' lang='grc'><strong><em>‹</em></strong></span> <span class='ocrx_word' id='word_1_425' title='bbox 2206 2292 2304 2332; x_wconf 90' lang='lat' dir='ltr'><strong>nec</strong></span> <span class='ocrx_word' id='word_1_426' title='bbox 2330 2278 2484 2332; x_wconf 90' lang='lat' dir='ltr'><strong>dabis</strong></span> <span class='ocrx_word' id='word_1_427' title='bbox 2507 2287 2748 2346; x_wconf 76' lang='lat' dir='ltr'><strong>sanctum</strong></span> <span class='ocrx_word' id='word_1_428' title='bbox 2769 2288 2915 2333; x_wconf 91' lang='lat' dir='ltr'><strong>tuum</strong></span> <span class='ocrx_word' id='word_1_429' title='bbox 2942 2281 3124 2335; x_wconf 85' lang='lat' dir='ltr'><strong>videre</strong></span> <span class='ocrx_word' id='word_1_430' title='bbox 3151 2283 3582 2353; x_wconf 86' lang='lat' dir='ltr'><strong>corruptionem,</strong></span> <span class='ocrx_word' id='word_1_431' title='bbox 3605 2305 3625 2335; x_wconf 77' lang='grc' dir='ltr'><strong><em>ι</em></strong></span> <span class='ocrx_word' id='word_1_432' title='bbox 3645 2301 3753 2342; x_wconf 86' lang='lat' dir='ltr'><strong>non</strong></span> 
     </span>
    </p>
   </div>
   <div class='ocr_carea' id='block_1_54' title="bbox 2158 2357 3751 2447">
    <p class='ocr_par' dir='ltr' id='par_1_54' title="bbox 2158 2357 3751 2447">
     <span class='ocr_line' id='line_1_54' title="bbox 2158 2357 3751 2447; baseline 0.004 -24"><span class='ocrx_word' id='word_1_433' title='bbox 2158 2376 2342 2438; x_wconf 88' lang='lat' dir='ltr'><strong>posset</strong></span> <span class='ocrx_word' id='word_1_434' title='bbox 2369 2369 2535 2424; x_wconf 80' lang='lat' dir='ltr'><strong>David</strong></span> <span class='ocrx_word' id='word_1_435' title='bbox 2577 2371 2858 2440; x_wconf 82' lang='lat' dir='ltr'><strong>propheta:</strong></span> <span class='ocrx_word' id='word_1_436' title='bbox 2885 2357 3223 2438; x_wconf 34' lang='lat' dir='ltr'><strong>convenire;</strong></span> <span class='ocrx_word' id='word_1_437' title='bbox 3243 2374 3308 2428; x_wconf 91' lang='lat' dir='ltr'><strong>de</strong></span> <span class='ocrx_word' id='word_1_438' title='bbox 3345 2375 3496 2443; x_wconf 88' lang='lat' dir='ltr'><strong>cujus</strong></span> <span class='ocrx_word' id='word_1_439' title='bbox 3526 2391 3751 2447; x_wconf 87' lang='lat' dir='ltr'><strong>corrup-</strong></span> 
     </span>
    </p>
   </div>
   <div class='ocr_carea' id='block_1_55' title="bbox 2159 2460 3752 2536">
    <p class='ocr_par' dir='ltr' id='par_1_55' title="bbox 2159 2460 3752 2536">
     <span class='ocr_line' id='line_1_55' title="bbox 2159 2460 3752 2536; baseline 0.005 -22"><span class='ocrx_word' id='word_1_440' title='bbox 2159 2460 2306 2515; x_wconf 90' lang='lat' dir='ltr'><strong>tione</strong></span> <span class='ocrx_word' id='word_1_441' title='bbox 2350 2469 2560 2514; x_wconf 90' lang='lat' dir='ltr'><strong>certum</strong></span> <span class='ocrx_word' id='word_1_442' title='bbox 2589 2469 2691 2527; x_wconf 88' lang='lat' dir='ltr'><strong>est,</strong></span> <span class='ocrx_word' id='word_1_443' title='bbox 2725 2471 2955 2518; x_wconf 89' lang='lat' dir='ltr'><strong>testante</strong></span> <span class='ocrx_word' id='word_1_444' title='bbox 3000 2462 3164 2518; x_wconf 89' lang='lat' dir='ltr'><strong>Petro</strong></span> <span class='ocrx_word' id='word_1_445' title='bbox 3196 2465 3246 2518; x_wconf 92' lang='lat' dir='ltr'><strong>in</strong></span> <span class='ocrx_word' id='word_1_446' title='bbox 3279 2466 3506 2521; x_wconf 84' lang='lat' dir='ltr'><strong>Actibus</strong></span> <span class='ocrx_word' id='word_1_447' title='bbox 3534 2477 3752 2536; x_wconf 83' lang='lat' dir='ltr'><strong>aposto-</strong></span> 
     </span>
    </p>
   </div>
   <div class='ocr_carea' id='block_1_56' title="bbox 2158 2547 3752 2624">
    <p class='ocr_par' dir='ltr' id='par_1_56' title="bbox 2158 2547 3752 2624">
     <span class='ocr_line' id='line_1_56' title="bbox 2158 2547 3752 2624; baseline 0.008 -24"><span class='ocrx_word' id='word_1_448' title='bbox 2158 2547 2330 2603; x_wconf 90' lang='lat' dir='ltr'><strong>lorum</strong></span> <span class='ocrx_word' id='word_1_449' title='bbox 2380 2547 2532 2620; x_wconf 88' lang='lat' dir='ltr'><strong>(Cap.</strong></span> <span class='ocrx_word' id='word_1_450' title='bbox 2587 2549 2669 2621; x_wconf 86' lang='grc' dir='ltr'><strong>ιι).</strong></span> <span class='ocrx_word' id='word_1_451' title='bbox 2718 2550 2822 2606; x_wconf 86' lang='lat' dir='ltr'><strong>Per</strong></span> <span class='ocrx_word' id='word_1_452' title='bbox 2855 2552 2957 2607; x_wconf 92' lang='lat' dir='ltr'><strong>hoc</strong></span> <span class='ocrx_word' id='word_1_453' title='bbox 2989 2555 3134 2608; x_wconf 88' lang='lat' dir='ltr'><strong>enim</strong></span> <span class='ocrx_word' id='word_1_454' title='bbox 3172 2555 3286 2624; x_wconf 91' lang='lat' dir='ltr'><strong>ipse</strong></span> <span class='ocrx_word' id='word_1_455' title='bbox 3316 2555 3459 2610; x_wconf 87' lang='lat' dir='ltr'><strong>idem</strong></span> <span class='ocrx_word' id='word_1_456' title='bbox 3511 2560 3752 2613; x_wconf 80' lang='lat' dir='ltr'><strong>ostendit</strong></span> 
     </span>
    </p>
   </div>
   <div class='ocr_carea' id='block_1_57' title="bbox 2155 2642 3626 2712">
    <p class='ocr_par' dir='ltr' id='par_1_57' title="bbox 2155 2642 3626 2712">
     <span class='ocr_line' id='line_1_57' title="bbox 2155 2642 3626 2712; baseline 0.006 -17"><span class='ocrx_word' id='word_1_457' title='bbox 2155 2642 2471 2712; x_wconf 80' lang='lat' dir='ltr'><strong>prophetam</strong></span> <span class='ocrx_word' id='word_1_458' title='bbox 2504 2644 2855 2699; x_wconf 87' lang='lat' dir='ltr'><strong>annuntiasse</strong></span> <span class='ocrx_word' id='word_1_459' title='bbox 2881 2646 2947 2700; x_wconf 87' lang='lat' dir='ltr'><strong>de</strong></span> <span class='ocrx_word' id='word_1_460' title='bbox 2974 2648 3368 2702; x_wconf 89' lang='lat' dir='ltr'><strong>resurrectione</strong></span> <span class='ocrx_word' id='word_1_461' title='bbox 3395 2648 3626 2706; x_wconf 81' lang='lat' dir='ltr'><strong>Christi.</strong></span> 
     </span>
    </p>
   </div>
   <div class='ocr_carea' id='block_1_58' title="bbox 2225 2732 3752 2808">
    <p class='ocr_par' dir='ltr' id='par_1_58' title="bbox 2225 2732 3752 2808">
     <span class='ocr_line' id='line_1_58' title="bbox 2225 2732 3752 2808; baseline 0.007 -22"><span class='ocrx_word' id='word_1_462' title='bbox 2225 2732 2341 2788; x_wconf 79' lang='lat' dir='ltr'><strong>Non</strong></span> <span class='ocrx_word' id='word_1_463' title='bbox 2367 2733 2522 2788; x_wconf 90' lang='lat' dir='ltr'><strong>dabis</strong></span> <span class='ocrx_word' id='word_1_464' title='bbox 2545 2734 2728 2788; x_wconf 89' lang='lat' dir='ltr'><strong>videre</strong></span> <span class='ocrx_word' id='word_1_465' title='bbox 2753 2738 3180 2805; x_wconf 86' lang='lat' dir='ltr'><strong>corruptionem,</strong></span> <span class='ocrx_word' id='word_1_466' title='bbox 3213 2740 3307 2794; x_wconf 85' lang='lat' dir='ltr'><strong>sed</strong></span> <span class='ocrx_word' id='word_1_467' title='bbox 3323 2741 3511 2808; x_wconf 81' lang='lat' dir='ltr'><strong>potius</strong></span> <span class='ocrx_word' id='word_1_468' title='bbox 3542 2759 3561 2791; x_wconf 77' lang='grc' dir='ltr'>ι</span> <span class='ocrx_word' id='word_1_469' title='bbox 3594 2751 3752 2796; x_wconf 84' lang='lat' dir='ltr'><strong>notas</strong></span> 
     </span>
    </p>
   </div>
   <div class='ocr_carea' id='block_1_59' title="bbox 2156 2821 3748 2894">
    <p class='ocr_par' dir='ltr' id='par_1_59' title="bbox 2156 2821 3748 2894">
     <span class='ocr_line' id='line_1_59' title="bbox 2156 2821 3748 2894; baseline 0.006 -18"><span class='ocrx_word' id='word_1_470' title='bbox 2156 2821 2320 2881; x_wconf 86' lang='lat' dir='ltr'><strong>facies</strong></span> <span class='ocrx_word' id='word_1_471' title='bbox 2352 2827 2483 2880; x_wconf 90' lang='lat' dir='ltr'><strong>mihi</strong></span> <span class='ocrx_word' id='word_1_472' title='bbox 2512 2827 2626 2881; x_wconf 87' lang='lat' dir='ltr'><strong>vias</strong></span> <span class='ocrx_word' id='word_1_473' title='bbox 2653 2829 2774 2882; x_wconf 84' lang='lat' dir='ltr'><strong>vitae</strong></span> <span class='ocrx_word' id='word_1_474' title='bbox 2806 2847 2826 2878; x_wconf 69' lang='grc' dir='ltr'><strong><em>ι</em></strong></span> <span class='ocrx_word' id='word_1_475' title='bbox 2860 2829 3088 2894; x_wconf 90' lang='lat' dir='ltr'><strong>scilicet,</strong></span> <span class='ocrx_word' id='word_1_476' title='bbox 3120 2828 3405 2886; x_wconf 86' lang='lat' dir='ltr'><strong>facultates</strong></span> <span class='ocrx_word' id='word_1_477' title='bbox 3435 2832 3748 2887; x_wconf 86' lang='lat' dir='ltr'><strong>introeundi</strong></span> 
     </span>
    </p>
   </div>
   <div class='ocr_carea' id='block_1_60' title="bbox 2156 2916 3746 2987">
    <p class='ocr_par' dir='ltr' id='par_1_60' title="bbox 2156 2916 3746 2987">
     <span class='ocr_line' id='line_1_60' title="bbox 2156 2916 3746 2987; baseline 0.001 -15"><span class='ocrx_word' id='word_1_478' title='bbox 2156 2916 2222 2972; x_wconf 85' lang='lat' dir='ltr'><strong>ad</strong></span> <span class='ocrx_word' id='word_1_479' title='bbox 2242 2917 2408 2971; x_wconf 82' lang='lat' dir='ltr'><strong>vitam</strong></span> <span class='ocrx_word' id='word_1_480' title='bbox 2425 2933 2627 2982; x_wconf 82' lang='lat' dir='ltr'><strong>veram,</strong></span> <span class='ocrx_word' id='word_1_481' title='bbox 2638 2933 2778 2987; x_wconf 80' lang='lat' dir='ltr'><strong>quas</strong></span> <span class='ocrx_word' id='word_1_482' title='bbox 2803 2927 2928 2974; x_wconf 87' lang='lat' dir='ltr'><strong>ante</strong></span> <span class='ocrx_word' id='word_1_483' title='bbox 2955 2917 3228 2974; x_wconf 91' lang='lat' dir='ltr'><strong>Christum</strong></span> <span class='ocrx_word' id='word_1_484' title='bbox 3253 2936 3412 2976; x_wconf 92' lang='lat' dir='ltr'><strong>nemo</strong></span> <span class='ocrx_word' id='word_1_485' title='bbox 3438 2922 3746 2977; x_wconf 53' lang='lat' dir='ltr'><strong>habuerat:</strong></span> 
     </span>
    </p>
   </div>
   <div class='ocr_carea' id='block_1_61' title="bbox 2161 3007 3748 3081">
    <p class='ocr_par' dir='ltr' id='par_1_61' title="bbox 2161 3007 3748 3081">
     <span class='ocr_line' id='line_1_61' title="bbox 2161 3007 3748 3081; baseline 0.007 -24"><span class='ocrx_word' id='word_1_486' title='bbox 2161 3025 2179 3057; x_wconf 86' lang='grc'><em>‹</em></span> <span class='ocrx_word' id='word_1_487' title='bbox 2215 3007 2532 3078; x_wconf 88' lang='lat' dir='ltr'><strong>adimplebis</strong></span> <span class='ocrx_word' id='word_1_488' title='bbox 2568 3023 2653 3062; x_wconf 88' lang='lat' dir='ltr'><strong>me</strong></span> <span class='ocrx_word' id='word_1_489' title='bbox 2703 3009 2888 3064; x_wconf 54' lang='lat' dir='ltr'><strong>laetitia</strong></span> <span class='ocrx_word' id='word_1_490' title='bbox 2931 3030 2948 3062; x_wconf 71' lang='grc' dir='ltr'><strong><em>ι</em></strong></span> <span class='ocrx_word' id='word_1_491' title='bbox 2980 3011 3032 3064; x_wconf 91' lang='lat' dir='ltr'><strong>in</strong></span> <span class='ocrx_word' id='word_1_492' title='bbox 3055 3013 3420 3081; x_wconf 88' lang='lat' dir='ltr'><strong>assumptione</strong></span> <span class='ocrx_word' id='word_1_493' title='bbox 3446 3028 3584 3067; x_wconf 86' lang='lat' dir='ltr'><strong>:-me</strong></span> <span class='ocrx_word' id='word_1_494' title='bbox 3629 3013 3748 3068; x_wconf 87' lang='lat' dir='ltr'><strong>dico</strong></span> 
     </span>
    </p>
   </div>
   <div class='ocr_carea' id='block_1_62' title="bbox 2155 3101 3744 3174">
    <p class='ocr_par' dir='ltr' id='par_1_62' title="bbox 2155 3101 3744 3174">
     <span class='ocr_line' id='line_1_62' title="bbox 2155 3101 3744 3174; baseline 0.004 -20"><span class='ocrx_word' id='word_1_495' title='bbox 2155 3101 2388 3170; x_wconf 86' lang='lat' dir='ltr'><strong>positum</strong></span> <span class='ocrx_word' id='word_1_496' title='bbox 2424 3120 2442 3150; x_wconf 73' lang='grc' dir='ltr'><strong><em>ι</em></strong></span> <span class='ocrx_word' id='word_1_497' title='bbox 2475 3115 2595 3155; x_wconf 90' lang='lat' dir='ltr'><strong>cum</strong></span> <span class='ocrx_word' id='word_1_498' title='bbox 2633 3101 2779 3156; x_wconf 80' lang='lat' dir='ltr'><strong>vultu</strong></span> <span class='ocrx_word' id='word_1_499' title='bbox 2811 3111 2921 3167; x_wconf 88' lang='lat' dir='ltr'><strong>tuo,</strong></span> <span class='ocrx_word' id='word_1_500' title='bbox 2960 3122 2978 3155; x_wconf 80' lang='grc' dir='ltr'><strong><em>ι</em></strong></span> <span class='ocrx_word' id='word_1_501' title='bbox 3009 3104 3063 3156; x_wconf 90' lang='lat' dir='ltr'><strong>id</strong></span> <span class='ocrx_word' id='word_1_502' title='bbox 3093 3111 3176 3158; x_wconf 90' lang='lat' dir='ltr'><strong>est</strong></span> <span class='ocrx_word' id='word_1_503' title='bbox 3218 3105 3270 3157; x_wconf 91' lang='lat' dir='ltr'><strong>in</strong></span> <span class='ocrx_word' id='word_1_504' title='bbox 3305 3106 3596 3174; x_wconf 62' lang='lat' dir='ltr'><strong>praesentia</strong></span> <span class='ocrx_word' id='word_1_505' title='bbox 3626 3116 3744 3162; x_wconf 85' lang='lat' dir='ltr'><strong>tua:</strong></span> 
     </span>
    </p>
   </div>
   <div class='ocr_carea' id='block_1_63' title="bbox 473 3172 2055 3272">
    <p class='ocr_par' dir='ltr' id='par_1_63' title="bbox 473 3172 2046 3272">
     <span class='ocr_line' id='line_1_63' title="bbox 473 3172 2046 3272; baseline 0.004 -24"><span class='ocrx_word' id='word_1_506' title='bbox 473 3193 644 3250; x_wconf 89' lang='lat' dir='ltr'><strong>thiam</strong></span> <span class='ocrx_word' id='word_1_507' title='bbox 675 3193 813 3266; x_wconf 80' lang='lat' dir='ltr'><strong>(Act.</strong></span> <span class='ocrx_word' id='word_1_508' title='bbox 855 3198 945 3265; x_wconf 81' lang='lat' dir='ltr'><strong>l):</strong></span> <span class='ocrx_word' id='word_1_509' title='bbox 1003 3215 1021 3248; x_wconf 73' lang='grc' dir='ltr'><strong><em>ι</em></strong></span> <span class='ocrx_word' id='word_1_510' title='bbox 1057 3199 1368 3254; x_wconf 83' lang='lat' dir='ltr'><strong>ceciderunt</strong></span> <span class='ocrx_word' id='word_1_511' title='bbox 1420 3201 1540 3257; x_wconf 89' lang='lat' dir='ltr'><strong>dico</strong></span> <span class='ocrx_word' id='word_1_512' title='bbox 1571 3219 1587 3252; x_wconf 79' lang='grc' dir='ltr'>ι</span> <span class='ocrx_word' id='word_1_513' title='bbox 1615 3172 1995 3272; x_wconf 74' lang='lat' dir='ltr'><strong>inprazclaris.</strong></span> <span class='ocrx_word' id='word_1_514' title='bbox 2028 3222 2046 3254; x_wconf 76' lang='grc' dir='ltr'><strong>ι</strong></span> 
     </span>
    </p>
   </div>
   <div class='ocr_carea' id='block_1_64' title="bbox 2164 3172 3746 3272">
    <p class='ocr_par' dir='ltr' id='par_1_64' title="bbox 2164 3172 3746 3266">
     <span class='ocr_line' id='line_1_64' title="bbox 2164 3172 3746 3266; baseline 0.004 -21"><span class='ocrx_word' id='word_1_515' title='bbox 2164 3200 2210 3245; x_wconf 78' lang='lat' dir='ltr'><strong>et</strong></span> <span class='ocrx_word' id='word_1_516' title='bbox 2234 3191 2305 3250; x_wconf 88' lang='lat' dir='ltr'><strong>ibi</strong></span> <span class='ocrx_word' id='word_1_517' title='bbox 2339 3191 2468 3246; x_wconf 84' lang='lat' dir='ltr'><strong>mihi</strong></span> <span class='ocrx_word' id='word_1_518' title='bbox 2499 3191 2676 3263; x_wconf 88' lang='lat' dir='ltr'><strong>posito</strong></span> <span class='ocrx_word' id='word_1_519' title='bbox 2710 3211 2728 3243; x_wconf 72' lang='grc' dir='ltr'><strong>ε</strong></span> <span class='ocrx_word' id='word_1_520' title='bbox 2759 3193 2814 3247; x_wconf 89' lang='lat' dir='ltr'><strong>in</strong></span> <span class='ocrx_word' id='word_1_521' title='bbox 2842 3194 3061 3248; x_wconf 79' lang='lat' dir='ltr'><strong>dextera</strong></span> <span class='ocrx_word' id='word_1_522' title='bbox 3092 3205 3200 3259; x_wconf 93' lang='lat' dir='ltr'><strong>tua,</strong></span> <span class='ocrx_word' id='word_1_523' title='bbox 3237 3213 3255 3244; x_wconf 76' lang='grc' dir='ltr'><strong>ι</strong></span> <span class='ocrx_word' id='word_1_524' title='bbox 3288 3172 3340 3248; x_wconf 83' lang='lat' dir='ltr'><strong>id</strong></span> <span class='ocrx_word' id='word_1_525' title='bbox 3373 3203 3451 3249; x_wconf 87' lang='lat' dir='ltr'><strong>est</strong></span> <span class='ocrx_word' id='word_1_526' title='bbox 3481 3195 3533 3249; x_wconf 90' lang='lat' dir='ltr'><strong>in</strong></span> <span class='ocrx_word' id='word_1_527' title='bbox 3565 3198 3746 3266; x_wconf 59' lang='lat' dir='ltr'><strong>potio-</strong></span> 
     </span>
    </p>
   </div>
   <div class='ocr_carea' id='block_1_65' title="bbox 468 3284 2055 3363">
    <p class='ocr_par' dir='ltr' id='par_1_65' title="bbox 468 3284 2055 3363">
     <span class='ocr_line' id='line_1_65' title="bbox 468 3284 2055 3363; baseline 0.006 -25"><span class='ocrx_word' id='word_1_528' title='bbox 468 3284 595 3340; x_wconf 89' lang='lat' dir='ltr'><strong>Ideo</strong></span> <span class='ocrx_word' id='word_1_529' title='bbox 623 3301 720 3357; x_wconf 90' lang='lat' dir='ltr'><strong>per</strong></span> <span class='ocrx_word' id='word_1_530' title='bbox 739 3285 894 3342; x_wconf 87' lang='lat' dir='ltr'><strong>funes</strong></span> <span class='ocrx_word' id='word_1_531' title='bbox 919 3287 1268 3357; x_wconf 83' lang='lat' dir='ltr'><strong>intelligimus</strong></span> <span class='ocrx_word' id='word_1_532' title='bbox 1295 3289 1615 3348; x_wconf 87' lang='lat' dir='ltr'><strong>electiones:</strong></span> <span class='ocrx_word' id='word_1_533' title='bbox 1649 3293 1774 3363; x_wconf 89' lang='lat' dir='ltr'><strong>quia</strong></span> <span class='ocrx_word' id='word_1_534' title='bbox 1797 3293 1930 3347; x_wconf 91' lang='lat' dir='ltr'><strong>sicut</strong></span> <span class='ocrx_word' id='word_1_535' title='bbox 1959 3309 2055 3363; x_wconf 90' lang='lat' dir='ltr'><strong>per</strong></span> 
     </span>
    </p>
   </div>
   <div class='ocr_carea' id='block_1_66' title="bbox 469 3375 2055 3453">
    <p class='ocr_par' dir='ltr' id='par_1_66' title="bbox 469 3375 2055 3453">
     <span class='ocr_line' id='line_1_66' title="bbox 469 3375 2055 3453; baseline 0.006 -24"><span class='ocrx_word' id='word_1_536' title='bbox 469 3375 629 3432; x_wconf 81' lang='lat' dir='ltr'><strong>funes</strong></span> <span class='ocrx_word' id='word_1_537' title='bbox 669 3379 954 3435; x_wconf 77' lang='lat' dir='ltr'><strong>haereditas</strong></span> <span class='ocrx_word' id='word_1_538' title='bbox 999 3379 1277 3446; x_wconf 84' lang='lat' dir='ltr'><strong>dividitur,</strong></span> <span class='ocrx_word' id='word_1_539' title='bbox 1321 3383 1398 3438; x_wconf 89' lang='lat' dir='ltr'><strong>sic</strong></span> <span class='ocrx_word' id='word_1_540' title='bbox 1453 3382 1578 3451; x_wconf 84' lang='lat' dir='ltr'><strong>justi</strong></span> <span class='ocrx_word' id='word_1_541' title='bbox 1612 3399 1642 3437; x_wconf 94' lang='lat' dir='ltr'><strong>a</strong></span> <span class='ocrx_word' id='word_1_542' title='bbox 1676 3384 1919 3453; x_wconf 87' lang='lat' dir='ltr'><strong>reprobis</strong></span> <span class='ocrx_word' id='word_1_543' title='bbox 1948 3385 2055 3439; x_wconf 84' lang='lat' dir='ltr'><strong>ele-</strong></span> 
     </span>
    </p>
   </div>
   <div class='ocr_carea' id='block_1_67' title="bbox 469 3469 2054 3544">
    <p class='ocr_par' dir='ltr' id='par_1_67' title="bbox 469 3469 2054 3544">
     <span class='ocr_line' id='line_1_67' title="bbox 469 3469 2054 3544; baseline 0.003 -22"><span class='ocrx_word' id='word_1_544' title='bbox 469 3469 668 3534; x_wconf 88' lang='lat' dir='ltr'><strong>ctione,</strong></span> <span class='ocrx_word' id='word_1_545' title='bbox 715 3470 874 3525; x_wconf 91' lang='lat' dir='ltr'><strong>idest</strong></span> <span class='ocrx_word' id='word_1_546' title='bbox 921 3471 1100 3526; x_wconf 88' lang='lat' dir='ltr'><strong>divina</strong></span> <span class='ocrx_word' id='word_1_547' title='bbox 1156 3472 1508 3541; x_wconf 82' lang='lat' dir='ltr'><strong>inSpiratione</strong></span> <span class='ocrx_word' id='word_1_548' title='bbox 1533 3472 1904 3544; x_wconf 87' lang='lat' dir='ltr'><strong>sejunguntur.</strong></span> <span class='ocrx_word' id='word_1_549' title='bbox 1961 3473 2054 3527; x_wconf 71' lang='lat' dir='ltr'><strong>Ha:</strong></span> 
     </span>
    </p>
   </div>
   <div class='ocr_carea' id='block_1_68' title="bbox 471 3561 2054 3628">
    <p class='ocr_par' dir='ltr' id='par_1_68' title="bbox 471 3561 2054 3628">
     <span class='ocr_line' id='line_1_68' title="bbox 471 3561 2054 3628; baseline 0.004 -15"><span class='ocrx_word' id='word_1_550' title='bbox 471 3567 652 3614; x_wconf 78' lang='lat' dir='ltr'><strong>autem</strong></span> <span class='ocrx_word' id='word_1_551' title='bbox 701 3561 994 3616; x_wconf 88' lang='lat' dir='ltr'><strong>electiones</strong></span> <span class='ocrx_word' id='word_1_552' title='bbox 1037 3562 1158 3616; x_wconf 89' lang='lat' dir='ltr'><strong>ideo</strong></span> <span class='ocrx_word' id='word_1_553' title='bbox 1201 3565 1414 3628; x_wconf 87' lang='lat' dir='ltr'><strong>cadere,</strong></span> <span class='ocrx_word' id='word_1_554' title='bbox 1467 3565 1518 3618; x_wconf 93' lang='lat' dir='ltr'><strong>id</strong></span> <span class='ocrx_word' id='word_1_555' title='bbox 1546 3573 1629 3618; x_wconf 91' lang='lat' dir='ltr'><strong>est</strong></span> <span class='ocrx_word' id='word_1_556' title='bbox 1673 3579 1799 3619; x_wconf 90' lang='lat' dir='ltr'><strong>casu</strong></span> <span class='ocrx_word' id='word_1_557' title='bbox 1837 3565 2054 3619; x_wconf 84' lang='lat' dir='ltr'><strong>evenire</strong></span> 
     </span>
    </p>
   </div>
   <div class='ocr_carea' id='block_1_69' title="bbox 470 3653 2052 3727">
    <p class='ocr_par' dir='ltr' id='par_1_69' title="bbox 470 3653 2052 3727">
     <span class='ocr_line' id='line_1_69' title="bbox 470 3653 2052 3727; baseline 0.004 -21"><span class='ocrx_word' id='word_1_558' title='bbox 470 3653 897 3724; x_wconf 78' lang='lat' dir='ltr'><strong>dicuntur,quia</strong></span> <span class='ocrx_word' id='word_1_559' title='bbox 918 3669 1093 3724; x_wconf 86' lang='lat' dir='ltr'><strong>quare</strong></span> <span class='ocrx_word' id='word_1_560' title='bbox 1114 3655 1256 3711; x_wconf 88' lang='lat' dir='ltr'><strong>Deus</strong></span> <span class='ocrx_word' id='word_1_561' title='bbox 1282 3657 1380 3712; x_wconf 90' lang='lat' dir='ltr'><strong>hos</strong></span> <span class='ocrx_word' id='word_1_562' title='bbox 1403 3656 1584 3727; x_wconf 78' lang='lat' dir='ltr'><strong>eligat,</strong></span> <span class='ocrx_word' id='word_1_563' title='bbox 1615 3657 1840 3726; x_wconf 88' lang='lat' dir='ltr'><strong>illosque</strong></span> <span class='ocrx_word' id='word_1_564' title='bbox 1866 3673 2052 3726; x_wconf 89' lang='lat' dir='ltr'><strong>repro-</strong></span> 
     </span>
    </p>
   </div>
   <div class='ocr_carea' id='block_1_70' title="bbox 472 3746 2052 3820">
    <p class='ocr_par' dir='ltr' id='par_1_70' title="bbox 472 3746 2052 3820">
     <span class='ocr_line' id='line_1_70' title="bbox 472 3746 2052 3820; baseline 0.004 -20"><span class='ocrx_word' id='word_1_565' title='bbox 472 3746 563 3800; x_wconf 86' lang='lat' dir='ltr'><strong>bet</strong></span> <span class='ocrx_word' id='word_1_566' title='bbox 590 3746 933 3816; x_wconf 76' lang='lat' dir='ltr'><strong>ignoramus:</strong></span> <span class='ocrx_word' id='word_1_567' title='bbox 963 3749 1082 3803; x_wconf 90' lang='lat' dir='ltr'><strong>dico</strong></span> <span class='ocrx_word' id='word_1_568' title='bbox 1110 3766 1128 3799; x_wconf 75' lang='lat' dir='ltr'><strong>t</strong></span> <span class='ocrx_word' id='word_1_569' title='bbox 1164 3749 1216 3803; x_wconf 92' lang='lat' dir='ltr'><strong>in</strong></span> <span class='ocrx_word' id='word_1_570' title='bbox 1231 3749 1513 3820; x_wconf 58' lang='lat' dir='ltr'><strong>praeclaris</strong></span> <span class='ocrx_word' id='word_1_571' title='bbox 1557 3751 1713 3817; x_wconf 89' lang='lat' dir='ltr'><strong>mihi,</strong></span> <span class='ocrx_word' id='word_1_572' title='bbox 1749 3770 1767 3802; x_wconf 74' lang='grc' dir='ltr'><strong>ι</strong></span> <span class='ocrx_word' id='word_1_573' title='bbox 1797 3761 1877 3806; x_wconf 89' lang='lat' dir='ltr'><strong>est</strong></span> <span class='ocrx_word' id='word_1_574' title='bbox 1909 3753 2052 3807; x_wconf 90' lang='lat' dir='ltr'><strong>enim</strong></span> 
     </span>
    </p>
   </div>
   <div class='ocr_carea' id='block_1_71' title="bbox 471 3835 2052 3906">
    <p class='ocr_par' dir='ltr' id='par_1_71' title="bbox 471 3835 2052 3906">
     <span class='ocr_line' id='line_1_71' title="bbox 471 3835 2052 3906; baseline 0.003 -16"><span class='ocrx_word' id='word_1_575' title='bbox 471 3835 729 3904; x_wconf 78' lang='lat' dir='ltr'><strong>przeclara</strong></span> <span class='ocrx_word' id='word_1_576' title='bbox 758 3837 848 3891; x_wconf 89' lang='lat' dir='ltr'><strong>illa</strong></span> <span class='ocrx_word' id='word_1_577' title='bbox 878 3837 1166 3893; x_wconf 83' lang='lat' dir='ltr'><strong>hat-reditas</strong></span> <span class='ocrx_word' id='word_1_578' title='bbox 1215 3852 1356 3904; x_wconf 90' lang='lat' dir='ltr'><strong>mea,</strong></span> <span class='ocrx_word' id='word_1_579' title='bbox 1381 3839 1513 3894; x_wconf 85' lang='lat' dir='ltr'><strong>licet</strong></span> <span class='ocrx_word' id='word_1_580' title='bbox 1540 3839 1631 3893; x_wconf 90' lang='lat' dir='ltr'><strong>alii</strong></span> <span class='ocrx_word' id='word_1_581' title='bbox 1679 3850 2052 3906; x_wconf 89' lang='lat' dir='ltr'><strong>contemnant,</strong></span> 
     </span>
    </p>
   </div>
   <div class='ocr_carea' id='block_1_72' title="bbox 453 3927 2055 4001">
    <p class='ocr_par' dir='ltr' id='par_1_72' title="bbox 453 3927 2055 4001">
     <span class='ocr_line' id='line_1_72' title="bbox 453 3927 2055 4001; baseline -0.001 -15"><span class='ocrx_word' id='word_1_582' title='bbox 453 3927 596 3995; x_wconf 86' lang='lat' dir='ltr'><strong>.quia</strong></span> <span class='ocrx_word' id='word_1_583' title='bbox 612 3941 885 3997; x_wconf 86' lang='lat' dir='ltr'><strong>pannosos</strong></span> <span class='ocrx_word' id='word_1_584' title='bbox 903 3937 957 3982; x_wconf 91' lang='lat' dir='ltr'><strong>et</strong></span> <span class='ocrx_word' id='word_1_585' title='bbox 972 3927 1197 3983; x_wconf 87' lang='lat' dir='ltr'><strong>alllictos</strong></span> <span class='ocrx_word' id='word_1_586' title='bbox 1221 3927 1629 3998; x_wconf 57' lang='lat' dir='ltr'><strong>aspiciantJiic</strong></span> <span class='ocrx_word' id='word_1_587' title='bbox 1651 3929 1838 4000; x_wconf 84' lang='lat' dir='ltr'><strong>incipit</strong></span> <span class='ocrx_word' id='word_1_588' title='bbox 1861 3931 1926 3984; x_wconf 90' lang='lat' dir='ltr'><strong>de</strong></span> <span class='ocrx_word' id='word_1_589' title='bbox 1938 3946 2055 4001; x_wconf 86' lang='lat' dir='ltr'><strong>gra-</strong></span> 
     </span>
    </p>
   </div>
   <div class='ocr_carea' id='block_1_73' title="bbox 473 4017 1340 4076">
    <p class='ocr_par' dir='ltr' id='par_1_73' title="bbox 473 4017 1340 4076">
     <span class='ocr_line' id='line_1_73' title="bbox 473 4017 1340 4076; baseline 0.003 -5"><span class='ocrx_word' id='word_1_590' title='bbox 473 4017 670 4071; x_wconf 84' lang='lat' dir='ltr'><strong>tiarum</strong></span> <span class='ocrx_word' id='word_1_591' title='bbox 695 4020 929 4074; x_wconf 89' lang='lat' dir='ltr'><strong>actione.</strong></span> <span class='ocrx_word' id='word_1_592' title='bbox 965 4019 1340 4076; x_wconf 89' lang='lat' dir='ltr'><strong>Continuatio:</strong></span> 
     </span>
    </p>
   </div>
   <div class='ocr_carea' id='block_1_74' title="bbox 517 4109 2050 4182">
    <p class='ocr_par' dir='ltr' id='par_1_74' title="bbox 517 4109 2050 4182">
     <span class='ocr_line' id='line_1_74' title="bbox 517 4109 2050 4182; baseline 0.001 -16"><span class='ocrx_word' id='word_1_593' title='bbox 517 4109 804 4166; x_wconf 90' lang='lat' dir='ltr'><strong>.Dominus</strong></span> <span class='ocrx_word' id='word_1_594' title='bbox 849 4109 1097 4164; x_wconf 90' lang='lat' dir='ltr'><strong>restituet</strong></span> <span class='ocrx_word' id='word_1_595' title='bbox 1140 4111 1268 4165; x_wconf 90' lang='lat' dir='ltr'><strong>mihi</strong></span> <span class='ocrx_word' id='word_1_596' title='bbox 1319 4111 1629 4181; x_wconf 66' lang='lat' dir='ltr'><strong>praeclaram</strong></span> <span class='ocrx_word' id='word_1_597' title='bbox 1666 4114 2050 4182; x_wconf 71' lang='lat' dir='ltr'><strong>haereditatem,</strong></span> 
     </span>
    </p>
   </div>
   <div class='ocr_carea' id='block_1_75' title="bbox 475 4200 2053 4271">
    <p class='ocr_par' dir='ltr' id='par_1_75' title="bbox 475 4200 2053 4271">
     <span class='ocr_line' id='line_1_75' title="bbox 475 4200 2053 4271; baseline 0.006 -17"><span class='ocrx_word' id='word_1_598' title='bbox 475 4208 531 4254; x_wconf 87' lang='lat' dir='ltr'><strong>et</strong></span> <span class='ocrx_word' id='word_1_599' title='bbox 561 4200 700 4256; x_wconf 83' lang='lat' dir='ltr'><strong>ideo</strong></span> <span class='ocrx_word' id='word_1_600' title='bbox 735 4221 753 4253; x_wconf 72' lang='grc' dir='ltr'>ι</span> <span class='ocrx_word' id='word_1_601' title='bbox 799 4203 1111 4258; x_wconf 85' lang='lat' dir='ltr'><strong>bcnedicam</strong></span> <span class='ocrx_word' id='word_1_602' title='bbox 1161 4203 1464 4271; x_wconf 92' lang='lat' dir='ltr'><strong>Dominum,</strong></span> <span class='ocrx_word' id='word_1_603' title='bbox 1513 4225 1530 4257; x_wconf 70' lang='grc' dir='ltr'><strong>ι</strong></span> <span class='ocrx_word' id='word_1_604' title='bbox 1579 4207 1631 4260; x_wconf 91' lang='lat' dir='ltr'><strong>id</strong></span> <span class='ocrx_word' id='word_1_605' title='bbox 1678 4216 1761 4262; x_wconf 88' lang='lat' dir='ltr'><strong>est</strong></span> <span class='ocrx_word' id='word_1_606' title='bbox 1805 4207 2053 4264; x_wconf 89' lang='lat' dir='ltr'><strong>laudabo.</strong></span> 
     </span>
    </p>
   </div>
   <div class='ocr_carea' id='block_1_76' title="bbox 475 4287 2055 4359">
    <p class='ocr_par' dir='ltr' id='par_1_76' title="bbox 475 4287 2055 4359">
     <span class='ocr_line' id='line_1_76' title="bbox 475 4287 2055 4359; baseline 0.005 -14"><span class='ocrx_word' id='word_1_607' title='bbox 475 4287 804 4346; x_wconf 78' lang='lat' dir='ltr'><strong>Benedicere</strong></span> <span class='ocrx_word' id='word_1_608' title='bbox 877 4293 1209 4359; x_wconf 88' lang='lat' dir='ltr'><strong>Dominum,</strong></span> <span class='ocrx_word' id='word_1_609' title='bbox 1273 4304 1358 4350; x_wconf 88' lang='lat' dir='ltr'><strong>est</strong></span> <span class='ocrx_word' id='word_1_610' title='bbox 1394 4311 1544 4351; x_wconf 86' lang='lat' dir='ltr'><strong>eum</strong></span> <span class='ocrx_word' id='word_1_611' title='bbox 1605 4298 1926 4353; x_wconf 88' lang='lat' dir='ltr'><strong>annuntiare</strong></span> <span class='ocrx_word' id='word_1_612' title='bbox 2000 4306 2055 4352; x_wconf 91' lang='lat' dir='ltr'><strong>et</strong></span> 
     </span>
    </p>
   </div>
   <div class='ocr_carea' id='block_1_77' title="bbox 477 4384 2050 4458">
    <p class='ocr_par' dir='ltr' id='par_1_77' title="bbox 477 4384 2050 4458">
     <span class='ocr_line' id='line_1_77' title="bbox 477 4384 2050 4458; baseline 0.005 -21"><span class='ocrx_word' id='word_1_613' title='bbox 477 4397 808 4454; x_wconf 77' lang='lat' dir='ltr'><strong>cognoscere</strong></span> <span class='ocrx_word' id='word_1_614' title='bbox 842 4384 909 4438; x_wconf 90' lang='lat' dir='ltr'><strong>de</strong></span> <span class='ocrx_word' id='word_1_615' title='bbox 951 4384 1088 4454; x_wconf 91' lang='lat' dir='ltr'><strong>ipso,</strong></span> <span class='ocrx_word' id='word_1_616' title='bbox 1115 4401 1238 4455; x_wconf 75' lang='lat' dir='ltr'><strong>qua:</strong></span> <span class='ocrx_word' id='word_1_617' title='bbox 1286 4387 1351 4441; x_wconf 91' lang='lat' dir='ltr'><strong>de</strong></span> <span class='ocrx_word' id='word_1_618' title='bbox 1395 4388 1670 4458; x_wconf 84' lang='lat' dir='ltr'><strong>ipso-sunt</strong></span> <span class='ocrx_word' id='word_1_619' title='bbox 1697 4391 2050 4447; x_wconf 88' lang='lat' dir='ltr'><strong>naturaliter:</strong></span> 
     </span>
    </p>
   </div>
   <div class='ocr_carea' id='block_1_78' title="bbox 479 4476 2053 4552">
    <p class='ocr_par' dir='ltr' id='par_1_78' title="bbox 479 4476 2053 4552">
     <span class='ocr_line' id='line_1_78' title="bbox 479 4476 2053 4552; baseline 0.006 -23"><span class='ocrx_word' id='word_1_620' title='bbox 479 4490 640 4544; x_wconf 80' lang='lat' dir='ltr'><strong>quem</strong></span> <span class='ocrx_word' id='word_1_621' title='bbox 675 4476 993 4531; x_wconf 80' lang='lat' dir='ltr'><strong>benedicere</strong></span> <span class='ocrx_word' id='word_1_622' title='bbox 1033 4478 1218 4543; x_wconf 88' lang='lat' dir='ltr'><strong>debeo,</strong></span> <span class='ocrx_word' id='word_1_623' title='bbox 1249 4480 1376 4548; x_wconf 85' lang='lat' dir='ltr'><strong>quia</strong></span> <span class='ocrx_word' id='word_1_624' title='bbox 1407 4480 1519 4550; x_wconf 89' lang='lat' dir='ltr'><strong>ipse</strong></span> <span class='ocrx_word' id='word_1_625' title='bbox 1563 4491 1646 4537; x_wconf 88' lang='lat' dir='ltr'><strong>est</strong></span> <span class='ocrx_word' id='word_1_626' title='bbox 1679 4500 1696 4533; x_wconf 83' lang='grc'>‹</span> <span class='ocrx_word' id='word_1_627' title='bbox 1727 4483 1817 4552; x_wconf 88' lang='lat' dir='ltr'><strong>qui</strong></span> <span class='ocrx_word' id='word_1_628' title='bbox 1871 4484 2053 4540; x_wconf 81' lang='lat' dir='ltr'><strong>tribuit</strong></span> 
     </span>
    </p>
   </div>
   <div class='ocr_carea' id='block_1_79' title="bbox 2157 3283 3746 3351">
    <p class='ocr_par' dir='ltr' id='par_1_79' title="bbox 2157 3283 3746 3351">
     <span class='ocr_line' id='line_1_79' title="bbox 2157 3283 3746 3351; baseline 0.006 -12"><span class='ocrx_word' id='word_1_629' title='bbox 2157 3283 2306 3339; x_wconf 90' lang='lat' dir='ltr'><strong>ribus</strong></span> <span class='ocrx_word' id='word_1_630' title='bbox 2331 3285 2485 3340; x_wconf 92' lang='lat' dir='ltr'><strong>bonis</strong></span> <span class='ocrx_word' id='word_1_631' title='bbox 2517 3284 2622 3339; x_wconf 88' lang='lat' dir='ltr'><strong>tuis</strong></span> <span class='ocrx_word' id='word_1_632' title='bbox 2661 3303 2678 3335; x_wconf 82' lang='lat'><strong>(</strong></span> <span class='ocrx_word' id='word_1_633' title='bbox 2711 3284 3119 3350; x_wconf 88' lang='lat' dir='ltr'><strong>delectationes,</strong></span> <span class='ocrx_word' id='word_1_634' title='bbox 3156 3307 3174 3338; x_wconf 75' lang='grc' dir='ltr'><strong><em>ι</em></strong></span> <span class='ocrx_word' id='word_1_635' title='bbox 3214 3287 3268 3341; x_wconf 92' lang='lat' dir='ltr'><strong>id</strong></span> <span class='ocrx_word' id='word_1_636' title='bbox 3295 3297 3410 3351; x_wconf 90' lang='lat' dir='ltr'><strong>est,</strong></span> <span class='ocrx_word' id='word_1_637' title='bbox 3441 3287 3746 3348; x_wconf 76' lang='lat' dir='ltr'><strong>ineffabiles</strong></span> 
     </span>
    </p>
   </div>
   <div class='ocr_carea' id='block_1_80' title="bbox 2157 3377 3638 3447">
    <p class='ocr_par' dir='ltr' id='par_1_80' title="bbox 2157 3377 3638 3447">
     <span class='ocr_line' id='line_1_80' title="bbox 2157 3377 3638 3447; baseline 0.001 -15"><span class='ocrx_word' id='word_1_638' title='bbox 2157 3377 2521 3432; x_wconf 88' lang='lat' dir='ltr'><strong>beatitudines</strong></span> <span class='ocrx_word' id='word_1_639' title='bbox 2554 3396 2571 3428; x_wconf 87' lang='grc'><strong><em>‹</em></strong></span> <span class='ocrx_word' id='word_1_640' title='bbox 2607 3392 2776 3447; x_wconf 91' lang='lat' dir='ltr'><strong>usque</strong></span> <span class='ocrx_word' id='word_1_641' title='bbox 2804 3377 2856 3431; x_wconf 92' lang='lat' dir='ltr'><strong>in</strong></span> <span class='ocrx_word' id='word_1_642' title='bbox 2881 3377 3066 3444; x_wconf 82' lang='lat' dir='ltr'><strong>finem,</strong></span> <span class='ocrx_word' id='word_1_643' title='bbox 3101 3398 3118 3430; x_wconf 78' lang='grc' dir='ltr'><strong><em>ι</em></strong></span> <span class='ocrx_word' id='word_1_644' title='bbox 3149 3378 3203 3433; x_wconf 88' lang='lat' dir='ltr'><strong>id</strong></span> <span class='ocrx_word' id='word_1_645' title='bbox 3232 3389 3314 3434; x_wconf 90' lang='lat' dir='ltr'><strong>est</strong></span> <span class='ocrx_word' id='word_1_646' title='bbox 3338 3378 3638 3434; x_wconf 84' lang='lat' dir='ltr'><strong>Christum.</strong></span> 
     </span>
    </p>
   </div>
   <div class='ocr_carea' id='block_1_81' title="bbox 2611 3530 3256 3587">
    <p class='ocr_par' dir='ltr' id='par_1_81' title="bbox 2611 3530 3256 3587">
     <span class='ocr_line' id='line_1_81' title="bbox 2611 3530 3256 3587; baseline 0.002 -3"><span class='ocrx_word' id='word_1_647' title='bbox 2611 3530 2696 3584; x_wconf 82' lang='grc' dir='ltr'><strong>-ΙΝ</strong></span> <span class='ocrx_word' id='word_1_648' title='bbox 2744 3531 3070 3586; x_wconf 72' lang='lat' dir='ltr'><strong>PSALMUM</strong></span> <span class='ocrx_word' id='word_1_649' title='bbox 3119 3531 3256 3587; x_wconf 76' lang='lat' dir='ltr'><strong>XVI.</strong></span> 
     </span>
    </p>
   </div>
   <div class='ocr_carea' id='block_1_82' title="bbox 2601 3643 3285 3699">
    <p class='ocr_par' dir='ltr' id='par_1_82' title="bbox 2601 3643 3285 3699">
     <span class='ocr_line' id='line_1_82' title="bbox 2601 3643 3285 3699; baseline -0.003 -1"><span class='ocrx_word' id='word_1_650' title='bbox 2601 3643 2856 3699; x_wconf 78' lang='lat' dir='ltr'><strong>TITULUS.</strong></span> <span class='ocrx_word' id='word_1_651' title='bbox 2887 3643 3070 3698; x_wconf 84' lang='lat' dir='ltr'><strong>Oratio</strong></span> <span class='ocrx_word' id='word_1_652' title='bbox 3095 3643 3285 3698; x_wconf 76' lang='lat' dir='ltr'><strong>David.</strong></span> 
     </span>
    </p>
   </div>
   <div class='ocr_carea' id='block_1_83' title="bbox 2231 3767 3737 3838">
    <p class='ocr_par' dir='ltr' id='par_1_83' title="bbox 2231 3767 3737 3838">
     <span class='ocr_line' id='line_1_83' title="bbox 2231 3767 3737 3838; baseline 0.004 -18"><span class='ocrx_word' id='word_1_653' title='bbox 2231 3788 2247 3819; x_wconf 73' lang='grc' dir='ltr'>ι</span> <span class='ocrx_word' id='word_1_654' title='bbox 2272 3767 2499 3833; x_wconf 78' lang='lat' dir='ltr'><strong>Exaudi,</strong></span> <span class='ocrx_word' id='word_1_655' title='bbox 2523 3768 2799 3824; x_wconf 67' lang='lat' dir='ltr'><strong>Domine.»</strong></span> <span class='ocrx_word' id='word_1_656' title='bbox 2827 3768 2960 3824; x_wconf 92' lang='lat' dir='ltr'><strong>Cum</strong></span> <span class='ocrx_word' id='word_1_657' title='bbox 2986 3770 3036 3824; x_wconf 92' lang='lat' dir='ltr'><strong>in</strong></span> <span class='ocrx_word' id='word_1_658' title='bbox 3063 3771 3275 3825; x_wconf 70' lang='lat' dir='ltr'><strong>caeteris</strong></span> <span class='ocrx_word' id='word_1_659' title='bbox 3302 3769 3737 3838; x_wconf 85' lang='lat' dir='ltr'><strong>psalmisoratio-</strong></span> 
     </span>
    </p>
   </div>
   <div class='ocr_carea' id='block_1_84' title="bbox 2155 3858 3731 3929">
    <p class='ocr_par' dir='ltr' id='par_1_84' title="bbox 2155 3858 3731 3929">
     <span class='ocr_line' id='line_1_84' title="bbox 2155 3858 3731 3929; baseline 0.003 -19"><span class='ocrx_word' id='word_1_660' title='bbox 2155 3871 2251 3912; x_wconf 85' lang='lat' dir='ltr'><strong>nes</strong></span> <span class='ocrx_word' id='word_1_661' title='bbox 2293 3859 2825 3922; x_wconf 62' lang='lat' dir='ltr'><strong>contineantur,‘iste</strong></span> <span class='ocrx_word' id='word_1_662' title='bbox 2859 3869 2913 3913; x_wconf 89' lang='lat' dir='ltr'><strong>et</strong></span> <span class='ocrx_word' id='word_1_663' title='bbox 2944 3858 3159 3929; x_wconf 88' lang='lat' dir='ltr'><strong>quidam</strong></span> <span class='ocrx_word' id='word_1_664' title='bbox 3182 3860 3518 3929; x_wconf 86' lang='lat' dir='ltr'><strong>sequentium</strong></span> <span class='ocrx_word' id='word_1_665' title='bbox 3559 3859 3731 3914; x_wconf 90' lang='lat' dir='ltr'><strong>oratio</strong></span> 
     </span>
    </p>
   </div>
   <div class='ocr_carea' id='block_1_85' title="bbox 2155 3950 3735 4021">
    <p class='ocr_par' dir='ltr' id='par_1_85' title="bbox 2155 3950 3735 4021">
     <span class='ocr_line' id='line_1_85' title="bbox 2155 3950 3735 4021; baseline 0 -16"><span class='ocrx_word' id='word_1_666' title='bbox 2155 3950 2510 4021; x_wconf 89' lang='lat' dir='ltr'><strong>appellantur,</strong></span> <span class='ocrx_word' id='word_1_667' title='bbox 2567 3950 2694 4020; x_wconf 88' lang='lat' dir='ltr'><strong>quia</strong></span> <span class='ocrx_word' id='word_1_668' title='bbox 2731 3966 2840 4021; x_wconf 81' lang='lat' dir='ltr'><strong>per</strong></span> <span class='ocrx_word' id='word_1_669' title='bbox 2905 3958 3073 4005; x_wconf 89' lang='lat' dir='ltr'><strong>totam</strong></span> <span class='ocrx_word' id='word_1_670' title='bbox 3128 3965 3279 4005; x_wconf 90' lang='lat' dir='ltr'><strong>suam</strong></span> <span class='ocrx_word' id='word_1_671' title='bbox 3336 3951 3735 4006; x_wconf 73' lang='lat' dir='ltr'><strong>contextionem</strong></span> 
     </span>
    </p>
   </div>
   <div class='ocr_carea' id='block_1_86' title="bbox 2132 4041 3736 4106">
    <p class='ocr_par' dir='ltr' id='par_1_86' title="bbox 2132 4041 3736 4106">
     <span class='ocr_line' id='line_1_86' title="bbox 2132 4041 3736 4106; baseline -0.001 -9"><span class='ocrx_word' id='word_1_672' title='bbox 2132 4043 2434 4098; x_wconf 69' lang='lat' dir='ltr'><strong>continent</strong></span> <span class='ocrx_word' id='word_1_673' title='bbox 2458 4043 2750 4106; x_wconf 88' lang='lat' dir='ltr'><strong>orationes,</strong></span> <span class='ocrx_word' id='word_1_674' title='bbox 2779 4050 2832 4096; x_wconf 89' lang='lat' dir='ltr'><strong>et</strong></span> <span class='ocrx_word' id='word_1_675' title='bbox 2879 4058 2978 4098; x_wconf 94' lang='lat' dir='ltr'><strong>nos</strong></span> <span class='ocrx_word' id='word_1_676' title='bbox 3012 4042 3080 4096; x_wconf 91' lang='lat' dir='ltr'><strong>ad</strong></span> <span class='ocrx_word' id='word_1_677' title='bbox 3125 4041 3736 4097; x_wconf 63' lang='lat' dir='ltr'><strong>orandumdnformant.</strong></span> 
     </span>
    </p>
   </div>
   <div class='ocr_carea' id='block_1_87' title="bbox 2156 4134 3741 4204">
    <p class='ocr_par' dir='ltr' id='par_1_87' title="bbox 2156 4134 3741 4204">
     <span class='ocr_line' id='line_1_87' title="bbox 2156 4134 3741 4204; baseline -0.002 -13"><span class='ocrx_word' id='word_1_678' title='bbox 2156 4135 2362 4200; x_wconf 83' lang='lat' dir='ltr'><strong>Oratio,</strong></span> <span class='ocrx_word' id='word_1_679' title='bbox 2405 4135 2456 4190; x_wconf 92' lang='lat' dir='ltr'><strong>id</strong></span> <span class='ocrx_word' id='word_1_680' title='bbox 2484 4144 2567 4189; x_wconf 90' lang='lat' dir='ltr'><strong>est</strong></span> <span class='ocrx_word' id='word_1_681' title='bbox 2601 4134 2838 4204; x_wconf 88' lang='lat' dir='ltr'><strong>psalmus</strong></span> <span class='ocrx_word' id='word_1_682' title='bbox 2878 4136 2968 4202; x_wconf 90' lang='lat' dir='ltr'><strong>qui</strong></span> <span class='ocrx_word' id='word_1_683' title='bbox 3001 4143 3227 4190; x_wconf 79' lang='lat' dir='ltr'><strong>vocatur</strong></span> <span class='ocrx_word' id='word_1_684' title='bbox 3253 4135 3459 4200; x_wconf 90' lang='lat' dir='ltr'><strong>oratio,</strong></span> <span class='ocrx_word' id='word_1_685' title='bbox 3493 4134 3741 4192; x_wconf 81' lang='lat' dir='ltr'><strong>attribui-</strong></span> 
     </span>
    </p>
   </div>
   <div class='ocr_carea' id='block_1_88' title="bbox 2158 4223 3742 4295">
    <p class='ocr_par' dir='ltr' id='par_1_88' title="bbox 2158 4223 3742 4295">
     <span class='ocr_line' id='line_1_88' title="bbox 2158 4223 3742 4295; baseline 0 -16"><span class='ocrx_word' id='word_1_686' title='bbox 2158 4232 2246 4279; x_wconf 91' lang='lat' dir='ltr'><strong>tur</strong></span> <span class='ocrx_word' id='word_1_687' title='bbox 2271 4223 2460 4288; x_wconf 86' lang='lat' dir='ltr'><strong>David,</strong></span> <span class='ocrx_word' id='word_1_688' title='bbox 2495 4223 2547 4278; x_wconf 91' lang='lat' dir='ltr'><strong>id</strong></span> <span class='ocrx_word' id='word_1_689' title='bbox 2592 4233 2674 4278; x_wconf 90' lang='lat' dir='ltr'><strong>est</strong></span> <span class='ocrx_word' id='word_1_690' title='bbox 2708 4225 2807 4295; x_wconf 87' lang='lat' dir='ltr'><strong>ipsi</strong></span> <span class='ocrx_word' id='word_1_691' title='bbox 2837 4223 3072 4278; x_wconf 89' lang='lat' dir='ltr'><strong>Christo.</strong></span> <span class='ocrx_word' id='word_1_692' title='bbox 3125 4223 3311 4279; x_wconf 88' lang='lat' dir='ltr'><strong>Oratio</strong></span> <span class='ocrx_word' id='word_1_693' title='bbox 3357 4240 3490 4280; x_wconf 88' lang='lat' dir='ltr'><strong>vero</strong></span> <span class='ocrx_word' id='word_1_694' title='bbox 3535 4226 3742 4281; x_wconf 84' lang='lat' dir='ltr'><strong>duobus</strong></span> 
     </span>
    </p>
   </div>
   <div class='ocr_carea' id='block_1_89' title="bbox 2159 4315 3742 4386">
    <p class='ocr_par' dir='ltr' id='par_1_89' title="bbox 2159 4315 3742 4386">
     <span class='ocr_line' id='line_1_89' title="bbox 2159 4315 3742 4386; baseline 0.002 -17"><span class='ocrx_word' id='word_1_695' title='bbox 2159 4316 2466 4370; x_wconf 81' lang='lat' dir='ltr'><strong>nominibus</strong></span> <span class='ocrx_word' id='word_1_696' title='bbox 2513 4315 2775 4384; x_wconf 89' lang='lat' dir='ltr'><strong>accipitur</strong></span> <span class='ocrx_word' id='word_1_697' title='bbox 2801 4333 2813 4369; x_wconf 90' lang='lat'><strong>:</strong></span> <span class='ocrx_word' id='word_1_698' title='bbox 2851 4315 2934 4369; x_wconf 88' lang='lat' dir='ltr'><strong>vel</strong></span> <span class='ocrx_word' id='word_1_699' title='bbox 2966 4329 3067 4384; x_wconf 87' lang='lat' dir='ltr'><strong>pro</strong></span> <span class='ocrx_word' id='word_1_700' title='bbox 3089 4315 3497 4384; x_wconf 89' lang='lat' dir='ltr'><strong>supplicatione,</strong></span> <span class='ocrx_word' id='word_1_701' title='bbox 3531 4317 3616 4372; x_wconf 83' lang='lat' dir='ltr'><strong>vel</strong></span> <span class='ocrx_word' id='word_1_702' title='bbox 3645 4332 3742 4386; x_wconf 87' lang='lat' dir='ltr'><strong>pro</strong></span> 
     </span>
    </p>
   </div>
   <div class='ocr_carea' id='block_1_90' title="bbox 2159 4405 3741 4476">
    <p class='ocr_par' dir='ltr' id='par_1_90' title="bbox 2159 4405 3741 4476">
     <span class='ocr_line' id='line_1_90' title="bbox 2159 4405 3741 4476; baseline 0.001 -18"><span class='ocrx_word' id='word_1_703' title='bbox 2159 4419 2478 4475; x_wconf 88' lang='lat' dir='ltr'><strong>quacunque</strong></span> <span class='ocrx_word' id='word_1_704' title='bbox 2517 4405 2999 4470; x_wconf 89' lang='lat' dir='ltr'><strong>sermocinatione;</strong></span> <span class='ocrx_word' id='word_1_705' title='bbox 3032 4405 3117 4459; x_wconf 91' lang='lat' dir='ltr'><strong>hic</strong></span> <span class='ocrx_word' id='word_1_706' title='bbox 3146 4414 3326 4458; x_wconf 89' lang='lat' dir='ltr'><strong>autem</strong></span> <span class='ocrx_word' id='word_1_707' title='bbox 3357 4407 3624 4474; x_wconf 85' lang='lat' dir='ltr'><strong>accipitur</strong></span> <span class='ocrx_word' id='word_1_708' title='bbox 3644 4414 3741 4476; x_wconf 88' lang='lat' dir='ltr'><strong>pro</strong></span> 
     </span>
    </p>
   </div>
   <div class='ocr_carea' id='block_1_91' title="bbox 2159 4493 3743 4568">
    <p class='ocr_par' dir='ltr' id='par_1_91' title="bbox 2159 4493 3743 4568">
     <span class='ocr_line' id='line_1_91' title="bbox 2159 4493 3743 4568; baseline 0.002 -19"><span class='ocrx_word' id='word_1_709' title='bbox 2159 4493 2564 4565; x_wconf 89' lang='lat' dir='ltr'><strong>supplicatione.</strong></span> <span class='ocrx_word' id='word_1_710' title='bbox 2608 4493 2828 4548; x_wconf 80' lang='lat' dir='ltr'><strong>Materia</strong></span> <span class='ocrx_word' id='word_1_711' title='bbox 2878 4504 2962 4549; x_wconf 90' lang='lat' dir='ltr'><strong>est</strong></span> <span class='ocrx_word' id='word_1_712' title='bbox 3005 4495 3255 4551; x_wconf 90' lang='lat' dir='ltr'><strong>Christus</strong></span> <span class='ocrx_word' id='word_1_713' title='bbox 3297 4513 3482 4562; x_wconf 90' lang='lat' dir='ltr'><strong>orans,</strong></span> <span class='ocrx_word' id='word_1_714' title='bbox 3527 4500 3594 4554; x_wconf 92' lang='lat' dir='ltr'><strong>de</strong></span> <span class='ocrx_word' id='word_1_715' title='bbox 3639 4515 3743 4568; x_wconf 82' lang='lat' dir='ltr'><strong>qua</strong></span> 
     </span>
    </p>
   </div>
   <div class='ocr_carea' id='block_1_92' title="bbox 479 4546 2055 4658">
    <p class='ocr_par' dir='ltr' id='par_1_92' title="bbox 479 4546 2054 4642">
     <span class='ocr_line' id='line_1_92' title="bbox 479 4546 2054 4642; baseline 0.006 -24"><span class='ocrx_word' id='word_1_716' title='bbox 479 4565 612 4621; x_wconf 88' lang='lat' dir='ltr'><strong>mihi</strong></span> <span class='ocrx_word' id='word_1_717' title='bbox 661 4565 1010 4632; x_wconf 88' lang='lat' dir='ltr'><strong>intellectum,</strong></span> <span class='ocrx_word' id='word_1_718' title='bbox 1047 4587 1065 4618; x_wconf 77' lang='grc' dir='ltr'><strong><em>ι</em></strong></span> <span class='ocrx_word' id='word_1_719' title='bbox 1099 4567 1150 4621; x_wconf 94' lang='lat' dir='ltr'><strong>id</strong></span> <span class='ocrx_word' id='word_1_720' title='bbox 1175 4546 1485 4624; x_wconf 38' lang='lat' dir='ltr'><strong>est—veram</strong></span> <span class='ocrx_word' id='word_1_721' title='bbox 1540 4546 1945 4642; x_wconf 75' lang='lat' dir='ltr'><strong>intelligentiam</strong></span> <span class='ocrx_word' id='word_1_722' title='bbox 1989 4574 2054 4628; x_wconf 93' lang='lat' dir='ltr'><strong>de</strong></span> 
     </span>
    </p>
   </div>
   <div class='ocr_carea' id='block_1_93' title="bbox 2164 4546 3745 4658">
    <p class='ocr_par' dir='ltr' id='par_1_93' title="bbox 2164 4546 3745 4658">
     <span class='ocr_line' id='line_1_93' title="bbox 2164 4546 3743 4568; baseline 0.003 -19"><span class='ocrx_word' id='word_1_723' title='bbox 2411 4546 2420 4548; x_wconf 40' lang='grc' dir='ltr'><em>ν</em></span> <span class='ocrx_word' id='word_1_724' title='bbox 2707 4546 2741 4548; x_wconf 60' lang='lat'><strong>,_</strong></span> <span class='ocrx_word' id='word_1_725' title='bbox 3015 4546 3252 4551; x_wconf 32' lang='lat' dir='ltr'><strong>Tum---</strong></span> <span class='ocrx_word' id='word_1_726' title='bbox 3303 4546 3482 4562; x_wconf 72' lang='lat'><strong>--_---,</strong></span> <span class='ocrx_word' id='word_1_727' title='bbox 3530 4546 3592 4554; x_wconf 76' lang='lat'><strong>_-</strong></span> <span class='ocrx_word' id='word_1_728' title='bbox 3642 4546 3743 4568; x_wconf 56' lang='grc' dir='ltr'><strong>η---</strong></span> 
     </span>
     <span class='ocr_line' id='line_1_94' title="bbox 2164 4585 3745 4658; baseline 0.001 -16"><span class='ocrx_word' id='word_1_729' title='bbox 2164 4587 2236 4642; x_wconf 90' lang='lat' dir='ltr'><strong>sic</strong></span> <span class='ocrx_word' id='word_1_730' title='bbox 2264 4587 2400 4657; x_wconf 88' lang='lat' dir='ltr'><strong>agit:</strong></span> <span class='ocrx_word' id='word_1_731' title='bbox 2431 4585 2564 4643; x_wconf 89' lang='lat' dir='ltr'><strong>Orat</strong></span> <span class='ocrx_word' id='word_1_732' title='bbox 2613 4587 2825 4640; x_wconf 89' lang='lat' dir='ltr'><strong>restitui</strong></span> <span class='ocrx_word' id='word_1_733' title='bbox 2855 4587 2955 4642; x_wconf 91' lang='lat' dir='ltr'><strong>sibi</strong></span> <span class='ocrx_word' id='word_1_734' title='bbox 2985 4590 3276 4642; x_wconf 86' lang='lat' dir='ltr'><strong>secundum</strong></span> <span class='ocrx_word' id='word_1_735' title='bbox 3329 4588 3598 4658; x_wconf 85' lang='lat' dir='ltr'><strong>justitiam</strong></span> <span class='ocrx_word' id='word_1_736' title='bbox 3620 4600 3745 4643; x_wconf 88' lang='lat' dir='ltr'><strong>ante</strong></span> 
     </span>
    </p>
   </div>
   <div class='ocr_carea' id='block_1_94' title="bbox 481 4657 2052 4731">
    <p class='ocr_par' dir='ltr' id='par_1_94' title="bbox 481 4657 2052 4731">
     <span class='ocr_line' id='line_1_95' title="bbox 481 4657 2052 4731; baseline 0.003 -19"><span class='ocrx_word' id='word_1_737' title='bbox 481 4657 731 4712; x_wconf 90' lang='lat' dir='ltr'><strong>omnibus</strong></span> <span class='ocrx_word' id='word_1_738' title='bbox 778 4657 957 4722; x_wconf 89' lang='lat' dir='ltr'><strong>rebus,</strong></span> <span class='ocrx_word' id='word_1_739' title='bbox 987 4665 1042 4712; x_wconf 90' lang='lat' dir='ltr'><strong>et</strong></span> <span class='ocrx_word' id='word_1_740' title='bbox 1101 4677 1120 4709; x_wconf 70' lang='grc' dir='ltr'><em>ς</em></span> <span class='ocrx_word' id='word_1_741' title='bbox 1172 4659 1392 4729; x_wconf 90' lang='lat' dir='ltr'><strong>insuper</strong></span> <span class='ocrx_word' id='word_1_742' title='bbox 1426 4680 1444 4712; x_wconf 77' lang='grc' dir='ltr'><strong><em>ι</em></strong></span> <span class='ocrx_word' id='word_1_743' title='bbox 1497 4661 1810 4716; x_wconf 90' lang='lat' dir='ltr'><strong>benedicam</strong></span> <span class='ocrx_word' id='word_1_744' title='bbox 1837 4662 1902 4715; x_wconf 89' lang='lat' dir='ltr'><strong>de</strong></span> <span class='ocrx_word' id='word_1_745' title='bbox 1927 4676 2052 4731; x_wconf 61' lang='lat' dir='ltr'><strong>pas-</strong></span> 
     </span>
    </p>
   </div>
   <div class='ocr_carea' id='block_1_95' title="bbox 481 4750 2056 4818">
    <p class='ocr_par' dir='ltr' id='par_1_95' title="bbox 481 4750 2056 4818">
     <span class='ocr_line' id='line_1_96' title="bbox 481 4750 2056 4818; baseline 0.003 -13"><span class='ocrx_word' id='word_1_746' title='bbox 481 4750 752 4805; x_wconf 79' lang='lat' dir='ltr'><strong>sionez-ct</strong></span> <span class='ocrx_word' id='word_1_747' title='bbox 787 4751 888 4805; x_wconf 89' lang='lat' dir='ltr'><strong>hoc</strong></span> <span class='ocrx_word' id='word_1_748' title='bbox 939 4759 1022 4804; x_wconf 90' lang='lat' dir='ltr'><strong>est</strong></span> <span class='ocrx_word' id='word_1_749' title='bbox 1069 4769 1088 4802; x_wconf 73' lang='grc' dir='ltr'><strong><em>ι</em></strong></span> <span class='ocrx_word' id='word_1_750' title='bbox 1124 4766 1282 4807; x_wconf 89' lang='lat' dir='ltr'><strong>renes</strong></span> <span class='ocrx_word' id='word_1_751' title='bbox 1332 4753 1456 4818; x_wconf 85' lang='lat' dir='ltr'><strong>mei,</strong></span> <span class='ocrx_word' id='word_1_752' title='bbox 1513 4774 1531 4806; x_wconf 83' lang='grc'><strong>›</strong></span> <span class='ocrx_word' id='word_1_753' title='bbox 1589 4753 1640 4806; x_wconf 89' lang='lat' dir='ltr'><strong>id</strong></span> <span class='ocrx_word' id='word_1_754' title='bbox 1686 4763 1768 4807; x_wconf 84' lang='lat' dir='ltr'><strong>est</strong></span> <span class='ocrx_word' id='word_1_755' title='bbox 1804 4753 2056 4809; x_wconf 82' lang='lat' dir='ltr'><strong>carnales</strong></span> 
     </span>
    </p>
   </div>
   <div class='ocr_carea' id='block_1_96' title="bbox 481 4839 2055 4912">
    <p class='ocr_par' dir='ltr' id='par_1_96' title="bbox 481 4839 2055 4912">
     <span class='ocr_line' id='line_1_97' title="bbox 481 4839 2055 4912; baseline 0 -16"><span class='ocrx_word' id='word_1_756' title='bbox 481 4839 716 4912; x_wconf 79' lang='lat' dir='ltr'><strong>cognati.</strong></span> <span class='ocrx_word' id='word_1_757' title='bbox 749 4839 866 4894; x_wconf 64' lang='lat' dir='ltr'><strong>‘Per</strong></span> <span class='ocrx_word' id='word_1_758' title='bbox 910 4855 1064 4896; x_wconf 89' lang='lat' dir='ltr'><strong>renes</strong></span> <span class='ocrx_word' id='word_1_759' title='bbox 1103 4841 1442 4912; x_wconf 88' lang='lat' dir='ltr'><strong>accipiuntur</strong></span> <span class='ocrx_word' id='word_1_760' title='bbox 1471 4842 1545 4894; x_wconf 88' lang='lat' dir='ltr'><strong>illi</strong></span> <span class='ocrx_word' id='word_1_761' title='bbox 1575 4840 1665 4912; x_wconf 94' lang='lat' dir='ltr'><strong>qui</strong></span> <span class='ocrx_word' id='word_1_762' title='bbox 1706 4851 1833 4894; x_wconf 91' lang='lat' dir='ltr'><strong>sunt</strong></span> <span class='ocrx_word' id='word_1_763' title='bbox 1857 4841 1924 4895; x_wconf 91' lang='lat' dir='ltr'><strong>de</strong></span> <span class='ocrx_word' id='word_1_764' title='bbox 1950 4857 2055 4896; x_wconf 85' lang='lat' dir='ltr'><strong>una</strong></span> 
     </span>
    </p>
   </div>
   <div class='ocr_carea' id='block_1_97' title="bbox 483 4929 2058 5003">
    <p class='ocr_par' dir='ltr' id='par_1_97' title="bbox 483 4929 2058 5003">
     <span class='ocr_line' id='line_1_98' title="bbox 483 4929 2058 5003; baseline 0 -17"><span class='ocrx_word' id='word_1_765' title='bbox 483 4931 849 5003; x_wconf 87' lang='lat' dir='ltr'><strong>generatione,</strong></span> <span class='ocrx_word' id='word_1_766' title='bbox 877 4931 999 5001; x_wconf 90' lang='lat' dir='ltr'><strong>quia</strong></span> <span class='ocrx_word' id='word_1_767' title='bbox 1030 4932 1083 4985; x_wconf 93' lang='lat' dir='ltr'><strong>in</strong></span> <span class='ocrx_word' id='word_1_768' title='bbox 1116 4933 1336 4986; x_wconf 89' lang='lat' dir='ltr'><strong>renibus</strong></span> <span class='ocrx_word' id='word_1_769' title='bbox 1366 4940 1449 4986; x_wconf 90' lang='lat' dir='ltr'><strong>est</strong></span> <span class='ocrx_word' id='word_1_770' title='bbox 1471 4929 1817 4986; x_wconf 87' lang='lat' dir='ltr'><strong>seminarium</strong></span> <span class='ocrx_word' id='word_1_771' title='bbox 1841 4946 2058 5003; x_wconf 88' lang='lat' dir='ltr'><strong>genera-</strong></span> 
     </span>
    </p>
   </div>
   <div class='ocr_carea' id='block_1_98' title="bbox 484 5019 2059 5090">
    <p class='ocr_par' dir='ltr' id='par_1_98' title="bbox 484 5019 2059 5090">
     <span class='ocr_line' id='line_1_99' title="bbox 484 5019 2059 5090; baseline 0.002 -18"><span class='ocrx_word' id='word_1_772' title='bbox 484 5019 667 5084; x_wconf 87' lang='lat' dir='ltr'><strong>tionis;</strong></span> <span class='ocrx_word' id='word_1_773' title='bbox 697 5037 714 5070; x_wconf 74' lang='grc' dir='ltr'>ι</span> <span class='ocrx_word' id='word_1_774' title='bbox 737 5019 1120 5090; x_wconf 72' lang='lat' dir='ltr'><strong>increpueruut</strong></span> <span class='ocrx_word' id='word_1_775' title='bbox 1133 5035 1218 5074; x_wconf 93' lang='lat' dir='ltr'><strong>me</strong></span> <span class='ocrx_word' id='word_1_776' title='bbox 1238 5040 1256 5072; x_wconf 76' lang='grc' dir='ltr'><strong><em>ι</em></strong></span> <span class='ocrx_word' id='word_1_777' title='bbox 1278 5021 1456 5074; x_wconf 86' lang='lat' dir='ltr'><strong>verbis</strong></span> <span class='ocrx_word' id='word_1_778' title='bbox 1479 5030 1531 5074; x_wconf 90' lang='lat' dir='ltr'><strong>et</strong></span> <span class='ocrx_word' id='word_1_779' title='bbox 1547 5020 1879 5087; x_wconf 85' lang='lat' dir='ltr'><strong>verberibus,</strong></span> <span class='ocrx_word' id='word_1_780' title='bbox 1897 5022 2059 5076; x_wconf 84' lang='lat' dir='ltr'><strong>etiam</strong></span> 
     </span>
    </p>
   </div>
   <div class='ocr_carea' id='block_1_99' title="bbox 490 5109 1677 5177">
    <p class='ocr_par' dir='ltr' id='par_1_99' title="bbox 490 5109 1677 5177">
     <span class='ocr_line' id='line_1_100' title="bbox 490 5109 1677 5177; baseline 0.003 -17"><span class='ocrx_word' id='word_1_781' title='bbox 490 5127 508 5160; x_wconf 75' lang='grc' dir='ltr'>ι</span> <span class='ocrx_word' id='word_1_782' title='bbox 538 5122 708 5177; x_wconf 87' lang='lat' dir='ltr'><strong>usque</strong></span> <span class='ocrx_word' id='word_1_783' title='bbox 735 5109 801 5163; x_wconf 90' lang='lat' dir='ltr'><strong>ad</strong></span> <span class='ocrx_word' id='word_1_784' title='bbox 829 5119 1062 5174; x_wconf 88' lang='lat' dir='ltr'><strong>noctem,</strong></span> <span class='ocrx_word' id='word_1_785' title='bbox 1097 5129 1115 5162; x_wconf 73' lang='grc' dir='ltr'><strong>ι</strong></span> <span class='ocrx_word' id='word_1_786' title='bbox 1150 5110 1202 5164; x_wconf 92' lang='lat' dir='ltr'><strong>id</strong></span> <span class='ocrx_word' id='word_1_787' title='bbox 1227 5119 1310 5164; x_wconf 89' lang='lat' dir='ltr'><strong>est</strong></span> <span class='ocrx_word' id='word_1_788' title='bbox 1336 5109 1402 5163; x_wconf 90' lang='lat' dir='ltr'><strong>ad</strong></span> <span class='ocrx_word' id='word_1_789' title='bbox 1431 5119 1677 5165; x_wconf 87' lang='lat' dir='ltr'><strong>mortem.</strong></span> 
     </span>
    </p>
   </div>
   <div class='ocr_carea' id='block_1_100' title="bbox 469 5199 2058 5274">
    <p class='ocr_par' dir='ltr' id='par_1_100' title="bbox 469 5199 2058 5274">
     <span class='ocr_line' id='line_1_101' title="bbox 469 5199 2058 5274; baseline 0.004 -20"><span class='ocrx_word' id='word_1_790' title='bbox 469 5199 476 5234; x_wconf 80' lang='lat'>&#39;</span> <span class='ocrx_word' id='word_1_791' title='bbox 554 5199 658 5270; x_wconf 88' lang='lat' dir='ltr'><strong>Ipsi</strong></span> <span class='ocrx_word' id='word_1_792' title='bbox 683 5200 1065 5271; x_wconf 88' lang='lat' dir='ltr'><strong>increpueruut</strong></span> <span class='ocrx_word' id='word_1_793' title='bbox 1094 5216 1200 5266; x_wconf 89' lang='lat' dir='ltr'><strong>me,</strong></span> <span class='ocrx_word' id='word_1_794' title='bbox 1229 5200 1323 5256; x_wconf 90' lang='lat' dir='ltr'><strong>sed</strong></span> <span class='ocrx_word' id='word_1_795' title='bbox 1349 5215 1448 5270; x_wconf 90' lang='lat' dir='ltr'><strong>ego</strong></span> <span class='ocrx_word' id='word_1_796' title='bbox 1487 5219 1505 5251; x_wconf 74' lang='grc' dir='ltr'>ι</span> <span class='ocrx_word' id='word_1_797' title='bbox 1558 5217 1770 5270; x_wconf 89' lang='lat' dir='ltr'><strong>semper</strong></span> <span class='ocrx_word' id='word_1_798' title='bbox 1810 5204 2058 5274; x_wconf 83' lang='lat' dir='ltr'><strong>provide-</strong></span> 
     </span>
    </p>
   </div>
   <div class='ocr_carea' id='block_1_101' title="bbox 485 5291 2062 5357">
    <p class='ocr_par' dir='ltr' id='par_1_101' title="bbox 485 5291 2062 5357">
     <span class='ocr_line' id='line_1_102' title="bbox 485 5291 2062 5357; baseline 0.003 -11"><span class='ocrx_word' id='word_1_799' title='bbox 485 5291 633 5357; x_wconf 86' lang='lat' dir='ltr'><strong>bam,</strong></span> <span class='ocrx_word' id='word_1_800' title='bbox 667 5310 686 5344; x_wconf 73' lang='grc' dir='ltr'><strong>ι</strong></span> <span class='ocrx_word' id='word_1_801' title='bbox 716 5291 1020 5347; x_wconf 91' lang='lat' dir='ltr'><strong>scilicetme</strong></span> <span class='ocrx_word' id='word_1_802' title='bbox 1034 5302 1464 5346; x_wconf 90' lang='lat' dir='ltr'><strong>resurrecturum</strong></span> <span class='ocrx_word' id='word_1_803' title='bbox 1495 5313 1512 5343; x_wconf 74' lang='grc' dir='ltr'>ι</span> <span class='ocrx_word' id='word_1_804' title='bbox 1543 5293 1827 5348; x_wconf 91' lang='lat' dir='ltr'><strong>Dominum</strong></span> <span class='ocrx_word' id='word_1_805' title='bbox 1857 5295 1909 5348; x_wconf 92' lang='lat' dir='ltr'><strong>in</strong></span> <span class='ocrx_word' id='word_1_806' title='bbox 1934 5309 2062 5350; x_wconf 87' lang='lat' dir='ltr'><strong>con-</strong></span> 
     </span>
    </p>
   </div>
   <div class='ocr_carea' id='block_1_102' title="bbox 486 5379 2060 5452">
    <p class='ocr_par' dir='ltr' id='par_1_102' title="bbox 486 5379 2060 5452">
     <span class='ocr_line' id='line_1_103' title="bbox 486 5379 2060 5452; baseline 0.002 -16"><span class='ocrx_word' id='word_1_807' title='bbox 486 5389 671 5452; x_wconf 82' lang='lat' dir='ltr'><strong>spectu</strong></span> <span class='ocrx_word' id='word_1_808' title='bbox 705 5399 724 5432; x_wconf 78' lang='grc' dir='ltr'><strong><em>ι</em></strong></span> <span class='ocrx_word' id='word_1_809' title='bbox 759 5380 966 5436; x_wconf 90' lang='lat' dir='ltr'><strong>scilicet</strong></span> <span class='ocrx_word' id='word_1_810' title='bbox 1001 5379 1244 5434; x_wconf 90' lang='lat' dir='ltr'><strong>interiori</strong></span> <span class='ocrx_word' id='word_1_811' title='bbox 1281 5400 1297 5431; x_wconf 76' lang='grc' dir='ltr'>ι</span> <span class='ocrx_word' id='word_1_812' title='bbox 1333 5396 1470 5445; x_wconf 90' lang='lat' dir='ltr'><strong>meo,</strong></span> <span class='ocrx_word' id='word_1_813' title='bbox 1506 5401 1523 5432; x_wconf 78' lang='grc' dir='ltr'><strong><em>ι</em></strong></span> <span class='ocrx_word' id='word_1_814' title='bbox 1562 5382 1614 5437; x_wconf 90' lang='lat' dir='ltr'><strong>id</strong></span> <span class='ocrx_word' id='word_1_815' title='bbox 1641 5391 1723 5436; x_wconf 91' lang='lat' dir='ltr'><strong>est</strong></span> <span class='ocrx_word' id='word_1_816' title='bbox 1765 5383 1836 5438; x_wconf 91' lang='lat' dir='ltr'><strong>ita</strong></span> <span class='ocrx_word' id='word_1_817' title='bbox 1878 5393 2060 5439; x_wconf 88' lang='lat' dir='ltr'><strong>certus</strong></span> 
     </span>
    </p>
   </div>
   <div class='ocr_carea' id='block_1_103' title="bbox 487 5471 2060 5541">
    <p class='ocr_par' dir='ltr' id='par_1_103' title="bbox 487 5471 2060 5541">
     <span class='ocr_line' id='line_1_104' title="bbox 487 5471 2060 5541; baseline 0.001 -13"><span class='ocrx_word' id='word_1_818' title='bbox 487 5487 637 5528; x_wconf 85' lang='lat' dir='ltr'><strong>eram</strong></span> <span class='ocrx_word' id='word_1_819' title='bbox 664 5473 730 5528; x_wconf 91' lang='lat' dir='ltr'><strong>de</strong></span> <span class='ocrx_word' id='word_1_820' title='bbox 756 5471 1154 5527; x_wconf 87' lang='lat' dir='ltr'><strong>resurrectione</strong></span> <span class='ocrx_word' id='word_1_821' title='bbox 1174 5485 1312 5533; x_wconf 90' lang='lat' dir='ltr'><strong>mea,</strong></span> <span class='ocrx_word' id='word_1_822' title='bbox 1341 5487 1403 5526; x_wconf 93' lang='lat' dir='ltr'><strong>ac</strong></span> <span class='ocrx_word' id='word_1_823' title='bbox 1430 5472 1474 5526; x_wconf 90' lang='lat' dir='ltr'><strong>si</strong></span> <span class='ocrx_word' id='word_1_824' title='bbox 1509 5471 1619 5541; x_wconf 91' lang='lat' dir='ltr'><strong>jam</strong></span> <span class='ocrx_word' id='word_1_825' title='bbox 1646 5473 1909 5528; x_wconf 87' lang='lat' dir='ltr'><strong>viderem:</strong></span> <span class='ocrx_word' id='word_1_826' title='bbox 1941 5475 2060 5529; x_wconf 90' lang='lat' dir='ltr'><strong>ideo</strong></span> 
     </span>
    </p>
   </div>
   <div class='ocr_carea' id='block_1_104' title="bbox 486 5559 2061 5633">
    <p class='ocr_par' dir='ltr' id='par_1_104' title="bbox 486 5559 2061 5633">
     <span class='ocr_line' id='line_1_105' title="bbox 486 5559 2061 5633; baseline 0.002 -17"><span class='ocrx_word' id='word_1_827' title='bbox 486 5561 832 5631; x_wconf 73' lang='lat' dir='ltr'><strong>providebam</strong></span> <span class='ocrx_word' id='word_1_828' title='bbox 860 5576 878 5610; x_wconf 79' lang='grc' dir='ltr'>ι</span> <span class='ocrx_word' id='word_1_829' title='bbox 915 5559 1166 5627; x_wconf 89' lang='lat' dir='ltr'><strong>quoniam</strong></span> <span class='ocrx_word' id='word_1_830' title='bbox 1197 5579 1214 5611; x_wconf 74' lang='grc' dir='ltr'><strong><em>ι</em></strong></span> <span class='ocrx_word' id='word_1_831' title='bbox 1244 5561 1296 5614; x_wconf 92' lang='lat' dir='ltr'><strong>in</strong></span> <span class='ocrx_word' id='word_1_832' title='bbox 1324 5559 1435 5630; x_wconf 89' lang='lat' dir='ltr'><strong>ipsa</strong></span> <span class='ocrx_word' id='word_1_833' title='bbox 1459 5564 1704 5632; x_wconf 88' lang='lat' dir='ltr'><strong>passione</strong></span> <span class='ocrx_word' id='word_1_834' title='bbox 1738 5583 1755 5614; x_wconf 85' lang='grc'><strong>‹</strong></span> <span class='ocrx_word' id='word_1_835' title='bbox 1782 5573 1864 5618; x_wconf 89' lang='lat' dir='ltr'><strong>est</strong></span> <span class='ocrx_word' id='word_1_836' title='bbox 1892 5584 1908 5615; x_wconf 74' lang='lat' dir='ltr'><strong>i</strong></span> <span class='ocrx_word' id='word_1_837' title='bbox 1948 5565 2061 5633; x_wconf 85' lang='lat' dir='ltr'><strong>ipse</strong></span> 
     </span>
    </p>
   </div>
   <div class='ocr_carea' id='block_1_105' title="bbox 495 5653 2063 5729">
    <p class='ocr_par' dir='ltr' id='par_1_105' title="bbox 495 5653 2063 5729">
     <span class='ocr_line' id='line_1_106' title="bbox 495 5653 2063 5729; baseline 0.008 -23"><span class='ocrx_word' id='word_1_838' title='bbox 495 5673 514 5706; x_wconf 83' lang='grc'><strong><em>‹</em></strong></span> <span class='ocrx_word' id='word_1_839' title='bbox 548 5655 677 5709; x_wconf 89' lang='lat' dir='ltr'><strong>mihi</strong></span> <span class='ocrx_word' id='word_1_840' title='bbox 707 5670 737 5709; x_wconf 90' lang='lat' dir='ltr'><strong>a</strong></span> <span class='ocrx_word' id='word_1_841' title='bbox 773 5654 1002 5719; x_wconf 80' lang='lat' dir='ltr'><strong>dextris,</strong></span> <span class='ocrx_word' id='word_1_842' title='bbox 1033 5673 1050 5705; x_wconf 84' lang='grc'><strong>›</strong></span> <span class='ocrx_word' id='word_1_843' title='bbox 1083 5653 1134 5709; x_wconf 93' lang='lat' dir='ltr'><strong>id</strong></span> <span class='ocrx_word' id='word_1_844' title='bbox 1162 5665 1245 5710; x_wconf 90' lang='lat' dir='ltr'><strong>est</strong></span> <span class='ocrx_word' id='word_1_845' title='bbox 1287 5656 1338 5711; x_wconf 94' lang='lat' dir='ltr'><strong>in</strong></span> <span class='ocrx_word' id='word_1_846' title='bbox 1374 5659 1639 5729; x_wconf 84' lang='lat' dir='ltr'><strong>adjutorio</strong></span> <span class='ocrx_word' id='word_1_847' title='bbox 1674 5681 1690 5711; x_wconf 72' lang='grc' dir='ltr'>ι</span> <span class='ocrx_word' id='word_1_848' title='bbox 1724 5677 1789 5717; x_wconf 92' lang='lat' dir='ltr'><strong>ne</strong></span> <span class='ocrx_word' id='word_1_849' title='bbox 1825 5676 2063 5718; x_wconf 58' lang='lat' dir='ltr'><strong>commoo</strong></span> 
     </span>
    </p>
   </div>
   <div class='ocr_carea' id='block_1_106' title="bbox 491 5745 1363 5815">
    <p class='ocr_par' dir='ltr' id='par_1_106' title="bbox 491 5745 1363 5815">
     <span class='ocr_line' id='line_1_107' title="bbox 491 5745 1363 5815; baseline 0.001 -11"><span class='ocrx_word' id='word_1_850' title='bbox 491 5759 621 5804; x_wconf 66' lang='grc' dir='ltr'><strong>νωι-</strong></span> <span class='ocrx_word' id='word_1_851' title='bbox 659 5764 677 5798; x_wconf 76' lang='grc'>›</span> <span class='ocrx_word' id='word_1_852' title='bbox 713 5746 766 5800; x_wconf 88' lang='lat' dir='ltr'><strong>in</strong></span> <span class='ocrx_word' id='word_1_853' title='bbox 795 5745 969 5815; x_wconf 84' lang='lat' dir='ltr'><strong>aliqua</strong></span> <span class='ocrx_word' id='word_1_854' title='bbox 1001 5747 1363 5805; x_wconf 89' lang='lat' dir='ltr'><strong>tribulatione.</strong></span> 
     </span>
    </p>
   </div>
   <div class='ocr_carea' id='block_1_107' title="bbox 2157 4677 3745 4749">
    <p class='ocr_par' dir='ltr' id='par_1_107' title="bbox 2157 4677 3745 4749">
     <span class='ocr_line' id='line_1_108' title="bbox 2157 4677 3745 4749; baseline 0.001 -17"><span class='ocrx_word' id='word_1_855' title='bbox 2157 4688 2368 4749; x_wconf 90' lang='lat' dir='ltr'><strong>tempus</strong></span> <span class='ocrx_word' id='word_1_856' title='bbox 2405 4677 2695 4748; x_wconf 86' lang='lat' dir='ltr'><strong>passionis,</strong></span> <span class='ocrx_word' id='word_1_857' title='bbox 2737 4677 2964 4739; x_wconf 87' lang='lat' dir='ltr'><strong>scilicet,</strong></span> <span class='ocrx_word' id='word_1_858' title='bbox 3011 4688 3070 4730; x_wconf 95' lang='lat' dir='ltr'><strong>ut</strong></span> <span class='ocrx_word' id='word_1_859' title='bbox 3125 4677 3266 4734; x_wconf 86' lang='lat' dir='ltr'><strong>Deus</strong></span> <span class='ocrx_word' id='word_1_860' title='bbox 3302 4680 3494 4748; x_wconf 90' lang='lat' dir='ltr'><strong>dirigat</strong></span> <span class='ocrx_word' id='word_1_861' title='bbox 3526 4693 3745 4746; x_wconf 84' lang='lat' dir='ltr'><strong>gressus</strong></span> 
     </span>
    </p>
   </div>
   <div class='ocr_carea' id='block_1_108' title="bbox 2157 4766 3746 4827">
    <p class='ocr_par' dir='ltr' id='par_1_108' title="bbox 2157 4766 3746 4827">
     <span class='ocr_line' id='line_1_109' title="bbox 2157 4766 3746 4827; baseline 0.002 -5"><span class='ocrx_word' id='word_1_862' title='bbox 2157 4783 2282 4822; x_wconf 87' lang='lat' dir='ltr'><strong>suos</strong></span> <span class='ocrx_word' id='word_1_863' title='bbox 2318 4767 2368 4821; x_wconf 92' lang='lat' dir='ltr'><strong>in</strong></span> <span class='ocrx_word' id='word_1_864' title='bbox 2395 4767 2600 4822; x_wconf 89' lang='lat' dir='ltr'><strong>semitis</strong></span> <span class='ocrx_word' id='word_1_865' title='bbox 2627 4767 2759 4823; x_wconf 89' lang='lat' dir='ltr'><strong>suis.</strong></span> <span class='ocrx_word' id='word_1_866' title='bbox 2792 4766 2934 4821; x_wconf 88' lang='lat' dir='ltr'><strong>Petit</strong></span> <span class='ocrx_word' id='word_1_867' title='bbox 2957 4769 3120 4823; x_wconf 67' lang='lat' dir='ltr'><strong>etiam</strong></span> <span class='ocrx_word' id='word_1_868' title='bbox 3158 4769 3374 4824; x_wconf 90' lang='lat' dir='ltr'><strong>liberari</strong></span> <span class='ocrx_word' id='word_1_869' title='bbox 3406 4785 3436 4823; x_wconf 91' lang='lat' dir='ltr'><strong>a</strong></span> <span class='ocrx_word' id='word_1_870' title='bbox 3465 4770 3670 4827; x_wconf 66' lang='lat' dir='ltr'><strong>Iudaeis</strong></span> <span class='ocrx_word' id='word_1_871' title='bbox 3692 4772 3746 4826; x_wconf 90' lang='lat' dir='ltr'><strong>in</strong></span> 
     </span>
    </p>
   </div>
   <div class='ocr_carea' id='block_1_109' title="bbox 2161 4858 3747 4930">
    <p class='ocr_par' dir='ltr' id='par_1_109' title="bbox 2161 4858 3747 4930">
     <span class='ocr_line' id='line_1_110' title="bbox 2161 4858 3747 4930; baseline 0.004 -17"><span class='ocrx_word' id='word_1_872' title='bbox 2161 4859 2495 4914; x_wconf 88' lang='lat' dir='ltr'><strong>imminentia</strong></span> <span class='ocrx_word' id='word_1_873' title='bbox 2526 4858 2830 4928; x_wconf 88' lang='lat' dir='ltr'><strong>passionis:</strong></span> <span class='ocrx_word' id='word_1_874' title='bbox 2882 4861 3119 4930; x_wconf 87' lang='lat' dir='ltr'><strong>postulat</strong></span> <span class='ocrx_word' id='word_1_875' title='bbox 3151 4863 3312 4917; x_wconf 88' lang='lat' dir='ltr'><strong>etiam</strong></span> <span class='ocrx_word' id='word_1_876' title='bbox 3364 4863 3591 4918; x_wconf 75' lang='lat' dir='ltr'><strong>retribui</strong></span> <span class='ocrx_word' id='word_1_877' title='bbox 3643 4867 3747 4920; x_wconf 88' lang='lat' dir='ltr'><strong>sibi</strong></span> 
     </span>
    </p>
   </div>
   <div class='ocr_carea' id='block_1_110' title="bbox 2163 4949 3745 5023">
    <p class='ocr_par' dir='ltr' id='par_1_110' title="bbox 2163 4949 3745 5023">
     <span class='ocr_line' id='line_1_111' title="bbox 2163 4949 3745 5023; baseline 0.005 -21"><span class='ocrx_word' id='word_1_878' title='bbox 2163 4949 2453 5003; x_wconf 88' lang='lat' dir='ltr'><strong>secundum</strong></span> <span class='ocrx_word' id='word_1_879' title='bbox 2474 4965 2569 5003; x_wconf 92' lang='lat' dir='ltr'><strong>sua</strong></span> <span class='ocrx_word' id='word_1_880' title='bbox 2607 4950 2816 5012; x_wconf 88' lang='lat' dir='ltr'><strong>merita,</strong></span> <span class='ocrx_word' id='word_1_881' title='bbox 2835 4951 3278 5023; x_wconf 83' lang='lat' dir='ltr'><strong>scilicetgloriam</strong></span> <span class='ocrx_word' id='word_1_882' title='bbox 3308 4957 3745 5018; x_wconf 88' lang='lat' dir='ltr'><strong>resurrectionis,</strong></span> 
     </span>
    </p>
   </div>
   <div class='ocr_carea' id='block_1_111' title="bbox 2161 5037 3750 5108">
    <p class='ocr_par' dir='ltr' id='par_1_111' title="bbox 2161 5037 3750 5108">
     <span class='ocr_line' id='line_1_112' title="bbox 2161 5037 3750 5108; baseline 0.005 -17"><span class='ocrx_word' id='word_1_883' title='bbox 2161 5047 2216 5092; x_wconf 91' lang='lat' dir='ltr'><strong>et</strong></span> <span class='ocrx_word' id='word_1_884' title='bbox 2258 5037 2361 5092; x_wconf 86' lang='lat' dir='ltr'><strong>illis</strong></span> <span class='ocrx_word' id='word_1_885' title='bbox 2387 5054 2602 5108; x_wconf 70' lang='lat' dir='ltr'><strong>poenam</strong></span> <span class='ocrx_word' id='word_1_886' title='bbox 2652 5040 2944 5094; x_wconf 85' lang='lat' dir='ltr'><strong>secundum</strong></span> <span class='ocrx_word' id='word_1_887' title='bbox 2978 5043 3168 5096; x_wconf 90' lang='lat' dir='ltr'><strong>merita</strong></span> <span class='ocrx_word' id='word_1_888' title='bbox 3199 5058 3293 5096; x_wconf 90' lang='lat' dir='ltr'><strong>sua</strong></span> <span class='ocrx_word' id='word_1_889' title='bbox 3323 5044 3482 5097; x_wconf 88' lang='lat' dir='ltr'><strong>mala.</strong></span> <span class='ocrx_word' id='word_1_890' title='bbox 3513 5045 3750 5100; x_wconf 84' lang='lat' dir='ltr'><strong>intentio</strong></span> 
     </span>
    </p>
   </div>
   <div class='ocr_carea' id='block_1_112' title="bbox 2163 5129 3750 5208">
    <p class='ocr_par' dir='ltr' id='par_1_112' title="bbox 2163 5129 3750 5208">
     <span class='ocr_line' id='line_1_113' title="bbox 2163 5129 3750 5208; baseline 0.005 -24"><span class='ocrx_word' id='word_1_891' title='bbox 2163 5143 2260 5184; x_wconf 87' lang='lat' dir='ltr'><strong>sua</strong></span> <span class='ocrx_word' id='word_1_892' title='bbox 2289 5136 2389 5194; x_wconf 86' lang='lat' dir='ltr'><strong>est,</strong></span> <span class='ocrx_word' id='word_1_893' title='bbox 2441 5144 2538 5184; x_wconf 91' lang='lat' dir='ltr'><strong>nos</strong></span> <span class='ocrx_word' id='word_1_894' title='bbox 2583 5129 2650 5184; x_wconf 89' lang='lat' dir='ltr'><strong>ad</strong></span> <span class='ocrx_word' id='word_1_895' title='bbox 2682 5132 2941 5185; x_wconf 90' lang='lat' dir='ltr'><strong>orandum</strong></span> <span class='ocrx_word' id='word_1_896' title='bbox 2976 5132 3269 5188; x_wconf 89' lang='lat' dir='ltr'><strong>instruere:</strong></span> <span class='ocrx_word' id='word_1_897' title='bbox 3328 5134 3379 5187; x_wconf 91' lang='lat' dir='ltr'><strong>in</strong></span> <span class='ocrx_word' id='word_1_898' title='bbox 3426 5135 3527 5190; x_wconf 91' lang='lat' dir='ltr'><strong>hoc</strong></span> <span class='ocrx_word' id='word_1_899' title='bbox 3571 5139 3750 5208; x_wconf 89' lang='lat' dir='ltr'><strong>primo</strong></span> 
     </span>
    </p>
   </div>
   <div class='ocr_carea' id='block_1_113' title="bbox 2163 5219 3751 5296">
    <p class='ocr_par' dir='ltr' id='par_1_113' title="bbox 2163 5219 3751 5296">
     <span class='ocr_line' id='line_1_114' title="bbox 2163 5219 3751 5296; baseline 0.008 -27"><span class='ocrx_word' id='word_1_900' title='bbox 2163 5231 2320 5270; x_wconf 86' lang='lat' dir='ltr'><strong>versu</strong></span> <span class='ocrx_word' id='word_1_901' title='bbox 2343 5225 2396 5272; x_wconf 90' lang='lat' dir='ltr'><strong>et</strong></span> <span class='ocrx_word' id='word_1_902' title='bbox 2415 5219 2670 5283; x_wconf 82' lang='lat' dir='ltr'><strong>secundo,</strong></span> <span class='ocrx_word' id='word_1_903' title='bbox 2695 5219 3040 5273; x_wconf 83' lang='lat' dir='ltr'><strong>continentur</strong></span> <span class='ocrx_word' id='word_1_904' title='bbox 3061 5221 3164 5276; x_wconf 80' lang='lat' dir='ltr'><strong>illae</strong></span> <span class='ocrx_word' id='word_1_905' title='bbox 3185 5231 3294 5277; x_wconf 80' lang='lat' dir='ltr'><strong>tres</strong></span> <span class='ocrx_word' id='word_1_906' title='bbox 3313 5225 3592 5280; x_wconf 89' lang='lat' dir='ltr'><strong>orationes</strong></span> <span class='ocrx_word' id='word_1_907' title='bbox 3613 5242 3751 5296; x_wconf 87' lang='lat' dir='ltr'><strong>quas</strong></span> 
     </span>
    </p>
   </div>
   <div class='ocr_carea' id='block_1_114' title="bbox 2165 5307 3751 5386">
    <p class='ocr_par' dir='ltr' id='par_1_114' title="bbox 2165 5307 3751 5386">
     <span class='ocr_line' id='line_1_115' title="bbox 2165 5307 3751 5386; baseline 0.006 -24"><span class='ocrx_word' id='word_1_908' title='bbox 2165 5307 2421 5372; x_wconf 84' lang='lat' dir='ltr'><strong>diximus,</strong></span> <span class='ocrx_word' id='word_1_909' title='bbox 2454 5324 2590 5378; x_wconf 89' lang='lat' dir='ltr'><strong>quas</strong></span> <span class='ocrx_word' id='word_1_910' title='bbox 2636 5319 2821 5377; x_wconf 89' lang='lat' dir='ltr'><strong>postea</strong></span> <span class='ocrx_word' id='word_1_911' title='bbox 2873 5311 3217 5379; x_wconf 82' lang='lat' dir='ltr'><strong>singulariter</strong></span> <span class='ocrx_word' id='word_1_912' title='bbox 3256 5315 3590 5386; x_wconf 80' lang='lat' dir='ltr'><strong>exsequitur.</strong></span> <span class='ocrx_word' id='word_1_913' title='bbox 3631 5317 3751 5372; x_wconf 71' lang='lat' dir='ltr'><strong>Vox</strong></span> 
     </span>
    </p>
   </div>
   <div class='ocr_carea' id='block_1_115' title="bbox 2165 5395 3498 5458">
    <p class='ocr_par' dir='ltr' id='par_1_115' title="bbox 2165 5395 3498 5458">
     <span class='ocr_line' id='line_1_116' title="bbox 2165 5395 3498 5458; baseline 0.006 -8"><span class='ocrx_word' id='word_1_914' title='bbox 2165 5395 2366 5451; x_wconf 89' lang='lat' dir='ltr'><strong>Christi</strong></span> <span class='ocrx_word' id='word_1_915' title='bbox 2392 5397 2465 5450; x_wconf 88' lang='lat' dir='ltr'><strong>ita</strong></span> <span class='ocrx_word' id='word_1_916' title='bbox 2494 5398 2723 5453; x_wconf 88' lang='lat' dir='ltr'><strong>dicentis</strong></span> <span class='ocrx_word' id='word_1_917' title='bbox 2752 5399 3046 5453; x_wconf 85' lang='lat' dir='ltr'><strong>secundum</strong></span> <span class='ocrx_word' id='word_1_918' title='bbox 3077 5402 3498 5458; x_wconf 88' lang='lat' dir='ltr'><strong>humanitatem:</strong></span> 
     </span>
    </p>
   </div>
   <div class='ocr_carea' id='block_1_116' title="bbox 2241 5486 3753 5558">
    <p class='ocr_par' dir='ltr' id='par_1_116' title="bbox 2241 5486 3753 5558">
     <span class='ocr_line' id='line_1_117' title="bbox 2241 5486 3753 5558; baseline 0.009 -21"><span class='ocrx_word' id='word_1_919' title='bbox 2241 5505 2258 5537; x_wconf 74' lang='grc' dir='ltr'>ι</span> <span class='ocrx_word' id='word_1_920' title='bbox 2295 5487 2519 5540; x_wconf 90' lang='lat' dir='ltr'><strong>Domine</strong></span> <span class='ocrx_word' id='word_1_921' title='bbox 2547 5486 2707 5550; x_wconf 89' lang='lat' dir='ltr'><strong>Deus,</strong></span> <span class='ocrx_word' id='word_1_922' title='bbox 2742 5489 2933 5542; x_wconf 80' lang='lat' dir='ltr'><strong>exaudi</strong></span> <span class='ocrx_word' id='word_1_923' title='bbox 2988 5488 3250 5558; x_wconf 85' lang='lat' dir='ltr'><strong>iustitiam</strong></span> <span class='ocrx_word' id='word_1_924' title='bbox 3298 5508 3471 5547; x_wconf 90' lang='lat' dir='ltr'><strong>meam</strong></span> <span class='ocrx_word' id='word_1_925' title='bbox 3492 5533 3506 5558; x_wconf 92' lang='lat'><strong>,</strong></span> <span class='ocrx_word' id='word_1_926' title='bbox 3538 5515 3556 5546; x_wconf 75' lang='grc' dir='ltr'><strong><em>ι</em></strong></span> <span class='ocrx_word' id='word_1_927' title='bbox 3587 5495 3640 5550; x_wconf 87' lang='lat' dir='ltr'><strong>id</strong></span> <span class='ocrx_word' id='word_1_928' title='bbox 3668 5505 3753 5550; x_wconf 87' lang='lat' dir='ltr'><strong>est</strong></span> 
     </span>
    </p>
   </div>
   <div class='ocr_carea' id='block_1_117' title="bbox 2167 5574 3751 5651">
    <p class='ocr_par' dir='ltr' id='par_1_117' title="bbox 2167 5574 3751 5651">
     <span class='ocr_line' id='line_1_118' title="bbox 2167 5574 3751 5651; baseline 0.007 -23"><span class='ocrx_word' id='word_1_929' title='bbox 2167 5574 2397 5644; x_wconf 91' lang='lat' dir='ltr'><strong>adimple</strong></span> <span class='ocrx_word' id='word_1_930' title='bbox 2443 5575 2570 5628; x_wconf 88' lang='lat' dir='ltr'><strong>illud</strong></span> <span class='ocrx_word' id='word_1_931' title='bbox 2617 5577 2758 5645; x_wconf 91' lang='lat' dir='ltr'><strong>quod</strong></span> <span class='ocrx_word' id='word_1_932' title='bbox 2805 5578 3014 5648; x_wconf 86' lang='lat' dir='ltr'><strong>jnstitia</strong></span> <span class='ocrx_word' id='word_1_933' title='bbox 3058 5595 3175 5635; x_wconf 85' lang='lat' dir='ltr'><strong>mea</strong></span> <span class='ocrx_word' id='word_1_934' title='bbox 3226 5582 3376 5650; x_wconf 92' lang='lat' dir='ltr'><strong>petit.</strong></span> <span class='ocrx_word' id='word_1_935' title='bbox 3427 5581 3751 5651; x_wconf 75' lang='lat' dir='ltr'><strong>Expressius</strong></span> 
     </span>
    </p>
   </div>
   <div class='ocr_carea' id='block_1_118' title="bbox 2168 5667 3751 5746">
    <p class='ocr_par' dir='ltr' id='par_1_118' title="bbox 2168 5667 3751 5746">
     <span class='ocr_line' id='line_1_119' title="bbox 2168 5667 3751 5746; baseline 0.005 -23"><span class='ocrx_word' id='word_1_936' title='bbox 2168 5667 2580 5736; x_wconf 88' lang='lat' dir='ltr'><strong>dicitjustitiam</strong></span> <span class='ocrx_word' id='word_1_937' title='bbox 2612 5685 2786 5725; x_wconf 90' lang='lat' dir='ltr'><strong>meam</strong></span> <span class='ocrx_word' id='word_1_938' title='bbox 2819 5688 2978 5741; x_wconf 91' lang='lat' dir='ltr'><strong>quam</strong></span> <span class='ocrx_word' id='word_1_939' title='bbox 3021 5674 3208 5739; x_wconf 87' lang='lat' dir='ltr'><strong>verba,</strong></span> <span class='ocrx_word' id='word_1_940' title='bbox 3241 5675 3363 5743; x_wconf 84' lang='lat' dir='ltr'><strong>quia</strong></span> <span class='ocrx_word' id='word_1_941' title='bbox 3394 5675 3508 5746; x_wconf 91' lang='lat' dir='ltr'><strong>ipsa</strong></span> <span class='ocrx_word' id='word_1_942' title='bbox 3536 5676 3751 5744; x_wconf 88' lang='lat' dir='ltr'><strong>justitia</strong></span> 
     </span>
    </p>
   </div>
   <div class='ocr_carea' id='block_1_119' title="bbox 2171 5756 3751 5836">
    <p class='ocr_par' dir='ltr' id='par_1_119' title="bbox 2171 5756 3751 5836">
     <span class='ocr_line' id='line_1_120' title="bbox 2171 5756 3751 5836; baseline 0.007 -25"><span class='ocrx_word' id='word_1_943' title='bbox 2171 5756 2387 5821; x_wconf 88' lang='lat' dir='ltr'><strong>clamat,</strong></span> <span class='ocrx_word' id='word_1_944' title='bbox 2407 5757 2630 5822; x_wconf 79' lang='lat' dir='ltr'><strong>scilicet,</strong></span> <span class='ocrx_word' id='word_1_945' title='bbox 2654 5768 2712 5813; x_wconf 91' lang='lat' dir='ltr'><strong>ut</strong></span> <span class='ocrx_word' id='word_1_946' title='bbox 2735 5769 2857 5815; x_wconf 88' lang='lat' dir='ltr'><strong>ante</strong></span> <span class='ocrx_word' id='word_1_947' title='bbox 2882 5763 3184 5830; x_wconf 85' lang='lat' dir='ltr'><strong>passionem</strong></span> <span class='ocrx_word' id='word_1_948' title='bbox 3209 5764 3509 5834; x_wconf 83' lang='lat' dir='ltr'><strong>dirigantur</strong></span> <span class='ocrx_word' id='word_1_949' title='bbox 3527 5781 3751 5836; x_wconf 76' lang='lat' dir='ltr'><strong>gressus</strong></span> 
     </span>
    </p>
   </div>
  </div>
