3984 6448
253 483 360 543 ΞΗ

1420 484 1860 544 ιχΡιΑΝΑτιο
1897 487 1965 542 ΙΝ
2000 488 2337 548 ΡΞΑΙΜΟΞ.

3402 497 3561 555 ειη.

254 600 375 657 sui:
414 616 436 653 ι
488 597 709 655 intende
753 598 1119 668 deprecationi
1173 612 1306 654 mea
1356 618 1374 652 ι
1427 600 1493 655 de
1538 600 1835 656 remotione
1865 605 1909 663 Α
1940 600 2043 658 hoc
2071 586 2323 659 dicuntur
2345 606 2568 674 apostoli
2595 606 2841 678 vesligla,
2868 607 2993 678 quia
3018 607 3073 664 in
3101 608 3516 682 lpsisapparent
3556 651 3565 665 .

255 696 620 759 miseriarum,
652 702 713 751 ut
756 696 1061 752 nullatenus
1104 703 1385 750 moveatur
1432 703 1653 764 propter
1700 694 1831 750 insi—

252 788 373 846 dias
415 786 739 843 Iudaeorum.

330 900 350 934 ι
383 880 614 937 Auribus
631 881 848 952 percipe
872 880 1300 937 obsecrationem
1322 890 1507 934 meam
1537 895 1555 928 ι
1593 876 1660 931 de
1685 875 1828 931 obti-

251 971 448 1028 nendis
477 971 656 1036 bonis,
681 970 886 1026 scilicet
929 972 997 1026 de
1026 970 1443 1027 resurrectione.
1475 966 1662 1024 Oratio
1684 967 1828 1021 enim

248 1064 714 1137 propriedicitur
758 1064 825 1118 de
876 1062 1188 1119 obtinendis
1253 1060 1409 1117 bonis
1458 1080 1472 1115 :
1520 1059 1831 1129 deprecatio

250 1168 434 1214 autem
485 1158 551 1213 de
600 1157 901 1212 remotione
964 1154 1229 1209 malorum
1302 1153 1522 1223 proprie
1578 1151 1826 1206 habetur.

246 1249 508 1317 Quamvis
536 1246 830 1312 exauditio,
862 1245 1187 1315 deprecatio,
1219 1243 1426 1309 oratio,
1460 1243 1515 1298 in
1542 1244 1654 1298 Deo
1688 1243 1829 1298 idem

246 1342 377 1406 sint,
423 1348 607 1395 tamen
636 1337 1049 1409 diversa‘rponit.
1088 1335 1387 1392 secundum
1424 1333 1828 1390 similitudinem

245 1434 550 1490 hominum.
590 1450 610 1485 ι
639 1431 862 1501 Percipe
888 1429 1192 1484 orationem
1221 1447 1239 1479 ι
1266 1428 1410 1499 quod
1430 1428 1599 1487 debes
1628 1426 1828 1493 facere,

245 1527 373 1595 quia
400 1543 418 1576 ι
448 1539 553 1579 non
584 1544 602 1577 ι
630 1534 715 1579 εει
743 1521 885 1577 facta
918 1540 937 1573 ι
959 1520 1189 1576 inlabiis
1219 1520 1438 1586 dolosis,
1468 1539 1485 1570 ι
1510 1519 1635 1590 quia
1655 1534 1831 1590 neque

245 1617 349 1673 fuit
368 1616 568 1672 malum
601 1616 655 1670 in
684 1630 779 1671 ore
801 1629 974 1685 neque
1000 1613 1055 1668 in
1085 1614 1265 1668 corde.

315 1711 777 1780 Priorempartem
798 1706 1060 1762 orationis
1079 1706 1392 1777 exsequitur
1408 1719 1423 1759 :
1439 1705 1582 1760 hanc
1602 1703 1826 1769 scilicet,

250 1823 269 1858 ι
288 1802 768 1868 exaudi,Domine,
784 1798 1050 1868 justitiam
1068 1812 1293 1862 meam,»
1320 1797 1423 1852 hoc
1446 1796 1606 1851 modo
1626 1795 1831 1851 scilicet

248 1913 267 1947 ι
296 1894 557 1967 judicium
593 1906 771 1946 meum
800 1891 1046 1961 prodeat,
1082 1909 1100 1941 ι
1133 1889 1186 1944 id
1220 1897 1303 1944 est
1326 1930 1340 1956 ,
1365 1886 1547 1958 judica
1587 1902 1675 1942 me
1708 1906 1727 1939 ι
1761 1887 1827 1941 de

242 1963 396 2042 vultu
445 1992 568 2049 tuo,
600 2003 618 2035 ›
653 1982 707 2039 id
748 1990 834 2040 est
873 1981 941 2037 de
983 1979 1175 2036 all‘ectu
1224 1988 1345 2045 tuo,
1395 1977 1692 2035 secundum
1731 1976 1821 2031 illa
1853 1963 1899 2023 Β

246 2080 456 2135 scilicet
480 2094 598 2148 qua:
643 2078 811 2133 inme
858 2076 1055 2148 aspicis
1101 2083 1263 2146 atque
1303 2074 1605 2145 cognoscis,
1636 2080 1690 2128 et
1718 2087 1824 2142 qua

244 2169 442 2226 ﬁducia
468 2178 588 2241 peto
614 2170 667 2224 in
692 2184 780 2225 me
821 2169 1048 2239 judicari
1101 2167 1398 2223 secundum
1441 2165 1823 2232 cognitionem,

242 2262 372 2332 quia
400 2262 511 2317 scio
533 2262 587 2315 in
628 2274 715 2315 me
757 2273 877 2315 esse
913 2259 1195 2328 :equitates
1217 2298 1232 2322 ,
1276 2264 1332 2311 et
1362 2274 1383 2310 ί
1419 2256 1518 2310 has
1546 2254 1827 2325 aequitates

241 2356 462 2410 videant
483 2353 537 2407 in
569 2367 654 2407 me
685 2351 825 2407 oculi
851 2351 947 2417 tui,
982 2369 1000 2402 ι
1033 2350 1086 2405 id
1112 2357 1196 2405 est
1219 2348 1453 2420 cognitio
1480 2357 1591 2404 tua.

257 2459 283 2501 ε.
311 2444 638 2515 Exsequitur
684 2442 804 2498 illas
848 2442 1149 2511 aequitates,
1175 2440 1391 2495 dicens:
1427 2457 1446 2489 ι
1479 2437 1727 2493 Probasti
1750 2478 1764 2501 ,
1800 2456 1819 2488 ι

245 2538 298 2593 id
342 2544 445 2602 est,
492 2535 774 2605 probatum
830 2532 1108 2588 ostendisti
1151 2550 1169 2581 ι
1202 2545 1297 2585 cor
1342 2518 1545 2593 meum,
1576 2547 1601 2586 ,ι
1633 2526 1686 2581 id
1742 2533 1825 2581 est

243 2627 577 2683 voluntatem
601 2639 801 2689 meam,
828 2623 952 2693 quia
995 2621 1130 2679 nihil
1156 2619 1310 2675 ,volui
1344 2617 1445 2674 nisi
1480 2617 1819 2687 aequitatem:

240 2727 297 2774 et
330 2717 609 2790 probando
637 2736 654 2768 ι
689 2715 939 2779 visitasti,
977 2734 995 2768 ι
1030 2713 1083 2768 id
1112 2720 1218 2778 est,
1245 2710 1517 2781 adjuvisti,
1553 2709 1677 2780 quia
1705 2710 1822 2765 sine

242 2817 337 2864 tuo
384 2808 587 2863 auxilio
622 2822 726 2862 non
765 2812 948 2877 posset
984 2804 1278 2860 subsistere
1318 2820 1337 2853 ι
1373 2809 1530 2856 nocte
1552 2841 1567 2866 ,
1608 2820 1625 2852 ι
1662 2800 1714 2855 id
1739 2810 1824 2856 est

238 2907 485 2969 tempore
513 2897 721 2953 adversi
732 2897 884 2963 tatis;
914 2914 932 2946 ι
955 2894 1192 2967 probasti
1219 2908 1313 2949 eor
1332 2906 1511 2947 meum
1534 2890 1649 2969 »εἰσ
1671 2890 1819 2946 scili-

239 2999 350 3055 cet,
378 2990 503 3061 quia
535 3008 553 3040 ι
582 2988 926 3054 examinasti,
962 3007 980 3040 ι
1017 2988 1068 3043 id
1103 2994 1205 3050 est,
1249 2983 1613 3039 examinatum
1642 2989 1823 3037 osten-

238 3080 367 3135 disti
417 3094 505 3135 me
556 3098 573 3130 ι
612 3079 756 3150 igne,
790 3098 808 3129 ι
840 3078 890 3133 id
917 3086 1002 3133 est
1052 3076 1107 3131 in
1157 3074 1382 3130 ferventi
1443 3071 1817 3137 tribulatione,

238 3179 326 3227 ιιι
355 3171 584 3238 scilicet,
636 3186 757 3227 cum
807 3171 1082 3242 ejecerunt
1146 3183 1269 3224 eum
1328 3174 1482 3223 extra
1543 3165 1819 3220 civitatem

239 3272 300 3318 ut
346 3263 649 3337 lapidarent
686 3264 825 3336 (A'ct.
852 3263 984 3335 vn);
1024 3269 1079 3317 et
1124 3261 1177 3315 in
1229 3267 1375 3314 tanta
1418 3256 1817 3315 examinatione

244 3374 265 3407 ι
304 3371 410 3410 non
439 3365 524 3411 est
551 3356 768 3410 inventa
794 3355 847 3408 in
869 3371 956 3409 me
984 3352 1260 3422 iniquitas.
1297 3371 1316 3404 ι

309 3445 426 3501 Hoc
474 3447 745 3500 intantum
769 3460 953 3499 verum
981 3452 1084 3507 est,
1112 3441 1254 3512 quod
1293 3459 1311 3493 ε
1346 3455 1452 3496 non
1488 3448 1572 3496 est
1600 3440 1819 3495 inventa

238 3536 297 3591 in
347 3550 437 3590 me
482 3535 757 3604 iniquitas.
796 3532 863 3588 Ut
904 3548 1008 3588 non
1059 3532 1309 3602 loquatur
1356 3546 1418 3586 os
1449 3545 1626 3585 meum
1661 3549 1680 3581 ι
1714 3528 1820 3584 sci-

242 3625 371 3679 licet
397 3626 540 3694 quod
562 3639 668 3680 non
690 3632 903 3693 oportet
928 3638 990 3678 os
1016 3638 1191 3678 meum
1209 3623 1333 3677 inde
1354 3621 1521 3690 loqui,
1546 3622 1670 3690 quia
1693 3621 1826 3675 satis

242 3723 412 3786 patet.
445 3716 512 3770 Et
537 3716 691 3785 quasi
721 3714 916 3785 aliquis
946 3702 1181 3770 diceret:
1212 3710 1655 3781 Quandoquidem
1686 3710 1738 3763 in
1775 3717 1825 3762 te

243 3822 356 3863 non
407 3816 491 3863 est
537 3809 756 3863 inventa
832 3807 1109 3878 iniquitas,
1187 3820 1354 3877 quare
1406 3814 1463 3860 tu
1512 3802 1827 3859 tribularis?

241 3896 539 3968 Respondit
573 3917 592 3950 ι
622 3910 842 3969 propter
856 3895 1056 3954 verba»
1088 3897 1294 3953 scilicet
1322 3896 1587 3967 implenda
1620 3915 1637 3947 ι
1659 3894 1826 3950 labio-

240 4007 388 4058 rum,
423 4011 442 4044 ›
479 3991 531 4047 id
553 4001 638 4048 est
682 3993 1065 4063 prophetarum
1102 4008 1122 4043 ι
1156 3998 1367 4046 tuorum
1389 3989 1653 4045 custodiri
1681 4003 1819 4059 ego»

238 4090 655 4153 perseveranter
682 4084 913 4139 sustinui
941 4104 960 4135 ι
985 4084 1102 4138 vias
1130 4082 1314 4147 duras,
1349 4101 1368 4133 ι
1396 4080 1450 4136 id
1480 4090 1574 4138 'est
1600 4081 1826 4136 tribula-

239 4174 439 4230 tiones.
491 4174 608 4229 Alia
644 4174 927 4231 translatio
955 4176 1137 4247 habet,
1166 4175 1283 4230 viae
1309 4173 1554 4240 latronis,
1581 4180 1637 4229 et
1682 4173 1824 4228 idem

235 4273 345 4319 est.
374 4263 498 4320 Vias
527 4266 649 4322 dico
682 4284 702 4318 ι
735 4281 897 4338 opera
920 4267 1204 4321 hominum
1228 4284 1249 4319 ι
1284 4281 1418 4336 quas
1446 4273 1827 4335 promerentur

234 4373 406 4428 opera
432 4358 731 4423 hominum,
768 4360 818 4413 id
849 4367 932 4415 est
978 4358 1294 4413 carnalium.
1318 4356 1415 4414 Vel
1438 4357 1624 4412 aliter:
1653 4355 1826 4411 Intan-

236 4447 357 4505 tum
388 4466 493 4505 non
522 4457 605 4504 est
647 4450 859 4506 inventa
893 4451 948 4505 in
997 4465 1084 4505 me
1130 4449 1405 4520 iniquitas,
1436 4456 1495 4503 ιιι
1535 4461 1598 4503 os
1646 4463 1825 4503 meum

243 4560 267 4594 ι
290 4544 403 4597 non
425 4541 676 4612 loquatur
696 4555 860 4612 opera
882 4541 1181 4606 hominum,
1211 4559 1231 4592 ι
1254 4540 1306 4595 id
1332 4548 1416 4595 est
1446 4540 1783 4594 mendacium
1808 4556 1822 4591 :

234 4643 298 4687 et
321 4631 410 4687 hic
433 4632 670 4687 ostendit
695 4632 986 4687 maximam
1012 4631 1128 4701 ejus
1172 4629 1576 4702 perfectionem.
1606 4629 1825 4686 Perfec-

234 4723 483 4780 tl'ssimus
507 4724 651 4780 enim
680 4732 783 4789 est,
836 4724 926 4794 qui

237 4821 399 4869 vocat
424 4815 723 4881 hominum,
762 4815 890 4884 quia
934 4815 1181 4870 homines
1207 4831 1238 4869 a
1261 4813 1473 4885 seipsis’,
1520 4829 1626 4868 non
1654 4828 1685 4868 a
1715 4815 1823 4869 Deo

237 4905 445 4963 habent
473 4906 710 4961 mentiri.
741 4904 837 4961 Vel
867 4906 945 4962 sic
974 4905 1114 4970 dico,
1147 4905 1289 4976 quod
1316 4914 1353 4955 ‘t
1390 4905 1445 4959 in
1478 4917 1563 4959 me
1588 4919 1692 4959 non
1740 4915 1825 4959 est

239 4997 463 5054 inventa
494 4997 746 5067 iniquitas
772 5016 793 5049 ι
848 4996 1138 5061 intantum,
1191 5015 1209 5047 ι
1238 5004 1307 5050 ut-
1323 5010 1429 5050 non
1465 4995 1716 5066 loquatur
1761 5010 1823 5051 os

239 5105 423 5145 meum
453 5105 615 5162 opera
643 5090 940 5155 hominum,
978 5108 996 5140 ι
1026 5089 1078 5144 id
1108 5097 1192 5146 est
1226 5097 1285 5143 ut
1330 5103 1432 5158 ego
1465 5088 1655 5158 loquar
1699 5087 1824 5144 inde

239 5177 553 5255 jactantiam
583 5181 725 5236 sicut
753 5196 869 5236 mos
896 5188 980 5236 est
1005 5180 1304 5235 hominum.

316 5271 386 5327 Et
434 5272 717 5342 quiatam
760 5271 1032 5342 perfectus
1079 5287 1198 5327 sum
1232 5290 1252 5322 ‹
1292 5270 1514 5343 perfice,
1565 5291 1584 5325 ι
1622 5270 1676 5325 id
1722 5279 1829 5338 est,

243 5376 418 5432 usque
436 5362 502 5417 ad
526 5359 683 5417 ﬁnem
704 5376 988 5429 conserva,
1010 5361 1101 5416 ubi
1123 5369 1207 5416 est
1227 5362 1541 5417 meritorum
1567 5359 1830 5431 perfectio

245 5450 377 5509 tota‘
410 5452 683 5525 «gressus
734 5470 904 5520 meos,
954 5474 971 5506 ι
1029 5454 1081 5510 id
1106 5463 1193 5509 est
1232 5467 1392 5523 Opera
1416 5468 1557 5517 mea,
1582 5468 1680 5524 per
1709 5469 1829 5523 qua:

244 5546 465 5616 gradior
511 5565 531 5598 ι
572 5547 627 5602 in
669 5547 876 5602 semitis
924 5546 1051 5611 tuis,
1088 5566 1107 5599 ι
1144 5545 1197 5600 id
1244 5554 1345 5612 est,
1394 5545 1448 5600 in
1504 5544 1824 5599 arctioribus

244 5638 532 5711 praeceptis
561 5638 666 5693 tuis
694 5648 753 5692 ut
774 5638 828 5693 in
850 5638 993 5693 nullo
1013 5637 1220 5692 deviem
1246 5651 1275 5691 a
1304 5645 1569 5707 praecepto
1597 5644 1707 5691 tuo.
1735 5634 1827 5691 Sic

246 5729 667 5800 dirigetgrcssus
700 5728 892 5794 meos,
926 5737 985 5784 ut
1032 5729 1194 5784 etiam
1222 5748 1239 5778 ι
1276 5728 1496 5799 vestigia
1546 5740 1685 5793 inea,
1718 5748 1735 5779 ι
1771 5728 1825 5782 id

244 5832 333 5879 est
364 5822 586 5894 apostoli
615 5832 672 5878 et
703 5822 793 5878 alii
844 5837 1104 5894 sequaces
1134 5822 1238 5877 mei
1276 5841 1294 5871 ι
1328 5836 1434 5876 non
1459 5830 1778 5876 moveantur
1801 5837 1820 5869 ι

251 5933 285 5971 a
308 5916 513 5973 semitis
542 5916 663 5973 tuiS.
694 5915 928 5986 V’estigia
954 5924 1077 5970 sunt
1109 5915 1257 5986 signa
1279 5913 1501 5983 pedum,
1527 5919 1580 5966 et
1607 5918 1826 5982 propter

1931 696 2081 765 signa
2095 694 2323 763 iustitia:
2347 696 2565 753 Christi.
2582 698 2648 753 Et
2673 699 2801 769 quia
2827 709 2954 755 sunt
2979 701 3230 771 vestigia,
3247 716 3355 757 non
3389 718 3514 774 pos-

1930 795 2055 842 sunt
2083 802 2203 843 esse
2245 789 2490 858 perfecti,
2538 789 2643 846 nisi
2684 790 2774 847 ille
2810 806 2970 861 quem
2998 791 3340 849 imitarentur
3364 803 3511 850 esset

1930 877 2372 948 perfectissimus.
2391 878 2526 935 Hinc
2548 880 2735 951 incipit
2746 882 2969 954 exsequi
2997 882 3287 939 secundam
3308 885 3529 942 oratio.

1932 984 2076 1034 nem,
2110 969 2331 1036 scilicet,
2379 978 2443 1025 ut
2468 970 2715 1027 intendat
2739 971 3175 1044 deprecationem
3201 974 3336 1045 ejus.
3362 973 3502 1030 Con»-

1931 1061 2156 1117 tinuatio
2180 1080 2217 1117 :.

2005 1192 2024 1227 ι
2066 1173 2271 1229 Perfice
2294 1186 2510 1246 gressus
2542 1193 2562 1227 θ
2596 1183 2651 1231 et
2670 1176 2832 1231 etiam
2867 1195 2886 1229 ι
2917 1178 3115 1234 inclina
3148 1193 3337 1235 aurem
3360 1187 3509 1235 tuam

1929 1262 2096 1328 mihi,
2134 1282 2154 1317 ι
2189 1263 2241 1318 id
2286 1272 2401 1329 est,
2454 1266 2823 1321 condescende
2870 1268 3021 1323 mihi.
3070 1268 3309 1328 Noscens
3361 1272 3511 1329 enim

1929 1369 2080 1409 suam
2126 1353 2498 1411 infirmitatem
2552 1371 2660 1411 non
2712 1365 3147 1425 posset.tantam
3188 1361 3508 1433 dignitatem

1929 1447 2247 1518 promereri,
2283 1455 2438 1519 rogat
2486 1448 2657 1517 ipsam
2696 1449 2951 1505 deitatem
2988 1460 3049 1505 ut
3078 1465 3137 1506 se
3165 1431 3414 1508 humiliet
3443 1431 3512 1510 ad

1930 1537 2353 1594 subveniendum
2383 1540 2457 1603 ei,
2482 1539 2638 1608 quasi
2666 1538 2913 1597 infirmus
2934 1540 3128 1610 aliquis
3147 1543 3237 1613 qui
3263 1557 3367 1597 non
3387 1558 3513 1613 pos-

1930 1637 2015 1685 set
2042 1644 2099 1684 se
2130 1628 2360 1700 erigere,
2400 1638 2454 1684 et
2474 1643 2666 1699 rogare
2693 1629 2982 1696 medicum,
3004 1639 3065 1686 ut
3093 1646 3152 1687 se
3178 1632 3426 1687 humiliet
3440 1634 3509 1689 ad

1929 1722 2351 1780 subveniendum
2372 1723 2420 1778 ei
2444 1742 2462 1775 ι
2482 1724 2672 1779 exaudi
2688 1725 2907 1780 verbam
2922 1739 3006 1780 ea.
3031 1745 3049 1776 ι
3069 1724 3198 1780 Dico
3225 1744 3243 1777 ι
3266 1724 3463 1781 inclina
3485 1746 3506 1778 ι

1930 1822 1985 1868 ει
2008 1833 2025 1865 ι
2048 1812 2239 1869 exaudi
2257 1814 2474 1877 verba,»
2493 1822 2782 1869 etsecurus
2807 1828 2946 1879 sum,
2964 1813 3088 1884 quia
3117 1833 3135 1866 ι
3154 1830 3255 1886 ego
3280 1814 3511 1872 clamavi

1929 1902 2183 1971 quoniam
2197 1901 2633 1957 exaudistimen
2654 1901 2765 1959 Hoc
2791 1911 2993 1968 autem,
3016 1903 3224 1959 scilicet
3249 1904 3510 1972 clamare,

1927 1992 2181 2066 quoniam
2226 1994 2602 2060 exaudiuntur,
2650 1994 3362 2052 tantummodo~sanctorum
3403 2006 3509 2063 est,

1929 2084 2021 2153 qui
2045 2096 2108 2138 ex
2132 2084 2365 2154 puritate
2409 2099 2520 2139 suae
2570 2085 2911 2142 conscientia:
2952 2100 3142 2142 secure
3169 2087 3425 2154 clamant,
3457 2098 3513 2145 et

1930 2173 2172 2228 exaudiri
2221 2190 2328 2228 non
2370 2182 2646 2230 metuunt:
2690 2174 2780 2229 alii
2822 2189 2952 2229 vero
2990 2175 3359 2232 exaudiuntur
3382 2178 3511 2248 quia

1929 2260 2183 2328 clamant,
2210 2277 2344 2332 quos
2385 2278 2481 2317 sua
2514 2264 2842 2319 conscientia
2878 2266 2940 2320 in:
2970 2265 3508 2336 aliquibus'aeeusat.

2003 2395 2023 2429 ι
2067 2374 2272 2429 Exaudi
2300 2374 2462 2430 verba
2491 2390 2609 2430 mea
2643 2395 2661 2427 ι
2691 2383 2745 2430 ει
2772 2376 2921 2430 mihi
2948 2376 3306 2434 abundantius
3341 2377 3513 2436 facias

1926 2482 2087 2537 quam
2105 2465 2254 2522 aliis:
2289 2475 2344 2521 et
2365 2466 2468 2522 hoe
2487 2475 2571 2522 est
2597 2485 2614 2516 ι
2648 2466 2872 2520 mirifica
2902 2467 3303 2523 misericordias
3318 2477 3457 2532 tuas,
3484 2489 3504 2522 ι

1927 2558 2109 2621 idest,
2145 2555 2420 2613 mirabiles
2450 2555 2555 2611 fac.
2583 2554 2641 2609 In
2677 2556 2780 2611 hoc
2806 2556 2949 2610 enim
2995 2558 3382 2614 misericordia:
3412 2559 3510 2613 Dei

1925 2645 1978 2702 in
2006 2644 2220 2701 Christo
2241 2653 2368 2699 sunt
2387 2642 2701 2707 miriﬁcatze,
2734 2643 2859 2714 quia
2887 2643 3218 2701 etimmunis
3245 2655 3514 2715 apeccato

1925 2736 2055 2801 fuit,
2073 2745 2127 2792 et
2153 2751 2339 2792 omnes
2359 2736 2760 2807 persecutiones
2799 2736 3096 2805 patientius
3117 2737 3367 2794 onmibus
3387 2739 3511 2797 aliis

1925 2827 2064 2882 tulit.
2087 2826 2157 2884 Et
2186 2827 2320 2884 bene
2344 2826 2506 2882 debes
2542 2825 2831 2882 mirificare
2858 2844 2876 2877 ι
2906 2828 2996 2894 qui
3026 2827 3203 2883 salvos
3228 2826 3381 2884 facis‘
3395 2843 3514 2901 spe.

1924 2929 2108 2977 rantes
2129 2921 2183 2976 in
2210 2928 2264 2975 te
2299 2940 2318 2973 ι
2353 2934 2422 2975 ne
2446 2918 2641 2975 cedant
2680 2917 3134 2975 tribulationibus.
3182 2972 3185 2975 ,

1995 3034 2127 3090 Dico
2156 3030 2404 3098 miriﬁca,
2453 3030 2530 3086 ita
2558 3029 2763 3088 scilicet
2797 3049 2816 3082 ι
2852 3032 3062 3089 custodi
3110 3048 3218 3100 me,
3254 3054 3272 3088 ι
3305 3005 3526 3094 scilicet.

1920 3143 2030 3185 non
2059 3141 2146 3182 me
2187 3125 2399 3197 rapiant
2452 3125 2520 3180 ad
2546 3134 2827 3197 peccatum
2856 3144 2875 3177 ι
2906 3141 2937 3181 a
2975 3127 3380 3195 resistentibus,
3410 3152 3429 3185 ο
3458 3132 3512 3188 id

1920 3226 2006 3274 est
2033 3233 2064 3272 a
2090 3216 2290 3271 Iudaeis
2308 3215 2799 3272 contradicentibus
2826 3234 2844 3268 ι
2872 3215 3110 3272 dextera:
3138 3225 3261 3283 tum,
3301 3240 3319 3271 ι
3351 3220 3404 3276 id
3430 3228 3513 3278 est

1842 3327 1889 3391 ρ
1922 3308 2052 3365 mihi
2083 3306 2219 3362 Filio
2240 3316 2354 3362 tuo.
2384 3305 2510 3362 ideo
2531 3305 2700 3363 Filius
2742 3306 2837 3363 Dei
2880 3308 3103 3365 dextera
3133 3310 3353 3377 dicitur,
3383 3314 3511 3383 quia

1919 3414 2018 3468 per
2058 3400 2233 3470 ipsum
2274 3407 2528 3469 operatur
2572 3399 2712 3455 Deus
2757 3399 2970 3454 omnia:
3002 3401 3211 3455 custodi
3241 3401 3362 3458 dico
3393 3421 3411 3454 ‹
3449 3412 3511 3459 ut

1921 3492 2175 3563 pupillam
2226 3490 2367 3546 oculi
2410 3510 2440 3569 a_
2484 3491 2625 3546 sicut
2671 3499 2888 3561 oportet
2914 3492 3190 3549 custodire
3224 3494 3507 3565 pupillam.

1922 3581 2068 3638 Bene
2092 3598 2150 3638 se
2172 3583 2421 3638 Christus
2448 3583 2659 3653 pupilla:
2686 3584 3155 3655 oculiseomparat.
3184 3584 3337 3642 Sicut
3364 3588 3509 3644 enim

1923 3670 2120 3742 pupilla
2138 3680 2231 3726 est
2254 3672 2465 3741 dignior
2491 3688 2621 3742 pars
2646 3674 2785 3728 oculi
2808 3682 2863 3728 et
2880 3681 3050 3728 totum
3083 3690 3287 3744 corpus
3308 3676 3507 3733 illumio

1925 3770 2043 3826 nat,
2093 3761 2173 3817 sic
2219 3769 2284 3816 et
2317 3759 2566 3815 Christus
2612 3761 2939 3832 estdignior
2985 3776 3111 3831 pars
3139 3762 3421 3831 Ecclesiae,
3448 3766 3505 3821 et

1927 3859 2094 3907 totam
2116 3851 2411 3908 Ecclesiam
2442 3851 2727 3907 illuminat.

2002 3988 2021 4019 ι
2057 3966 2278 4023 Custodi
2308 3982 2393 4023 me
2421 3975 2475 4023 et
2504 3975 2722 4038 protege
2752 3986 2769 4019 ι
2805 3975 2866 4021 ιιι
2886 3982 2991 4023 non
3023 3966 3257 4022 sentiam
3294 3977 3507 4035 :cstum,

1924 4059 2148 4123 scilicet,
2196 4066 2255 4112 ut
2298 4073 2403 4113 non
2456 4058 2656 4114 invitus
2700 4058 2879 4128 patiar
2902 4066 2929 4109 't
2981 4073 3011 4112 a
3044 4056 3202 4124 facie,
3238 4077 3256 4110 ι
3292 4059 3345 4113 id
3371 4067 3509 4116 est:

1923 4151 2207 4222 praesentia
2233 4170 2251 4203 ι
2280 4150 2584 4221 impiorum.
2618 4171 2637 4203 ι
2670 4149 2772 4205 Per
2798 4148 2988 4205 faciem
3016 4159 3169 4206 notat
3187 4160 3509 4220 praesentem

1923 4241 2411 4313 impugnationem:
2443 4253 2611 4309 quare
2638 4252 2857 4295 necesse
2877 4247 2995 4294 erat
3025 4248 3501 4311 ut.protegeretur,

1931 4351 1950 4385 ι
1972 4335 2097 4404 quia
2118 4347 2205 4387 me
2226 4330 2560 4398 amiserunt;
2584 4352 2603 4384 ι
2628 4340 2851 4402 protege
2869 4331 2992 4386 dico
3022 4351 3040 4383 ι
3061 4332 3163 4387 sub
3180 4333 3373 4388 umbra
3398 4333 3511 4389 ala-

1925 4439 2044 4481 rum
2086 4422 2441 4488 tuarum,s.id
2482 4431 2567 4477 est
2592 4421 2694 4477 sub
2720 4420 3000 4494 refrigerio
3037 4422 3507 4480 emisericordimet

1926 4514 2227 4572 chanitatis.
2259 4514 2359 4569 ille
2385 4528 2485 4586 per
2529 4513 2706 4569 simile
2731 4512 2990 4583 loquitur.
3014 4542 3018 4546 Α
3044 4512 3198 4569 Sicut
3223 4515 3366 4569 enim
3390 4515 3506 4570 avis

1926 4605 2157 4677 protegit
2199 4603 2373 4674 pullos
2402 4618 2547 4668 suos,
2600 4619 2668 4659 ne
2713 4613 2903 4659 astuta
2935 4603 3198 4658 sentiant:
3239 4604 3320 4659 sic
3365 4603 3506 4661 Deus

965 4686 1067 4779 ne;
1094 4686 1274 4794 lingua
1304 4733 1510 4792 peccat.
1548 4721 1820 4777 menda-cia
1849 4700 1900 4761 D
1924 4694 2197 4794 Christum
2251 4692 2635 4749 misericordia:
2677 4701 2733 4748 et
2753 4692 3037 4749 charitatis
3071 4691 3351 4765 retrigerio
3377 4686 3507 4765 pro;

1924 4788 2083 4843 texit.-

1997 4904 2063 4960 Et
2089 4917 2312 4960 necesse
2337 4909 2454 4958 erat
2481 4910 2539 4957 ut
2566 4910 2622 4956 tu
2654 4912 2984 4974 protegeres,
3016 4902 3142 4973 quia
3172 4921 3189 4954 ι
3224 4902 3450 4967 inimici,
3481 4922 3499 4954 ι

1925 4995 1976 5050 id
2000 5004 2085 5051 est
2104 4995 2295 5061 Judaei,
2323 5013 2341 5046 ι
2371 4993 2842 5051 circumdederunt
2868 4996 3106 5050 animam
3128 5010 3325 5059 meam,
3350 5013 3368 5046 ι
3399 4993 3503 5049 sci.-

1924 5084 2083 5152 iicet,
2107 5085 2353 5140 volentes
2397 5084 2585 5140 tollere
2610 5084 2847 5139 animam
2876 5100 3077 5150 meam,
3130 5084 3184 5140 id
3217 5092 3301 5140 est
3339 5084 3506 5140 vitam

1928 5192 2123 5232 meam.
2157 5175 2275 5231 Hoc
2313 5175 2469 5230 modo
2508 5175 2721 5245 quando
2761 5191 2884 5231 cum
2931 5175 3124 5247 gladiis
3172 5185 3228 5231 et
3275 5173 3510 5231 fustibus

1925 5283 2050 5325 eum
2094 5266 2587 5323 circumdederunt:
2622 5266 3006 5322 concluserunt
3032 5268 3195 5323 etiam
3230 5286 3249 5320 ι
3285 5267 3499 5337 adipem

1927 5356 2146 5428 suum!»
2174 5355 2325 5412 Sicut
2351 5356 2494 5411 enim
2536 5355 2700 5427 aliqui
2726 5357 2953 5428 pingues
2992 5342 3323 5413 concludunt
3348 5372 3501 5412 suam

1927 5447 2302 5519 pinguedinem
2331 5462 2453 5502 cum
2500 5446 2602 5501 alia
2630 5447 2973 5518 pinguedine,
3027 5448 3101 5503 ita
3138 5457 3196 5503 ut
3220 5449 3334 5517 jam
3365 5448 3503 5503 nihil

1926 5542 2097 5613 possit
2139 5540 2191 5595 in
2212 5554 2305 5595 eos
2334 5539 2566 5594 intrare:
2591 5537 2668 5594 sic
2681 5535 2848 5594 Juda‘i
2870 5538 3115 5608 pingues,
3144 5537 3197 5592 id
3222 5543 3307 5592 est
3324 5537 3507 5601 multis

1925 5632 2143 5688 malitiis
2186 5645 2311 5686 suas
2370 5629 2603 5685 malitias
2650 5628 3053 5691 concluserunt,
3105 5626 3185 5682 ita
3222 5628 3364 5698 quod
3391 5625 3503 5697 jutn

1925 5724 2057 5781 nihil
2086 5724 2329 5780 veritatis
2359 5723 2414 5778 in
2448 5736 2541 5778 eos
2568 5722 2773 5778 intrare
2801 5728 3000 5793 posset,
3035 5729 3256 5792 propter
3302 5738 3499 5795 pecca~

1926 5828 2036 5875 tum
2058 5816 2353 5873 Dominica:
2371 5814 2664 5885 passionis:
2691 5822 2747 5870 et
2770 5813 2892 5869 ideo
2910 5832 2927 5864 ς
2954 5825 3018 5869 οε
3051 5828 3236 5869 eorum
3267 5814 3503 5871 locutum

1925 5918 2006 5969 est
2032 5891 2335 5981 superbiam
2364 5927 2381 5959 ι
2409 5906 2728 5963 dicentium:
2761 5903 3067 5963 «Nolumus
3101 5906 3245 5964 hunc
3269 5921 3504 5977 regnare
