  <div class='ocr_page' id='page_1' title='image "/cluster/home/n/w/nwhite01/storage/ocr_20150623/116/hvd.32044015466881/127.png"; bbox 0 0 3984 6456; ppageno 0'>
   <div class='ocr_carea' id='block_1_1' title="bbox 488 481 616 538">
    <p class='ocr_par' dir='ltr' id='par_1_1' title="bbox 488 481 616 538">
     <span class='ocr_line' id='line_1_1' title="bbox 488 481 616 538; baseline 0.039 -5"><span class='ocrx_word' id='word_1_1' title='bbox 488 481 616 538; x_wconf 60' lang='grc' dir='ltr'><strong>ίῖ-εῗ)</strong></span> 
     </span>
    </p>
   </div>
   <div class='ocr_carea' id='block_1_2' title="bbox 985 463 2075 532">
    <p class='ocr_par' dir='ltr' id='par_1_2' title="bbox 985 470 2075 532">
     <span class='ocr_line' id='line_1_2' title="bbox 985 470 2075 532; baseline -0.004 -1"><span class='ocrx_word' id='word_1_2' title='bbox 985 474 1339 532; x_wconf 71' lang='lat' dir='ltr'><strong>HAYMONIS</strong></span> <span class='ocrx_word' id='word_1_3' title='bbox 1378 472 1858 528; x_wconf 70' lang='lat' dir='ltr'><strong>llALBERST-AT.</strong></span> <span class='ocrx_word' id='word_1_4' title='bbox 1898 470 2075 527; x_wconf 78' lang='lat' dir='ltr'><strong>EPlS(</strong></span> 
     </span>
    </p>
   </div>
   <div class='ocr_carea' id='block_1_3' title="bbox 2184 463 3307 532">
    <p class='ocr_par' dir='ltr' id='par_1_3' title="bbox 2184 463 3307 525">
     <span class='ocr_line' id='line_1_3' title="bbox 2184 463 3307 525; baseline -0.005 0"><span class='ocrx_word' id='word_1_5' title='bbox 2184 470 2309 525; x_wconf 83' lang='lat' dir='ltr'><strong>lPP.</strong></span> <span class='ocrx_word' id='word_1_6' title='bbox 2351 463 2530 524; x_wconf 56' lang='lat' dir='ltr'><strong>PA&#39;RS</strong></span> <span class='ocrx_word' id='word_1_7' title='bbox 2568 469 2610 525; x_wconf 83' lang='grc' dir='ltr'><strong>Ι.</strong></span> <span class='ocrx_word' id='word_1_8' title='bbox 2642 499 2707 510; x_wconf 92' lang='lat'><strong>—-</strong></span> <span class='ocrx_word' id='word_1_9' title='bbox 2742 466 3094 525; x_wconf 76' lang='lat' dir='ltr'><strong>COMMENT.</strong></span> <span class='ocrx_word' id='word_1_10' title='bbox 3137 464 3307 522; x_wconf 82' lang='lat' dir='ltr'><strong>BlBL.</strong></span> 
     </span>
    </p>
   </div>
   <div class='ocr_carea' id='block_1_4' title="bbox 3672 463 3791 518">
    <p class='ocr_par' dir='ltr' id='par_1_4' title="bbox 3672 463 3791 518">
     <span class='ocr_line' id='line_1_4' title="bbox 3672 463 3791 518; baseline 0 0"><span class='ocrx_word' id='word_1_11' title='bbox 3672 463 3791 518; x_wconf 64' lang='lat' dir='ltr'><strong>2H</strong></span> 
     </span>
    </p>
   </div>
   <div class='ocr_carea' id='block_1_5' title="bbox 507 572 3793 666">
    <p class='ocr_par' dir='ltr' id='par_1_5' title="bbox 507 572 3793 666">
     <span class='ocr_line' id='line_1_5' title="bbox 507 572 3793 666; baseline -0.006 -16"><span class='ocrx_word' id='word_1_12' title='bbox 507 611 669 666; x_wconf 74' lang='lat' dir='ltr'><strong>super</strong></span> <span class='ocrx_word' id='word_1_13' title='bbox 697 586 825 648; x_wconf 83' lang='lat' dir='ltr'><strong>nos:</strong></span> <span class='ocrx_word' id='word_1_14' title='bbox 857 607 963 647; x_wconf 89' lang='lat' dir='ltr'><strong>non</strong></span> <span class='ocrx_word' id='word_1_15' title='bbox 995 586 1254 646; x_wconf 84' lang='lat' dir='ltr'><strong>babemus</strong></span> <span class='ocrx_word' id='word_1_16' title='bbox 1276 601 1474 657; x_wconf 71' lang='lat' dir='ltr'><strong>regem,</strong></span> <span class='ocrx_word' id='word_1_17' title='bbox 1504 586 1606 640; x_wconf 89' lang='lat' dir='ltr'><strong>nisi</strong></span> <span class='ocrx_word' id='word_1_18' title='bbox 1632 584 1898 639; x_wconf 70' lang='lat' dir='ltr'><strong>Caesarem</strong></span> <span class='ocrx_word' id='word_1_19' title='bbox 1923 582 2072 653; x_wconf 78' lang='lat' dir='ltr'><strong>(Luc.</strong></span> <span class='ocrx_word' id='word_1_20' title='bbox 2103 593 2151 651; x_wconf 77' lang='grc' dir='ltr'>Α</span> <span class='ocrx_word' id='word_1_21' title='bbox 2179 580 2350 649; x_wconf 73' lang='lat' dir='ltr'><strong>xxvii)</strong></span> <span class='ocrx_word' id='word_1_22' title='bbox 2374 598 2385 631; x_wconf 86' lang='lat'><strong>:</strong></span> <span class='ocrx_word' id='word_1_23' title='bbox 2416 597 2439 630; x_wconf 67' lang='grc' dir='ltr'><strong>ι</strong></span> <span class='ocrx_word' id='word_1_24' title='bbox 2462 594 2568 633; x_wconf 90' lang='lat' dir='ltr'><strong>non</strong></span> <span class='ocrx_word' id='word_1_25' title='bbox 2593 588 2798 634; x_wconf 88' lang='lat' dir='ltr'><strong>tantum</strong></span> <span class='ocrx_word' id='word_1_26' title='bbox 2820 577 2940 641; x_wconf 80' lang='lat' dir='ltr'><strong>sibi,</strong></span> <span class='ocrx_word' id='word_1_27' title='bbox 2963 577 3057 633; x_wconf 84' lang='lat' dir='ltr'><strong>sed</strong></span> <span class='ocrx_word' id='word_1_28' title='bbox 3080 576 3243 631; x_wconf 83' lang='lat' dir='ltr'><strong>etiam</strong></span> <span class='ocrx_word' id='word_1_29' title='bbox 3263 574 3389 629; x_wconf 82' lang='lat' dir='ltr'><strong>ﬁliis</strong></span> <span class='ocrx_word' id='word_1_30' title='bbox 3407 572 3520 631; x_wconf 83' lang='lat' dir='ltr'><strong>suis</strong></span> <span class='ocrx_word' id='word_1_31' title='bbox 3541 574 3793 630; x_wconf 69' lang='lat' dir='ltr'><strong>maxime</strong></span> 
     </span>
    </p>
   </div>
   <div class='ocr_carea' id='block_1_6' title="bbox 504 684 1051 753">
    <p class='ocr_par' dir='ltr' id='par_1_6' title="bbox 504 684 1051 753">
     <span class='ocr_line' id='line_1_6' title="bbox 504 684 1051 753; baseline -0.015 -9"><span class='ocrx_word' id='word_1_32' title='bbox 504 705 633 751; x_wconf 73' lang='lat' dir='ltr'><strong>xix;</strong></span> <span class='ocrx_word' id='word_1_33' title='bbox 664 687 823 741; x_wconf 84' lang='lat' dir='ltr'><strong>Joan.</strong></span> <span class='ocrx_word' id='word_1_34' title='bbox 860 684 993 753; x_wconf 75' lang='lat' dir='ltr'><strong>xix).</strong></span> <span class='ocrx_word' id='word_1_35' title='bbox 1034 703 1051 735; x_wconf 74' lang='grc' dir='ltr'><strong>ι</strong></span> 
     </span>
    </p>
   </div>
   <div class='ocr_carea' id='block_1_7' title="bbox 578 767 2084 844">
    <p class='ocr_par' dir='ltr' id='par_1_7' title="bbox 578 767 2084 844">
     <span class='ocr_line' id='line_1_7' title="bbox 578 767 2084 844; baseline -0.011 -9"><span class='ocrx_word' id='word_1_36' title='bbox 578 778 1063 835; x_wconf 88' lang='lat' dir='ltr'><strong>Circumdederunt</strong></span> <span class='ocrx_word' id='word_1_37' title='bbox 1086 789 1209 829; x_wconf 82' lang='lat' dir='ltr'><strong>cum</strong></span> <span class='ocrx_word' id='word_1_38' title='bbox 1241 772 1429 844; x_wconf 86' lang='lat' dir='ltr'><strong>gladiis</strong></span> <span class='ocrx_word' id='word_1_39' title='bbox 1477 781 1530 825; x_wconf 92' lang='lat' dir='ltr'><strong>et</strong></span> <span class='ocrx_word' id='word_1_40' title='bbox 1553 769 1814 825; x_wconf 76' lang='lat' dir='ltr'><strong>fustibus:</strong></span> <span class='ocrx_word' id='word_1_41' title='bbox 1843 775 1897 821; x_wconf 89' lang='lat' dir='ltr'><strong>et</strong></span> <span class='ocrx_word' id='word_1_42' title='bbox 1920 767 2084 820; x_wconf 87' lang='lat' dir='ltr'><strong>etiam</strong></span> 
     </span>
    </p>
   </div>
   <div class='ocr_carea' id='block_1_8' title="bbox 510 858 2083 931">
    <p class='ocr_par' dir='ltr' id='par_1_8' title="bbox 510 858 2083 931">
     <span class='ocr_line' id='line_1_8' title="bbox 510 858 2083 931; baseline -0.011 -4"><span class='ocrx_word' id='word_1_43' title='bbox 510 869 973 927; x_wconf 74' lang='lat' dir='ltr'><strong>circumdederunt</strong></span> <span class='ocrx_word' id='word_1_44' title='bbox 1002 881 1086 921; x_wconf 91' lang='lat' dir='ltr'><strong>me</strong></span> <span class='ocrx_word' id='word_1_45' title='bbox 1114 865 1168 919; x_wconf 89' lang='lat' dir='ltr'><strong>in</strong></span> <span class='ocrx_word' id='word_1_46' title='bbox 1217 879 1398 929; x_wconf 83' lang='lat' dir='ltr'><strong>cruce,</strong></span> <span class='ocrx_word' id='word_1_47' title='bbox 1437 862 1591 931; x_wconf 90' lang='lat' dir='ltr'><strong>quasi</strong></span> <span class='ocrx_word' id='word_1_48' title='bbox 1629 860 1695 914; x_wconf 92' lang='lat' dir='ltr'><strong>ad</strong></span> <span class='ocrx_word' id='word_1_49' title='bbox 1722 858 2083 929; x_wconf 89' lang='lat' dir='ltr'><strong>spectaculum</strong></span> 
     </span>
    </p>
   </div>
   <div class='ocr_carea' id='block_1_9' title="bbox 507 948 2085 1025">
    <p class='ocr_par' dir='ltr' id='par_1_9' title="bbox 507 948 2085 1025">
     <span class='ocr_line' id='line_1_9' title="bbox 507 948 2085 1025; baseline -0.01 -11"><span class='ocrx_word' id='word_1_50' title='bbox 507 958 873 1014; x_wconf 83' lang='lat' dir='ltr'><strong>eruciﬁxionis</strong></span> <span class='ocrx_word' id='word_1_51' title='bbox 904 975 923 1008; x_wconf 72' lang='grc' dir='ltr'><strong>ι</strong></span> <span class='ocrx_word' id='word_1_52' title='bbox 964 954 1316 1025; x_wconf 88' lang='lat' dir='ltr'><strong>projicientes</strong></span> <span class='ocrx_word' id='word_1_53' title='bbox 1364 973 1382 1004; x_wconf 72' lang='grc' dir='ltr'><strong>ι</strong></span> <span class='ocrx_word' id='word_1_54' title='bbox 1425 960 1580 1005; x_wconf 83' lang='lat' dir='ltr'><strong>extra</strong></span> <span class='ocrx_word' id='word_1_55' title='bbox 1630 948 1898 1003; x_wconf 88' lang='lat' dir='ltr'><strong>civitatem</strong></span> <span class='ocrx_word' id='word_1_56' title='bbox 1938 966 1954 997; x_wconf 81' lang='grc' dir='ltr'><strong>ι</strong></span> <span class='ocrx_word' id='word_1_57' title='bbox 2000 960 2085 1019; x_wconf 86' lang='lat' dir='ltr'><strong>me</strong></span> 
     </span>
    </p>
   </div>
   <div class='ocr_carea' id='block_1_10' title="bbox 505 1040 2082 1115">
    <p class='ocr_par' dir='ltr' id='par_1_10' title="bbox 505 1040 2082 1115">
     <span class='ocr_line' id='line_1_10' title="bbox 505 1040 2082 1115; baseline -0.008 -13"><span class='ocrx_word' id='word_1_58' title='bbox 505 1064 668 1113; x_wconf 88' lang='lat' dir='ltr'><strong>nunc,</strong></span> <span class='ocrx_word' id='word_1_59' title='bbox 702 1068 719 1097; x_wconf 77' lang='grc' dir='ltr'><strong>ι</strong></span> <span class='ocrx_word' id='word_1_60' title='bbox 748 1047 801 1100; x_wconf 89' lang='lat' dir='ltr'><strong>id</strong></span> <span class='ocrx_word' id='word_1_61' title='bbox 821 1057 903 1101; x_wconf 89' lang='lat' dir='ltr'><strong>est</strong></span> <span class='ocrx_word' id='word_1_62' title='bbox 929 1062 1049 1101; x_wconf 91' lang='lat' dir='ltr'><strong>cum</strong></span> <span class='ocrx_word' id='word_1_63' title='bbox 1071 1045 1220 1115; x_wconf 89' lang='lat' dir='ltr'><strong>prius</strong></span> <span class='ocrx_word' id='word_1_64' title='bbox 1239 1058 1446 1105; x_wconf 85' lang='lat' dir='ltr'><strong>servos,</strong></span> <span class='ocrx_word' id='word_1_65' title='bbox 1469 1057 1612 1095; x_wconf 90' lang='lat' dir='ltr'><strong>nunc</strong></span> <span class='ocrx_word' id='word_1_66' title='bbox 1637 1040 2082 1107; x_wconf 81' lang='lat' dir='ltr'><strong>etiam-meipsum</strong></span> 
     </span>
    </p>
   </div>
   <div class='ocr_carea' id='block_1_11' title="bbox 503 1130 2079 1201">
    <p class='ocr_par' dir='ltr' id='par_1_11' title="bbox 503 1130 2079 1201">
     <span class='ocr_line' id='line_1_11' title="bbox 503 1130 2079 1201; baseline -0.011 -3"><span class='ocrx_word' id='word_1_67' title='bbox 503 1141 771 1198; x_wconf 71' lang='lat' dir='ltr'><strong>hzercdem</strong></span> <span class='ocrx_word' id='word_1_68' title='bbox 801 1139 1025 1195; x_wconf 89' lang='lat' dir='ltr'><strong>missum</strong></span> <span class='ocrx_word' id='word_1_69' title='bbox 1051 1138 1118 1192; x_wconf 88' lang='lat' dir='ltr'><strong>ad</strong></span> <span class='ocrx_word' id='word_1_70' title='bbox 1146 1137 1362 1191; x_wconf 85' lang='lat' dir='ltr'><strong>vineam</strong></span> <span class='ocrx_word' id='word_1_71' title='bbox 1393 1134 1603 1199; x_wconf 82' lang='lat' dir='ltr'><strong>(Matth.</strong></span> <span class='ocrx_word' id='word_1_72' title='bbox 1633 1132 1772 1201; x_wconf 78' lang='lat' dir='ltr'><strong>xxi);</strong></span> <span class='ocrx_word' id='word_1_73' title='bbox 1794 1151 1811 1181; x_wconf 73' lang='grc' dir='ltr'><strong>ι</strong></span> <span class='ocrx_word' id='word_1_74' title='bbox 1832 1130 2036 1193; x_wconf 90' lang='lat' dir='ltr'><strong>oculos,</strong></span> <span class='ocrx_word' id='word_1_75' title='bbox 2061 1150 2079 1181; x_wconf 70' lang='grc' dir='ltr'><strong>ι</strong></span> 
     </span>
    </p>
   </div>
   <div class='ocr_carea' id='block_1_12' title="bbox 503 1220 2086 1287">
    <p class='ocr_par' dir='ltr' id='par_1_12' title="bbox 503 1220 2086 1287">
     <span class='ocr_line' id='line_1_12' title="bbox 503 1220 2086 1287; baseline -0.009 0"><span class='ocrx_word' id='word_1_76' title='bbox 503 1233 557 1287; x_wconf 89' lang='lat' dir='ltr'><strong>id</strong></span> <span class='ocrx_word' id='word_1_77' title='bbox 582 1239 666 1287; x_wconf 89' lang='lat' dir='ltr'><strong>est</strong></span> <span class='ocrx_word' id='word_1_78' title='bbox 692 1227 1020 1284; x_wconf 87' lang='lat' dir='ltr'><strong>intentiones</strong></span> <span class='ocrx_word' id='word_1_79' title='bbox 1039 1239 1166 1281; x_wconf 90' lang='lat' dir='ltr'><strong>suas</strong></span> <span class='ocrx_word' id='word_1_80' title='bbox 1197 1243 1216 1276; x_wconf 73' lang='grc' dir='ltr'><strong>ι</strong></span> <span class='ocrx_word' id='word_1_81' title='bbox 1247 1230 1555 1280; x_wconf 84' lang='lat' dir='ltr'><strong>statuerunt</strong></span> <span class='ocrx_word' id='word_1_82' title='bbox 1584 1220 1853 1276; x_wconf 76' lang='lat' dir='ltr'><strong>declinare</strong></span> <span class='ocrx_word' id='word_1_83' title='bbox 1898 1221 1950 1273; x_wconf 90' lang='lat' dir='ltr'><strong>in</strong></span> <span class='ocrx_word' id='word_1_84' title='bbox 1978 1229 2086 1273; x_wconf 85' lang='lat' dir='ltr'><strong>ter—</strong></span> 
     </span>
    </p>
   </div>
   <div class='ocr_carea' id='block_1_13' title="bbox 502 1308 2082 1387">
    <p class='ocr_par' dir='ltr' id='par_1_13' title="bbox 502 1308 2082 1387">
     <span class='ocr_line' id='line_1_13' title="bbox 502 1308 2082 1387; baseline -0.008 -10"><span class='ocrx_word' id='word_1_85' title='bbox 502 1339 642 1387; x_wconf 86' lang='lat' dir='ltr'><strong>ram,</strong></span> <span class='ocrx_word' id='word_1_86' title='bbox 677 1342 695 1374; x_wconf 75' lang='grc' dir='ltr'><strong>ι</strong></span> <span class='ocrx_word' id='word_1_87' title='bbox 732 1321 785 1376; x_wconf 91' lang='lat' dir='ltr'><strong>id</strong></span> <span class='ocrx_word' id='word_1_88' title='bbox 828 1326 930 1383; x_wconf 89' lang='lat' dir='ltr'><strong>est,</strong></span> <span class='ocrx_word' id='word_1_89' title='bbox 961 1308 1131 1373; x_wconf 79' lang='lat' dir='ltr'><strong>solam</strong></span> <span class='ocrx_word' id='word_1_90' title='bbox 1171 1316 1539 1370; x_wconf 90' lang='lat' dir='ltr'><strong>terrenitatem</strong></span> <span class='ocrx_word' id='word_1_91' title='bbox 1568 1311 2046 1367; x_wconf 88' lang='lat' dir='ltr'><strong>consideravcrunt</strong></span> <span class='ocrx_word' id='word_1_92' title='bbox 2068 1352 2082 1375; x_wconf 93' lang='lat'><strong>,</strong></span> 
     </span>
    </p>
   </div>
   <div class='ocr_carea' id='block_1_14' title="bbox 503 1399 2084 1477">
    <p class='ocr_par' dir='ltr' id='par_1_14' title="bbox 503 1399 2084 1477">
     <span class='ocr_line' id='line_1_14' title="bbox 503 1399 2084 1477; baseline -0.008 -11"><span class='ocrx_word' id='word_1_93' title='bbox 503 1412 711 1467; x_wconf 78' lang='lat' dir='ltr'><strong>sciiicet</strong></span> <span class='ocrx_word' id='word_1_94' title='bbox 755 1409 1057 1463; x_wconf 80' lang='lat' dir='ltr'><strong>timuerunt</strong></span> <span class='ocrx_word' id='word_1_95' title='bbox 1106 1405 1331 1477; x_wconf 84' lang='lat' dir='ltr'><strong>perdere</strong></span> <span class='ocrx_word' id='word_1_96' title='bbox 1383 1402 1557 1473; x_wconf 88' lang='lat' dir='ltr'><strong>legem</strong></span> <span class='ocrx_word' id='word_1_97' title='bbox 1604 1409 1659 1456; x_wconf 91' lang='lat' dir='ltr'><strong>et</strong></span> <span class='ocrx_word' id='word_1_98' title='bbox 1707 1408 1941 1470; x_wconf 88' lang='lat' dir='ltr'><strong>gentem.</strong></span> <span class='ocrx_word' id='word_1_99' title='bbox 1990 1399 2084 1457; x_wconf 85' lang='lat' dir='ltr'><strong>Vel</strong></span> 
     </span>
    </p>
   </div>
   <div class='ocr_carea' id='block_1_15' title="bbox 504 1488 2082 1563">
    <p class='ocr_par' dir='ltr' id='par_1_15' title="bbox 504 1488 2082 1563">
     <span class='ocr_line' id='line_1_15' title="bbox 504 1488 2082 1563; baseline -0.01 -6"><span class='ocrx_word' id='word_1_100' title='bbox 504 1500 910 1557; x_wconf 90' lang='lat' dir='ltr'><strong>declinaverunt</strong></span> <span class='ocrx_word' id='word_1_101' title='bbox 937 1495 1122 1551; x_wconf 89' lang='lat' dir='ltr'><strong>oculos</strong></span> <span class='ocrx_word' id='word_1_102' title='bbox 1152 1493 1205 1548; x_wconf 83' lang='lat' dir='ltr'><strong>in</strong></span> <span class='ocrx_word' id='word_1_103' title='bbox 1233 1500 1461 1563; x_wconf 68' lang='lat' dir='ltr'><strong>terram,</strong></span> <span class='ocrx_word' id='word_1_104' title='bbox 1478 1491 1604 1561; x_wconf 88' lang='lat' dir='ltr'><strong>quia</strong></span> <span class='ocrx_word' id='word_1_105' title='bbox 1632 1505 1754 1545; x_wconf 90' lang='lat' dir='ltr'><strong>eum</strong></span> <span class='ocrx_word' id='word_1_106' title='bbox 1784 1504 1889 1544; x_wconf 92' lang='lat' dir='ltr'><strong>non</strong></span> <span class='ocrx_word' id='word_1_107' title='bbox 1915 1488 2082 1543; x_wconf 88' lang='lat' dir='ltr'><strong>Deum</strong></span> 
     </span>
    </p>
   </div>
   <div class='ocr_carea' id='block_1_16' title="bbox 501 1581 2081 1660">
    <p class='ocr_par' dir='ltr' id='par_1_16' title="bbox 501 1581 2081 1660">
     <span class='ocr_line' id='line_1_16' title="bbox 501 1581 2081 1660; baseline -0.009 -10"><span class='ocrx_word' id='word_1_108' title='bbox 501 1609 645 1659; x_wconf 88' lang='lat' dir='ltr'><strong>esse,</strong></span> <span class='ocrx_word' id='word_1_109' title='bbox 668 1592 762 1648; x_wconf 90' lang='lat' dir='ltr'><strong>sed</strong></span> <span class='ocrx_word' id='word_1_110' title='bbox 803 1605 996 1660; x_wconf 89' lang='lat' dir='ltr'><strong>purum</strong></span> <span class='ocrx_word' id='word_1_111' title='bbox 1025 1587 1293 1643; x_wconf 80' lang='lat' dir='ltr'><strong>hominem</strong></span> <span class='ocrx_word' id='word_1_112' title='bbox 1322 1592 1668 1656; x_wconf 85' lang='lat' dir='ltr'><strong>putaverunt.</strong></span> <span class='ocrx_word' id='word_1_113' title='bbox 1700 1581 2081 1639; x_wconf 85' lang='lat' dir='ltr'><strong>Circumdede-</strong></span> 
     </span>
    </p>
   </div>
   <div class='ocr_carea' id='block_1_17' title="bbox 505 1674 2083 1749">
    <p class='ocr_par' dir='ltr' id='par_1_17' title="bbox 505 1674 2083 1749">
     <span class='ocr_line' id='line_1_17' title="bbox 505 1674 2083 1749; baseline -0.006 -11"><span class='ocrx_word' id='word_1_114' title='bbox 505 1691 633 1738; x_wconf 90' lang='lat' dir='ltr'><strong>runt</strong></span> <span class='ocrx_word' id='word_1_115' title='bbox 657 1696 742 1737; x_wconf 91' lang='lat' dir='ltr'><strong>me</strong></span> <span class='ocrx_word' id='word_1_116' title='bbox 759 1679 989 1735; x_wconf 77' lang='lat' dir='ltr'><strong>fustibus</strong></span> <span class='ocrx_word' id='word_1_117' title='bbox 1016 1688 1071 1733; x_wconf 91' lang='lat' dir='ltr'><strong>et</strong></span> <span class='ocrx_word' id='word_1_118' title='bbox 1095 1677 1302 1749; x_wconf 75' lang='lat' dir='ltr'><strong>gladiis,</strong></span> <span class='ocrx_word' id='word_1_119' title='bbox 1340 1676 1812 1732; x_wconf 90' lang='lat' dir='ltr'><strong>circumdederunt</strong></span> <span class='ocrx_word' id='word_1_120' title='bbox 1835 1674 1901 1730; x_wconf 90' lang='lat' dir='ltr'><strong>ad</strong></span> <span class='ocrx_word' id='word_1_121' title='bbox 1930 1688 2083 1744; x_wconf 87' lang='lat' dir='ltr'><strong>spec-</strong></span> 
     </span>
    </p>
   </div>
   <div class='ocr_carea' id='block_1_18' title="bbox 504 1765 2083 1835">
    <p class='ocr_par' dir='ltr' id='par_1_18' title="bbox 504 1765 2083 1835">
     <span class='ocr_line' id='line_1_18' title="bbox 504 1765 2083 1835; baseline -0.005 -8"><span class='ocrx_word' id='word_1_122' title='bbox 504 1772 736 1828; x_wconf 85' lang='lat' dir='ltr'><strong>taculum</strong></span> <span class='ocrx_word' id='word_1_123' title='bbox 766 1768 1168 1827; x_wconf 80' lang='lat' dir='ltr'><strong>cruciﬁxionis:</strong></span> <span class='ocrx_word' id='word_1_124' title='bbox 1219 1776 1274 1822; x_wconf 91' lang='lat' dir='ltr'><strong>et</strong></span> <span class='ocrx_word' id='word_1_125' title='bbox 1317 1767 1420 1822; x_wconf 91' lang='lat' dir='ltr'><strong>hoc</strong></span> <span class='ocrx_word' id='word_1_126' title='bbox 1471 1766 1615 1831; x_wconf 90' lang='lat' dir='ltr'><strong>ideo,</strong></span> <span class='ocrx_word' id='word_1_127' title='bbox 1674 1765 1802 1835; x_wconf 88' lang='lat' dir='ltr'><strong>quia</strong></span> <span class='ocrx_word' id='word_1_128' title='bbox 1850 1783 1868 1816; x_wconf 77' lang='grc' dir='ltr'><strong>ι</strong></span> <span class='ocrx_word' id='word_1_129' title='bbox 1904 1779 2083 1819; x_wconf 82' lang='grc' dir='ltr'>ειιεεε-</span> 
     </span>
    </p>
   </div>
   <div class='ocr_carea' id='block_1_19' title="bbox 504 1853 2080 1932">
    <p class='ocr_par' dir='ltr' id='par_1_19' title="bbox 504 1853 2080 1932">
     <span class='ocr_line' id='line_1_19' title="bbox 504 1853 2080 1932; baseline -0.007 -15"><span class='ocrx_word' id='word_1_130' title='bbox 504 1872 718 1932; x_wconf 78' lang='lat' dir='ltr'><strong>perunt,</strong></span> <span class='ocrx_word' id='word_1_131' title='bbox 748 1881 767 1913; x_wconf 74' lang='grc' dir='ltr'><strong>ι</strong></span> <span class='ocrx_word' id='word_1_132' title='bbox 806 1861 859 1915; x_wconf 87' lang='lat' dir='ltr'><strong>id</strong></span> <span class='ocrx_word' id='word_1_133' title='bbox 887 1867 968 1914; x_wconf 86' lang='lat' dir='ltr'><strong>est</strong></span> <span class='ocrx_word' id='word_1_134' title='bbox 990 1873 1113 1914; x_wconf 91' lang='lat' dir='ltr'><strong>cum</strong></span> <span class='ocrx_word' id='word_1_135' title='bbox 1143 1857 1338 1929; x_wconf 88' lang='lat' dir='ltr'><strong>gaudio</strong></span> <span class='ocrx_word' id='word_1_136' title='bbox 1369 1856 1524 1926; x_wconf 90' lang='lat' dir='ltr'><strong>quasi</strong></span> <span class='ocrx_word' id='word_1_137' title='bbox 1565 1870 1764 1910; x_wconf 90' lang='lat' dir='ltr'><strong>munus</strong></span> <span class='ocrx_word' id='word_1_138' title='bbox 1786 1853 2080 1909; x_wconf 82' lang='lat' dir='ltr'><strong>maximum</strong></span> 
     </span>
    </p>
   </div>
   <div class='ocr_carea' id='block_1_20' title="bbox 2191 668 3793 743">
    <p class='ocr_par' dir='ltr' id='par_1_20' title="bbox 2191 668 3793 743">
     <span class='ocr_line' id='line_1_20' title="bbox 2191 668 3793 743; baseline -0.004 -13"><span class='ocrx_word' id='word_1_139' title='bbox 2191 685 2523 731; x_wconf 88' lang='lat' dir='ltr'><strong>nocuerunt:</strong></span> <span class='ocrx_word' id='word_1_140' title='bbox 2552 673 2677 743; x_wconf 86' lang='lat' dir='ltr'><strong>quia</strong></span> <span class='ocrx_word' id='word_1_141' title='bbox 2710 686 2878 740; x_wconf 89' lang='lat' dir='ltr'><strong>usque</strong></span> <span class='ocrx_word' id='word_1_142' title='bbox 2902 672 2969 726; x_wconf 91' lang='lat' dir='ltr'><strong>ad</strong></span> <span class='ocrx_word' id='word_1_143' title='bbox 2997 669 3319 725; x_wconf 84' lang='lat' dir='ltr'><strong>hodiernum</strong></span> <span class='ocrx_word' id='word_1_144' title='bbox 3346 668 3490 724; x_wconf 86' lang='lat' dir='ltr'><strong>diem</strong></span> <span class='ocrx_word' id='word_1_145' title='bbox 3518 668 3793 724; x_wconf 60' lang='lat' dir='ltr'><strong>exciecati</strong></span> 
     </span>
    </p>
   </div>
   <div class='ocr_carea' id='block_1_21' title="bbox 2188 761 3792 829">
    <p class='ocr_par' dir='ltr' id='par_1_21' title="bbox 2188 761 3792 829">
     <span class='ocr_line' id='line_1_21' title="bbox 2188 761 3792 829; baseline -0.004 -7"><span class='ocrx_word' id='word_1_146' title='bbox 2188 776 2331 822; x_wconf 87' lang='lat' dir='ltr'><strong>sunt.</strong></span> <span class='ocrx_word' id='word_1_147' title='bbox 2370 766 2468 821; x_wconf 77' lang='lat' dir='ltr'><strong>Vel</strong></span> <span class='ocrx_word' id='word_1_148' title='bbox 2492 784 2510 816; x_wconf 78' lang='grc' dir='ltr'><strong>ι</strong></span> <span class='ocrx_word' id='word_1_149' title='bbox 2543 765 2767 821; x_wconf 86' lang='lat' dir='ltr'><strong>saturati</strong></span> <span class='ocrx_word' id='word_1_150' title='bbox 2795 773 2920 819; x_wconf 88' lang='lat' dir='ltr'><strong>sunt</strong></span> <span class='ocrx_word' id='word_1_151' title='bbox 2948 762 3091 829; x_wconf 89' lang='lat' dir='ltr'><strong>ﬁliis,</strong></span> <span class='ocrx_word' id='word_1_152' title='bbox 3123 782 3141 815; x_wconf 76' lang='grc' dir='ltr'><strong>ι</strong></span> <span class='ocrx_word' id='word_1_153' title='bbox 3171 762 3348 827; x_wconf 86' lang='lat' dir='ltr'><strong>idest,</strong></span> <span class='ocrx_word' id='word_1_154' title='bbox 3372 764 3439 818; x_wconf 86' lang='lat' dir='ltr'><strong>ad</strong></span> <span class='ocrx_word' id='word_1_155' title='bbox 3479 761 3792 816; x_wconf 86' lang='lat' dir='ltr'><strong>incommo-</strong></span> 
     </span>
    </p>
   </div>
   <div class='ocr_carea' id='block_1_22' title="bbox 2187 852 3790 925">
    <p class='ocr_par' dir='ltr' id='par_1_22' title="bbox 2187 852 3790 925">
     <span class='ocr_line' id='line_1_22' title="bbox 2187 852 3790 925; baseline -0.002 -14"><span class='ocrx_word' id='word_1_156' title='bbox 2187 857 2311 912; x_wconf 88' lang='lat' dir='ltr'><strong>dum</strong></span> <span class='ocrx_word' id='word_1_157' title='bbox 2340 856 2595 919; x_wconf 86' lang='lat' dir='ltr'><strong>ﬁliorum,</strong></span> <span class='ocrx_word' id='word_1_158' title='bbox 2620 854 2744 925; x_wconf 91' lang='lat' dir='ltr'><strong>quia</strong></span> <span class='ocrx_word' id='word_1_159' title='bbox 2774 872 2792 905; x_wconf 78' lang='grc' dir='ltr'><strong>ι</strong></span> <span class='ocrx_word' id='word_1_160' title='bbox 2823 854 3077 923; x_wconf 85' lang='lat' dir='ltr'><strong>reliquias</strong></span> <span class='ocrx_word' id='word_1_161' title='bbox 3097 868 3244 918; x_wconf 84' lang='lat' dir='ltr'><strong>suas,</strong></span> <span class='ocrx_word' id='word_1_162' title='bbox 3272 872 3290 905; x_wconf 78' lang='grc' dir='ltr'><strong>ι</strong></span> <span class='ocrx_word' id='word_1_163' title='bbox 3320 853 3374 907; x_wconf 89' lang='lat' dir='ltr'><strong>id</strong></span> <span class='ocrx_word' id='word_1_164' title='bbox 3396 859 3499 918; x_wconf 86' lang='lat' dir='ltr'><strong>est,</strong></span> <span class='ocrx_word' id='word_1_165' title='bbox 3521 866 3663 922; x_wconf 84' lang='lat' dir='ltr'><strong>quas</strong></span> <span class='ocrx_word' id='word_1_166' title='bbox 3686 852 3790 907; x_wconf 82' lang='lat' dir='ltr'><strong>de-</strong></span> 
     </span>
    </p>
   </div>
   <div class='ocr_carea' id='block_1_23' title="bbox 2187 943 3787 1013">
    <p class='ocr_par' dir='ltr' id='par_1_23' title="bbox 2187 943 3787 1013">
     <span class='ocr_line' id='line_1_23' title="bbox 2187 943 3787 1013; baseline -0.003 -14"><span class='ocrx_word' id='word_1_167' title='bbox 2187 945 2428 999; x_wconf 85' lang='lat' dir='ltr'><strong>buissent</strong></span> <span class='ocrx_word' id='word_1_168' title='bbox 2461 943 2639 998; x_wconf 79' lang='lat' dir='ltr'><strong>facere</strong></span> <span class='ocrx_word' id='word_1_169' title='bbox 2683 959 2841 1010; x_wconf 83' lang='lat' dir='ltr'><strong>suas,</strong></span> <span class='ocrx_word' id='word_1_170' title='bbox 2882 946 2950 998; x_wconf 83' lang='lat' dir='ltr'><strong>de</strong></span> <span class='ocrx_word' id='word_1_171' title='bbox 2992 944 3186 1013; x_wconf 89' lang='lat' dir='ltr'><strong>quibus</strong></span> <span class='ocrx_word' id='word_1_172' title='bbox 3208 944 3474 1013; x_wconf 90' lang='lat' dir='ltr'><strong>propheta</strong></span> <span class='ocrx_word' id='word_1_173' title='bbox 3515 943 3787 998; x_wconf 83' lang='lat' dir='ltr'><strong>dixerat:</strong></span> 
     </span>
    </p>
   </div>
   <div class='ocr_carea' id='block_1_24' title="bbox 2191 1031 3790 1104">
    <p class='ocr_par' dir='ltr' id='par_1_24' title="bbox 2191 1031 3790 1104">
     <span class='ocr_line' id='line_1_24' title="bbox 2191 1031 3790 1104; baseline 0.002 -20"><span class='ocrx_word' id='word_1_174' title='bbox 2191 1052 2209 1083; x_wconf 76' lang='grc' dir='ltr'><strong>ι</strong></span> <span class='ocrx_word' id='word_1_175' title='bbox 2242 1034 2497 1103; x_wconf 70' lang='lat' dir='ltr'><strong>Reliquis:</strong></span> <span class='ocrx_word' id='word_1_176' title='bbox 2525 1033 2685 1089; x_wconf 82' lang='lat' dir='ltr'><strong>salvae</strong></span> <span class='ocrx_word' id='word_1_177' title='bbox 2731 1033 2859 1097; x_wconf 86' lang='lat' dir='ltr'><strong>ﬁent</strong></span> <span class='ocrx_word' id='word_1_178' title='bbox 2883 1032 3016 1104; x_wconf 84' lang='lat' dir='ltr'><strong>(Isa.</strong></span> <span class='ocrx_word' id='word_1_179' title='bbox 3045 1049 3117 1099; x_wconf 85' lang='lat' dir='ltr'><strong>x;</strong></span> <span class='ocrx_word' id='word_1_180' title='bbox 3154 1031 3307 1087; x_wconf 83' lang='lat' dir='ltr'><strong>Rom.</strong></span> <span class='ocrx_word' id='word_1_181' title='bbox 3340 1033 3455 1104; x_wconf 85' lang='lat' dir='ltr'><strong>Ix):</strong></span> <span class='ocrx_word' id='word_1_182' title='bbox 3483 1048 3591 1087; x_wconf 91' lang='lat' dir='ltr'><strong>non</strong></span> <span class='ocrx_word' id='word_1_183' title='bbox 3631 1032 3790 1087; x_wconf 81' lang='lat' dir='ltr'><strong>fece-</strong></span> 
     </span>
    </p>
   </div>
   <div class='ocr_carea' id='block_1_25' title="bbox 2187 1123 3789 1194">
    <p class='ocr_par' dir='ltr' id='par_1_25' title="bbox 2187 1123 3789 1194">
     <span class='ocr_line' id='line_1_25' title="bbox 2187 1123 3789 1194; baseline 0.001 -18"><span class='ocrx_word' id='word_1_184' title='bbox 2187 1133 2312 1179; x_wconf 88' lang='lat' dir='ltr'><strong>runt</strong></span> <span class='ocrx_word' id='word_1_185' title='bbox 2336 1139 2394 1178; x_wconf 88' lang='lat' dir='ltr'><strong>se</strong></span> <span class='ocrx_word' id='word_1_186' title='bbox 2425 1125 2541 1178; x_wconf 85' lang='lat' dir='ltr'><strong>illas</strong></span> <span class='ocrx_word' id='word_1_187' title='bbox 2567 1124 2859 1194; x_wconf 84' lang='lat' dir='ltr'><strong>reliquias,</strong></span> <span class='ocrx_word' id='word_1_188' title='bbox 2905 1123 3111 1178; x_wconf 79' lang='lat' dir='ltr'><strong>scilicet</strong></span> <span class='ocrx_word' id='word_1_189' title='bbox 3156 1123 3384 1177; x_wconf 83' lang='lat' dir='ltr'><strong>humiles</strong></span> <span class='ocrx_word' id='word_1_190' title='bbox 3431 1133 3487 1177; x_wconf 89' lang='lat' dir='ltr'><strong>et</strong></span> <span class='ocrx_word' id='word_1_191' title='bbox 3508 1124 3789 1187; x_wconf 87' lang='lat' dir='ltr'><strong>subditos,</strong></span> 
     </span>
    </p>
   </div>
   <div class='ocr_carea' id='block_1_26' title="bbox 2182 1212 3785 1283">
    <p class='ocr_par' dir='ltr' id='par_1_26' title="bbox 2182 1212 3785 1283">
     <span class='ocr_line' id='line_1_26' title="bbox 2182 1212 3785 1283; baseline -0.001 -14"><span class='ocrx_word' id='word_1_192' title='bbox 2182 1215 2277 1269; x_wconf 87' lang='lat' dir='ltr'><strong>sed</strong></span> <span class='ocrx_word' id='word_1_193' title='bbox 2308 1234 2328 1264; x_wconf 73' lang='grc' dir='ltr'><strong>ι</strong></span> <span class='ocrx_word' id='word_1_194' title='bbox 2362 1214 2660 1268; x_wconf 85' lang='lat' dir='ltr'><strong>diviserunt</strong></span> <span class='ocrx_word' id='word_1_195' title='bbox 2688 1214 2928 1283; x_wconf 83' lang='lat' dir='ltr'><strong>parvulis</strong></span> <span class='ocrx_word' id='word_1_196' title='bbox 2954 1214 3066 1268; x_wconf 87' lang='lat' dir='ltr'><strong>suis</strong></span> <span class='ocrx_word' id='word_1_197' title='bbox 3102 1233 3120 1264; x_wconf 75' lang='grc' dir='ltr'><strong>ι</strong></span> <span class='ocrx_word' id='word_1_198' title='bbox 3151 1214 3240 1282; x_wconf 87' lang='lat' dir='ltr'><strong>qui</strong></span> <span class='ocrx_word' id='word_1_199' title='bbox 3270 1228 3366 1283; x_wconf 90' lang='lat' dir='ltr'><strong>per</strong></span> <span class='ocrx_word' id='word_1_200' title='bbox 3408 1212 3785 1267; x_wconf 83' lang='lat' dir='ltr'><strong>humilitatem</strong></span> 
     </span>
    </p>
   </div>
   <div class='ocr_carea' id='block_1_27' title="bbox 2184 1300 3787 1375">
    <p class='ocr_par' dir='ltr' id='par_1_27' title="bbox 2184 1300 3787 1375">
     <span class='ocr_line' id='line_1_27' title="bbox 2184 1300 3787 1375; baseline -0.002 -14"><span class='ocrx_word' id='word_1_201' title='bbox 2184 1313 2237 1361; x_wconf 89' lang='lat' dir='ltr'><strong>et</strong></span> <span class='ocrx_word' id='word_1_202' title='bbox 2264 1306 2619 1375; x_wconf 82' lang='lat' dir='ltr'><strong>abjectionem</strong></span> <span class='ocrx_word' id='word_1_203' title='bbox 2647 1313 2773 1359; x_wconf 91' lang='lat' dir='ltr'><strong>sunt</strong></span> <span class='ocrx_word' id='word_1_204' title='bbox 2794 1303 2915 1358; x_wconf 79' lang='lat' dir='ltr'><strong>facti</strong></span> <span class='ocrx_word' id='word_1_205' title='bbox 2942 1303 3045 1359; x_wconf 75' lang='lat' dir='ltr'><strong>illae</strong></span> <span class='ocrx_word' id='word_1_206' title='bbox 3069 1304 3326 1373; x_wconf 65' lang='lat' dir='ltr'><strong>reliquiae.</strong></span> <span class='ocrx_word' id='word_1_207' title='bbox 3349 1302 3469 1357; x_wconf 83' lang='lat' dir='ltr'><strong>Alia</strong></span> <span class='ocrx_word' id='word_1_208' title='bbox 3492 1300 3787 1357; x_wconf 81' lang='lat' dir='ltr'><strong>translatio</strong></span> 
     </span>
    </p>
   </div>
   <div class='ocr_carea' id='block_1_28' title="bbox 2183 1392 3787 1464">
    <p class='ocr_par' dir='ltr' id='par_1_28' title="bbox 2183 1392 3787 1464">
     <span class='ocr_line' id='line_1_28' title="bbox 2183 1392 3787 1464; baseline -0.002 -14"><span class='ocrx_word' id='word_1_209' title='bbox 2183 1395 2343 1451; x_wconf 84' lang='lat' dir='ltr'><strong>habet</strong></span> <span class='ocrx_word' id='word_1_210' title='bbox 2371 1395 2612 1464; x_wconf 82' lang='lat' dir='ltr'><strong>porcina,</strong></span> <span class='ocrx_word' id='word_1_211' title='bbox 2646 1394 2699 1451; x_wconf 90' lang='lat' dir='ltr'><strong>id</strong></span> <span class='ocrx_word' id='word_1_212' title='bbox 2726 1402 2830 1459; x_wconf 88' lang='lat' dir='ltr'><strong>est,</strong></span> <span class='ocrx_word' id='word_1_213' title='bbox 2854 1392 3208 1448; x_wconf 89' lang='lat' dir='ltr'><strong>immunditia.</strong></span> <span class='ocrx_word' id='word_1_214' title='bbox 3240 1392 3375 1459; x_wconf 84' lang='lat' dir='ltr'><strong>Quia</strong></span> <span class='ocrx_word' id='word_1_215' title='bbox 3405 1392 3658 1447; x_wconf 85' lang='lat' dir='ltr'><strong>Christus</strong></span> <span class='ocrx_word' id='word_1_216' title='bbox 3680 1406 3787 1462; x_wconf 80' lang='lat' dir='ltr'><strong>per</strong></span> 
     </span>
    </p>
   </div>
   <div class='ocr_carea' id='block_1_29' title="bbox 2184 1484 3786 1557">
    <p class='ocr_par' dir='ltr' id='par_1_29' title="bbox 2184 1484 3786 1557">
     <span class='ocr_line' id='line_1_29' title="bbox 2184 1484 3786 1557; baseline -0.002 -14"><span class='ocrx_word' id='word_1_217' title='bbox 2184 1497 2353 1543; x_wconf 89' lang='lat' dir='ltr'><strong>totum</strong></span> <span class='ocrx_word' id='word_1_218' title='bbox 2398 1486 2664 1557; x_wconf 89' lang='lat' dir='ltr'><strong>psalmum</strong></span> <span class='ocrx_word' id='word_1_219' title='bbox 2714 1501 2864 1540; x_wconf 87' lang='lat' dir='ltr'><strong>suam</strong></span> <span class='ocrx_word' id='word_1_220' title='bbox 2916 1484 3285 1539; x_wconf 87' lang='lat' dir='ltr'><strong>inﬁrmitatem</strong></span> <span class='ocrx_word' id='word_1_221' title='bbox 3326 1484 3678 1549; x_wconf 82' lang='lat' dir='ltr'><strong>ostenderat,</strong></span> <span class='ocrx_word' id='word_1_222' title='bbox 3708 1499 3786 1540; x_wconf 80' lang='lat' dir='ltr'><strong>ne</strong></span> 
     </span>
    </p>
   </div>
   <div class='ocr_carea' id='block_1_30' title="bbox 2183 1574 3784 1647">
    <p class='ocr_par' dir='ltr' id='par_1_30' title="bbox 2183 1574 3784 1647">
     <span class='ocr_line' id='line_1_30' title="bbox 2183 1574 3784 1647; baseline -0.002 -14"><span class='ocrx_word' id='word_1_223' title='bbox 2183 1578 2303 1633; x_wconf 88' lang='lat' dir='ltr'><strong>ideo</strong></span> <span class='ocrx_word' id='word_1_224' title='bbox 2361 1592 2528 1647; x_wconf 90' lang='lat' dir='ltr'><strong>purus</strong></span> <span class='ocrx_word' id='word_1_225' title='bbox 2578 1577 2740 1632; x_wconf 86' lang='lat' dir='ltr'><strong>homo</strong></span> <span class='ocrx_word' id='word_1_226' title='bbox 2794 1576 3091 1641; x_wconf 81' lang='lat' dir='ltr'><strong>videretur,</strong></span> <span class='ocrx_word' id='word_1_227' title='bbox 3129 1574 3466 1630; x_wconf 86' lang='lat' dir='ltr'><strong>altitudinem</strong></span> <span class='ocrx_word' id='word_1_228' title='bbox 3513 1574 3784 1630; x_wconf 78' lang='lat' dir='ltr'><strong>ostendit.</strong></span> 
     </span>
    </p>
   </div>
   <div class='ocr_carea' id='block_1_31' title="bbox 2184 1671 2563 1728">
    <p class='ocr_par' dir='ltr' id='par_1_31' title="bbox 2184 1671 2563 1728">
     <span class='ocr_line' id='line_1_31' title="bbox 2184 1671 2563 1728; baseline -0.005 -1"><span class='ocrx_word' id='word_1_229' title='bbox 2184 1671 2563 1728; x_wconf 87' lang='lat' dir='ltr'><strong>Continuatio:</strong></span> 
     </span>
    </p>
   </div>
   <div class='ocr_carea' id='block_1_32' title="bbox 2250 1760 3779 1834">
    <p class='ocr_par' dir='ltr' id='par_1_32' title="bbox 2250 1760 3779 1834">
     <span class='ocr_line' id='line_1_32' title="bbox 2250 1760 3779 1834; baseline -0.003 -18"><span class='ocrx_word' id='word_1_230' title='bbox 2250 1762 2331 1817; x_wconf 86' lang='lat' dir='ltr'><strong>Tu</strong></span> <span class='ocrx_word' id='word_1_231' title='bbox 2356 1761 2564 1817; x_wconf 82' lang='lat' dir='ltr'><strong>divides</strong></span> <span class='ocrx_word' id='word_1_232' title='bbox 2590 1777 2684 1818; x_wconf 87' lang='lat' dir='ltr'><strong>eos</strong></span> <span class='ocrx_word' id='word_1_233' title='bbox 2710 1779 2729 1815; x_wconf 79' lang='grc' dir='ltr'><strong>ι</strong></span> <span class='ocrx_word' id='word_1_234' title='bbox 2758 1775 2857 1834; x_wconf 92' lang='lat' dir='ltr'><strong>ego</strong></span> <span class='ocrx_word' id='word_1_235' title='bbox 2880 1769 3060 1818; x_wconf 85' lang='lat' dir='ltr'><strong>autem</strong></span> <span class='ocrx_word' id='word_1_236' title='bbox 3082 1761 3356 1832; x_wconf 84' lang='lat' dir='ltr'><strong>apparebo</strong></span> <span class='ocrx_word' id='word_1_237' title='bbox 3377 1760 3717 1830; x_wconf 84' lang='lat' dir='ltr'><strong>conspectui,</strong></span> <span class='ocrx_word' id='word_1_238' title='bbox 3754 1775 3779 1812; x_wconf 72' lang='grc' dir='ltr'><strong>ι</strong></span> 
     </span>
    </p>
   </div>
   <div class='ocr_carea' id='block_1_33' title="bbox 2182 1850 3781 1922">
    <p class='ocr_par' dir='ltr' id='par_1_33' title="bbox 2182 1850 3781 1922">
     <span class='ocr_line' id='line_1_33' title="bbox 2182 1850 3781 1922; baseline -0.003 -13"><span class='ocrx_word' id='word_1_239' title='bbox 2182 1853 2237 1909; x_wconf 88' lang='lat' dir='ltr'><strong>id</strong></span> <span class='ocrx_word' id='word_1_240' title='bbox 2262 1860 2369 1918; x_wconf 90' lang='lat' dir='ltr'><strong>est,</strong></span> <span class='ocrx_word' id='word_1_241' title='bbox 2401 1854 2700 1922; x_wconf 74' lang='lat' dir='ltr'><strong>przesentize</strong></span> <span class='ocrx_word' id='word_1_242' title='bbox 2731 1863 2879 1920; x_wconf 66' lang='lat' dir='ltr'><strong>tute;</strong></span> <span class='ocrx_word' id='word_1_243' title='bbox 2927 1860 2984 1908; x_wconf 87' lang='lat' dir='ltr'><strong>et</strong></span> <span class='ocrx_word' id='word_1_244' title='bbox 3031 1854 3134 1909; x_wconf 92' lang='lat' dir='ltr'><strong>hoc</strong></span> <span class='ocrx_word' id='word_1_245' title='bbox 3186 1852 3515 1922; x_wconf 90' lang='lat' dir='ltr'><strong>completum</strong></span> <span class='ocrx_word' id='word_1_246' title='bbox 3571 1850 3675 1906; x_wconf 79' lang='lat' dir='ltr'><strong>fuit</strong></span> <span class='ocrx_word' id='word_1_247' title='bbox 3723 1851 3781 1905; x_wconf 84' lang='lat' dir='ltr'><strong>in</strong></span> 
     </span>
    </p>
   </div>
   <div class='ocr_carea' id='block_1_34' title="bbox 500 1934 3779 2025">
    <p class='ocr_par' dir='ltr' id='par_1_34' title="bbox 500 1934 3779 2025">
     <span class='ocr_line' id='line_1_34' title="bbox 500 1934 3779 2025; baseline -0.004 -15"><span class='ocrx_word' id='word_1_248' title='bbox 500 1960 821 2025; x_wconf 87' lang='lat' dir='ltr'><strong>receperunt</strong></span> <span class='ocrx_word' id='word_1_249' title='bbox 857 1966 888 2005; x_wconf 87' lang='lat' dir='ltr'><strong>a</strong></span> <span class='ocrx_word' id='word_1_250' title='bbox 908 1951 1104 2015; x_wconf 90' lang='lat' dir='ltr'><strong>Pilato,</strong></span> <span class='ocrx_word' id='word_1_251' title='bbox 1126 1949 1211 2004; x_wconf 89' lang='lat' dir='ltr'><strong>vel</strong></span> <span class='ocrx_word' id='word_1_252' title='bbox 1242 1964 1273 2003; x_wconf 92' lang='lat' dir='ltr'><strong>a</strong></span> <span class='ocrx_word' id='word_1_253' title='bbox 1303 1947 1438 2002; x_wconf 83' lang='lat' dir='ltr'><strong>Juda</strong></span> <span class='ocrx_word' id='word_1_254' title='bbox 1474 1946 1741 2011; x_wconf 85' lang='lat' dir='ltr'><strong>tradente,</strong></span> <span class='ocrx_word' id='word_1_255' title='bbox 1770 1942 1855 1999; x_wconf 84' lang='lat' dir='ltr'><strong>vel</strong></span> <span class='ocrx_word' id='word_1_256' title='bbox 1897 1938 1933 1998; x_wconf 86' lang='lat' dir='ltr'><strong>a&#39;</strong></span> <span class='ocrx_word' id='word_1_257' title='bbox 1977 1943 2088 1999; x_wconf 90' lang='lat' dir='ltr'><strong>Deo</strong></span> <span class='ocrx_word' id='word_1_258' title='bbox 2119 1934 2577 2016; x_wconf 77' lang='lat' dir='ltr'><strong>Bassumptione.</strong></span> <span class='ocrx_word' id='word_1_259' title='bbox 2606 1965 2624 1997; x_wconf 76' lang='grc' dir='ltr'><strong>ι</strong></span> <span class='ocrx_word' id='word_1_260' title='bbox 2652 1945 2936 2017; x_wconf 82' lang='lat' dir='ltr'><strong>Apparebo</strong></span> <span class='ocrx_word' id='word_1_261' title='bbox 2960 1965 2977 1997; x_wconf 77' lang='grc' dir='ltr'><strong>ι</strong></span> <span class='ocrx_word' id='word_1_262' title='bbox 3003 1944 3126 2000; x_wconf 84' lang='lat' dir='ltr'><strong>dico</strong></span> <span class='ocrx_word' id='word_1_263' title='bbox 3158 1962 3176 1996; x_wconf 74' lang='grc' dir='ltr'><strong>ι</strong></span> <span class='ocrx_word' id='word_1_264' title='bbox 3201 1944 3253 1999; x_wconf 90' lang='lat' dir='ltr'><strong>in</strong></span> <span class='ocrx_word' id='word_1_265' title='bbox 3267 1942 3501 2012; x_wconf 84' lang='lat' dir='ltr'><strong>justitia,</strong></span> <span class='ocrx_word' id='word_1_266' title='bbox 3536 1962 3557 1997; x_wconf 70' lang='grc' dir='ltr'><strong>ι</strong></span> <span class='ocrx_word' id='word_1_267' title='bbox 3585 1942 3642 1997; x_wconf 91' lang='lat' dir='ltr'><strong>id</strong></span> <span class='ocrx_word' id='word_1_268' title='bbox 3672 1950 3779 2006; x_wconf 88' lang='lat' dir='ltr'><strong>est,</strong></span> 
     </span>
    </p>
   </div>
   <div class='ocr_carea' id='block_1_35' title="bbox 501 2035 2082 2115">
    <p class='ocr_par' dir='ltr' id='par_1_35' title="bbox 501 2035 2082 2115">
     <span class='ocr_line' id='line_1_35' title="bbox 501 2035 2082 2115; baseline -0.009 -15"><span class='ocrx_word' id='word_1_269' title='bbox 501 2044 850 2115; x_wconf 83' lang='lat' dir='ltr'><strong>promittente</strong></span> <span class='ocrx_word' id='word_1_270' title='bbox 894 2059 911 2091; x_wconf 81' lang='grc' dir='ltr'><strong>ι</strong></span> <span class='ocrx_word' id='word_1_271' title='bbox 972 2053 1059 2094; x_wconf 89' lang='lat' dir='ltr'><strong>me</strong></span> <span class='ocrx_word' id='word_1_272' title='bbox 1112 2059 1130 2090; x_wconf 72' lang='grc' dir='ltr'><strong>ι</strong></span> <span class='ocrx_word' id='word_1_273' title='bbox 1184 2040 1255 2093; x_wconf 89' lang='lat' dir='ltr'><strong>ita</strong></span> <span class='ocrx_word' id='word_1_274' title='bbox 1301 2037 1477 2109; x_wconf 87' lang='lat' dir='ltr'><strong>parati</strong></span> <span class='ocrx_word' id='word_1_275' title='bbox 1519 2035 1586 2090; x_wconf 89' lang='lat' dir='ltr'><strong>ad</strong></span> <span class='ocrx_word' id='word_1_276' title='bbox 1635 2041 1861 2089; x_wconf 88' lang='lat' dir='ltr'><strong>mortem</strong></span> <span class='ocrx_word' id='word_1_277' title='bbox 1905 2048 2082 2089; x_wconf 87' lang='lat' dir='ltr'><strong>meam</strong></span> 
     </span>
    </p>
   </div>
   <div class='ocr_carea' id='block_1_36' title="bbox 505 2124 2078 2196">
    <p class='ocr_par' dir='ltr' id='par_1_36' title="bbox 505 2124 2078 2196">
     <span class='ocr_line' id='line_1_36' title="bbox 505 2124 2078 2196; baseline -0.006 -12"><span class='ocrx_word' id='word_1_278' title='bbox 505 2155 524 2184; x_wconf 72' lang='grc' dir='ltr'><strong>ι</strong></span> <span class='ocrx_word' id='word_1_279' title='bbox 557 2135 696 2188; x_wconf 87' lang='lat' dir='ltr'><strong>sicut</strong></span> <span class='ocrx_word' id='word_1_280' title='bbox 725 2132 808 2186; x_wconf 91' lang='lat' dir='ltr'><strong>leo</strong></span> <span class='ocrx_word' id='word_1_281' title='bbox 854 2139 909 2185; x_wconf 90' lang='lat' dir='ltr'><strong>et</strong></span> <span class='ocrx_word' id='word_1_282' title='bbox 936 2129 1148 2184; x_wconf 87' lang='lat' dir='ltr'><strong>catulus</strong></span> <span class='ocrx_word' id='word_1_283' title='bbox 1203 2128 1373 2182; x_wconf 87' lang='lat' dir='ltr'><strong>leonis</strong></span> <span class='ocrx_word' id='word_1_284' title='bbox 1426 2133 1648 2196; x_wconf 85' lang='lat' dir='ltr'><strong>paratus</strong></span> <span class='ocrx_word' id='word_1_285' title='bbox 1676 2124 1743 2178; x_wconf 91' lang='lat' dir='ltr'><strong>ad</strong></span> <span class='ocrx_word' id='word_1_286' title='bbox 1770 2124 2025 2193; x_wconf 63' lang='lat' dir='ltr'><strong>priedam.</strong></span> <span class='ocrx_word' id='word_1_287' title='bbox 2059 2142 2078 2175; x_wconf 76' lang='grc' dir='ltr'><strong>ι</strong></span> 
     </span>
    </p>
   </div>
   <div class='ocr_carea' id='block_1_37' title="bbox 498 2214 2081 2288">
    <p class='ocr_par' dir='ltr' id='par_1_37' title="bbox 498 2214 2081 2288">
     <span class='ocr_line' id='line_1_37' title="bbox 498 2214 2081 2288; baseline -0.007 -8"><span class='ocrx_word' id='word_1_288' title='bbox 498 2227 606 2281; x_wconf 85' lang='lat' dir='ltr'><strong>Per</strong></span> <span class='ocrx_word' id='word_1_289' title='bbox 628 2225 812 2279; x_wconf 87' lang='lat' dir='ltr'><strong>leones</strong></span> <span class='ocrx_word' id='word_1_290' title='bbox 841 2222 959 2281; x_wconf 89' lang='lat' dir='ltr'><strong>illos</strong></span> <span class='ocrx_word' id='word_1_291' title='bbox 987 2219 1216 2288; x_wconf 85' lang='lat' dir='ltr'><strong>majores</strong></span> <span class='ocrx_word' id='word_1_292' title='bbox 1236 2224 1609 2288; x_wconf 89' lang='lat' dir='ltr'><strong>persecutores</strong></span> <span class='ocrx_word' id='word_1_293' title='bbox 1665 2214 1875 2271; x_wconf 89' lang='lat' dir='ltr'><strong>Domini</strong></span> <span class='ocrx_word' id='word_1_294' title='bbox 1917 2214 2081 2270; x_wconf 89' lang='lat' dir='ltr'><strong>debe-</strong></span> 
     </span>
    </p>
   </div>
   <div class='ocr_carea' id='block_1_38' title="bbox 498 2305 2079 2384">
    <p class='ocr_par' dir='ltr' id='par_1_38' title="bbox 498 2305 2079 2384">
     <span class='ocr_line' id='line_1_38' title="bbox 498 2305 2079 2384; baseline -0.009 -13"><span class='ocrx_word' id='word_1_295' title='bbox 498 2332 620 2371; x_wconf 89' lang='lat' dir='ltr'><strong>mus</strong></span> <span class='ocrx_word' id='word_1_296' title='bbox 647 2315 920 2384; x_wconf 88' lang='lat' dir='ltr'><strong>accipere:</strong></span> <span class='ocrx_word' id='word_1_297' title='bbox 947 2327 1044 2382; x_wconf 91' lang='lat' dir='ltr'><strong>per</strong></span> <span class='ocrx_word' id='word_1_298' title='bbox 1058 2309 1266 2366; x_wconf 85' lang='lat' dir='ltr'><strong>catulos</strong></span> <span class='ocrx_word' id='word_1_299' title='bbox 1291 2306 1592 2371; x_wconf 85' lang='lat' dir='ltr'><strong>inferiores,</strong></span> <span class='ocrx_word' id='word_1_300' title='bbox 1621 2305 1830 2375; x_wconf 84' lang='lat' dir='ltr'><strong>plebem</strong></span> <span class='ocrx_word' id='word_1_301' title='bbox 1854 2305 2079 2361; x_wconf 88' lang='lat' dir='ltr'><strong>scilicet.</strong></span> 
     </span>
    </p>
   </div>
   <div class='ocr_carea' id='block_1_39' title="bbox 496 2394 2081 2472">
    <p class='ocr_par' dir='ltr' id='par_1_39' title="bbox 496 2394 2081 2472">
     <span class='ocr_line' id='line_1_39' title="bbox 496 2394 2081 2472; baseline -0.007 -13"><span class='ocrx_word' id='word_1_302' title='bbox 496 2404 651 2472; x_wconf 80' lang='lat' dir='ltr'><strong>Quod</strong></span> <span class='ocrx_word' id='word_1_303' title='bbox 685 2403 817 2458; x_wconf 86' lang='lat' dir='ltr'><strong>dicit</strong></span> <span class='ocrx_word' id='word_1_304' title='bbox 845 2420 859 2452; x_wconf 79' lang='lat' dir='ltr'><strong>t</strong></span> <span class='ocrx_word' id='word_1_305' title='bbox 893 2401 1142 2456; x_wconf 84' lang='lat' dir='ltr'><strong>habitans</strong></span> <span class='ocrx_word' id='word_1_306' title='bbox 1164 2399 1215 2453; x_wconf 91' lang='lat' dir='ltr'><strong>in</strong></span> <span class='ocrx_word' id='word_1_307' title='bbox 1252 2397 1449 2452; x_wconf 88' lang='lat' dir='ltr'><strong>abditis</strong></span> <span class='ocrx_word' id='word_1_308' title='bbox 1478 2416 1496 2450; x_wconf 76' lang='grc' dir='ltr'><strong>ι</strong></span> <span class='ocrx_word' id='word_1_309' title='bbox 1527 2395 1795 2451; x_wconf 88' lang='lat' dir='ltr'><strong>occultum</strong></span> <span class='ocrx_word' id='word_1_310' title='bbox 1820 2394 2081 2465; x_wconf 86' lang='lat' dir='ltr'><strong>judicium</strong></span> 
     </span>
    </p>
   </div>
   <div class='ocr_carea' id='block_1_40' title="bbox 493 2486 2082 2557">
    <p class='ocr_par' dir='ltr' id='par_1_40' title="bbox 493 2486 2082 2557">
     <span class='ocr_line' id='line_1_40' title="bbox 493 2486 2082 2557; baseline -0.008 -6"><span class='ocrx_word' id='word_1_311' title='bbox 493 2496 803 2551; x_wconf 73' lang='lat' dir='ltr'><strong>Judzcorum</strong></span> <span class='ocrx_word' id='word_1_312' title='bbox 833 2499 1016 2557; x_wconf 89' lang='lat' dir='ltr'><strong>notat,</strong></span> <span class='ocrx_word' id='word_1_313' title='bbox 1044 2489 1257 2546; x_wconf 89' lang='lat' dir='ltr'><strong>occulte</strong></span> <span class='ocrx_word' id='word_1_314' title='bbox 1278 2496 1507 2543; x_wconf 88' lang='lat' dir='ltr'><strong>mortem</strong></span> <span class='ocrx_word' id='word_1_315' title='bbox 1531 2486 1741 2542; x_wconf 88' lang='lat' dir='ltr'><strong>Domini</strong></span> <span class='ocrx_word' id='word_1_316' title='bbox 1765 2486 2082 2541; x_wconf 80' lang='lat' dir='ltr'><strong>machinan-</strong></span> 
     </span>
    </p>
   </div>
   <div class='ocr_carea' id='block_1_41' title="bbox 496 2574 2082 2654">
    <p class='ocr_par' dir='ltr' id='par_1_41' title="bbox 496 2574 2082 2654">
     <span class='ocr_line' id='line_1_41' title="bbox 496 2574 2082 2654; baseline -0.006 -13"><span class='ocrx_word' id='word_1_317' title='bbox 496 2589 651 2642; x_wconf 89' lang='lat' dir='ltr'><strong>tium.</strong></span> <span class='ocrx_word' id='word_1_318' title='bbox 682 2586 779 2642; x_wconf 89' lang='lat' dir='ltr'><strong>llic</strong></span> <span class='ocrx_word' id='word_1_319' title='bbox 810 2574 1006 2654; x_wconf 87' lang='lat' dir='ltr'><strong>incipit</strong></span> <span class='ocrx_word' id='word_1_320' title='bbox 1032 2584 1099 2639; x_wconf 89' lang='lat' dir='ltr'><strong>de</strong></span> <span class='ocrx_word' id='word_1_321' title='bbox 1128 2581 1560 2637; x_wconf 84' lang='lat' dir='ltr'><strong>remuneratione</strong></span> <span class='ocrx_word' id='word_1_322' title='bbox 1593 2587 1649 2634; x_wconf 88' lang='lat' dir='ltr'><strong>et</strong></span> <span class='ocrx_word' id='word_1_323' title='bbox 1677 2593 1775 2634; x_wconf 89' lang='lat' dir='ltr'><strong>sua</strong></span> <span class='ocrx_word' id='word_1_324' title='bbox 1819 2579 1875 2634; x_wconf 88' lang='lat' dir='ltr'><strong>in</strong></span> <span class='ocrx_word' id='word_1_325' title='bbox 1918 2579 2082 2642; x_wconf 89' lang='lat' dir='ltr'><strong>bono,</strong></span> 
     </span>
    </p>
   </div>
   <div class='ocr_carea' id='block_1_42' title="bbox 494 2669 1863 2748">
    <p class='ocr_par' dir='ltr' id='par_1_42' title="bbox 494 2669 1863 2748">
     <span class='ocr_line' id='line_1_42' title="bbox 494 2669 1863 2748; baseline -0.008 -14"><span class='ocrx_word' id='word_1_326' title='bbox 494 2688 552 2733; x_wconf 89' lang='lat' dir='ltr'><strong>et</strong></span> <span class='ocrx_word' id='word_1_327' title='bbox 579 2685 986 2748; x_wconf 84' lang='lat' dir='ltr'><strong>persecutorum</strong></span> <span class='ocrx_word' id='word_1_328' title='bbox 1012 2676 1063 2728; x_wconf 90' lang='lat' dir='ltr'><strong>in</strong></span> <span class='ocrx_word' id='word_1_329' title='bbox 1090 2672 1233 2729; x_wconf 90' lang='lat' dir='ltr'><strong>malo</strong></span> <span class='ocrx_word' id='word_1_330' title='bbox 1270 2686 1447 2727; x_wconf 88' lang='lat' dir='ltr'><strong>orare.</strong></span> <span class='ocrx_word' id='word_1_331' title='bbox 1483 2669 1863 2727; x_wconf 87' lang='lat' dir='ltr'><strong>Continuatio:</strong></span> 
     </span>
    </p>
   </div>
   <div class='ocr_carea' id='block_1_43' title="bbox 568 2760 2081 2840">
    <p class='ocr_par' dir='ltr' id='par_1_43' title="bbox 568 2760 2081 2840">
     <span class='ocr_line' id='line_1_43' title="bbox 568 2760 2081 2840; baseline -0.006 -17"><span class='ocrx_word' id='word_1_332' title='bbox 568 2769 674 2840; x_wconf 90' lang='lat' dir='ltr'><strong>lpsi</strong></span> <span class='ocrx_word' id='word_1_333' title='bbox 702 2769 816 2822; x_wconf 69' lang='lat' dir='ltr'><strong>haec</strong></span> <span class='ocrx_word' id='word_1_334' title='bbox 847 2765 986 2820; x_wconf 91' lang='lat' dir='ltr'><strong>mala</strong></span> <span class='ocrx_word' id='word_1_335' title='bbox 1014 2763 1147 2820; x_wconf 91' lang='lat' dir='ltr'><strong>mihi</strong></span> <span class='ocrx_word' id='word_1_336' title='bbox 1191 2762 1586 2826; x_wconf 87' lang='lat' dir='ltr'><strong>machinantur,</strong></span> <span class='ocrx_word' id='word_1_337' title='bbox 1621 2761 1715 2816; x_wconf 89' lang='lat' dir='ltr'><strong>sed</strong></span> <span class='ocrx_word' id='word_1_338' title='bbox 1744 2771 1800 2815; x_wconf 90' lang='lat' dir='ltr'><strong>tu</strong></span> <span class='ocrx_word' id='word_1_339' title='bbox 1849 2761 1943 2833; x_wconf 90' lang='lat' dir='ltr'><strong>qui</strong></span> <span class='ocrx_word' id='word_1_340' title='bbox 1980 2760 2081 2815; x_wconf 87' lang='lat' dir='ltr'><strong>bu-</strong></span> 
     </span>
    </p>
   </div>
   <div class='ocr_carea' id='block_1_44' title="bbox 496 2853 2083 2930">
    <p class='ocr_par' dir='ltr' id='par_1_44' title="bbox 496 2853 2083 2930">
     <span class='ocr_line' id='line_1_44' title="bbox 496 2853 2083 2930; baseline -0.005 -13"><span class='ocrx_word' id='word_1_341' title='bbox 496 2874 701 2930; x_wconf 87' lang='lat' dir='ltr'><strong>cusque</strong></span> <span class='ocrx_word' id='word_1_342' title='bbox 722 2859 921 2915; x_wconf 88' lang='lat' dir='ltr'><strong>videris</strong></span> <span class='ocrx_word' id='word_1_343' title='bbox 939 2858 1205 2913; x_wconf 90' lang='lat' dir='ltr'><strong>dormisse</strong></span> <span class='ocrx_word' id='word_1_344' title='bbox 1234 2876 1252 2909; x_wconf 80' lang='grc' dir='ltr'><strong>ι</strong></span> <span class='ocrx_word' id='word_1_345' title='bbox 1278 2870 1529 2928; x_wconf 77' lang='lat' dir='ltr'><strong>exsurge,</strong></span> <span class='ocrx_word' id='word_1_346' title='bbox 1550 2853 1785 2926; x_wconf 59' lang='lat' dir='ltr'><strong>praeveni</strong></span> <span class='ocrx_word' id='word_1_347' title='bbox 1811 2868 1956 2917; x_wconf 92' lang='lat' dir='ltr'><strong>eum,</strong></span> <span class='ocrx_word' id='word_1_348' title='bbox 1985 2874 2003 2906; x_wconf 77' lang='grc' dir='ltr'><strong>ι</strong></span> <span class='ocrx_word' id='word_1_349' title='bbox 2030 2853 2083 2909; x_wconf 91' lang='lat' dir='ltr'><strong>id</strong></span> 
     </span>
    </p>
   </div>
   <div class='ocr_carea' id='block_1_45' title="bbox 492 2943 2084 3019">
    <p class='ocr_par' dir='ltr' id='par_1_45' title="bbox 492 2943 2084 3019">
     <span class='ocr_line' id='line_1_45' title="bbox 492 2943 2084 3019; baseline -0.006 -12"><span class='ocrx_word' id='word_1_350' title='bbox 492 2959 596 3017; x_wconf 87' lang='lat' dir='ltr'><strong>est,</strong></span> <span class='ocrx_word' id='word_1_351' title='bbox 618 2949 895 3005; x_wconf 70' lang='lat' dir='ltr'><strong>Iudaicum</strong></span> <span class='ocrx_word' id='word_1_352' title='bbox 912 2948 1187 3019; x_wconf 86' lang='lat' dir='ltr'><strong>populum.</strong></span> <span class='ocrx_word' id='word_1_353' title='bbox 1219 2967 1236 2999; x_wconf 74' lang='grc' dir='ltr'><strong>ι</strong></span> <span class='ocrx_word' id='word_1_354' title='bbox 1273 2946 1516 3002; x_wconf 69' lang='grc' dir='ltr'>Ρηεγειιί</span> <span class='ocrx_word' id='word_1_355' title='bbox 1550 2965 1569 2997; x_wconf 74' lang='grc' dir='ltr'><strong>ι</strong></span> <span class='ocrx_word' id='word_1_356' title='bbox 1592 2961 1688 3016; x_wconf 90' lang='lat' dir='ltr'><strong>per</strong></span> <span class='ocrx_word' id='word_1_357' title='bbox 1716 2944 1890 3000; x_wconf 89' lang='lat' dir='ltr'><strong>simile</strong></span> <span class='ocrx_word' id='word_1_358' title='bbox 1911 2943 2084 3014; x_wconf 88' lang='lat' dir='ltr'><strong>loqui-</strong></span> 
     </span>
    </p>
   </div>
   <div class='ocr_carea' id='block_1_46' title="bbox 495 3035 2083 3105">
    <p class='ocr_par' dir='ltr' id='par_1_46' title="bbox 495 3035 2083 3105">
     <span class='ocr_line' id='line_1_46' title="bbox 495 3035 2083 3105; baseline -0.003 -9"><span class='ocrx_word' id='word_1_359' title='bbox 495 3052 584 3096; x_wconf 90' lang='lat' dir='ltr'><strong>tur</strong></span> <span class='ocrx_word' id='word_1_360' title='bbox 616 3058 630 3092; x_wconf 88' lang='lat'><strong>:</strong></span> <span class='ocrx_word' id='word_1_361' title='bbox 658 3038 798 3094; x_wconf 89' lang='lat' dir='ltr'><strong>sicut</strong></span> <span class='ocrx_word' id='word_1_362' title='bbox 821 3038 963 3093; x_wconf 91' lang='lat' dir='ltr'><strong>enim</strong></span> <span class='ocrx_word' id='word_1_363' title='bbox 1006 3054 1127 3093; x_wconf 91' lang='lat' dir='ltr'><strong>cum</strong></span> <span class='ocrx_word' id='word_1_364' title='bbox 1154 3038 1258 3093; x_wconf 87' lang='lat' dir='ltr'><strong>duo</strong></span> <span class='ocrx_word' id='word_1_365' title='bbox 1292 3045 1535 3101; x_wconf 92' lang='lat' dir='ltr'><strong>currunt,</strong></span> <span class='ocrx_word' id='word_1_366' title='bbox 1567 3036 1655 3089; x_wconf 92' lang='lat' dir='ltr'><strong>ille</strong></span> <span class='ocrx_word' id='word_1_367' title='bbox 1701 3035 1791 3105; x_wconf 89' lang='lat' dir='ltr'><strong>qui</strong></span> <span class='ocrx_word' id='word_1_368' title='bbox 1822 3035 2083 3105; x_wconf 86' lang='lat' dir='ltr'><strong>praevenit</strong></span> 
     </span>
    </p>
   </div>
   <div class='ocr_carea' id='block_1_47' title="bbox 492 3125 2083 3200">
    <p class='ocr_par' dir='ltr' id='par_1_47' title="bbox 492 3125 2083 3200">
     <span class='ocr_line' id='line_1_47' title="bbox 492 3125 2083 3200; baseline -0.003 -17"><span class='ocrx_word' id='word_1_369' title='bbox 492 3129 670 3184; x_wconf 85' lang='lat' dir='ltr'><strong>aufert</strong></span> <span class='ocrx_word' id='word_1_370' title='bbox 690 3129 987 3200; x_wconf 58' lang='lat' dir='ltr'><strong>praemium,</strong></span> <span class='ocrx_word' id='word_1_371' title='bbox 1014 3136 1069 3183; x_wconf 91' lang='lat' dir='ltr'><strong>et</strong></span> <span class='ocrx_word' id='word_1_372' title='bbox 1097 3127 1259 3182; x_wconf 88' lang='lat' dir='ltr'><strong>ellicit</strong></span> <span class='ocrx_word' id='word_1_373' title='bbox 1281 3127 1611 3182; x_wconf 87' lang='lat' dir='ltr'><strong>voluntatem</strong></span> <span class='ocrx_word' id='word_1_374' title='bbox 1628 3142 1781 3181; x_wconf 89' lang='lat' dir='ltr'><strong>suam</strong></span> <span class='ocrx_word' id='word_1_375' title='bbox 1804 3145 1816 3180; x_wconf 88' lang='lat'><strong>:</strong></span> <span class='ocrx_word' id='word_1_376' title='bbox 1844 3127 1915 3181; x_wconf 87' lang='lat' dir='ltr'><strong>ita</strong></span> <span class='ocrx_word' id='word_1_377' title='bbox 1941 3125 2083 3180; x_wconf 87' lang='lat' dir='ltr'><strong>Deus</strong></span> 
     </span>
    </p>
   </div>
   <div class='ocr_carea' id='block_1_48' title="bbox 472 3212 2080 3287">
    <p class='ocr_par' dir='ltr' id='par_1_48' title="bbox 472 3212 2080 3287">
     <span class='ocr_line' id='line_1_48' title="bbox 472 3212 2080 3287; baseline -0.003 -13"><span class='ocrx_word' id='word_1_378' title='bbox 472 3212 547 3275; x_wconf 69' lang='grc' dir='ltr'><strong>ἰιι</strong></span> <span class='ocrx_word' id='word_1_379' title='bbox 573 3215 759 3285; x_wconf 65' lang='lat' dir='ltr'><strong>Judaei,</strong></span> <span class='ocrx_word' id='word_1_380' title='bbox 795 3235 916 3275; x_wconf 90' lang='lat' dir='ltr'><strong>cum</strong></span> <span class='ocrx_word' id='word_1_381' title='bbox 949 3220 1015 3274; x_wconf 87' lang='lat' dir='ltr'><strong>ad</strong></span> <span class='ocrx_word' id='word_1_382' title='bbox 1044 3226 1275 3273; x_wconf 87' lang='lat' dir='ltr'><strong>mortem</strong></span> <span class='ocrx_word' id='word_1_383' title='bbox 1303 3217 1502 3273; x_wconf 88' lang='lat' dir='ltr'><strong>Christi</strong></span> <span class='ocrx_word' id='word_1_384' title='bbox 1543 3224 1842 3283; x_wconf 86' lang='lat' dir='ltr'><strong>currerent,</strong></span> <span class='ocrx_word' id='word_1_385' title='bbox 1873 3228 2080 3287; x_wconf 59' lang='lat' dir='ltr'><strong>praeve-</strong></span> 
     </span>
    </p>
   </div>
   <div class='ocr_carea' id='block_1_49' title="bbox 2185 2031 3780 2105">
    <p class='ocr_par' dir='ltr' id='par_1_49' title="bbox 2185 2031 3780 2105">
     <span class='ocr_line' id='line_1_49' title="bbox 2185 2031 3780 2105; baseline -0.003 -16"><span class='ocrx_word' id='word_1_386' title='bbox 2185 2034 2483 2090; x_wconf 90' lang='lat' dir='ltr'><strong>secundum</strong></span> <span class='ocrx_word' id='word_1_387' title='bbox 2524 2036 2631 2090; x_wconf 89' lang='lat' dir='ltr'><strong>hoc</strong></span> <span class='ocrx_word' id='word_1_388' title='bbox 2667 2036 2812 2105; x_wconf 88' lang='lat' dir='ltr'><strong>quod</strong></span> <span class='ocrx_word' id='word_1_389' title='bbox 2850 2033 3063 2102; x_wconf 89' lang='lat' dir='ltr'><strong>justitia</strong></span> <span class='ocrx_word' id='word_1_390' title='bbox 3108 2048 3225 2088; x_wconf 90' lang='lat' dir='ltr'><strong>mea</strong></span> <span class='ocrx_word' id='word_1_391' title='bbox 3255 2033 3424 2102; x_wconf 80' lang='lat' dir='ltr'><strong>exigit</strong></span> <span class='ocrx_word' id='word_1_392' title='bbox 3474 2051 3492 2083; x_wconf 73' lang='grc' dir='ltr'><strong>ι</strong></span> <span class='ocrx_word' id='word_1_393' title='bbox 3524 2040 3581 2087; x_wconf 84' lang='grc' dir='ltr'><strong>ει</strong></span> <span class='ocrx_word' id='word_1_394' title='bbox 3602 2031 3780 2103; x_wconf 82' lang='lat' dir='ltr'><strong>gloria</strong></span> 
     </span>
    </p>
   </div>
   <div class='ocr_carea' id='block_1_50' title="bbox 2186 2120 3780 2196">
    <p class='ocr_par' dir='ltr' id='par_1_50' title="bbox 2186 2120 3780 2196">
     <span class='ocr_line' id='line_1_50' title="bbox 2186 2120 3780 2196; baseline -0.003 -15"><span class='ocrx_word' id='word_1_395' title='bbox 2186 2134 2275 2181; x_wconf 89' lang='lat' dir='ltr'><strong>tua</strong></span> <span class='ocrx_word' id='word_1_396' title='bbox 2307 2126 2522 2181; x_wconf 85' lang='lat' dir='ltr'><strong>tandem</strong></span> <span class='ocrx_word' id='word_1_397' title='bbox 2571 2125 2873 2196; x_wconf 87' lang='lat' dir='ltr'><strong>apparebit,</strong></span> <span class='ocrx_word' id='word_1_398' title='bbox 2906 2146 2923 2177; x_wconf 79' lang='grc' dir='ltr'><strong>ι</strong></span> <span class='ocrx_word' id='word_1_399' title='bbox 2954 2125 3159 2181; x_wconf 89' lang='lat' dir='ltr'><strong>scilicet</strong></span> <span class='ocrx_word' id='word_1_400' title='bbox 3199 2124 3340 2193; x_wconf 72' lang='lat' dir='ltr'><strong>quod</strong></span> <span class='ocrx_word' id='word_1_401' title='bbox 3368 2120 3541 2177; x_wconf 84' lang='lat' dir='ltr'><strong>Filius</strong></span> <span class='ocrx_word' id='word_1_402' title='bbox 3589 2131 3680 2177; x_wconf 88' lang='lat' dir='ltr'><strong>est</strong></span> <span class='ocrx_word' id='word_1_403' title='bbox 3724 2122 3780 2177; x_wconf 88' lang='lat' dir='ltr'><strong>in</strong></span> 
     </span>
    </p>
   </div>
   <div class='ocr_carea' id='block_1_51' title="bbox 2184 2204 3779 2287">
    <p class='ocr_par' dir='ltr' id='par_1_51' title="bbox 2184 2204 3779 2287">
     <span class='ocr_line' id='line_1_51' title="bbox 2184 2204 3779 2287; baseline -0.001 -17"><span class='ocrx_word' id='word_1_404' title='bbox 2184 2216 2363 2281; x_wconf 86' lang='lat' dir='ltr'><strong>Patre,</strong></span> <span class='ocrx_word' id='word_1_405' title='bbox 2396 2225 2450 2271; x_wconf 89' lang='grc' dir='ltr'><strong>ει</strong></span> <span class='ocrx_word' id='word_1_406' title='bbox 2474 2216 2637 2272; x_wconf 87' lang='lat' dir='ltr'><strong>Pater</strong></span> <span class='ocrx_word' id='word_1_407' title='bbox 2662 2217 2715 2271; x_wconf 90' lang='lat' dir='ltr'><strong>in</strong></span> <span class='ocrx_word' id='word_1_408' title='bbox 2744 2204 2883 2272; x_wconf 83' lang='lat' dir='ltr'><strong>Filio</strong></span> <span class='ocrx_word' id='word_1_409' title='bbox 2906 2234 2919 2269; x_wconf 87' lang='lat'><strong>:</strong></span> <span class='ocrx_word' id='word_1_410' title='bbox 2944 2226 3002 2273; x_wconf 91' lang='lat' dir='ltr'><strong>et</strong></span> <span class='ocrx_word' id='word_1_411' title='bbox 3042 2218 3157 2272; x_wconf 64' lang='lat' dir='ltr'><strong>haec</strong></span> <span class='ocrx_word' id='word_1_412' title='bbox 3183 2215 3450 2287; x_wconf 78' lang='lat' dir='ltr'><strong>apparitio</strong></span> <span class='ocrx_word' id='word_1_413' title='bbox 3478 2212 3585 2270; x_wconf 86' lang='lat' dir='ltr'><strong>erit</strong></span> <span class='ocrx_word' id='word_1_414' title='bbox 3612 2217 3669 2268; x_wconf 90' lang='lat' dir='ltr'><strong>in</strong></span> <span class='ocrx_word' id='word_1_415' title='bbox 3688 2214 3779 2283; x_wconf 61' lang='lat' dir='ltr'><strong>ju-</strong></span> 
     </span>
    </p>
   </div>
   <div class='ocr_carea' id='block_1_52' title="bbox 2184 2307 3779 2379">
    <p class='ocr_par' dir='ltr' id='par_1_52' title="bbox 2184 2307 3779 2379">
     <span class='ocr_line' id='line_1_52' title="bbox 2184 2307 3779 2379; baseline -0.003 -16"><span class='ocrx_word' id='word_1_416' title='bbox 2184 2308 2348 2375; x_wconf 84' lang='lat' dir='ltr'><strong>dicio,</strong></span> <span class='ocrx_word' id='word_1_417' title='bbox 2388 2316 2439 2364; x_wconf 90' lang='lat' dir='ltr'><strong>et</strong></span> <span class='ocrx_word' id='word_1_418' title='bbox 2489 2326 2507 2360; x_wconf 74' lang='grc' dir='ltr'><strong>ι</strong></span> <span class='ocrx_word' id='word_1_419' title='bbox 2540 2320 2660 2363; x_wconf 90' lang='lat' dir='ltr'><strong>cum</strong></span> <span class='ocrx_word' id='word_1_420' title='bbox 2699 2309 3011 2379; x_wconf 85' lang='lat' dir='ltr'><strong>apparuerit</strong></span> <span class='ocrx_word' id='word_1_421' title='bbox 3051 2308 3244 2379; x_wconf 83' lang='lat' dir='ltr'><strong>gloria,</strong></span> <span class='ocrx_word' id='word_1_422' title='bbox 3294 2315 3422 2363; x_wconf 90' lang='lat' dir='ltr'><strong>tunc</strong></span> <span class='ocrx_word' id='word_1_423' title='bbox 3463 2322 3567 2377; x_wconf 83' lang='lat' dir='ltr'><strong>ego</strong></span> <span class='ocrx_word' id='word_1_424' title='bbox 3608 2307 3779 2361; x_wconf 84' lang='lat' dir='ltr'><strong>satia-</strong></span> 
     </span>
    </p>
   </div>
   <div class='ocr_carea' id='block_1_53' title="bbox 2186 2400 3777 2471">
    <p class='ocr_par' dir='ltr' id='par_1_53' title="bbox 2186 2400 3777 2471">
     <span class='ocr_line' id='line_1_53' title="bbox 2186 2400 3777 2471; baseline -0.003 -16"><span class='ocrx_word' id='word_1_425' title='bbox 2186 2402 2283 2456; x_wconf 88' lang='lat' dir='ltr'><strong>bor</strong></span> <span class='ocrx_word' id='word_1_426' title='bbox 2316 2422 2333 2455; x_wconf 79' lang='grc' dir='ltr'><strong>ι</strong></span> <span class='ocrx_word' id='word_1_427' title='bbox 2390 2402 2655 2471; x_wconf 90' lang='lat' dir='ltr'><strong>completo</strong></span> <span class='ocrx_word' id='word_1_428' title='bbox 2700 2416 2927 2471; x_wconf 91' lang='lat' dir='ltr'><strong>corpore</strong></span> <span class='ocrx_word' id='word_1_429' title='bbox 2972 2415 3112 2456; x_wconf 90' lang='lat' dir='ltr'><strong>meo.</strong></span> <span class='ocrx_word' id='word_1_430' title='bbox 3169 2400 3319 2454; x_wconf 85' lang='lat' dir='ltr'><strong>Tunc</strong></span> <span class='ocrx_word' id='word_1_431' title='bbox 3366 2400 3511 2453; x_wconf 90' lang='lat' dir='ltr'><strong>enim</strong></span> <span class='ocrx_word' id='word_1_432' title='bbox 3575 2413 3777 2467; x_wconf 78' lang='lat' dir='ltr'><strong>corpus</strong></span> 
     </span>
    </p>
   </div>
   <div class='ocr_carea' id='block_1_54' title="bbox 2184 2491 3774 2565">
    <p class='ocr_par' dir='ltr' id='par_1_54' title="bbox 2184 2491 3774 2565">
     <span class='ocr_line' id='line_1_54' title="bbox 2184 2491 3774 2565; baseline -0.001 -18"><span class='ocrx_word' id='word_1_433' title='bbox 2184 2493 2386 2548; x_wconf 89' lang='lat' dir='ltr'><strong>Christi</strong></span> <span class='ocrx_word' id='word_1_434' title='bbox 2430 2493 2752 2565; x_wconf 88' lang='lat' dir='ltr'><strong>completum</strong></span> <span class='ocrx_word' id='word_1_435' title='bbox 2801 2495 2926 2560; x_wconf 88' lang='lat' dir='ltr'><strong>erit,</strong></span> <span class='ocrx_word' id='word_1_436' title='bbox 2974 2509 3096 2549; x_wconf 91' lang='lat' dir='ltr'><strong>cum</strong></span> <span class='ocrx_word' id='word_1_437' title='bbox 3123 2492 3231 2549; x_wconf 90' lang='lat' dir='ltr'><strong>Deo</strong></span> <span class='ocrx_word' id='word_1_438' title='bbox 3279 2500 3331 2547; x_wconf 90' lang='lat' dir='ltr'><strong>et</strong></span> <span class='ocrx_word' id='word_1_439' title='bbox 3355 2491 3501 2546; x_wconf 75' lang='lat' dir='ltr'><strong>l‘atri</strong></span> <span class='ocrx_word' id='word_1_440' title='bbox 3546 2506 3774 2563; x_wconf 80' lang='lat' dir='ltr'><strong>regnum</strong></span> 
     </span>
    </p>
   </div>
   <div class='ocr_carea' id='block_1_55' title="bbox 2187 2582 2496 2639">
    <p class='ocr_par' dir='ltr' id='par_1_55' title="bbox 2187 2582 2496 2639">
     <span class='ocr_line' id='line_1_55' title="bbox 2187 2582 2496 2639; baseline 0.006 -4"><span class='ocrx_word' id='word_1_441' title='bbox 2187 2582 2496 2639; x_wconf 85' lang='lat' dir='ltr'><strong>tradiderit.</strong></span> 
     </span>
    </p>
   </div>
   <div class='ocr_carea' id='block_1_56' title="bbox 2654 2691 3296 2769">
    <p class='ocr_par' dir='ltr' id='par_1_56' title="bbox 2654 2691 3296 2769">
     <span class='ocr_line' id='line_1_56' title="bbox 2654 2691 3296 2769; baseline 0 -21"><span class='ocrx_word' id='word_1_442' title='bbox 2654 2693 2720 2748; x_wconf 78' lang='lat' dir='ltr'><strong>IN</strong></span> <span class='ocrx_word' id='word_1_443' title='bbox 2759 2693 3093 2769; x_wconf 79' lang='lat' dir='ltr'><strong>PSALMUM</strong></span> <span class='ocrx_word' id='word_1_444' title='bbox 3133 2691 3296 2748; x_wconf 75' lang='lat' dir='ltr'><strong>XVII.</strong></span> 
     </span>
    </p>
   </div>
   <div class='ocr_carea' id='block_1_57' title="bbox 2186 2800 3772 2875">
    <p class='ocr_par' dir='ltr' id='par_1_57' title="bbox 2186 2800 3772 2875">
     <span class='ocr_line' id='line_1_57' title="bbox 2186 2800 3772 2875; baseline -0.003 -18"><span class='ocrx_word' id='word_1_445' title='bbox 2186 2802 2442 2859; x_wconf 78' lang='lat' dir='ltr'><strong>Tt&#39;wws.</strong></span> <span class='ocrx_word' id='word_1_446' title='bbox 2485 2801 2553 2858; x_wconf 88' lang='lat' dir='ltr'><strong>In</strong></span> <span class='ocrx_word' id='word_1_447' title='bbox 2587 2804 2743 2875; x_wconf 82' lang='lat' dir='ltr'><strong>ﬁnem</strong></span> <span class='ocrx_word' id='word_1_448' title='bbox 2785 2821 2947 2875; x_wconf 84' lang='lat' dir='ltr'><strong>puero</strong></span> <span class='ocrx_word' id='word_1_449' title='bbox 2976 2804 3178 2875; x_wconf 76' lang='lat' dir='ltr'><strong>domini</strong></span> <span class='ocrx_word' id='word_1_450' title='bbox 3200 2800 3550 2875; x_wconf 66' lang='lat' dir='ltr'><strong>Davidverba</strong></span> <span class='ocrx_word' id='word_1_451' title='bbox 3571 2801 3772 2875; x_wconf 75' lang='lat' dir='ltr'><strong>cantici</strong></span> 
     </span>
    </p>
   </div>
   <div class='ocr_carea' id='block_1_58' title="bbox 2254 2872 3770 2946">
    <p class='ocr_par' dir='ltr' id='par_1_58' title="bbox 2254 2872 3770 2946">
     <span class='ocr_line' id='line_1_58' title="bbox 2254 2872 3770 2946; baseline -0.003 -19"><span class='ocrx_word' id='word_1_452' title='bbox 2254 2875 2432 2946; x_wconf 65' lang='lat' dir='ltr'><strong>Imjus,</strong></span> <span class='ocrx_word' id='word_1_453' title='bbox 2456 2891 2572 2946; x_wconf 68' lang='lat' dir='ltr'><strong>qum</strong></span> <span class='ocrx_word' id='word_1_454' title='bbox 2606 2872 2809 2946; x_wconf 67' lang='lat' dir='ltr'><strong>locutus</strong></span> <span class='ocrx_word' id='word_1_455' title='bbox 2851 2883 2926 2929; x_wconf 82' lang='lat' dir='ltr'><strong>est</strong></span> <span class='ocrx_word' id='word_1_456' title='bbox 2952 2874 3206 2946; x_wconf 79' lang='lat' dir='ltr'><strong>Domino,</strong></span> <span class='ocrx_word' id='word_1_457' title='bbox 3242 2873 3299 2946; x_wconf 74' lang='lat' dir='ltr'><strong>in</strong></span> <span class='ocrx_word' id='word_1_458' title='bbox 3325 2872 3414 2946; x_wconf 71' lang='lat' dir='ltr'><strong>die</strong></span> <span class='ocrx_word' id='word_1_459' title='bbox 3439 2888 3546 2941; x_wconf 89' lang='lat' dir='ltr'><strong>qua</strong></span> <span class='ocrx_word' id='word_1_460' title='bbox 3580 2873 3770 2942; x_wconf 78' lang='lat' dir='ltr'><strong>erith</strong></span> 
     </span>
    </p>
   </div>
   <div class='ocr_carea' id='block_1_59' title="bbox 2253 2943 3770 2999">
    <p class='ocr_par' dir='ltr' id='par_1_59' title="bbox 2253 2943 3770 2999">
     <span class='ocr_line' id='line_1_59' title="bbox 2253 2943 3770 2999; baseline -0.001 -2"><span class='ocrx_word' id='word_1_461' title='bbox 2253 2961 2370 2998; x_wconf 83' lang='lat' dir='ltr'><strong>eum</strong></span> <span class='ocrx_word' id='word_1_462' title='bbox 2401 2943 2654 2998; x_wconf 83' lang='lat' dir='ltr'><strong>Dominus</strong></span> <span class='ocrx_word' id='word_1_463' title='bbox 2696 2945 2759 2997; x_wconf 88' lang='lat' dir='ltr'><strong>de</strong></span> <span class='ocrx_word' id='word_1_464' title='bbox 2798 2962 2957 2999; x_wconf 85' lang='lat' dir='ltr'><strong>manu</strong></span> <span class='ocrx_word' id='word_1_465' title='bbox 2998 2944 3231 2998; x_wconf 86' lang='lat' dir='ltr'><strong>omnium</strong></span> <span class='ocrx_word' id='word_1_466' title='bbox 3262 2943 3603 2997; x_wconf 77' lang='lat' dir='ltr'><strong>inimicorum</strong></span> <span class='ocrx_word' id='word_1_467' title='bbox 3645 2959 3770 2996; x_wconf 72' lang='lat' dir='ltr'><strong>suo-</strong></span> 
     </span>
    </p>
   </div>
   <div class='ocr_carea' id='block_1_60' title="bbox 2257 3013 3203 3081">
    <p class='ocr_par' dir='ltr' id='par_1_60' title="bbox 2257 3013 3203 3081">
     <span class='ocr_line' id='line_1_60' title="bbox 2257 3013 3203 3081; baseline 0 -14"><span class='ocrx_word' id='word_1_468' title='bbox 2257 3031 2394 3081; x_wconf 85' lang='lat' dir='ltr'><strong>rum,</strong></span> <span class='ocrx_word' id='word_1_469' title='bbox 2425 3024 2471 3067; x_wconf 84' lang='lat' dir='ltr'><strong>et</strong></span> <span class='ocrx_word' id='word_1_470' title='bbox 2497 3014 2559 3067; x_wconf 84' lang='lat' dir='ltr'><strong>de</strong></span> <span class='ocrx_word' id='word_1_471' title='bbox 2589 3031 2747 3067; x_wconf 83' lang='lat' dir='ltr'><strong>manu</strong></span> <span class='ocrx_word' id='word_1_472' title='bbox 2770 3013 2927 3081; x_wconf 82' lang='lat' dir='ltr'><strong>Saul,</strong></span> <span class='ocrx_word' id='word_1_473' title='bbox 2957 3023 3005 3069; x_wconf 85' lang='lat' dir='ltr'><strong>et</strong></span> <span class='ocrx_word' id='word_1_474' title='bbox 3031 3013 3165 3068; x_wconf 71' lang='lat' dir='ltr'><strong>dixit</strong></span> <span class='ocrx_word' id='word_1_475' title='bbox 3183 3026 3203 3067; x_wconf 88' lang='lat'><strong><em>:</em></strong></span> 
     </span>
    </p>
   </div>
   <div class='ocr_carea' id='block_1_61' title="bbox 2261 3122 3773 3197">
    <p class='ocr_par' dir='ltr' id='par_1_61' title="bbox 2261 3122 3773 3197">
     <span class='ocr_line' id='line_1_61' title="bbox 2261 3122 3773 3197; baseline -0.001 -20"><span class='ocrx_word' id='word_1_476' title='bbox 2261 3144 2278 3176; x_wconf 78' lang='grc' dir='ltr'><strong>ι</strong></span> <span class='ocrx_word' id='word_1_477' title='bbox 2314 3122 2542 3195; x_wconf 89' lang='lat' dir='ltr'><strong>Diligam</strong></span> <span class='ocrx_word' id='word_1_478' title='bbox 2571 3132 2642 3178; x_wconf 91' lang='lat' dir='ltr'><strong>te.</strong></span> <span class='ocrx_word' id='word_1_479' title='bbox 2686 3144 2704 3177; x_wconf 74' lang='grc' dir='ltr'><strong>ι</strong></span> <span class='ocrx_word' id='word_1_480' title='bbox 2742 3124 2898 3181; x_wconf 82' lang='lat' dir='ltr'><strong>Hunc</strong></span> <span class='ocrx_word' id='word_1_481' title='bbox 2944 3124 3213 3197; x_wconf 85' lang='lat' dir='ltr'><strong>psalmum</strong></span> <span class='ocrx_word' id='word_1_482' title='bbox 3264 3123 3394 3180; x_wconf 86' lang='lat' dir='ltr'><strong>fecit</strong></span> <span class='ocrx_word' id='word_1_483' title='bbox 3438 3123 3611 3180; x_wconf 86' lang='lat' dir='ltr'><strong>David</strong></span> <span class='ocrx_word' id='word_1_484' title='bbox 3653 3131 3773 3195; x_wconf 86' lang='lat' dir='ltr'><strong>post</strong></span> 
     </span>
    </p>
   </div>
   <div class='ocr_carea' id='block_1_62' title="bbox 2186 3215 3771 3289">
    <p class='ocr_par' dir='ltr' id='par_1_62' title="bbox 2186 3215 3771 3289">
     <span class='ocr_line' id='line_1_62' title="bbox 2186 3215 3771 3289; baseline -0.001 -17"><span class='ocrx_word' id='word_1_485' title='bbox 2186 3226 2415 3273; x_wconf 89' lang='lat' dir='ltr'><strong>mortem</strong></span> <span class='ocrx_word' id='word_1_486' title='bbox 2448 3215 2574 3272; x_wconf 86' lang='lat' dir='ltr'><strong>Saul</strong></span> <span class='ocrx_word' id='word_1_487' title='bbox 2604 3216 2689 3288; x_wconf 86' lang='grc'><strong>(11</strong></span> <span class='ocrx_word' id='word_1_488' title='bbox 2705 3216 2829 3288; x_wconf 83' lang='lat' dir='ltr'><strong>Reg.</strong></span> <span class='ocrx_word' id='word_1_489' title='bbox 2857 3216 2940 3288; x_wconf 88' lang='grc' dir='ltr'>ιι),</span> <span class='ocrx_word' id='word_1_490' title='bbox 2964 3219 3246 3275; x_wconf 78' lang='lat' dir='ltr'><strong>exsultans</strong></span> <span class='ocrx_word' id='word_1_491' title='bbox 3267 3218 3409 3289; x_wconf 90' lang='lat' dir='ltr'><strong>quod</strong></span> <span class='ocrx_word' id='word_1_492' title='bbox 3438 3216 3507 3273; x_wconf 90' lang='lat' dir='ltr'><strong>ab</strong></span> <span class='ocrx_word' id='word_1_493' title='bbox 3539 3217 3771 3272; x_wconf 90' lang='lat' dir='ltr'><strong>inimicis</strong></span> 
     </span>
    </p>
   </div>
   <div class='ocr_carea' id='block_1_63' title="bbox 489 3284 3767 3380">
    <p class='ocr_par' dir='ltr' id='par_1_63' title="bbox 489 3284 3767 3380">
     <span class='ocr_line' id='line_1_63' title="bbox 489 3284 3767 3380; baseline -0.003 -10"><span class='ocrx_word' id='word_1_494' title='bbox 489 3316 570 3370; x_wconf 87' lang='lat' dir='ltr'><strong>nit</strong></span> <span class='ocrx_word' id='word_1_495' title='bbox 596 3314 714 3369; x_wconf 89' lang='lat' dir='ltr'><strong>illos</strong></span> <span class='ocrx_word' id='word_1_496' title='bbox 757 3314 921 3379; x_wconf 90' lang='lat' dir='ltr'><strong>Deus,</strong></span> <span class='ocrx_word' id='word_1_497' title='bbox 970 3312 1116 3367; x_wconf 91' lang='lat' dir='ltr'><strong>illum</strong></span> <span class='ocrx_word' id='word_1_498' title='bbox 1145 3312 1491 3375; x_wconf 90' lang='lat' dir='ltr'><strong>resuscitans,</strong></span> <span class='ocrx_word' id='word_1_499' title='bbox 1526 3325 1687 3380; x_wconf 89' lang='lat' dir='ltr'><strong>quem</strong></span> <span class='ocrx_word' id='word_1_500' title='bbox 1714 3309 1792 3365; x_wconf 90' lang='lat' dir='ltr'><strong>illi</strong></span> <span class='ocrx_word' id='word_1_501' title='bbox 1814 3309 1868 3364; x_wconf 91' lang='lat' dir='ltr'><strong>in</strong></span> <span class='ocrx_word' id='word_1_502' title='bbox 1896 3316 2072 3363; x_wconf 90' lang='lat' dir='ltr'><strong>morte</strong></span> <span class='ocrx_word' id='word_1_503' title='bbox 2099 3284 2145 3347; x_wconf 61' lang='grc' dir='ltr'><strong>(ἶ</strong></span> <span class='ocrx_word' id='word_1_504' title='bbox 2176 3308 2434 3363; x_wconf 90' lang='lat' dir='ltr'><strong>liberatus</strong></span> <span class='ocrx_word' id='word_1_505' title='bbox 2453 3316 2599 3363; x_wconf 85' lang='lat' dir='ltr'><strong>esset</strong></span> <span class='ocrx_word' id='word_1_506' title='bbox 2624 3325 2638 3361; x_wconf 86' lang='lat'><strong>:</strong></span> <span class='ocrx_word' id='word_1_507' title='bbox 2663 3325 2768 3364; x_wconf 93' lang='lat' dir='ltr'><strong>non</strong></span> <span class='ocrx_word' id='word_1_508' title='bbox 2800 3318 2978 3364; x_wconf 90' lang='lat' dir='ltr'><strong>tamen</strong></span> <span class='ocrx_word' id='word_1_509' title='bbox 3006 3309 3149 3379; x_wconf 91' lang='lat' dir='ltr'><strong>quod</strong></span> <span class='ocrx_word' id='word_1_510' title='bbox 3180 3309 3247 3365; x_wconf 89' lang='lat' dir='ltr'><strong>de</strong></span> <span class='ocrx_word' id='word_1_511' title='bbox 3284 3308 3652 3364; x_wconf 82' lang='lat' dir='ltr'><strong>exsultatione</strong></span> <span class='ocrx_word' id='word_1_512' title='bbox 3674 3323 3767 3362; x_wconf 87' lang='lat' dir='ltr'><strong>sua</strong></span> 
     </span>
    </p>
   </div>
   <div class='ocr_carea' id='block_1_64' title="bbox 488 3396 2073 3473">
    <p class='ocr_par' dir='ltr' id='par_1_64' title="bbox 488 3396 2073 3473">
     <span class='ocr_line' id='line_1_64' title="bbox 488 3396 2073 3473; baseline -0.003 -15"><span class='ocrx_word' id='word_1_513' title='bbox 488 3414 675 3459; x_wconf 87' lang='lat' dir='ltr'><strong>tenere</strong></span> <span class='ocrx_word' id='word_1_514' title='bbox 718 3402 971 3458; x_wconf 88' lang='lat' dir='ltr'><strong>volebant</strong></span> <span class='ocrx_word' id='word_1_515' title='bbox 1006 3420 1025 3453; x_wconf 69' lang='grc' dir='ltr'><strong>ι</strong></span> <span class='ocrx_word' id='word_1_516' title='bbox 1072 3409 1126 3456; x_wconf 87' lang='grc' dir='ltr'><strong>ει</strong></span> <span class='ocrx_word' id='word_1_517' title='bbox 1170 3396 1452 3473; x_wconf 85' lang='lat' dir='ltr'><strong>supplanta</strong></span> <span class='ocrx_word' id='word_1_518' title='bbox 1484 3416 1625 3465; x_wconf 89' lang='lat' dir='ltr'><strong>eum,</strong></span> <span class='ocrx_word' id='word_1_519' title='bbox 1663 3417 1683 3451; x_wconf 76' lang='grc' dir='ltr'><strong>ι</strong></span> <span class='ocrx_word' id='word_1_520' title='bbox 1738 3399 1913 3463; x_wconf 88' lang='lat' dir='ltr'><strong>idest,</strong></span> <span class='ocrx_word' id='word_1_521' title='bbox 1943 3400 2073 3454; x_wconf 91' lang='lat' dir='ltr'><strong>sub-</strong></span> 
     </span>
    </p>
   </div>
   <div class='ocr_carea' id='block_1_65' title="bbox 489 3488 2066 3557">
    <p class='ocr_par' dir='ltr' id='par_1_65' title="bbox 489 3488 2066 3557">
     <span class='ocr_line' id='line_1_65' title="bbox 489 3488 2066 3557; baseline -0.004 -11"><span class='ocrx_word' id='word_1_522' title='bbox 489 3504 641 3549; x_wconf 90' lang='lat' dir='ltr'><strong>vcrte</strong></span> <span class='ocrx_word' id='word_1_523' title='bbox 661 3509 689 3546; x_wconf 92' lang='lat' dir='ltr'><strong>a</strong></span> <span class='ocrx_word' id='word_1_524' title='bbox 719 3492 1070 3547; x_wconf 88' lang='lat' dir='ltr'><strong>similitudine</strong></span> <span class='ocrx_word' id='word_1_525' title='bbox 1111 3490 1457 3546; x_wconf 90' lang='lat' dir='ltr'><strong>luctatorum.</strong></span> <span class='ocrx_word' id='word_1_526' title='bbox 1483 3489 1594 3544; x_wconf 87' lang='lat' dir='ltr'><strong>lloc</strong></span> <span class='ocrx_word' id='word_1_527' title='bbox 1616 3488 1742 3545; x_wconf 89' lang='lat' dir='ltr'><strong>dicit</strong></span> <span class='ocrx_word' id='word_1_528' title='bbox 1762 3508 1779 3539; x_wconf 85' lang='grc'><em>‹</em></span> <span class='ocrx_word' id='word_1_529' title='bbox 1808 3488 2066 3557; x_wconf 73' lang='grc' dir='ltr'>ριέγειιῑ»</span> 
     </span>
    </p>
   </div>
   <div class='ocr_carea' id='block_1_66' title="bbox 492 3580 2070 3653">
    <p class='ocr_par' dir='ltr' id='par_1_66' title="bbox 492 3580 2070 3653">
     <span class='ocr_line' id='line_1_66' title="bbox 492 3580 2070 3653; baseline -0.004 -13"><span class='ocrx_word' id='word_1_530' title='bbox 492 3586 564 3640; x_wconf 86' lang='lat' dir='ltr'><strong>ita</strong></span> <span class='ocrx_word' id='word_1_531' title='bbox 596 3584 802 3639; x_wconf 84' lang='lat' dir='ltr'><strong>scilicet</strong></span> <span class='ocrx_word' id='word_1_532' title='bbox 836 3601 855 3634; x_wconf 75' lang='grc' dir='ltr'><strong>ι</strong></span> <span class='ocrx_word' id='word_1_533' title='bbox 891 3583 1038 3653; x_wconf 88' lang='lat' dir='ltr'><strong>eripe</strong></span> <span class='ocrx_word' id='word_1_534' title='bbox 1064 3583 1297 3637; x_wconf 87' lang='lat' dir='ltr'><strong>animam</strong></span> <span class='ocrx_word' id='word_1_535' title='bbox 1331 3598 1503 3637; x_wconf 87' lang='lat' dir='ltr'><strong>meam</strong></span> <span class='ocrx_word' id='word_1_536' title='bbox 1528 3582 1596 3637; x_wconf 89' lang='lat' dir='ltr'><strong>ab</strong></span> <span class='ocrx_word' id='word_1_537' title='bbox 1625 3580 1812 3651; x_wconf 90' lang='lat' dir='ltr'><strong>impio,</strong></span> <span class='ocrx_word' id='word_1_538' title='bbox 1851 3599 1867 3633; x_wconf 73' lang='grc' dir='ltr'><strong>ι</strong></span> <span class='ocrx_word' id='word_1_539' title='bbox 1907 3580 1958 3634; x_wconf 89' lang='lat' dir='ltr'><strong>id</strong></span> <span class='ocrx_word' id='word_1_540' title='bbox 1988 3588 2070 3635; x_wconf 88' lang='lat' dir='ltr'><strong>est</strong></span> 
     </span>
    </p>
   </div>
   <div class='ocr_carea' id='block_1_67' title="bbox 488 3673 2070 3746">
    <p class='ocr_par' dir='ltr' id='par_1_67' title="bbox 488 3673 2070 3746">
     <span class='ocr_line' id='line_1_67' title="bbox 488 3673 2070 3746; baseline -0.001 -17"><span class='ocrx_word' id='word_1_541' title='bbox 488 3675 718 3739; x_wconf 86' lang='lat' dir='ltr'><strong>diabolo,</strong></span> <span class='ocrx_word' id='word_1_542' title='bbox 745 3674 988 3730; x_wconf 82' lang='lat' dir='ltr'><strong>faciendo</strong></span> <span class='ocrx_word' id='word_1_543' title='bbox 1013 3690 1097 3729; x_wconf 89' lang='lat' dir='ltr'><strong>me</strong></span> <span class='ocrx_word' id='word_1_544' title='bbox 1119 3690 1395 3746; x_wconf 81' lang='lat' dir='ltr'><strong>resurgere</strong></span> <span class='ocrx_word' id='word_1_545' title='bbox 1418 3693 1429 3727; x_wconf 89' lang='lat'><strong>:</strong></span> <span class='ocrx_word' id='word_1_546' title='bbox 1455 3682 1507 3728; x_wconf 87' lang='lat' dir='ltr'><strong>et</strong></span> <span class='ocrx_word' id='word_1_547' title='bbox 1527 3674 1662 3728; x_wconf 85' lang='lat' dir='ltr'><strong>bene</strong></span> <span class='ocrx_word' id='word_1_548' title='bbox 1684 3674 1847 3728; x_wconf 86' lang='lat' dir='ltr'><strong>debes</strong></span> <span class='ocrx_word' id='word_1_549' title='bbox 1870 3673 2070 3739; x_wconf 79' lang='lat' dir='ltr'><strong>facere,</strong></span> 
     </span>
    </p>
   </div>
   <div class='ocr_carea' id='block_1_68' title="bbox 486 3764 2072 3835">
    <p class='ocr_par' dir='ltr' id='par_1_68' title="bbox 486 3764 2072 3835">
     <span class='ocr_line' id='line_1_68' title="bbox 486 3764 2072 3835; baseline -0.001 -15"><span class='ocrx_word' id='word_1_550' title='bbox 486 3767 611 3835; x_wconf 82' lang='lat' dir='ltr'><strong>quia</strong></span> <span class='ocrx_word' id='word_1_551' title='bbox 641 3766 754 3835; x_wconf 86' lang='lat' dir='ltr'><strong>ipsa</strong></span> <span class='ocrx_word' id='word_1_552' title='bbox 786 3774 888 3829; x_wconf 89' lang='lat' dir='ltr'><strong>est,</strong></span> <span class='ocrx_word' id='word_1_553' title='bbox 928 3783 947 3815; x_wconf 83' lang='grc'><em>‹</em></span> <span class='ocrx_word' id='word_1_554' title='bbox 984 3765 1210 3829; x_wconf 79' lang='lat' dir='ltr'><strong>framea,</strong></span> <span class='ocrx_word' id='word_1_555' title='bbox 1251 3786 1268 3817; x_wconf 79' lang='grc' dir='ltr'><strong>ι</strong></span> <span class='ocrx_word' id='word_1_556' title='bbox 1301 3764 1353 3819; x_wconf 87' lang='lat' dir='ltr'><strong>id</strong></span> <span class='ocrx_word' id='word_1_557' title='bbox 1376 3773 1480 3829; x_wconf 88' lang='lat' dir='ltr'><strong>est,</strong></span> <span class='ocrx_word' id='word_1_558' title='bbox 1529 3764 1755 3833; x_wconf 77' lang='lat' dir='ltr'><strong>gladius,</strong></span> <span class='ocrx_word' id='word_1_559' title='bbox 1795 3778 1889 3833; x_wconf 87' lang='lat' dir='ltr'><strong>per</strong></span> <span class='ocrx_word' id='word_1_560' title='bbox 1908 3779 2072 3834; x_wconf 90' lang='lat' dir='ltr'><strong>quem</strong></span> 
     </span>
    </p>
   </div>
   <div class='ocr_carea' id='block_1_69' title="bbox 486 3853 2068 3924">
    <p class='ocr_par' dir='ltr' id='par_1_69' title="bbox 486 3853 2068 3924">
     <span class='ocr_line' id='line_1_69' title="bbox 486 3853 2068 3924; baseline 0 -17"><span class='ocrx_word' id='word_1_561' title='bbox 486 3857 650 3911; x_wconf 85' lang='lat' dir='ltr'><strong>debes</strong></span> <span class='ocrx_word' id='word_1_562' title='bbox 692 3856 941 3911; x_wconf 88' lang='lat' dir='ltr'><strong>inimicos</strong></span> <span class='ocrx_word' id='word_1_563' title='bbox 988 3855 1304 3910; x_wconf 88' lang='lat' dir='ltr'><strong>devincere:</strong></span> <span class='ocrx_word' id='word_1_564' title='bbox 1352 3855 1501 3924; x_wconf 89' lang='lat' dir='ltr'><strong>eripe</strong></span> <span class='ocrx_word' id='word_1_565' title='bbox 1545 3854 1666 3907; x_wconf 88' lang='lat' dir='ltr'><strong>dico</strong></span> <span class='ocrx_word' id='word_1_566' title='bbox 1720 3854 1904 3907; x_wconf 61' lang='lat' dir='ltr'><strong>banc:</strong></span> <span class='ocrx_word' id='word_1_567' title='bbox 1957 3853 2068 3907; x_wconf 83' lang='lat' dir='ltr'><strong>fra-</strong></span> 
     </span>
    </p>
   </div>
   <div class='ocr_carea' id='block_1_70' title="bbox 486 3945 2071 4014">
    <p class='ocr_par' dir='ltr' id='par_1_70' title="bbox 486 3945 2071 4014">
     <span class='ocr_line' id='line_1_70' title="bbox 486 3945 2071 4014; baseline -0.003 -10"><span class='ocrx_word' id='word_1_568' title='bbox 486 3967 661 4005; x_wconf 81' lang='lat' dir='ltr'><strong>meam</strong></span> <span class='ocrx_word' id='word_1_569' title='bbox 692 3951 760 4003; x_wconf 88' lang='lat' dir='ltr'><strong>ab</strong></span> <span class='ocrx_word' id='word_1_570' title='bbox 792 3948 1045 4013; x_wconf 90' lang='lat' dir='ltr'><strong>inimicis,</strong></span> <span class='ocrx_word' id='word_1_571' title='bbox 1078 3966 1096 3997; x_wconf 79' lang='grc' dir='ltr'><strong>ι</strong></span> <span class='ocrx_word' id='word_1_572' title='bbox 1143 3947 1197 4002; x_wconf 90' lang='lat' dir='ltr'><strong>id</strong></span> <span class='ocrx_word' id='word_1_573' title='bbox 1248 3955 1332 4002; x_wconf 87' lang='grc' dir='ltr'><strong>εει</strong></span> <span class='ocrx_word' id='word_1_574' title='bbox 1368 3961 1397 4000; x_wconf 87' lang='lat' dir='ltr'><strong>a</strong></span> <span class='ocrx_word' id='word_1_575' title='bbox 1424 3946 1645 4010; x_wconf 60' lang='lat' dir='ltr'><strong>Iudaeis,</strong></span> <span class='ocrx_word' id='word_1_576' title='bbox 1674 3946 1765 4014; x_wconf 92' lang='lat' dir='ltr'><strong>qui</strong></span> <span class='ocrx_word' id='word_1_577' title='bbox 1797 3955 1921 4000; x_wconf 88' lang='lat' dir='ltr'><strong>sunt</strong></span> <span class='ocrx_word' id='word_1_578' title='bbox 1969 3945 2071 3999; x_wconf 91' lang='lat' dir='ltr'><strong>ini-</strong></span> 
     </span>
    </p>
   </div>
   <div class='ocr_carea' id='block_1_71' title="bbox 485 4032 2071 4105">
    <p class='ocr_par' dir='ltr' id='par_1_71' title="bbox 485 4032 2071 4105">
     <span class='ocr_line' id='line_1_71' title="bbox 485 4032 2071 4105; baseline -0.001 -12"><span class='ocrx_word' id='word_1_579' title='bbox 485 4040 614 4093; x_wconf 87' lang='lat' dir='ltr'><strong>mici</strong></span> <span class='ocrx_word' id='word_1_580' title='bbox 647 4059 664 4089; x_wconf 77' lang='grc' dir='ltr'><strong>ι</strong></span> <span class='ocrx_word' id='word_1_581' title='bbox 701 4053 898 4092; x_wconf 89' lang='lat' dir='ltr'><strong>manus</strong></span> <span class='ocrx_word' id='word_1_582' title='bbox 921 4046 1048 4101; x_wconf 71' lang='lat' dir='ltr'><strong>tum,</strong></span> <span class='ocrx_word' id='word_1_583' title='bbox 1082 4057 1100 4087; x_wconf 85' lang='grc'><strong>›</strong></span> <span class='ocrx_word' id='word_1_584' title='bbox 1131 4036 1186 4089; x_wconf 91' lang='lat' dir='ltr'><strong>id</strong></span> <span class='ocrx_word' id='word_1_585' title='bbox 1213 4045 1295 4091; x_wconf 90' lang='lat' dir='ltr'><strong>est</strong></span> <span class='ocrx_word' id='word_1_586' title='bbox 1319 4035 1650 4105; x_wconf 89' lang='lat' dir='ltr'><strong>operationis</strong></span> <span class='ocrx_word' id='word_1_587' title='bbox 1674 4043 1797 4089; x_wconf 71' lang='lat' dir='ltr'><strong>tuzc.</strong></span> <span class='ocrx_word' id='word_1_588' title='bbox 1817 4032 2071 4104; x_wconf 83' lang='lat' dir='ltr'><strong>Operatio</strong></span> 
     </span>
    </p>
   </div>
   <div class='ocr_carea' id='block_1_72' title="bbox 485 4125 1561 4198">
    <p class='ocr_par' dir='ltr' id='par_1_72' title="bbox 485 4125 1561 4198">
     <span class='ocr_line' id='line_1_72' title="bbox 485 4125 1561 4198; baseline -0.003 -13"><span class='ocrx_word' id='word_1_589' title='bbox 485 4130 583 4185; x_wconf 86' lang='lat' dir='ltr'><strong>Dei</strong></span> <span class='ocrx_word' id='word_1_590' title='bbox 615 4138 732 4184; x_wconf 90' lang='lat' dir='ltr'><strong>erat</strong></span> <span class='ocrx_word' id='word_1_591' title='bbox 759 4131 1052 4183; x_wconf 89' lang='lat' dir='ltr'><strong>humanum</strong></span> <span class='ocrx_word' id='word_1_592' title='bbox 1076 4142 1243 4198; x_wconf 85' lang='lat' dir='ltr'><strong>genus</strong></span> <span class='ocrx_word' id='word_1_593' title='bbox 1276 4125 1561 4182; x_wconf 86' lang='lat' dir='ltr'><strong>redimere.</strong></span> 
     </span>
    </p>
   </div>
   <div class='ocr_carea' id='block_1_73' title="bbox 559 4218 2070 4289">
    <p class='ocr_par' dir='ltr' id='par_1_73' title="bbox 559 4218 2070 4289">
     <span class='ocr_line' id='line_1_73' title="bbox 559 4218 2070 4289; baseline -0.001 -14"><span class='ocrx_word' id='word_1_594' title='bbox 559 4220 853 4289; x_wconf 87' lang='lat' dir='ltr'><strong>Supplanta</strong></span> <span class='ocrx_word' id='word_1_595' title='bbox 875 4220 976 4275; x_wconf 92' lang='lat' dir='ltr'><strong>hoc</strong></span> <span class='ocrx_word' id='word_1_596' title='bbox 1004 4219 1162 4274; x_wconf 91' lang='lat' dir='ltr'><strong>modo</strong></span> <span class='ocrx_word' id='word_1_597' title='bbox 1189 4237 1208 4270; x_wconf 72' lang='grc' dir='ltr'>ί</span> <span class='ocrx_word' id='word_1_598' title='bbox 1239 4218 1419 4274; x_wconf 89' lang='lat' dir='ltr'><strong>divide</strong></span> <span class='ocrx_word' id='word_1_599' title='bbox 1436 4234 1553 4284; x_wconf 90' lang='lat' dir='ltr'><strong>eos,</strong></span> <span class='ocrx_word' id='word_1_600' title='bbox 1580 4219 1821 4282; x_wconf 88' lang='lat' dir='ltr'><strong>Domine,</strong></span> <span class='ocrx_word' id='word_1_601' title='bbox 1838 4219 1906 4274; x_wconf 88' lang='lat' dir='ltr'><strong>de</strong></span> <span class='ocrx_word' id='word_1_602' title='bbox 1928 4225 2070 4273; x_wconf 87' lang='lat' dir='ltr'><strong>terra</strong></span> 
     </span>
    </p>
   </div>
   <div class='ocr_carea' id='block_1_74' title="bbox 487 4309 2073 4377">
    <p class='ocr_par' dir='ltr' id='par_1_74' title="bbox 487 4309 2073 4377">
     <span class='ocr_line' id='line_1_74' title="bbox 487 4309 2073 4377; baseline 0.001 -12"><span class='ocrx_word' id='word_1_603' title='bbox 487 4327 583 4366; x_wconf 88' lang='lat' dir='ltr'><strong>sua</strong></span> <span class='ocrx_word' id='word_1_604' title='bbox 610 4311 663 4364; x_wconf 91' lang='lat' dir='ltr'><strong>in</strong></span> <span class='ocrx_word' id='word_1_605' title='bbox 688 4311 797 4364; x_wconf 88' lang='lat' dir='ltr'><strong>vita</strong></span> <span class='ocrx_word' id='word_1_606' title='bbox 830 4325 947 4377; x_wconf 91' lang='lat' dir='ltr'><strong>sua,</strong></span> <span class='ocrx_word' id='word_1_607' title='bbox 981 4329 998 4362; x_wconf 75' lang='grc' dir='ltr'><strong>ι</strong></span> <span class='ocrx_word' id='word_1_608' title='bbox 1030 4309 1084 4365; x_wconf 89' lang='lat' dir='ltr'><strong>id</strong></span> <span class='ocrx_word' id='word_1_609' title='bbox 1110 4319 1213 4374; x_wconf 90' lang='lat' dir='ltr'><strong>est,</strong></span> <span class='ocrx_word' id='word_1_610' title='bbox 1238 4310 1293 4364; x_wconf 92' lang='lat' dir='ltr'><strong>in</strong></span> <span class='ocrx_word' id='word_1_611' title='bbox 1315 4310 1425 4364; x_wconf 88' lang='lat' dir='ltr'><strong>vita</strong></span> <span class='ocrx_word' id='word_1_612' title='bbox 1451 4322 1659 4365; x_wconf 88' lang='lat' dir='ltr'><strong>eorum.</strong></span> <span class='ocrx_word' id='word_1_613' title='bbox 1706 4309 1831 4365; x_wconf 65' lang='lat' dir='ltr'><strong>lla‘c</strong></span> <span class='ocrx_word' id='word_1_614' title='bbox 1879 4311 2073 4366; x_wconf 79' lang='lat' dir='ltr'><strong>divisio</strong></span> 
     </span>
    </p>
   </div>
   <div class='ocr_carea' id='block_1_75' title="bbox 485 4400 2073 4471">
    <p class='ocr_par' dir='ltr' id='par_1_75' title="bbox 485 4400 2073 4471">
     <span class='ocr_line' id='line_1_75' title="bbox 485 4400 2073 4471; baseline 0.002 -16"><span class='ocrx_word' id='word_1_615' title='bbox 485 4402 630 4456; x_wconf 83' lang='lat' dir='ltr'><strong>facta</strong></span> <span class='ocrx_word' id='word_1_616' title='bbox 672 4411 754 4457; x_wconf 89' lang='grc' dir='ltr'><strong>εει</strong></span> <span class='ocrx_word' id='word_1_617' title='bbox 786 4403 840 4457; x_wconf 94' lang='lat' dir='ltr'><strong>in</strong></span> <span class='ocrx_word' id='word_1_618' title='bbox 884 4400 1253 4457; x_wconf 59' lang='lat' dir='ltr'><strong>destructione</strong></span> <span class='ocrx_word' id='word_1_619' title='bbox 1306 4400 1641 4456; x_wconf 81' lang='lat' dir='ltr'><strong>Hierusalem</strong></span> <span class='ocrx_word' id='word_1_620' title='bbox 1691 4417 1788 4471; x_wconf 85' lang='lat' dir='ltr'><strong>per</strong></span> <span class='ocrx_word' id='word_1_621' title='bbox 1810 4400 1990 4456; x_wconf 84' lang='lat' dir='ltr'><strong>Titum</strong></span> <span class='ocrx_word' id='word_1_622' title='bbox 2018 4412 2073 4458; x_wconf 91' lang='lat' dir='ltr'><strong>et</strong></span> 
     </span>
    </p>
   </div>
   <div class='ocr_carea' id='block_1_76' title="bbox 484 4489 2071 4566">
    <p class='ocr_par' dir='ltr' id='par_1_76' title="bbox 484 4489 2071 4566">
     <span class='ocr_line' id='line_1_76' title="bbox 484 4489 2071 4566; baseline -0.002 -15"><span class='ocrx_word' id='word_1_623' title='bbox 484 4495 901 4566; x_wconf 66' lang='lat' dir='ltr'><strong>Vespasianum,</strong></span> <span class='ocrx_word' id='word_1_624' title='bbox 923 4509 1045 4564; x_wconf 61' lang='lat' dir='ltr'><strong>qua}</strong></span> <span class='ocrx_word' id='word_1_625' title='bbox 1064 4491 1364 4549; x_wconf 87' lang='lat' dir='ltr'><strong>viventibus</strong></span> <span class='ocrx_word' id='word_1_626' title='bbox 1381 4489 1583 4547; x_wconf 76' lang='lat' dir='ltr'><strong>Judzeis</strong></span> <span class='ocrx_word' id='word_1_627' title='bbox 1603 4492 1801 4547; x_wconf 85' lang='lat' dir='ltr'><strong>evenit.</strong></span> <span class='ocrx_word' id='word_1_628' title='bbox 1836 4512 1854 4543; x_wconf 84' lang='grc'><strong>‹</strong></span> <span class='ocrx_word' id='word_1_629' title='bbox 1887 4491 2071 4549; x_wconf 88' lang='lat' dir='ltr'><strong>Divide</strong></span> 
     </span>
    </p>
   </div>
   <div class='ocr_carea' id='block_1_77' title="bbox 486 4580 2069 4651">
    <p class='ocr_par' dir='ltr' id='par_1_77' title="bbox 486 4580 2069 4651">
     <span class='ocr_line' id='line_1_77' title="bbox 486 4580 2069 4651; baseline 0.001 -14"><span class='ocrx_word' id='word_1_630' title='bbox 486 4584 606 4639; x_wconf 88' lang='lat' dir='ltr'><strong>illos</strong></span> <span class='ocrx_word' id='word_1_631' title='bbox 635 4604 653 4635; x_wconf 75' lang='grc' dir='ltr'><strong>ι</strong></span> <span class='ocrx_word' id='word_1_632' title='bbox 684 4584 825 4649; x_wconf 88' lang='lat' dir='ltr'><strong>dico,</strong></span> <span class='ocrx_word' id='word_1_633' title='bbox 855 4590 1092 4640; x_wconf 90' lang='lat' dir='ltr'><strong>remotos</strong></span> <span class='ocrx_word' id='word_1_634' title='bbox 1124 4602 1142 4633; x_wconf 72' lang='grc' dir='ltr'><strong>ε</strong></span> <span class='ocrx_word' id='word_1_635' title='bbox 1178 4599 1208 4636; x_wconf 92' lang='lat' dir='ltr'><strong>a</strong></span> <span class='ocrx_word' id='word_1_636' title='bbox 1236 4580 1441 4651; x_wconf 83' lang='lat' dir='ltr'><strong>paucis,</strong></span> <span class='ocrx_word' id='word_1_637' title='bbox 1485 4601 1504 4634; x_wconf 73' lang='grc' dir='ltr'><strong>ι</strong></span> <span class='ocrx_word' id='word_1_638' title='bbox 1541 4581 1594 4635; x_wconf 91' lang='lat' dir='ltr'><strong>id</strong></span> <span class='ocrx_word' id='word_1_639' title='bbox 1642 4589 1744 4645; x_wconf 85' lang='lat' dir='ltr'><strong>est,</strong></span> <span class='ocrx_word' id='word_1_640' title='bbox 1790 4582 2069 4650; x_wconf 89' lang='lat' dir='ltr'><strong>apostolis.</strong></span> 
     </span>
    </p>
   </div>
   <div class='ocr_carea' id='block_1_78' title="bbox 2176 3384 3768 3467">
    <p class='ocr_par' dir='ltr' id='par_1_78' title="bbox 2176 3384 3768 3467">
     <span class='ocr_line' id='line_1_78' title="bbox 2176 3384 3768 3467; baseline -0.002 -13"><span class='ocrx_word' id='word_1_641' title='bbox 2176 3398 2459 3464; x_wconf 89' lang='lat' dir='ltr'><strong>scriberet,</strong></span> <span class='ocrx_word' id='word_1_642' title='bbox 2493 3398 2589 3454; x_wconf 88' lang='lat' dir='ltr'><strong>sed</strong></span> <span class='ocrx_word' id='word_1_643' title='bbox 2634 3399 2758 3467; x_wconf 88' lang='lat' dir='ltr'><strong>quia</strong></span> <span class='ocrx_word' id='word_1_644' title='bbox 2809 3399 3025 3454; x_wconf 87' lang='lat' dir='ltr'><strong>videbat</strong></span> <span class='ocrx_word' id='word_1_645' title='bbox 3053 3384 3332 3455; x_wconf 73' lang='lat' dir='ltr'><strong>Christum</strong></span> <span class='ocrx_word' id='word_1_646' title='bbox 3380 3413 3504 3454; x_wconf 88' lang='lat' dir='ltr'><strong>esse</strong></span> <span class='ocrx_word' id='word_1_647' title='bbox 3535 3398 3768 3453; x_wconf 82' lang='lat' dir='ltr'><strong>liberan-</strong></span> 
     </span>
    </p>
   </div>
   <div class='ocr_carea' id='block_1_79' title="bbox 2174 3488 3767 3559">
    <p class='ocr_par' dir='ltr' id='par_1_79' title="bbox 2174 3488 3767 3559">
     <span class='ocr_line' id='line_1_79' title="bbox 2174 3488 3767 3559; baseline -0.003 -14"><span class='ocrx_word' id='word_1_648' title='bbox 2174 3490 2303 3545; x_wconf 89' lang='lat' dir='ltr'><strong>dum</strong></span> <span class='ocrx_word' id='word_1_649' title='bbox 2328 3490 2397 3545; x_wconf 91' lang='lat' dir='ltr'><strong>ab</strong></span> <span class='ocrx_word' id='word_1_650' title='bbox 2427 3490 2702 3546; x_wconf 88' lang='lat' dir='ltr'><strong>inimicis:</strong></span> <span class='ocrx_word' id='word_1_651' title='bbox 2728 3491 2871 3545; x_wconf 90' lang='lat' dir='ltr'><strong>unde</strong></span> <span class='ocrx_word' id='word_1_652' title='bbox 2921 3491 3157 3546; x_wconf 77' lang='lat' dir='ltr'><strong>maxime</strong></span> <span class='ocrx_word' id='word_1_653' title='bbox 3193 3488 3573 3545; x_wconf 86' lang='lat' dir='ltr'><strong>exsultandum</strong></span> <span class='ocrx_word' id='word_1_654' title='bbox 3615 3498 3767 3559; x_wconf 85' lang='lat' dir='ltr'><strong>puta-</strong></span> 
     </span>
    </p>
   </div>
   <div class='ocr_carea' id='block_1_80' title="bbox 2174 3580 3765 3654">
    <p class='ocr_par' dir='ltr' id='par_1_80' title="bbox 2174 3580 3765 3654">
     <span class='ocr_line' id='line_1_80' title="bbox 2174 3580 3765 3654; baseline -0.003 -16"><span class='ocrx_word' id='word_1_655' title='bbox 2174 3583 2302 3649; x_wconf 83' lang='lat' dir='ltr'><strong>bat;</strong></span> <span class='ocrx_word' id='word_1_656' title='bbox 2350 3598 2461 3638; x_wconf 90' lang='lat' dir='ltr'><strong>non</strong></span> <span class='ocrx_word' id='word_1_657' title='bbox 2504 3582 2678 3638; x_wconf 90' lang='lat' dir='ltr'><strong>solum</strong></span> <span class='ocrx_word' id='word_1_658' title='bbox 2725 3584 2866 3638; x_wconf 88' lang='lat' dir='ltr'><strong>enim</strong></span> <span class='ocrx_word' id='word_1_659' title='bbox 2910 3599 3192 3654; x_wconf 87' lang='lat' dir='ltr'><strong>personam</strong></span> <span class='ocrx_word' id='word_1_660' title='bbox 3237 3581 3459 3647; x_wconf 87' lang='lat' dir='ltr'><strong>Christi,</strong></span> <span class='ocrx_word' id='word_1_661' title='bbox 3488 3582 3584 3637; x_wconf 88' lang='lat' dir='ltr'><strong>sed</strong></span> <span class='ocrx_word' id='word_1_662' title='bbox 3612 3580 3765 3636; x_wconf 53' lang='lat' dir='ltr'><strong>Chri-</strong></span> 
     </span>
    </p>
   </div>
   <div class='ocr_carea' id='block_1_81' title="bbox 2173 3673 3764 3743">
    <p class='ocr_par' dir='ltr' id='par_1_81' title="bbox 2173 3673 3764 3743">
     <span class='ocr_line' id='line_1_81' title="bbox 2173 3673 3764 3743; baseline -0.002 -17"><span class='ocrx_word' id='word_1_663' title='bbox 2173 3682 2317 3727; x_wconf 89' lang='lat' dir='ltr'><strong>stum</strong></span> <span class='ocrx_word' id='word_1_664' title='bbox 2347 3687 2467 3726; x_wconf 90' lang='lat' dir='ltr'><strong>cum</strong></span> <span class='ocrx_word' id='word_1_665' title='bbox 2494 3682 2605 3727; x_wconf 92' lang='lat' dir='ltr'><strong>toto</strong></span> <span class='ocrx_word' id='word_1_666' title='bbox 2629 3688 2878 3742; x_wconf 86' lang='lat' dir='ltr'><strong>corpore,</strong></span> <span class='ocrx_word' id='word_1_667' title='bbox 2908 3681 2960 3727; x_wconf 86' lang='lat' dir='ltr'><strong>et</strong></span> <span class='ocrx_word' id='word_1_668' title='bbox 2992 3680 3117 3727; x_wconf 89' lang='lat' dir='ltr'><strong>ante</strong></span> <span class='ocrx_word' id='word_1_669' title='bbox 3163 3674 3335 3743; x_wconf 88' lang='lat' dir='ltr'><strong>ipsum</strong></span> <span class='ocrx_word' id='word_1_670' title='bbox 3364 3673 3675 3736; x_wconf 87' lang='lat' dir='ltr'><strong>adventum,</strong></span> <span class='ocrx_word' id='word_1_671' title='bbox 3712 3681 3764 3724; x_wconf 89' lang='lat' dir='ltr'><strong>et</strong></span> 
     </span>
    </p>
   </div>
   <div class='ocr_carea' id='block_1_82' title="bbox 2173 3762 3759 3834">
    <p class='ocr_par' dir='ltr' id='par_1_82' title="bbox 2173 3762 3759 3834">
     <span class='ocr_line' id='line_1_82' title="bbox 2173 3762 3759 3834; baseline -0.003 -15"><span class='ocrx_word' id='word_1_672' title='bbox 2173 3771 2312 3834; x_wconf 87' lang='lat' dir='ltr'><strong>post.</strong></span> <span class='ocrx_word' id='word_1_673' title='bbox 2341 3764 2515 3819; x_wconf 81' lang='lat' dir='ltr'><strong>Verba</strong></span> <span class='ocrx_word' id='word_1_674' title='bbox 2545 3765 2739 3819; x_wconf 88' lang='lat' dir='ltr'><strong>cantici</strong></span> <span class='ocrx_word' id='word_1_675' title='bbox 2769 3762 2946 3832; x_wconf 88' lang='lat' dir='ltr'><strong>hujus,</strong></span> <span class='ocrx_word' id='word_1_676' title='bbox 2980 3763 3032 3818; x_wconf 90' lang='lat' dir='ltr'><strong>id</strong></span> <span class='ocrx_word' id='word_1_677' title='bbox 3058 3772 3141 3820; x_wconf 93' lang='grc' dir='ltr'><strong>εει</strong></span> <span class='ocrx_word' id='word_1_678' title='bbox 3166 3765 3331 3819; x_wconf 81' lang='lat' dir='ltr'><strong>verba</strong></span> <span class='ocrx_word' id='word_1_679' title='bbox 3380 3763 3540 3832; x_wconf 88' lang='lat' dir='ltr'><strong>hujus</strong></span> <span class='ocrx_word' id='word_1_680' title='bbox 3564 3762 3759 3833; x_wconf 89' lang='lat' dir='ltr'><strong>psalmi</strong></span> 
     </span>
    </p>
   </div>
   <div class='ocr_carea' id='block_1_83' title="bbox 2171 3858 3750 3929">
    <p class='ocr_par' dir='ltr' id='par_1_83' title="bbox 2171 3858 3750 3929">
     <span class='ocr_line' id='line_1_83' title="bbox 2171 3858 3750 3929; baseline -0.001 -18"><span class='ocrx_word' id='word_1_681' title='bbox 2171 3873 2292 3929; x_wconf 71' lang='lat' dir='ltr'><strong>qua:</strong></span> <span class='ocrx_word' id='word_1_682' title='bbox 2320 3866 2487 3929; x_wconf 85' lang='lat' dir='ltr'><strong>agunt</strong></span> <span class='ocrx_word' id='word_1_683' title='bbox 2520 3860 2585 3913; x_wconf 87' lang='lat' dir='ltr'><strong>de</strong></span> <span class='ocrx_word' id='word_1_684' title='bbox 2616 3859 3004 3929; x_wconf 85' lang='lat' dir='ltr'><strong>spiritualibus,</strong></span> <span class='ocrx_word' id='word_1_685' title='bbox 3054 3860 3118 3914; x_wconf 89' lang='lat' dir='ltr'><strong>de</strong></span> <span class='ocrx_word' id='word_1_686' title='bbox 3159 3858 3356 3928; x_wconf 79' lang='lat' dir='ltr'><strong>quibus</strong></span> <span class='ocrx_word' id='word_1_687' title='bbox 3378 3858 3750 3913; x_wconf 85' lang='lat' dir='ltr'><strong>exsultandum</strong></span> 
     </span>
    </p>
   </div>
   <div class='ocr_carea' id='block_1_84' title="bbox 2171 3948 3756 4019">
    <p class='ocr_par' dir='ltr' id='par_1_84' title="bbox 2171 3948 3756 4019">
     <span class='ocr_line' id='line_1_84' title="bbox 2171 3948 3756 4019; baseline -0.001 -16"><span class='ocrx_word' id='word_1_688' title='bbox 2171 3956 2278 4003; x_wconf 89' lang='lat' dir='ltr'><strong>est.</strong></span> <span class='ocrx_word' id='word_1_689' title='bbox 2316 3948 2644 4004; x_wconf 82' lang='lat' dir='ltr'><strong>Attribuitur</strong></span> <span class='ocrx_word' id='word_1_690' title='bbox 2667 3948 2858 4015; x_wconf 83' lang='lat' dir='ltr'><strong>David,</strong></span> <span class='ocrx_word' id='word_1_691' title='bbox 2890 3950 2942 4005; x_wconf 91' lang='lat' dir='ltr'><strong>id</strong></span> <span class='ocrx_word' id='word_1_692' title='bbox 2971 3958 3072 4016; x_wconf 86' lang='lat' dir='ltr'><strong>est,</strong></span> <span class='ocrx_word' id='word_1_693' title='bbox 3109 3950 3327 4005; x_wconf 84' lang='lat' dir='ltr'><strong>Christo</strong></span> <span class='ocrx_word' id='word_1_694' title='bbox 3350 3966 3536 4019; x_wconf 89' lang='lat' dir='ltr'><strong>puero,</strong></span> <span class='ocrx_word' id='word_1_695' title='bbox 3566 3948 3618 4003; x_wconf 88' lang='lat' dir='ltr'><strong>id</strong></span> <span class='ocrx_word' id='word_1_696' title='bbox 3645 3957 3756 4009; x_wconf 89' lang='lat' dir='ltr'><strong>est,</strong></span> 
     </span>
    </p>
   </div>
   <div class='ocr_carea' id='block_1_85' title="bbox 2171 4038 3761 4111">
    <p class='ocr_par' dir='ltr' id='par_1_85' title="bbox 2171 4038 3761 4111">
     <span class='ocr_line' id='line_1_85' title="bbox 2171 4038 3761 4111; baseline -0.001 -18"><span class='ocrx_word' id='word_1_697' title='bbox 2171 4051 2329 4093; x_wconf 80' lang='lat' dir='ltr'><strong>servo</strong></span> <span class='ocrx_word' id='word_1_698' title='bbox 2358 4038 2593 4103; x_wconf 88' lang='lat' dir='ltr'><strong>Domini,</strong></span> <span class='ocrx_word' id='word_1_699' title='bbox 2645 4052 2813 4108; x_wconf 90' lang='lat' dir='ltr'><strong>quem</strong></span> <span class='ocrx_word' id='word_1_700' title='bbox 2862 4041 3001 4095; x_wconf 85' lang='lat' dir='ltr'><strong>bene</strong></span> <span class='ocrx_word' id='word_1_701' title='bbox 3047 4056 3143 4110; x_wconf 88' lang='lat' dir='ltr'><strong>per</strong></span> <span class='ocrx_word' id='word_1_702' title='bbox 3193 4055 3419 4109; x_wconf 89' lang='lat' dir='ltr'><strong>puerum</strong></span> <span class='ocrx_word' id='word_1_703' title='bbox 3473 4038 3761 4111; x_wconf 78' lang='lat' dir='ltr'><strong>significat,</strong></span> 
     </span>
    </p>
   </div>
   <div class='ocr_carea' id='block_1_86' title="bbox 2172 4128 3758 4201">
    <p class='ocr_par' dir='ltr' id='par_1_86' title="bbox 2172 4128 3758 4201">
     <span class='ocr_line' id='line_1_86' title="bbox 2172 4128 3758 4201; baseline 0.003 -19"><span class='ocrx_word' id='word_1_704' title='bbox 2172 4128 2299 4199; x_wconf 89' lang='lat' dir='ltr'><strong>quia</strong></span> <span class='ocrx_word' id='word_1_705' title='bbox 2340 4128 2392 4183; x_wconf 92' lang='lat' dir='ltr'><strong>in</strong></span> <span class='ocrx_word' id='word_1_706' title='bbox 2421 4129 2654 4198; x_wconf 89' lang='lat' dir='ltr'><strong>puritate</strong></span> <span class='ocrx_word' id='word_1_707' title='bbox 2709 4139 2763 4185; x_wconf 92' lang='lat' dir='ltr'><strong>et</strong></span> <span class='ocrx_word' id='word_1_708' title='bbox 2817 4131 3165 4201; x_wconf 88' lang='lat' dir='ltr'><strong>simplicitate</strong></span> <span class='ocrx_word' id='word_1_709' title='bbox 3224 4132 3450 4187; x_wconf 84' lang='lat' dir='ltr'><strong>servivit</strong></span> <span class='ocrx_word' id='word_1_710' title='bbox 3514 4131 3758 4187; x_wconf 91' lang='lat' dir='ltr'><strong>Domino.</strong></span> 
     </span>
    </p>
   </div>
   <div class='ocr_carea' id='block_1_87' title="bbox 2174 4222 3762 4296">
    <p class='ocr_par' dir='ltr' id='par_1_87' title="bbox 2174 4222 3762 4296">
     <span class='ocr_line' id='line_1_87' title="bbox 2174 4222 3762 4296; baseline 0.001 -21"><span class='ocrx_word' id='word_1_711' title='bbox 2174 4222 2311 4276; x_wconf 90' lang='lat' dir='ltr'><strong>Sunt</strong></span> <span class='ocrx_word' id='word_1_712' title='bbox 2358 4223 2501 4276; x_wconf 90' lang='lat' dir='ltr'><strong>enim</strong></span> <span class='ocrx_word' id='word_1_713' title='bbox 2546 4223 2767 4294; x_wconf 88' lang='lat' dir='ltr'><strong>quidam</strong></span> <span class='ocrx_word' id='word_1_714' title='bbox 2812 4225 2954 4278; x_wconf 90' lang='lat' dir='ltr'><strong>servi</strong></span> <span class='ocrx_word' id='word_1_715' title='bbox 3000 4225 3090 4296; x_wconf 90' lang='lat' dir='ltr'><strong>qui</strong></span> <span class='ocrx_word' id='word_1_716' title='bbox 3135 4241 3241 4279; x_wconf 91' lang='lat' dir='ltr'><strong>non</strong></span> <span class='ocrx_word' id='word_1_717' title='bbox 3288 4225 3548 4281; x_wconf 88' lang='lat' dir='ltr'><strong>dicuntur</strong></span> <span class='ocrx_word' id='word_1_718' title='bbox 3586 4223 3762 4295; x_wconf 89' lang='lat' dir='ltr'><strong>pueri,</strong></span> 
     </span>
    </p>
   </div>
   <div class='ocr_carea' id='block_1_88' title="bbox 2174 4312 3763 4386">
    <p class='ocr_par' dir='ltr' id='par_1_88' title="bbox 2174 4312 3763 4386">
     <span class='ocr_line' id='line_1_88' title="bbox 2174 4312 3763 4386; baseline 0.001 -19"><span class='ocrx_word' id='word_1_719' title='bbox 2174 4312 2247 4367; x_wconf 89' lang='lat' dir='ltr'><strong>illi</strong></span> <span class='ocrx_word' id='word_1_720' title='bbox 2270 4313 2495 4378; x_wconf 88' lang='lat' dir='ltr'><strong>scilicet,</strong></span> <span class='ocrx_word' id='word_1_721' title='bbox 2533 4315 2623 4384; x_wconf 84' lang='lat' dir='ltr'><strong>qui</strong></span> <span class='ocrx_word' id='word_1_722' title='bbox 2649 4331 2746 4385; x_wconf 92' lang='lat' dir='ltr'><strong>pro</strong></span> <span class='ocrx_word' id='word_1_723' title='bbox 2767 4316 2960 4371; x_wconf 90' lang='lat' dir='ltr'><strong>timore</strong></span> <span class='ocrx_word' id='word_1_724' title='bbox 2986 4331 3177 4385; x_wconf 73' lang='lat' dir='ltr'><strong>pmnaz,</strong></span> <span class='ocrx_word' id='word_1_725' title='bbox 3205 4315 3287 4371; x_wconf 90' lang='lat' dir='ltr'><strong>vel</strong></span> <span class='ocrx_word' id='word_1_726' title='bbox 3321 4330 3418 4386; x_wconf 89' lang='lat' dir='ltr'><strong>spe</strong></span> <span class='ocrx_word' id='word_1_727' title='bbox 3448 4314 3763 4386; x_wconf 85' lang='lat' dir='ltr'><strong>temporalis</strong></span> 
     </span>
    </p>
   </div>
   <div class='ocr_carea' id='block_1_89' title="bbox 2174 4404 3761 4478">
    <p class='ocr_par' dir='ltr' id='par_1_89' title="bbox 2174 4404 3761 4478">
     <span class='ocr_line' id='line_1_89' title="bbox 2174 4404 3761 4478; baseline 0 -19"><span class='ocrx_word' id='word_1_728' title='bbox 2174 4404 2438 4459; x_wconf 86' lang='lat' dir='ltr'><strong>mercedis</strong></span> <span class='ocrx_word' id='word_1_729' title='bbox 2466 4404 2707 4460; x_wconf 88' lang='lat' dir='ltr'><strong>Dominis</strong></span> <span class='ocrx_word' id='word_1_730' title='bbox 2746 4406 3014 4461; x_wconf 87' lang='lat' dir='ltr'><strong>serviunt.</strong></span> <span class='ocrx_word' id='word_1_731' title='bbox 3065 4407 3122 4461; x_wconf 90' lang='lat' dir='ltr'><strong>Si</strong></span> <span class='ocrx_word' id='word_1_732' title='bbox 3168 4405 3397 4461; x_wconf 75' lang='lat' dir='ltr'><strong>dixisset</strong></span> <span class='ocrx_word' id='word_1_733' title='bbox 3442 4406 3761 4478; x_wconf 90' lang='lat' dir='ltr'><strong>simpliciter</strong></span> 
     </span>
    </p>
   </div>
   <div class='ocr_carea' id='block_1_90' title="bbox 2172 4495 3762 4568">
    <p class='ocr_par' dir='ltr' id='par_1_90' title="bbox 2172 4495 3762 4568">
     <span class='ocr_line' id='line_1_90' title="bbox 2172 4495 3762 4568; baseline 0.004 -20"><span class='ocrx_word' id='word_1_734' title='bbox 2172 4509 2341 4565; x_wconf 91' lang='lat' dir='ltr'><strong>puero</strong></span> <span class='ocrx_word' id='word_1_735' title='bbox 2369 4495 2556 4561; x_wconf 90' lang='lat' dir='ltr'><strong>David,</strong></span> <span class='ocrx_word' id='word_1_736' title='bbox 2579 4505 2762 4565; x_wconf 88' lang='lat' dir='ltr'><strong>posset</strong></span> <span class='ocrx_word' id='word_1_737' title='bbox 2791 4496 3011 4568; x_wconf 84' lang='lat' dir='ltr'><strong>intelligi</strong></span> <span class='ocrx_word' id='word_1_738' title='bbox 3042 4496 3109 4553; x_wconf 89' lang='lat' dir='ltr'><strong>de</strong></span> <span class='ocrx_word' id='word_1_739' title='bbox 3133 4497 3401 4553; x_wconf 81' lang='lat' dir='ltr'><strong>historiali</strong></span> <span class='ocrx_word' id='word_1_740' title='bbox 3432 4497 3606 4553; x_wconf 82' lang='lat' dir='ltr'><strong>David</strong></span> <span class='ocrx_word' id='word_1_741' title='bbox 3628 4539 3644 4565; x_wconf 95' lang='lat'><strong>,</strong></span> <span class='ocrx_word' id='word_1_742' title='bbox 3669 4498 3762 4553; x_wconf 84' lang='lat' dir='ltr'><strong>sed</strong></span> 
     </span>
    </p>
   </div>
   <div class='ocr_carea' id='block_1_91' title="bbox 2176 4584 3763 4660">
    <p class='ocr_par' dir='ltr' id='par_1_91' title="bbox 2176 4584 3763 4660">
     <span class='ocr_line' id='line_1_91' title="bbox 2176 4584 3763 4660; baseline 0.004 -21"><span class='ocrx_word' id='word_1_743' title='bbox 2176 4584 2375 4641; x_wconf 87' lang='lat' dir='ltr'><strong>Esdras</strong></span> <span class='ocrx_word' id='word_1_744' title='bbox 2411 4601 2506 4656; x_wconf 89' lang='lat' dir='ltr'><strong>per</strong></span> <span class='ocrx_word' id='word_1_745' title='bbox 2535 4585 2799 4656; x_wconf 89' lang='lat' dir='ltr'><strong>Spiritum</strong></span> <span class='ocrx_word' id='word_1_746' title='bbox 2830 4596 3080 4642; x_wconf 84' lang='lat' dir='ltr'><strong>sanctum</strong></span> <span class='ocrx_word' id='word_1_747' title='bbox 3126 4587 3432 4660; x_wconf 82' lang='lat' dir='ltr'><strong>intelligens</strong></span> <span class='ocrx_word' id='word_1_748' title='bbox 3482 4590 3586 4646; x_wconf 91' lang='lat' dir='ltr'><strong>hoc</strong></span> <span class='ocrx_word' id='word_1_749' title='bbox 3644 4604 3763 4645; x_wconf 82' lang='lat' dir='ltr'><strong>esse</strong></span> 
     </span>
    </p>
   </div>
   <div class='ocr_carea' id='block_1_92' title="bbox 487 4650 3762 4751">
    <p class='ocr_par' dir='ltr' id='par_1_92' title="bbox 487 4650 3762 4751">
     <span class='ocr_line' id='line_1_92' title="bbox 487 4650 3762 4751; baseline 0.004 -26"><span class='ocrx_word' id='word_1_750' title='bbox 487 4674 585 4730; x_wconf 76' lang='lat' dir='ltr'><strong>Vel</strong></span> <span class='ocrx_word' id='word_1_751' title='bbox 628 4689 827 4744; x_wconf 88' lang='lat' dir='ltr'><strong>paucos</strong></span> <span class='ocrx_word' id='word_1_752' title='bbox 855 4672 1217 4743; x_wconf 78' lang='lat' dir='ltr'><strong>intelligamus</strong></span> <span class='ocrx_word' id='word_1_753' title='bbox 1238 4650 1247 4651; x_wconf 16' lang='grc' dir='ltr'>ί</span> <span class='ocrx_word' id='word_1_754' title='bbox 1266 4687 1360 4728; x_wconf 89' lang='lat' dir='ltr'><strong>eos</strong></span> <span class='ocrx_word' id='word_1_755' title='bbox 1384 4672 1476 4742; x_wconf 90' lang='lat' dir='ltr'><strong>qui</strong></span> <span class='ocrx_word' id='word_1_756' title='bbox 1507 4671 1683 4742; x_wconf 86' lang='lat' dir='ltr'><strong>angeli</strong></span> <span class='ocrx_word' id='word_1_757' title='bbox 1707 4672 2074 4729; x_wconf 89' lang='lat' dir='ltr'><strong>admonitione</strong></span> <span class='ocrx_word' id='word_1_758' title='bbox 2102 4650 2150 4709; x_wconf 74' lang='grc' dir='ltr'><strong>Ῑ)</strong></span> <span class='ocrx_word' id='word_1_759' title='bbox 2176 4674 2379 4732; x_wconf 89' lang='lat' dir='ltr'><strong>dictum</strong></span> <span class='ocrx_word' id='word_1_760' title='bbox 2411 4650 2485 4733; x_wconf 30' lang='lat' dir='ltr'><strong>vde</strong></span> <span class='ocrx_word' id='word_1_761' title='bbox 2512 4650 2781 4748; x_wconf 80' lang='lat' dir='ltr'><strong>spirituali</strong></span> <span class='ocrx_word' id='word_1_762' title='bbox 2812 4678 3003 4746; x_wconf 83' lang='lat' dir='ltr'><strong>David,</strong></span> <span class='ocrx_word' id='word_1_763' title='bbox 3054 4650 3374 4751; x_wconf 68' lang='lat' dir='ltr'><strong>apponendo</strong></span> <span class='ocrx_word' id='word_1_764' title='bbox 3421 4681 3648 4746; x_wconf 89' lang='lat' dir='ltr'><strong>cantici,</strong></span> <span class='ocrx_word' id='word_1_765' title='bbox 3676 4694 3762 4737; x_wconf 82' lang='lat' dir='ltr'><strong>re—</strong></span> 
     </span>
    </p>
   </div>
   <div class='ocr_carea' id='block_1_93' title="bbox 487 4763 2072 4835">
    <p class='ocr_par' dir='ltr' id='par_1_93' title="bbox 487 4763 2072 4835">
     <span class='ocr_line' id='line_1_93' title="bbox 487 4763 2072 4835; baseline 0 -14"><span class='ocrx_word' id='word_1_766' title='bbox 487 4766 862 4821; x_wconf 85' lang='lat' dir='ltr'><strong>annuntiantis</strong></span> <span class='ocrx_word' id='word_1_767' title='bbox 892 4766 1315 4820; x_wconf 88' lang='lat' dir='ltr'><strong>destructionem</strong></span> <span class='ocrx_word' id='word_1_768' title='bbox 1356 4763 1710 4827; x_wconf 81' lang='lat' dir='ltr'><strong>Hierusalem,</strong></span> <span class='ocrx_word' id='word_1_769' title='bbox 1764 4764 1818 4819; x_wconf 90' lang='lat' dir='ltr'><strong>in</strong></span> <span class='ocrx_word' id='word_1_770' title='bbox 1851 4781 2072 4835; x_wconf 88' lang='lat' dir='ltr'><strong>regnum</strong></span> 
     </span>
    </p>
   </div>
   <div class='ocr_carea' id='block_1_94' title="bbox 484 4855 2073 4928">
    <p class='ocr_par' dir='ltr' id='par_1_94' title="bbox 484 4855 2073 4928">
     <span class='ocr_line' id='line_1_94' title="bbox 484 4855 2073 4928; baseline -0.001 -15"><span class='ocrx_word' id='word_1_771' title='bbox 484 4858 736 4928; x_wconf 79' lang='lat' dir='ltr'><strong>Agrippa:</strong></span> <span class='ocrx_word' id='word_1_772' title='bbox 758 4865 1115 4911; x_wconf 88' lang='lat' dir='ltr'><strong>secesserunt.</strong></span> <span class='ocrx_word' id='word_1_773' title='bbox 1162 4855 1231 4910; x_wconf 88' lang='lat' dir='ltr'><strong>Et</strong></span> <span class='ocrx_word' id='word_1_774' title='bbox 1259 4856 1454 4910; x_wconf 88' lang='lat' dir='ltr'><strong>merito</strong></span> <span class='ocrx_word' id='word_1_775' title='bbox 1476 4855 1706 4917; x_wconf 85' lang='lat' dir='ltr'><strong>divides,</strong></span> <span class='ocrx_word' id='word_1_776' title='bbox 1732 4856 1856 4925; x_wconf 88' lang='lat' dir='ltr'><strong>quia</strong></span> <span class='ocrx_word' id='word_1_777' title='bbox 1890 4876 1907 4906; x_wconf 78' lang='grc' dir='ltr'><strong>ι</strong></span> <span class='ocrx_word' id='word_1_778' title='bbox 1945 4872 2073 4911; x_wconf 84' lang='lat' dir='ltr'><strong>vcn-</strong></span> 
     </span>
    </p>
   </div>
   <div class='ocr_carea' id='block_1_95' title="bbox 486 4947 2072 5019">
    <p class='ocr_par' dir='ltr' id='par_1_95' title="bbox 486 4947 2072 5019">
     <span class='ocr_line' id='line_1_95' title="bbox 486 4947 2072 5019; baseline -0.001 -14"><span class='ocrx_word' id='word_1_779' title='bbox 486 4961 572 5005; x_wconf 89' lang='lat' dir='ltr'><strong>ter</strong></span> <span class='ocrx_word' id='word_1_780' title='bbox 589 4965 801 5015; x_wconf 89' lang='lat' dir='ltr'><strong>eorum,</strong></span> <span class='ocrx_word' id='word_1_781' title='bbox 823 4968 842 5002; x_wconf 74' lang='grc' dir='ltr'><strong>ι</strong></span> <span class='ocrx_word' id='word_1_782' title='bbox 870 4948 923 5003; x_wconf 84' lang='lat' dir='ltr'><strong>id</strong></span> <span class='ocrx_word' id='word_1_783' title='bbox 954 4957 1035 5003; x_wconf 86' lang='lat' dir='ltr'><strong>est</strong></span> <span class='ocrx_word' id='word_1_784' title='bbox 1066 4947 1359 5005; x_wconf 88' lang='lat' dir='ltr'><strong>carnalitas</strong></span> <span class='ocrx_word' id='word_1_785' title='bbox 1386 4962 1591 5011; x_wconf 88' lang='lat' dir='ltr'><strong>eorum,</strong></span> <span class='ocrx_word' id='word_1_786' title='bbox 1630 4966 1648 4998; x_wconf 76' lang='grc' dir='ltr'><strong>ι</strong></span> <span class='ocrx_word' id='word_1_787' title='bbox 1686 4956 1770 5003; x_wconf 87' lang='grc' dir='ltr'><strong>εει</strong></span> <span class='ocrx_word' id='word_1_788' title='bbox 1812 4949 2072 5019; x_wconf 85' lang='lat' dir='ltr'><strong>adimple-</strong></span> 
     </span>
    </p>
   </div>
   <div class='ocr_carea' id='block_1_96' title="bbox 487 5036 2073 5107">
    <p class='ocr_par' dir='ltr' id='par_1_96' title="bbox 487 5036 2073 5107">
     <span class='ocr_line' id='line_1_96' title="bbox 487 5036 2073 5107; baseline 0 -14"><span class='ocrx_word' id='word_1_789' title='bbox 487 5051 577 5095; x_wconf 86' lang='lat' dir='ltr'><strong>tus</strong></span> <span class='ocrx_word' id='word_1_790' title='bbox 616 5041 680 5095; x_wconf 89' lang='lat' dir='ltr'><strong>de</strong></span> <span class='ocrx_word' id='word_1_791' title='bbox 710 5038 1043 5094; x_wconf 87' lang='lat' dir='ltr'><strong>absconditis</strong></span> <span class='ocrx_word' id='word_1_792' title='bbox 1070 5036 1197 5101; x_wconf 90' lang='lat' dir='ltr'><strong>tuis,</strong></span> <span class='ocrx_word' id='word_1_793' title='bbox 1238 5056 1255 5087; x_wconf 79' lang='grc' dir='ltr'><strong>ι</strong></span> <span class='ocrx_word' id='word_1_794' title='bbox 1302 5036 1354 5091; x_wconf 90' lang='lat' dir='ltr'><strong>id</strong></span> <span class='ocrx_word' id='word_1_795' title='bbox 1401 5045 1486 5092; x_wconf 86' lang='lat' dir='ltr'><strong>est</strong></span> <span class='ocrx_word' id='word_1_796' title='bbox 1533 5037 1599 5091; x_wconf 89' lang='lat' dir='ltr'><strong>de</strong></span> <span class='ocrx_word' id='word_1_797' title='bbox 1646 5037 1905 5106; x_wconf 84' lang='lat' dir='ltr'><strong>pereatis,</strong></span> <span class='ocrx_word' id='word_1_798' title='bbox 1954 5053 2073 5107; x_wconf 68' lang='lat' dir='ltr'><strong>qua:</strong></span> 
     </span>
    </p>
   </div>
   <div class='ocr_carea' id='block_1_97' title="bbox 486 5128 2063 5199">
    <p class='ocr_par' dir='ltr' id='par_1_97' title="bbox 486 5128 2063 5199">
     <span class='ocr_line' id='line_1_97' title="bbox 486 5128 2063 5199; baseline 0.001 -16"><span class='ocrx_word' id='word_1_799' title='bbox 486 5132 583 5187; x_wconf 85' lang='lat' dir='ltr'><strong>tibi</strong></span> <span class='ocrx_word' id='word_1_800' title='bbox 615 5131 926 5185; x_wconf 85' lang='lat' dir='ltr'><strong>abscondita</strong></span> <span class='ocrx_word' id='word_1_801' title='bbox 956 5135 1104 5193; x_wconf 90' lang='lat' dir='ltr'><strong>sunt,</strong></span> <span class='ocrx_word' id='word_1_802' title='bbox 1136 5143 1242 5184; x_wconf 93' lang='lat' dir='ltr'><strong>non</strong></span> <span class='ocrx_word' id='word_1_803' title='bbox 1275 5128 1330 5182; x_wconf 94' lang='lat' dir='ltr'><strong>in</strong></span> <span class='ocrx_word' id='word_1_804' title='bbox 1373 5128 1699 5198; x_wconf 83' lang='lat' dir='ltr'><strong>cognitione,</strong></span> <span class='ocrx_word' id='word_1_805' title='bbox 1734 5128 1827 5184; x_wconf 90' lang='lat' dir='ltr'><strong>sed</strong></span> <span class='ocrx_word' id='word_1_806' title='bbox 1859 5129 1912 5183; x_wconf 89' lang='lat' dir='ltr'><strong>in</strong></span> <span class='ocrx_word' id='word_1_807' title='bbox 1942 5144 2063 5199; x_wconf 88' lang='lat' dir='ltr'><strong>per-</strong></span> 
     </span>
    </p>
   </div>
   <div class='ocr_carea' id='block_1_98' title="bbox 525 5222 812 5277">
    <p class='ocr_par' dir='ltr' id='par_1_98' title="bbox 525 5222 812 5277">
     <span class='ocr_line' id='line_1_98' title="bbox 525 5222 812 5277; baseline -0.014 -1"><span class='ocrx_word' id='word_1_808' title='bbox 525 5222 812 5277; x_wconf 84' lang='lat' dir='ltr'><strong>ctratioue.</strong></span> 
     </span>
    </p>
   </div>
   <div class='ocr_carea' id='block_1_99' title="bbox 486 5238 2070 5380">
    <p class='ocr_par' dir='ltr' id='par_1_99' title="bbox 486 5238 2070 5380">
     <span class='ocr_line' id='line_1_99' title="bbox 525 5238 812 5277; baseline -0.014 -1"><span class='ocrx_word' id='word_1_809' title='bbox 525 5238 812 5277; x_wconf 81' lang='lat' dir='ltr'><strong>etranone.</strong></span> 
     </span>
     <span class='ocr_line' id='line_1_100' title="bbox 486 5238 2070 5380; baseline -0.001 -15"><span class='ocrx_word' id='word_1_810' title='bbox 486 5238 521 5291; x_wconf 64' lang='grc' dir='ltr'><strong>ν</strong></span> <span class='ocrx_word' id='word_1_811' title='bbox 554 5312 621 5366; x_wconf 84' lang='grc' dir='ltr'>Ει</span> <span class='ocrx_word' id='word_1_812' title='bbox 643 5320 860 5380; x_wconf 88' lang='lat' dir='ltr'><strong>propter</strong></span> <span class='ocrx_word' id='word_1_813' title='bbox 875 5310 974 5363; x_wconf 89' lang='lat' dir='ltr'><strong>hoc</strong></span> <span class='ocrx_word' id='word_1_814' title='bbox 997 5309 1158 5362; x_wconf 88' lang='lat' dir='ltr'><strong>etiam</strong></span> <span class='ocrx_word' id='word_1_815' title='bbox 1184 5309 1345 5363; x_wconf 90' lang='lat' dir='ltr'><strong>debes</strong></span> <span class='ocrx_word' id='word_1_816' title='bbox 1358 5324 1451 5363; x_wconf 90' lang='lat' dir='ltr'><strong>cos</strong></span> <span class='ocrx_word' id='word_1_817' title='bbox 1472 5309 1726 5373; x_wconf 89' lang='lat' dir='ltr'><strong>dividere,</strong></span> <span class='ocrx_word' id='word_1_818' title='bbox 1746 5310 1871 5379; x_wconf 87' lang='lat' dir='ltr'><strong>quia</strong></span> <span class='ocrx_word' id='word_1_819' title='bbox 1905 5330 1921 5359; x_wconf 74' lang='grc' dir='ltr'><strong>ι</strong></span> <span class='ocrx_word' id='word_1_820' title='bbox 1946 5319 2070 5363; x_wconf 85' lang='lat' dir='ltr'><strong>sunt</strong></span> 
     </span>
    </p>
   </div>
   <div class='ocr_carea' id='block_1_100' title="bbox 486 5398 2065 5477">
    <p class='ocr_par' dir='ltr' id='par_1_100' title="bbox 486 5398 2065 5477">
     <span class='ocr_line' id='line_1_101' title="bbox 486 5398 2065 5477; baseline -0.001 -22"><span class='ocrx_word' id='word_1_821' title='bbox 486 5401 733 5464; x_wconf 79' lang='lat' dir='ltr'><strong>saturati,</strong></span> <span class='ocrx_word' id='word_1_822' title='bbox 769 5420 786 5450; x_wconf 76' lang='grc' dir='ltr'><strong>ι</strong></span> <span class='ocrx_word' id='word_1_823' title='bbox 818 5401 870 5454; x_wconf 88' lang='lat' dir='ltr'><strong>id</strong></span> <span class='ocrx_word' id='word_1_824' title='bbox 917 5408 1020 5477; x_wconf 75' lang='lat' dir='ltr'><strong>est,</strong></span> <span class='ocrx_word' id='word_1_825' title='bbox 1060 5398 1295 5470; x_wconf 87' lang='lat' dir='ltr'><strong>nequitia</strong></span> <span class='ocrx_word' id='word_1_826' title='bbox 1328 5399 1515 5472; x_wconf 88' lang='lat' dir='ltr'><strong>repleti</strong></span> <span class='ocrx_word' id='word_1_827' title='bbox 1545 5400 1596 5454; x_wconf 91' lang='lat' dir='ltr'><strong>in</strong></span> <span class='ocrx_word' id='word_1_828' title='bbox 1626 5416 1776 5455; x_wconf 90' lang='lat' dir='ltr'><strong>more</strong></span> <span class='ocrx_word' id='word_1_829' title='bbox 1817 5401 2065 5456; x_wconf 86' lang='lat' dir='ltr'><strong>Domini:</strong></span> 
     </span>
    </p>
   </div>
   <div class='ocr_carea' id='block_1_101' title="bbox 485 5493 2057 5559">
    <p class='ocr_par' dir='ltr' id='par_1_101' title="bbox 485 5493 2057 5559">
     <span class='ocr_line' id='line_1_102' title="bbox 485 5493 2057 5559; baseline 0 -10"><span class='ocrx_word' id='word_1_830' title='bbox 485 5496 705 5550; x_wconf 79' lang='lat' dir='ltr'><strong>saturati</strong></span> <span class='ocrx_word' id='word_1_831' title='bbox 731 5496 850 5549; x_wconf 80' lang='lat' dir='ltr'><strong>diro</strong></span> <span class='ocrx_word' id='word_1_832' title='bbox 894 5512 913 5544; x_wconf 80' lang='grc' dir='ltr'><strong>ι</strong></span> <span class='ocrx_word' id='word_1_833' title='bbox 943 5493 1082 5559; x_wconf 87' lang='lat' dir='ltr'><strong>ﬁliis,</strong></span> <span class='ocrx_word' id='word_1_834' title='bbox 1114 5514 1132 5546; x_wconf 70' lang='grc' dir='ltr'><strong>ι</strong></span> <span class='ocrx_word' id='word_1_835' title='bbox 1166 5494 1217 5548; x_wconf 90' lang='lat' dir='ltr'><strong>id</strong></span> <span class='ocrx_word' id='word_1_836' title='bbox 1257 5502 1340 5549; x_wconf 89' lang='lat' dir='ltr'><strong>est</strong></span> <span class='ocrx_word' id='word_1_837' title='bbox 1388 5494 1456 5548; x_wconf 87' lang='lat' dir='ltr'><strong>ad</strong></span> <span class='ocrx_word' id='word_1_838' title='bbox 1496 5494 1896 5548; x_wconf 87' lang='lat' dir='ltr'><strong>incommodum</strong></span> <span class='ocrx_word' id='word_1_839' title='bbox 1928 5494 2057 5549; x_wconf 84' lang='lat' dir='ltr'><strong>ﬁlio-</strong></span> 
     </span>
    </p>
   </div>
   <div class='ocr_carea' id='block_1_102' title="bbox 484 5586 2057 5657">
    <p class='ocr_par' dir='ltr' id='par_1_102' title="bbox 484 5586 2057 5657">
     <span class='ocr_line' id='line_1_103' title="bbox 484 5586 2057 5657; baseline -0.003 -14"><span class='ocrx_word' id='word_1_840' title='bbox 484 5604 644 5643; x_wconf 85' lang='lat' dir='ltr'><strong>rum:</strong></span> <span class='ocrx_word' id='word_1_841' title='bbox 690 5596 746 5643; x_wconf 91' lang='lat' dir='ltr'><strong>et</strong></span> <span class='ocrx_word' id='word_1_842' title='bbox 769 5589 869 5642; x_wconf 91' lang='lat' dir='ltr'><strong>hoc</strong></span> <span class='ocrx_word' id='word_1_843' title='bbox 903 5588 1059 5642; x_wconf 91' lang='lat' dir='ltr'><strong>modo</strong></span> <span class='ocrx_word' id='word_1_844' title='bbox 1093 5607 1111 5638; x_wconf 78' lang='grc' dir='ltr'><strong>ι</strong></span> <span class='ocrx_word' id='word_1_845' title='bbox 1148 5588 1444 5643; x_wconf 87' lang='lat' dir='ltr'><strong>diviserunt</strong></span> <span class='ocrx_word' id='word_1_846' title='bbox 1469 5586 1721 5657; x_wconf 87' lang='lat' dir='ltr'><strong>reliquias</strong></span> <span class='ocrx_word' id='word_1_847' title='bbox 1750 5586 2006 5656; x_wconf 86' lang='lat' dir='ltr'><strong>parvulis,</strong></span> <span class='ocrx_word' id='word_1_848' title='bbox 2040 5606 2057 5637; x_wconf 76' lang='grc' dir='ltr'><strong>ι</strong></span> 
     </span>
    </p>
   </div>
   <div class='ocr_carea' id='block_1_103' title="bbox 486 5677 2064 5748">
    <p class='ocr_par' dir='ltr' id='par_1_103' title="bbox 486 5677 2064 5748">
     <span class='ocr_line' id='line_1_104' title="bbox 486 5677 2064 5748; baseline 0 -17"><span class='ocrx_word' id='word_1_849' title='bbox 486 5678 538 5731; x_wconf 85' lang='lat' dir='ltr'><strong>id</strong></span> <span class='ocrx_word' id='word_1_850' title='bbox 576 5686 681 5742; x_wconf 79' lang='lat' dir='ltr'><strong>est,</strong></span> <span class='ocrx_word' id='word_1_851' title='bbox 713 5678 1252 5748; x_wconf 87' lang='lat' dir='ltr'><strong>superabundantiam</strong></span> <span class='ocrx_word' id='word_1_852' title='bbox 1285 5677 1680 5732; x_wconf 88' lang='lat' dir='ltr'><strong>maledictionis</strong></span> <span class='ocrx_word' id='word_1_853' title='bbox 1725 5692 1835 5732; x_wconf 80' lang='lat' dir='ltr'><strong>sua:</strong></span> <span class='ocrx_word' id='word_1_854' title='bbox 1881 5696 1898 5727; x_wconf 84' lang='grc'><em>‹</em></span> <span class='ocrx_word' id='word_1_855' title='bbox 1941 5692 2064 5746; x_wconf 89' lang='lat' dir='ltr'><strong>par-</strong></span> 
     </span>
    </p>
   </div>
   <div class='ocr_carea' id='block_1_104' title="bbox 486 5768 2059 5836">
    <p class='ocr_par' dir='ltr' id='par_1_104' title="bbox 486 5768 2059 5836">
     <span class='ocr_line' id='line_1_105' title="bbox 486 5768 2059 5836; baseline 0.001 -16"><span class='ocrx_word' id='word_1_856' title='bbox 486 5770 624 5825; x_wconf 80' lang='lat' dir='ltr'><strong>vulis</strong></span> <span class='ocrx_word' id='word_1_857' title='bbox 657 5772 786 5836; x_wconf 86' lang='lat' dir='ltr'><strong>suis,</strong></span> <span class='ocrx_word' id='word_1_858' title='bbox 819 5791 835 5823; x_wconf 77' lang='grc' dir='ltr'><strong>ι</strong></span> <span class='ocrx_word' id='word_1_859' title='bbox 888 5770 936 5825; x_wconf 86' lang='lat' dir='ltr'><strong>id</strong></span> <span class='ocrx_word' id='word_1_860' title='bbox 981 5779 1085 5833; x_wconf 89' lang='lat' dir='ltr'><strong>est,</strong></span> <span class='ocrx_word' id='word_1_861' title='bbox 1120 5771 1244 5825; x_wconf 88' lang='lat' dir='ltr'><strong>ﬁliis</strong></span> <span class='ocrx_word' id='word_1_862' title='bbox 1272 5771 1402 5824; x_wconf 88' lang='lat' dir='ltr'><strong>suis.</strong></span> <span class='ocrx_word' id='word_1_863' title='bbox 1435 5768 1569 5823; x_wconf 88' lang='lat' dir='ltr'><strong>Cum</strong></span> <span class='ocrx_word' id='word_1_864' title='bbox 1620 5769 1760 5823; x_wconf 90' lang='lat' dir='ltr'><strong>enim</strong></span> <span class='ocrx_word' id='word_1_865' title='bbox 1789 5769 2059 5823; x_wconf 83' lang='lat' dir='ltr'><strong>dicerent:</strong></span> 
     </span>
    </p>
   </div>
   <div class='ocr_carea' id='block_1_105' title="bbox 492 5860 2055 5937">
    <p class='ocr_par' dir='ltr' id='par_1_105' title="bbox 492 5860 2055 5937">
     <span class='ocr_line' id='line_1_106' title="bbox 492 5860 2055 5937; baseline -0.003 -20"><span class='ocrx_word' id='word_1_866' title='bbox 492 5885 509 5917; x_wconf 74' lang='grc' dir='ltr'><strong>ε</strong></span> <span class='ocrx_word' id='word_1_867' title='bbox 534 5866 760 5937; x_wconf 67' lang='lat' dir='ltr'><strong>Sanguis</strong></span> <span class='ocrx_word' id='word_1_868' title='bbox 775 5866 888 5935; x_wconf 83' lang='lat' dir='ltr'><strong>ejus</strong></span> <span class='ocrx_word' id='word_1_869' title='bbox 903 5880 1064 5933; x_wconf 86' lang='lat' dir='ltr'><strong>super</strong></span> <span class='ocrx_word' id='word_1_870' title='bbox 1077 5879 1194 5929; x_wconf 78' lang='lat' dir='ltr'><strong>nos,</strong></span> <span class='ocrx_word' id='word_1_871' title='bbox 1214 5870 1267 5917; x_wconf 86' lang='lat' dir='ltr'><strong>et</strong></span> <span class='ocrx_word' id='word_1_872' title='bbox 1280 5878 1440 5931; x_wconf 83' lang='lat' dir='ltr'><strong>super</strong></span> <span class='ocrx_word' id='word_1_873' title='bbox 1455 5861 1590 5915; x_wconf 71' lang='lat' dir='ltr'><strong>ﬁlios</strong></span> <span class='ocrx_word' id='word_1_874' title='bbox 1611 5871 1821 5915; x_wconf 73' lang='lat' dir='ltr'><strong>nostros</strong></span> <span class='ocrx_word' id='word_1_875' title='bbox 1838 5860 1991 5931; x_wconf 68' lang='lat' dir='ltr'><strong>(Hau</strong></span> <span class='ocrx_word' id='word_1_876' title='bbox 2003 5861 2055 5913; x_wconf 84' lang='lat' dir='ltr'><strong>h.</strong></span> 
     </span>
    </p>
   </div>
   <div class='ocr_carea' id='block_1_106' title="bbox 2177 4770 3761 4843">
    <p class='ocr_par' dir='ltr' id='par_1_106' title="bbox 2177 4770 3761 4843">
     <span class='ocr_line' id='line_1_107' title="bbox 2177 4770 3761 4843; baseline 0.003 -19"><span class='ocrx_word' id='word_1_877' title='bbox 2177 4779 2359 4825; x_wconf 84' lang='lat' dir='ltr'><strong>movet</strong></span> <span class='ocrx_word' id='word_1_878' title='bbox 2383 4770 2687 4826; x_wconf 88' lang='lat' dir='ltr'><strong>historiam.</strong></span> <span class='ocrx_word' id='word_1_879' title='bbox 2720 4771 2924 4826; x_wconf 88' lang='lat' dir='ltr'><strong>Tantus</strong></span> <span class='ocrx_word' id='word_1_880' title='bbox 2958 4772 3103 4827; x_wconf 87' lang='lat' dir='ltr'><strong>enim</strong></span> <span class='ocrx_word' id='word_1_881' title='bbox 3134 4772 3221 4828; x_wconf 90' lang='lat' dir='ltr'><strong>ille</strong></span> <span class='ocrx_word' id='word_1_882' title='bbox 3249 4774 3511 4843; x_wconf 88' lang='lat' dir='ltr'><strong>propheta</strong></span> <span class='ocrx_word' id='word_1_883' title='bbox 3537 4774 3605 4829; x_wconf 90' lang='lat' dir='ltr'><strong>de</strong></span> <span class='ocrx_word' id='word_1_884' title='bbox 3629 4785 3761 4829; x_wconf 86' lang='lat' dir='ltr'><strong>tem-</strong></span> 
     </span>
    </p>
   </div>
   <div class='ocr_carea' id='block_1_107' title="bbox 2176 4860 3758 4933">
    <p class='ocr_par' dir='ltr' id='par_1_107' title="bbox 2176 4860 3758 4933">
     <span class='ocr_line' id='line_1_108' title="bbox 2176 4860 3758 4933; baseline 0.003 -18"><span class='ocrx_word' id='word_1_885' title='bbox 2176 4860 2452 4930; x_wconf 87' lang='lat' dir='ltr'><strong>poralibus</strong></span> <span class='ocrx_word' id='word_1_886' title='bbox 2488 4875 2608 4916; x_wconf 90' lang='lat' dir='ltr'><strong>esse</strong></span> <span class='ocrx_word' id='word_1_887' title='bbox 2635 4860 3016 4916; x_wconf 80' lang='lat' dir='ltr'><strong>cxsultandum</strong></span> <span class='ocrx_word' id='word_1_888' title='bbox 3048 4861 3387 4917; x_wconf 71' lang='lat' dir='ltr'><strong>non-diceret</strong></span> <span class='ocrx_word' id='word_1_889' title='bbox 3411 4879 3424 4915; x_wconf 88' lang='lat'>:</span> <span class='ocrx_word' id='word_1_890' title='bbox 3450 4878 3572 4933; x_wconf 79' lang='lat' dir='ltr'><strong>quae</strong></span> <span class='ocrx_word' id='word_1_891' title='bbox 3596 4864 3758 4919; x_wconf 85' lang='lat' dir='ltr'><strong>verba</strong></span> 
     </span>
    </p>
   </div>
   <div class='ocr_carea' id='block_1_108' title="bbox 2175 4950 3759 5021">
    <p class='ocr_par' dir='ltr' id='par_1_108' title="bbox 2175 4950 3759 5021">
     <span class='ocr_line' id='line_1_109' title="bbox 2175 4950 3759 5021; baseline 0.003 -17"><span class='ocrx_word' id='word_1_892' title='bbox 2175 4950 2389 5006; x_wconf 84' lang='lat' dir='ltr'><strong>locutus</strong></span> <span class='ocrx_word' id='word_1_893' title='bbox 2412 4958 2495 5006; x_wconf 88' lang='lat' dir='ltr'><strong>est</strong></span> <span class='ocrx_word' id='word_1_894' title='bbox 2530 4950 2850 5021; x_wconf 89' lang='lat' dir='ltr'><strong>complendo</strong></span> <span class='ocrx_word' id='word_1_895' title='bbox 2899 4950 3141 5015; x_wconf 90' lang='lat' dir='ltr'><strong>domino,</strong></span> <span class='ocrx_word' id='word_1_896' title='bbox 3186 4952 3239 5006; x_wconf 91' lang='lat' dir='ltr'><strong>id</strong></span> <span class='ocrx_word' id='word_1_897' title='bbox 3266 4959 3346 5007; x_wconf 90' lang='lat' dir='ltr'><strong>est</strong></span> <span class='ocrx_word' id='word_1_898' title='bbox 3386 4952 3453 5007; x_wconf 88' lang='lat' dir='ltr'><strong>ad</strong></span> <span class='ocrx_word' id='word_1_899' title='bbox 3495 4953 3759 5009; x_wconf 88' lang='lat' dir='ltr'><strong>honorem</strong></span> 
     </span>
    </p>
   </div>
   <div class='ocr_carea' id='block_1_109' title="bbox 2174 5041 3757 5113">
    <p class='ocr_par' dir='ltr' id='par_1_109' title="bbox 2174 5041 3757 5113">
     <span class='ocr_line' id='line_1_110' title="bbox 2174 5041 3757 5113; baseline 0.001 -17"><span class='ocrx_word' id='word_1_900' title='bbox 2174 5041 2389 5097; x_wconf 91' lang='lat' dir='ltr'><strong>Domini</strong></span> <span class='ocrx_word' id='word_1_901' title='bbox 2424 5058 2442 5093; x_wconf 76' lang='grc' dir='ltr'><strong>ς</strong></span> <span class='ocrx_word' id='word_1_902' title='bbox 2489 5041 2545 5095; x_wconf 92' lang='lat' dir='ltr'><strong>in</strong></span> <span class='ocrx_word' id='word_1_903' title='bbox 2574 5042 2680 5107; x_wconf 92' lang='lat' dir='ltr'><strong>die,</strong></span> <span class='ocrx_word' id='word_1_904' title='bbox 2719 5060 2738 5093; x_wconf 84' lang='grc'><strong><em>›</em></strong></span> <span class='ocrx_word' id='word_1_905' title='bbox 2786 5042 2839 5095; x_wconf 92' lang='lat' dir='ltr'><strong>id</strong></span> <span class='ocrx_word' id='word_1_906' title='bbox 2868 5049 2953 5097; x_wconf 90' lang='lat' dir='ltr'><strong>est</strong></span> <span class='ocrx_word' id='word_1_907' title='bbox 3001 5043 3055 5097; x_wconf 88' lang='lat' dir='ltr'><strong>in</strong></span> <span class='ocrx_word' id='word_1_908' title='bbox 3103 5052 3344 5113; x_wconf 89' lang='lat' dir='ltr'><strong>tempore</strong></span> <span class='ocrx_word' id='word_1_909' title='bbox 3373 5044 3563 5113; x_wconf 74' lang='lat' dir='ltr'><strong>gratia:</strong></span> <span class='ocrx_word' id='word_1_910' title='bbox 3598 5062 3619 5095; x_wconf 77' lang='grc' dir='ltr'><strong>ι</strong></span> <span class='ocrx_word' id='word_1_911' title='bbox 3652 5059 3757 5113; x_wconf 88' lang='lat' dir='ltr'><strong>qua</strong></span> 
     </span>
    </p>
   </div>
   <div class='ocr_carea' id='block_1_110' title="bbox 2168 5130 3759 5202">
    <p class='ocr_par' dir='ltr' id='par_1_110' title="bbox 2168 5130 3759 5202">
     <span class='ocr_line' id='line_1_111' title="bbox 2168 5130 3759 5202; baseline 0.002 -16"><span class='ocrx_word' id='word_1_912' title='bbox 2168 5132 2365 5202; x_wconf 90' lang='lat' dir='ltr'><strong>eripuit</strong></span> <span class='ocrx_word' id='word_1_913' title='bbox 2386 5146 2533 5195; x_wconf 88' lang='lat' dir='ltr'><strong>eum,</strong></span> <span class='ocrx_word' id='word_1_914' title='bbox 2555 5151 2573 5183; x_wconf 74' lang='grc' dir='ltr'><strong>ι</strong></span> <span class='ocrx_word' id='word_1_915' title='bbox 2596 5131 2647 5185; x_wconf 92' lang='lat' dir='ltr'><strong>id</strong></span> <span class='ocrx_word' id='word_1_916' title='bbox 2661 5140 2765 5198; x_wconf 86' lang='lat' dir='ltr'><strong>est,</strong></span> <span class='ocrx_word' id='word_1_917' title='bbox 2783 5130 3057 5186; x_wconf 89' lang='lat' dir='ltr'><strong>Christum</strong></span> <span class='ocrx_word' id='word_1_918' title='bbox 3082 5140 3274 5195; x_wconf 88' lang='lat' dir='ltr'><strong>totum,</strong></span> <span class='ocrx_word' id='word_1_919' title='bbox 3297 5152 3313 5183; x_wconf 78' lang='grc' dir='ltr'><strong>ι</strong></span> <span class='ocrx_word' id='word_1_920' title='bbox 3339 5133 3600 5188; x_wconf 84' lang='lat' dir='ltr'><strong>Dominus</strong></span> <span class='ocrx_word' id='word_1_921' title='bbox 3615 5133 3759 5189; x_wconf 87' lang='lat' dir='ltr'><strong>Deus</strong></span> 
     </span>
    </p>
   </div>
   <div class='ocr_carea' id='block_1_111' title="bbox 2170 5223 3757 5292">
    <p class='ocr_par' dir='ltr' id='par_1_111' title="bbox 2170 5223 3757 5292">
     <span class='ocr_line' id='line_1_112' title="bbox 2170 5223 3757 5292; baseline 0.001 -14"><span class='ocrx_word' id='word_1_922' title='bbox 2170 5223 2236 5278; x_wconf 88' lang='lat' dir='ltr'><strong>de</strong></span> <span class='ocrx_word' id='word_1_923' title='bbox 2262 5238 2445 5290; x_wconf 86' lang='lat' dir='ltr'><strong>manu,</strong></span> <span class='ocrx_word' id='word_1_924' title='bbox 2479 5243 2497 5276; x_wconf 70' lang='grc' dir='ltr'><strong><em>υ</em></strong></span> <span class='ocrx_word' id='word_1_925' title='bbox 2535 5223 2588 5277; x_wconf 93' lang='lat' dir='ltr'><strong>id</strong></span> <span class='ocrx_word' id='word_1_926' title='bbox 2631 5232 2713 5276; x_wconf 87' lang='grc' dir='ltr'><strong>εει</strong></span> <span class='ocrx_word' id='word_1_927' title='bbox 2765 5223 2831 5277; x_wconf 89' lang='lat' dir='ltr'><strong>de</strong></span> <span class='ocrx_word' id='word_1_928' title='bbox 2864 5230 3133 5292; x_wconf 89' lang='lat' dir='ltr'><strong>potestate</strong></span> <span class='ocrx_word' id='word_1_929' title='bbox 3162 5245 3179 5274; x_wconf 76' lang='grc' dir='ltr'><strong>ι</strong></span> <span class='ocrx_word' id='word_1_930' title='bbox 3213 5223 3453 5278; x_wconf 86' lang='lat' dir='ltr'><strong>omnium</strong></span> <span class='ocrx_word' id='word_1_931' title='bbox 3503 5224 3757 5280; x_wconf 88' lang='lat' dir='ltr'><strong>inimico-</strong></span> 
     </span>
    </p>
   </div>
   <div class='ocr_carea' id='block_1_112' title="bbox 2170 5311 3754 5382">
    <p class='ocr_par' dir='ltr' id='par_1_112' title="bbox 2170 5311 3754 5382">
     <span class='ocr_line' id='line_1_113' title="bbox 2170 5311 3754 5382; baseline 0 -14"><span class='ocrx_word' id='word_1_932' title='bbox 2170 5328 2289 5368; x_wconf 90' lang='lat' dir='ltr'><strong>rum</strong></span> <span class='ocrx_word' id='word_1_933' title='bbox 2332 5327 2553 5367; x_wconf 90' lang='lat' dir='ltr'><strong>suorum</strong></span> <span class='ocrx_word' id='word_1_934' title='bbox 2589 5331 2606 5363; x_wconf 82' lang='grc' dir='ltr'><strong>ι</strong></span> <span class='ocrx_word' id='word_1_935' title='bbox 2664 5320 2769 5366; x_wconf 88' lang='lat' dir='ltr'><strong>tam</strong></span> <span class='ocrx_word' id='word_1_936' title='bbox 2827 5311 3118 5365; x_wconf 89' lang='lat' dir='ltr'><strong>visibilium</strong></span> <span class='ocrx_word' id='word_1_937' title='bbox 3171 5327 3330 5382; x_wconf 89' lang='lat' dir='ltr'><strong>quam</strong></span> <span class='ocrx_word' id='word_1_938' title='bbox 3375 5311 3754 5379; x_wconf 86' lang='lat' dir='ltr'><strong>invisibilium,</strong></span> 
     </span>
    </p>
   </div>
   <div class='ocr_carea' id='block_1_113' title="bbox 2178 5401 3758 5471">
    <p class='ocr_par' dir='ltr' id='par_1_113' title="bbox 2178 5401 3758 5471">
     <span class='ocr_line' id='line_1_114' title="bbox 2178 5401 3758 5471; baseline 0.006 -19"><span class='ocrx_word' id='word_1_939' title='bbox 2178 5414 2199 5452; x_wconf 84' lang='grc'><em>‹</em></span> <span class='ocrx_word' id='word_1_940' title='bbox 2232 5411 2286 5455; x_wconf 89' lang='lat' dir='ltr'><strong>et</strong></span> <span class='ocrx_word' id='word_1_941' title='bbox 2324 5401 2392 5458; x_wconf 89' lang='lat' dir='ltr'><strong>de</strong></span> <span class='ocrx_word' id='word_1_942' title='bbox 2429 5419 2591 5457; x_wconf 91' lang='lat' dir='ltr'><strong>manu</strong></span> <span class='ocrx_word' id='word_1_943' title='bbox 2628 5403 2777 5471; x_wconf 88' lang='lat' dir='ltr'><strong>Saul,</strong></span> <span class='ocrx_word' id='word_1_944' title='bbox 2809 5425 2827 5458; x_wconf 74' lang='grc' dir='ltr'><strong>ι</strong></span> <span class='ocrx_word' id='word_1_945' title='bbox 2879 5405 2929 5460; x_wconf 90' lang='lat' dir='ltr'><strong>id</strong></span> <span class='ocrx_word' id='word_1_946' title='bbox 2959 5415 3042 5460; x_wconf 90' lang='lat' dir='ltr'><strong>est</strong></span> <span class='ocrx_word' id='word_1_947' title='bbox 3085 5405 3153 5461; x_wconf 90' lang='lat' dir='ltr'><strong>de</strong></span> <span class='ocrx_word' id='word_1_948' title='bbox 3182 5421 3342 5460; x_wconf 91' lang='lat' dir='ltr'><strong>manu</strong></span> <span class='ocrx_word' id='word_1_949' title='bbox 3389 5408 3601 5463; x_wconf 90' lang='lat' dir='ltr'><strong>mortis.</strong></span> <span class='ocrx_word' id='word_1_950' title='bbox 3649 5406 3758 5462; x_wconf 86' lang='lat' dir='ltr'><strong>Per</strong></span> 
     </span>
    </p>
   </div>
   <div class='ocr_carea' id='block_1_114' title="bbox 2174 5496 3756 5571">
    <p class='ocr_par' dir='ltr' id='par_1_114' title="bbox 2174 5496 3756 5571">
     <span class='ocr_line' id='line_1_115' title="bbox 2174 5496 3756 5571; baseline 0.003 -20"><span class='ocrx_word' id='word_1_951' title='bbox 2174 5496 2302 5551; x_wconf 87' lang='lat' dir='ltr'><strong>Saul</strong></span> <span class='ocrx_word' id='word_1_952' title='bbox 2347 5497 2468 5553; x_wconf 90' lang='lat' dir='ltr'><strong>ideo</strong></span> <span class='ocrx_word' id='word_1_953' title='bbox 2498 5508 2728 5552; x_wconf 90' lang='lat' dir='ltr'><strong>mortem</strong></span> <span class='ocrx_word' id='word_1_954' title='bbox 2775 5498 3091 5568; x_wconf 88' lang='lat' dir='ltr'><strong>accipimus,</strong></span> <span class='ocrx_word' id='word_1_955' title='bbox 3121 5499 3245 5569; x_wconf 90' lang='lat' dir='ltr'><strong>quia</strong></span> <span class='ocrx_word' id='word_1_956' title='bbox 3273 5498 3402 5554; x_wconf 88' lang='lat' dir='ltr'><strong>Saul</strong></span> <span class='ocrx_word' id='word_1_957' title='bbox 3431 5500 3623 5571; x_wconf 89' lang='lat' dir='ltr'><strong>petitio</strong></span> <span class='ocrx_word' id='word_1_958' title='bbox 3671 5500 3756 5555; x_wconf 83' lang='lat' dir='ltr'><strong>in-</strong></span> 
     </span>
    </p>
   </div>
   <div class='ocr_carea' id='block_1_115' title="bbox 2173 5587 3755 5660">
    <p class='ocr_par' dir='ltr' id='par_1_115' title="bbox 2173 5587 3755 5660">
     <span class='ocr_line' id='line_1_116' title="bbox 2173 5587 3755 5660; baseline 0.004 -21"><span class='ocrx_word' id='word_1_959' title='bbox 2173 5594 2519 5656; x_wconf 89' lang='lat' dir='ltr'><strong>terpretatur.</strong></span> <span class='ocrx_word' id='word_1_960' title='bbox 2572 5587 2735 5642; x_wconf 87' lang='lat' dir='ltr'><strong>Petiit</strong></span> <span class='ocrx_word' id='word_1_961' title='bbox 2780 5589 2922 5643; x_wconf 88' lang='lat' dir='ltr'><strong>enim</strong></span> <span class='ocrx_word' id='word_1_962' title='bbox 2970 5604 3091 5643; x_wconf 88' lang='lat' dir='ltr'><strong>eum</strong></span> <span class='ocrx_word' id='word_1_963' title='bbox 3146 5588 3473 5644; x_wconf 89' lang='lat' dir='ltr'><strong>lsraeliticus</strong></span> <span class='ocrx_word' id='word_1_964' title='bbox 3522 5589 3755 5660; x_wconf 89' lang='lat' dir='ltr'><strong>populus</strong></span> 
     </span>
    </p>
   </div>
   <div class='ocr_carea' id='block_1_116' title="bbox 2172 5676 3755 5749">
    <p class='ocr_par' dir='ltr' id='par_1_116' title="bbox 2172 5676 3755 5749">
     <span class='ocr_line' id='line_1_117' title="bbox 2172 5676 3755 5749; baseline 0.001 -18"><span class='ocrx_word' id='word_1_965' title='bbox 2172 5678 2273 5732; x_wconf 90' lang='lat' dir='ltr'><strong>sibi</strong></span> <span class='ocrx_word' id='word_1_966' title='bbox 2308 5678 2361 5731; x_wconf 91' lang='lat' dir='ltr'><strong>in</strong></span> <span class='ocrx_word' id='word_1_967' title='bbox 2396 5693 2577 5747; x_wconf 81' lang='lat' dir='ltr'><strong>regem</strong></span> <span class='ocrx_word' id='word_1_968' title='bbox 2609 5676 2659 5749; x_wconf 88' lang='grc'><strong>(1</strong></span> <span class='ocrx_word' id='word_1_969' title='bbox 2690 5676 2817 5748; x_wconf 84' lang='lat' dir='ltr'><strong>ch.</strong></span> <span class='ocrx_word' id='word_1_970' title='bbox 2853 5678 2993 5742; x_wconf 74' lang='lat' dir='ltr'><strong>vui),</strong></span> <span class='ocrx_word' id='word_1_971' title='bbox 3029 5686 3215 5733; x_wconf 81' lang='lat' dir='ltr'><strong>contra</strong></span> <span class='ocrx_word' id='word_1_972' title='bbox 3249 5678 3460 5733; x_wconf 89' lang='lat' dir='ltr'><strong>Domini</strong></span> <span class='ocrx_word' id='word_1_973' title='bbox 3503 5681 3755 5733; x_wconf 83' lang='lat' dir='ltr'><strong>volunta-</strong></span> 
     </span>
    </p>
   </div>
   <div class='ocr_carea' id='block_1_117' title="bbox 2172 5768 3751 5838">
    <p class='ocr_par' dir='ltr' id='par_1_117' title="bbox 2172 5768 3751 5838">
     <span class='ocr_line' id='line_1_118' title="bbox 2172 5768 3751 5838; baseline 0.001 -14"><span class='ocrx_word' id='word_1_974' title='bbox 2172 5777 2299 5824; x_wconf 89' lang='lat' dir='ltr'><strong>tem.</strong></span> <span class='ocrx_word' id='word_1_975' title='bbox 2333 5768 2594 5824; x_wconf 89' lang='lat' dir='ltr'><strong>Similiter</strong></span> <span class='ocrx_word' id='word_1_976' title='bbox 2618 5769 2777 5823; x_wconf 87' lang='lat' dir='ltr'><strong>homo</strong></span> <span class='ocrx_word' id='word_1_977' title='bbox 2805 5784 2966 5838; x_wconf 88' lang='lat' dir='ltr'><strong>quem</strong></span> <span class='ocrx_word' id='word_1_978' title='bbox 2993 5769 3133 5825; x_wconf 89' lang='lat' dir='ltr'><strong>Deus</strong></span> <span class='ocrx_word' id='word_1_979' title='bbox 3162 5769 3364 5826; x_wconf 82' lang='lat' dir='ltr'><strong>fecerat</strong></span> <span class='ocrx_word' id='word_1_980' title='bbox 3385 5770 3751 5825; x_wconf 80' lang='lat' dir='ltr'><strong>immortalem</strong></span> 
     </span>
    </p>
   </div>
   <div class='ocr_carea' id='block_1_118' title="bbox 2169 5858 3751 5929">
    <p class='ocr_par' dir='ltr' id='par_1_118' title="bbox 2169 5858 3751 5929">
     <span class='ocr_line' id='line_1_119' title="bbox 2169 5858 3751 5929; baseline 0.001 -14"><span class='ocrx_word' id='word_1_981' title='bbox 2169 5861 2267 5915; x_wconf 87' lang='lat' dir='ltr'><strong>sub</strong></span> <span class='ocrx_word' id='word_1_982' title='bbox 2296 5858 2598 5914; x_wconf 86' lang='lat' dir='ltr'><strong>conditione</strong></span> <span class='ocrx_word' id='word_1_983' title='bbox 2642 5859 2976 5922; x_wconf 65' lang='lat' dir='ltr'><strong>obcdietttizt‘,</strong></span> <span class='ocrx_word' id='word_1_984' title='bbox 3011 5868 3237 5914; x_wconf 89' lang='lat' dir='ltr'><strong>mortem</strong></span> <span class='ocrx_word' id='word_1_985' title='bbox 3274 5876 3434 5929; x_wconf 90' lang='lat' dir='ltr'><strong>quam</strong></span> <span class='ocrx_word' id='word_1_986' title='bbox 3463 5861 3605 5916; x_wconf 90' lang='lat' dir='ltr'><strong>Deus</strong></span> <span class='ocrx_word' id='word_1_987' title='bbox 3640 5877 3751 5916; x_wconf 91' lang='lat' dir='ltr'><strong>non</strong></span> 
     </span>
    </p>
   </div>
  </div>
