3984 6454
226 463 341 522 265

1393 448 1833 510 EXPLANATIO
1868 447 1934 503 1N
1976 446 2314 506 PSALMOS.

3366 443 3513 502 546"

214 573 456 638 fecerat,
513 568 630 641 ipse
682 565 786 624 sibi
836 564 1087 623 manibus
1145 578 1211 621 ac
1259 560 1486 636 pedibus
1529 560 1809 634 appetivit.
1839 568 1889 627 Α
1915 568 2019 626 εει,
2065 558 2376 630 iniquitates
2420 557 2697 613 hominum
2726 571 2845 627 quae
2870 563 2994 614 sunt
3034 555 3195 613 sicuti
3222 567 3473 613 torrens:

229 663 363 720 Dico
386 661 507 719 hac
529 660 697 716 verba
724 658 1093 715 attribuuntur
1124 654 1338 710 Christo
1380 668 1502 709 cum
1551 652 1803 706 omnibus

230 752 530 811 membris:
578 750 744 807 verba
772 748 916 812 dico,
948 745 1239 816 dirigentia
1277 759 1378 799 nos
1424 744 1480 799 in
1524 740 1708 806 ﬁnem,
1752 738 1810 794 id

231 850 337 907 est,
384 842 440 896 in
471 840 749 896 Christum
790 857 804 891 :
852 836 1084 892 intendit
1131 833 1277 889 enim
1330 828 1429 888 nos
1463 830 1693 886 invitare
1740 828 1810 884 ad

233 931 575 987 dilectionem
633 929 729 984 Dei
770 943 867 999 per
904 925 1212 995 exemplum
1253 924 1353 979 sui.
1401 910 1625 977 Materia
1682 928 1810 976 sunt

231 1037 463 1079 munera
506 1020 592 1074 vel
640 1018 1027 1075 misericordia:
1058 1017 1176 1082 Dei,
1213 1016 1459 1079 salvatio,
1490 1013 1810 1085 populorum

232 1111 522 1182 subjectio,
550 1110 841 1166 vindicatio
870 1109 936 1164 de
978 1108 1234 1163 inimicis.
1266 1106 1340 1162 De
1361 1107 1462 1161 hac
1488 1114 1665 1161 autem
1696 1119 1812 1159 ma-

234 1202 375 1257 teria
405 1201 484 1256 sic
510 1202 621 1272 agit
656 1215 672 1254 :
714 1199 1001 1255 Praemittit
1033 1198 1451 1254 exsultationem
1489 1197 1556 1253 de
1598 1197 1809 1262 datore,

233 1293 473 1350 ostendit
496 1292 858 1348 calamitatem
886 1291 1109 1347 humani
1128 1292 1345 1362 generis
1372 1298 1497 1345 ante
1518 1290 1812 1346 adventum

233 1384 462 1450 Christi,
507 1392 563 1439 et
607 1390 796 1440 contra
825 1402 838 1436 :
868 1382 1103 1438 remedia
1145 1398 1243 1453 per
1285 1381 1576 1438 adventum
1606 1380 1811 1436 Christi

236 1475 453 1531 tertiam
481 1483 688 1545 partem
718 1474 784 1528 de
810 1481 1076 1545 potestate
1107 1473 1279 1543 ipsius
1302 1472 1528 1538 Christi,
1564 1479 1813 1542 quartam

235 1573 448 1637 partem
472 1564 539 1620 de
561 1562 1030 1619 commendatione
1065 1562 1306 1634 ipsorum
1351 1577 1656 1617 munerum.
1696 1561 1813 1616 Vox

237 1655 457 1719 Christi,
491 1662 545 1711 et
567 1654 862 1710 secundum
906 1667 1060 1709 suam
1101 1667 1390 1722 personam
1432 1660 1488 1709 et
1513 1650 1815 1709 secundum

235 1746 502 1802 membra.
534 1744 877 1800 Continuatio
896 1761 910 1798 :

307 1836 556 1893 Christus
581 1844 666 1893 est
698 1834 910 1891 locutus
934 1834 1101 1890 verba
1131 1834 1328 1889 cantici
1359 1834 1538 1905 hujus,
1569 1842 1623 1889 et
1647 1834 1808 1890 dixit:

240 1928 285 1985 0
314 1928 559 1993 Domine,
608 1926 794 1993 dilexi,
823 1935 878 1981 et
924 1925 1105 1996 diligo,
1135 1934 1191 1980 et
1224 1944 1243 1977 ι
1277 1926 1496 1997 diligam
1522 1935 1594 1982 te.
1629 1946 1649 1980 ι
1684 1925 1815 1982 Dili-

240 2035 364 2091 gam
394 2019 636 2084 dicendo,
669 2028 821 2073 notat
849 2018 1314 2088 perseverantiam
1361 2017 1533 2086 ipsius
1573 2016 1818 2073 dilectio-

242 2109 521 2179 nis:quia
561 2116 615 2164 tu
654 2122 716 2164 es
764 2126 783 2160 ι
808 2107 1070 2164 fortitudo
1116 2121 1256 2172 mea,
1287 2125 1307 2159 ι
1335 2106 1461 2176 quia
1506 2106 1559 2161 in
1589 2121 1676 2164 me
1697 2120 1816 2162 sum

240 2200 548 2266 imbecillis,
588 2200 645 2254 in
688 2208 740 2255 te
787 2197 945 2254 fortis
970 2198 1036 2252 ad
1061 2197 1406 2268 pugnandum
1443 2211 1631 2252 contra
1660 2195 1815 2252 mali-

238 2308 422 2365 gnos:
471 2292 628 2362 quasi
678 2289 1121 2347 diceretzV’ultis
1169 2304 1497 2361 cognoscere
1552 2289 1701 2343 illum
1749 2288 1819 2344 ad

239 2398 402 2453 quem
445 2383 659 2451 loquor,
692 2382 806 2452 ipse
830 2389 936 2447 est,
989 2399 1008 2433 ι
1040 2380 1438 2435 ﬁrmamentum
1482 2394 1684 2444 meum,
1714 2398 1732 2430 ι
1765 2378 1819 2434 id

237 2485 344 2539 est,
369 2474 578 2531 faciens
624 2490 712 2529 me
750 2474 964 2529 ﬁrmum
1009 2487 1077 2528 ne
1100 2472 1369 2538 deﬁciam,
1421 2490 1439 2523 ι
1474 2479 1528 2527 ει
1553 2470 1819 2541 refugium

238 2580 443 2632 meum,
477 2585 496 2618 ι
553 2564 761 2621 scilicet
806 2564 873 2645 ad
913 2578 1073 2633 quem
1124 2578 1224 2635 ego
1266 2562 1526 2635 refugiam
1560 2559 1714 2631 quasi
1752 2558 1820 2615 ad

239 2656 454 2711 turrim.
485 2653 542 2710 Si
583 2655 728 2709 enim
772 2655 1021 2725 ignorant
1055 2653 1237 2709 ﬁdeles
1265 2652 1393 2724 quid
1420 2654 1684 2724 agendum
1726 2653 1817 2718 sit,

241 2744 473 2802 consilio
532 2745 714 2800 divino
764 2744 1109 2799 instruuntur
1153 2744 1282 2814 quid
1321 2744 1392 2799 sit
1438 2743 1822 2814 agendumzet

242 2836 365 2908 quia
390 2844 572 2906 posset
598 2849 719 2891 esse
759 2833 938 2900 fortis,
974 2833 1180 2899 ﬁrmus,
1208 2842 1265 2889 et
1289 2834 1466 2891 sciens
1490 2834 1652 2890 etiam
1678 2832 1821 2904 quod

242 2929 514 3000 agendum
555 2934 720 2991 esset,
749 2934 804 2981 et
834 2934 1015 2996 posset
1054 2924 1321 2981 deﬁcere:
1366 2924 1819 2996 quemadmodum

240 3019 462 3091 quidam
489 3018 753 3085 haeretici,
787 3017 878 3088 qui
906 3017 1171 3089 putabant
1199 3025 1484 3088 postquam
1510 3024 1691 3072 essent
1734 3016 1820 3070 in-

240 3111 435 3168 structi
460 3125 493 3166 a
518 3111 648 3177 Deo,
676 3125 776 3182 per
801 3124 927 3166 suas
946 3109 1086 3164 vires
1111 3105 1383 3165 suﬂicere:
1413 3107 1593 3164 subdit
1617 3126 1637 3162 ‹
1673 3115 1727 3163 ει
1751 3106 1820 3160 li-

241 3205 466 3260 berator
491 3217 667 3270 meus,
692 3221 719 3255 ν»
752 3203 805 3258 id
835 3201 1062 3272 est,qui
1092 3215 1178 3256 me
1222 3199 1418 3256 liberat
1457 3200 1525 3257 ab
1553 3199 1816 3255 inimicis:

1907 650 2032 721 quia
2077 649 2233 706 sicuti
2266 656 2478 704 torrens
2503 664 2600 717 per
2626 648 2863 718 pluviam
2905 647 3105 703 crescit
3129 655 3185 701 et
3214 646 3477 718 impetuc-

1907 757 2000 798 sus
2047 741 2129 807 ﬁt,
2177 740 2255 796 sic
2286 739 2599 810 iniquitates
2623 740 2901 795 hominum
2941 739 3170 795 tumultu
3201 746 3475 807 crescunt,

1908 841 1963 888 et
1990 833 2044 887 in
2072 839 2289 887 sanctos
2320 831 2621 901 impetuose
2659 831 2816 898 ﬁunt,
2872 851 2891 884 ι
2922 831 3279 887 turbaverunt
3311 843 3419 895 me,
3450 848 3471 882 ι

1910 926 1966 982 id
1986 934 2087 990 εει,
2117 923 2336 981 anxium
2368 922 2613 977 fecerunt
2643 937 2747 977 me.

1980 1015 2248 1071 Praeterea
2302 1013 2461 1069 etiam
2496 1032 2513 1064 ι
2545 1012 2757 1070 dolores
2788 1013 2982 1070 inferni
3013 1013 3546 1070 circumdederunt;

1918 1130 1935 1162 ί
1969 1125 2075 1176 me,
2114 1129 2132 1162 ι
2169 1108 2222 1164 id
2254 1117 2337 1164 est
2365 1105 2577 1177 pagani,
2613 1107 2706 1174 qui
2732 1121 2830 1177 pro
2856 1108 3057 1163 merito
3086 1107 3240 1162 malae
3263 1105 3387 1162 vitae
3422 1105 3514 1161 in.

1913 1200 2126 1256 inferno
2152 1197 2438 1270 torquendi
2462 1205 2610 1252 sunt.
2640 1194 2765 1252 Vel:

1991 1312 2010 1346 ι
2067 1292 2289 1348 Dolores
2346 1286 2587 1355 inferni;
2634 1309 2653 1343 ι
2712 1289 2766 1345 id
2820 1296 2923 1355 est,
2973 1303 3147 1360 poena:
3192 1287 3489 1351 infernale‘s

1919 1404 1938 1436 ι
1975 1382 2448 1439 circumdederunt
2469 1395 2576 1446 me,
2613 1400 2631 1433 ι
2666 1379 2718 1435 id
2748 1389 2850 1445 est,
2879 1380 2957 1434 ita
2979 1389 3161 1436 certus
3189 1396 3308 1435 sum
3331 1379 3487 1453 quasi

1908 1473 2021 1545 jam
2051 1472 2530 1529 circumdedissent
2575 1458 2699 1537 me,
2729 1472 2832 1526 nisi
2865 1472 3128 1527 adventus
3164 1471 3362 1527 Christi
3403 1487 3488 1529 re-

1916 1565 2086 1622 dimat
2112 1578 2217 1618 me.
2266 1563 2396 1617 Item
2432 1562 2586 1633 ponit
2619 1561 2843 1617 alteram
2876 1570 3084 1632 partem
3119 1578 3231 1617 sua:
3269 1562 3488 1618 calami-

1915 1656 2063 1721 tatis,
2091 1669 2213 1708 cum
2252 1653 2383 1709 dicit
2423 1672 2440 1705 ι
2472 1653 2649 1722 laquei
2687 1653 2895 1719 mortis,
2935 1672 2955 1706 ι
3012 1653 3065 1708 id
3092 1662 3196 1720 est,
3226 1652 3489 1722 originale

1914 1755 2196 1819 peccatum
2250 1763 2269 1798 ι
2298 1754 2810 1817 prmoccupaverunt
2839 1761 2924 1801 me
2957 1765 2975 1798 ι
3032 1746 3194 1801 etiam
3242 1746 3489 1801 nescien-

1918 1849 2045 1902 tem,
2075 1837 2200 1906 quia
2246 1836 2315 1891 ab
2358 1837 2472 1906 ipsa
2512 1836 2679 1892 etiam
2715 1836 3066 1907 conceptione
3090 1844 3173 1892 est
3201 1835 3363 1891 homo
3402 1835 3497 1891 illo

1841 1930 1888 1991 B
1915 1935 2136 2000 peccato
2167 1926 2507 1998 illaqueatus.

1986 2018 2057 2073 Et
2089 2038 2107 2071 ι
2146 2018 2201 2074 in
2247 2025 2393 2073 tanta
2444 2018 2786 2076 tribulatione
2841 2035 2961 2075 mea
3011 2020 3257 2075 invocavi
3307 2017 3529 2075 Domi--

1918 2123 2048 2165 num
2095 2127 2113 2160 ι
2172 2114 2227 2162 ει
2269 2108 2336 2162 ab
2382 2108 2497 2179 ipsa
2544 2108 2882 2163 invocatione
2931 2107 3249 2182 prorupi_in
3294 2107 3491 2164 clamo-

1919 2211 2056 2265 rem,
2085 2205 2139 2253 ει
2166 2198 2267 2254 hoc
2294 2206 2378 2253 est
2409 2216 2426 2249 ι
2461 2202 2523 2253 et‘
2557 2198 2625 2252 ad
2666 2197 2835 2253 Deum
2882 2212 3058 2252 meum
3088 2197 3342 2260 clamavi,
3375 2216 3393 2250 ι
3440 2195 3495 2251 id

1919 2302 2025 2360 est,
2051 2294 2195 2348 onmi
2229 2300 2424 2348 conatu
2450 2292 2646 2346 virium
2675 2291 2826 2362 petii.

1990 2382 2187 2440 Contra
2215 2384 2320 2439 hoc
2345 2382 2488 2455 quod
2517 2382 2730 2437 dixerat
2776 2380 3043 2451 invocavi,
3078 2380 3228 2450 ponit
3264 2399 3281 2431 ι
3320 2387 3377 2433 ει
3400 2393 3494 2433 ex-

1922 2476 2121 2546 audivit
2144 2490 2334 2531 voeem
2361 2490 2532 2530 meam
2556 2473 2623 2529 de
2645 2472 2842 2543 templo
2863 2481 3049 2528 sancto
3073 2487 3190 2537 suo,
3213 2491 3231 2524 ι
3261 2472 3364 2527 hoc
3381 2470 3496 2529 sive

1921 2567 1987 2623 de
2015 2566 2174 2631 caelo,
2202 2558 2321 2619 sive
2344 2564 2409 2619 de
2441 2579 2667 2633 corpore
2694 2563 2928 2629 Domini,
2957 2563 3099 2634 quod
3128 2572 3211 2617 est
3238 2561 3495 2632 templum

1921 2664 2167 2710 sanctum
2194 2653 2472 2725 ejus,quia
2498 2661 2707 2708 secreta
2728 2652 2823 2708 Dei
2846 2653 3104 2718 continet,
3129 2660 3500 2723 competenter

1922 2745 2217 2815 accipimus
2235 2761 2247 2797 :
2264 2752 2453 2800 contra
2474 2743 2577 2798 hoc
2598 2742 2740 2813 quod
2762 2742 2897 2798 dixit
2913 2761 2931 2794 ‹
2952 2740 3199 2806 clamavi,
3224 2750 3278 2796 et
3289 2740 3496 2797 clamor

1928 2855 1946 2888 ‹
1985 2850 2136 2891 meus
2182 2835 2237 2890 in
2285 2844 2583 2906 conspectu
2624 2833 2759 2904 ejus,
2797 2851 2816 2886 ι
2847 2832 2901 2887 id
2945 2842 3050 2897 est,
3081 2832 3135 2886 in
3161 2829 3499 2902 beneplaeito

1922 2928 2039 2999 ejus
2064 2928 2303 2983 existens
2330 2945 2348 2977 ι
2380 2924 2708 2980 ἱιιιτοίγῑιλίη
2738 2940 2900 2980 aures
2925 2925 3063 2995 ejus,
3104 2942 3123 2976 ι
3171 2923 3224 2978 id
3259 2931 3385 2988 εειν.
3414 2935 3503 2977 ex-

1923 3019 2141 3075 auditus
2164 3017 2284 3073 fuit.
2332 3015 2575 3074 Ostensis
2608 3016 3005 3072 calamitatibus
3033 3014 3501 3087 humanigeneris

1922 3121 2049 3167 ante
2088 3111 2380 3166 adventum
2419 3109 2661 3173 Christi,
2704 3108 2942 3164 ostendit
2968 3106 3223 3164 remedia.
3246 3121 3346 3177 per
3385 3104 3503 3177 ejus

1924 3207 2213 3262 adventum
2235 3205 2474 3259 humano
2502 3202 2686 3274 generi
2723 3217 2753 3256 a
2779 3203 2890 3256 Deo
2933 3199 3097 3266 facta,
3124 3208 3179 3254 et
3208 3199 3382 3283 ipsum
3414 3197 3504 3253 ad-

243 3298 370 3368 quia
401 3297 446 3353 Si
477 3298 620 3353 Deus
644 3312 863 3351 manum
894 3294 1259 3360 SUbu‘ahel‘el:
1295 3293 1477 3349 ειδιίιη
1507 3292 1780 3349 ἀθηθετει·
1847 3284 1891 3346 C
1925 3312 2145 3360 ventum
2176 3303 2377 3358 indicat
2407 3301 2563 3356 nobis
2591 3315 2689 3371 per
2717 3299 2963 3370 qmedam
3009 3295 3289 3368 mysteria.
3318 3293 3503 3351 Conti-

321 3409 340 3441 ι
379 3390 542 3455 Deus,
571 3408 588 3441 ι
621 3389 674 3443 id
702 3396 807 3454 est,
836 3386 1060 3442 Creator
1088 3398 1261 3450 meus,
1312 3403 1330 3435 ι
1361 3382 1577 3454 adjutor
1611 3399 1761 3439 meus
1795 3402 1812 3434 ι

245 3480 315 3535 ad
340 3478 763 3548 cooperandum,
791 3475 920 3546 quia
947 3475 1064 3529 sine
1087 3489 1154 3529 eo
1176 3474 1304 3529 nihil
1331 3475 1458 3530 boni
1486 3489 1703 3544 possum
1737 3473 1818 3527 fa-

244 3585 391 3633 cere,
421 3576 477 3622 et
502 3567 623 3621 ideo
658 3585 675 3616 ι
705 3566 934 3633 sperabo
960 3564 1014 3618 in
1039 3579 1186 3627 eum,
1219 3583 1237 3615 ι
1288 3564 1342 3618 id
1365 3572 1447 3618 est
1469 3578 1619 3633 spem
1644 3579 1820 3618 meam

251 3668 417 3714 totam
467 3671 668 3728 ponam
715 3658 769 3710 in
818 3668 963 3710 eum.
1034 3654 1154 3723 Ipse
1182 3654 1367 3708 -etiam
1418 3662 1502 3709 est
1548 3640 1823 3723 protector

246 3764 422 3804 meus.
456 3766 477 3799 ι
509 3746 660 3800 Sicut
682 3744 824 3800 enim
860 3743 1054 3814 aliquis
1081 3742 1316 3814 protegit
1347 3741 1581 3811 aliquem
1605 3741 1657 3795 in
1685 3740 1824 3796 bello

244 3854 316 3895 ne
346 3836 659 3893 vulneretur
684 3836 863 3906 aliqua
886 3834 1103 3904 sagitta,
1131 3833 1211 3889 sic
1234 3834 1377 3890 Deus
1404 3832 1676 3888 Christum
1705 3847 1825 3902 pro-

246 3931 400 4002 tegit,
426 3944 495 3984 ne
522 3943 649 3984 eum
677 3928 839 3983 etiam
861 3942 1028 3998 parva
1057 3926 1284 3982 tentatio
1310 3933 1593 3996 tangeret:
1639 3934 1696 3979 et
1735 3926 1824 3981 hic

246 4020 525 4077 Christum
553 4036 675 4076 cum
700 4019 951 4075 omnibus
972 4017 1231 4074 membris
1256 4017 1570 4086 accipimus.
1596 4015 1824 4082 Quando

247 4112 391 4169 enim
433 4111 810 4177 vulnerantur,
841 4109 981 4164 sicut
1006 4107 1175 4163 David
1205 4107 1261 4161 in
1291 4106 1553 4162 adulterio
1581 4104 1662 4177 (I1
1691 4103 1820 4175 Reg.

246 4201 349 4274 ιι),
379 4208 507 4257 tunc
537 4201 780 4257 membra
806 4198 1006 4255 Christi
1032 4213 1141 4252 non
1170 4180 1321 4253 sunt.
1353 4216 1372 4249 r
1399 4197 1467 4251 Et
1492 4212 1659 4252 cornu
1688 4195 1826 4250 salu-

251 4293 322 4348 tis
347 4306 497 4348 meze.
533 4310 551 4344 ι
600 4290 829 4363 Propter
859 4292 962 4345 hoc
988 4290 1121 4345 dicit
1156 4305 1346 4355 cornu,
1376 4288 1504 4360 quia
1535 4287 1677 4343 sicut
1704 4287 1823 4341 ani-

249 4384 417 4439 malia
456 4398 555 4455 per
579 4398 750 4440 cornu
776 4381 963 4453 fugant
992 4381 1259 4447 inimicos,
1302 4380 1376 4435 ita
1397 4380 1539 4435 Deus
1579 4378 1826 4433 inimicos

249 4473 453 4530 Christi
483 4474 727 4544 dissipat,
776 4480 831 4529 et
870 4473 1044 4543 ipsum
1089 4473 1298 4527 salvum
1329 4470 1477 4527 facit.
1520 4469 1633 4526 Hoc
1680 4471 1825 4526 enim

250 4564 398 4635 quod
436 4570 519 4619 εει
544 4578 714 4618 cornu
748 4570 831 4619 est
868 4577 1030 4618 causa
1069 4562 1260 4617 salutis
1295 4576 1450 4617 meae.
1492 4561 1616 4616 Haec
1644 4569 1823 4616 autem

250 4655 510 4728 praedicta
555 4672 664 4711 non
704 4657 836 4712 fecit
864 4657 996 4712 mihi
1041 4673 1108 4714 ex
1152 4672 1273 4712 mea
1306 4656 1587 4727 dignitate,
1620 4656 1713 4711 sed
1741 4671 1826 4712 me

254 4746 409 4816 quasi
452 4746 713 4817 pupillum
760 4747 1017 4817 suscepit,
1068 4756 1125 4801 et
1149 4748 1252 4803 hoc
1292 4754 1376 4802 est
1416 4764 1435 4797 ι
1468 4754 1523 4801 ει
1548 4755 1828 4818 susceptor

254 4851 428 4892 meus.
465 4856 485 4889 ι

325 4924 397 4979 Ει
437 4926 561 4994 quia
606 4925 721 4980 ᾔτεε
762 4925 942 4981 omnia
986 4924 1115 4981 fecit
1155 4926 1285 4980 mihi
1315 4926 1477 4993 bona,
1511 4927 1633 4982 ideo
1666 4946 1684 4977 ι
1715 4926 1837 4982 Ιαιιυ

255 5015 387 5070 dans
423 5014 681 5069 invocabo
709 5014 1016 5081 Dominum,
1052 5034 1071 5067 ι
1106 5016 1158 5071 id
1195 5024 1298 5081 est,
1326 5018 1392 5070 de
1446 5017 1642 5072 habitis
1669 5019 1831 5072 bene-

254 5105 395 5161 ficiis
422 5104 671 5172 laudans,
722 5107 985 5163 invocabo
1013 5107 1078 5162 de
1110 5106 1394 5173 habendis,
1426 5118 1481 5163 et
1524 5124 1620 5179 per
1652 5109 1853 5180 ipsum,

255 5196 561 5249 invocatum
612 5216 630 5247 ‹
671 5210 766 5250 ero
807 5195 988 5251 salvus
1024 5196 1091 5251 ab
1123 5196 1358 5251 inimicis
1400 5197 1553 5252 meis.
1589 5217 1608 5250 ι
1663 5197 1829 5253 Τοιιιε

255 5285 501 5342 Christus
529 5288 802 5357 hucusque
854 5287 1062 5343 locutus
1116 5297 1200 5343 est
1231 5289 1298 5344 de
1327 5288 1681 5346 exsultatione
1736 5290 1829 5344 da-

256 5377 411 5441 toris,
465 5392 606 5432 nunc
636 5377 690 5432 in
722 5392 953 5448 persona
984 5378 1328 5448 antiquorum
1358 5389 1569 5449 patrum
1595 5380 1831 5451 loquitur

256 5469 325 5522 de
371 5467 673 5523 calamitate
714 5469 766 5524 in
793 5484 896 5539 qua
942 5478 1096 5525 erant
1129 5478 1253 5527 ante
1289 5472 1576 5528 adventum
1602 5473 1821 5530 Christi.

258 5558 633 5614 Conﬁnuaﬁo:

328 5651 394 5706 Et
422 5669 643 5709 necesse
664 5664 782 5711 erat
803 5666 862 5711 ut
885 5656 1123 5713 salvarer
1151 5659 1220 5714 ab
1253 5658 1510 5728 inimicis,
1533 5662 1657 5733 quia
1688 5682 1706 5716 ‹
1742 5662 1826 5718 1ο-

256 5739 401 5798 lores
431 5746 638 5811 mortis,
675 5746 787 5825 {id
817 5755 918 5817 est,
964 5748 1173 5805 dolores
1226 5749 1292 5805 de
1316 5757 1580 5821 potestate
1606 5752 1822 5816 diaboli,

262 5833 729 5895 circumdederunt
777 5856 879 5905 me,
916 5848 1008 5894 «et
1053 5848 1318 5897 torrentes
1369 5841 1728 5913 iniquitatis,»
1773 5843 1825 5898 id

1852 4620 1906 4679 D

1921 3395 2107 3450 nuatio
2127 3413 2141 3448 :

1980 3482 2264 3537 Exaudivit
2284 3482 2572 3538 clamorem
2594 3495 2792 3545 meum,
2811 3480 2933 3550 quia
2950 3480 3096 3535 misit
3110 3478 3303 3534 Filium
3319 3492 3497 3542 suum,

1923 3573 1976 3626 in
2003 3571 2156 3640 cujus
2184 3573 2413 3627 adventu
2448 3591 2465 3622 ι
2500 3581 2660 3635 terra,
2694 3590 2711 3623 ι
2744 3570 2795 3624 id
2816 3579 2899 3625 est
2929 3572 3146 3635 terreni,
3186 3587 3205 3621 ί
3235 3576 3503 3625 commota

1923 3670 2006 3716 est
2047 3681 2066 3713 ›
2100 3678 2130 3715 a
2158 3662 2445 3715 securitate
2485 3662 2538 3714 in
2567 3668 2833 3729 quaerat,
2888 3660 3071 3714 audita
3129 3674 3266 3714 nova
3311 3658 3508 3729 prtedi-

1925 3752 2156 3815 eatione,
2177 3750 2363 3804 incerti
2391 3751 2534 3818 quod
2561 3758 2840 3814 tenerent;
2871 3767 2890 3800 ‹
2912 3757 2966 3803 ει
2994 3750 3319 3804 contremuit
3340 3769 3358 3802 ι
3381 3750 3504 3819 quia

1927 3841 2107 3895 timuit
2127 3855 2251 3895 eum
2281 3838 2521 3894 futurum
2544 3838 2805 3907 judicent,
2855 3848 2910 3895 et
2940 3853 3049 3894 sua:
3071 3839 3324 3908 nequitia:
3345 3836 3504 3909 puni-

1928 3940 2099 3987 torcm
2134 3950 2151 3982 ‹
2185 3938 2240 3986 et
2264 3930 2610 3986 fundamenta
2656 3931 2940 3998 montium,
2978 3950 2996 3985 ι
3040 3932 3094 3987 id
3142 3940 3246 3997 est,
3295 3940 3506 3989 montes

1925 4020 2131 4076 fundati
2173 4040 2190 4072 ι
2228 4021 2533 4076 conturbati
2569 4028 2715 4075 sunt.
2750 4038 2769 4071 ι
2806 4020 2910 4076 Per
2947 4030 3159 4077 montes
3196 4022 3390 4078 divites
3416 4023 3506 4078 vel
3540 4074 3543 4075 ν

1924 4115 2100 4170 claros
2124 4113 2284 4184 hujus
2314 4112 2494 4169 saeculi
2523 4114 2903 4186 intelligamus,
2935 4131 3163 4186 quorum
3191 4115 3522 4172 fundamcrb.

1926 4214 2038 4259 tum
2066 4212 2190 4259 sunt
2217 4204 2415 4259 divitiae
2450 4211 2506 4258 et
2539 4204 2770 4271 honores
2792 4204 2845 4259 in
2875 4204 3069 4276 quibus
3091 4213 3309 4275 sperant
3334 4223 3349 4261 :
3387 4222 3508 4278 qua:

1925 4292 2274 4350 fundamenta
2297 4297 2619 4350 conturbata
2640 4305 2785 4359 sunt,
2826 4312 2970 4363 cum,
2998 4298 3216 4354 Christo
3237 4300 3505 4368 veniente.

1926 4397 2296 4459 cognoverunt
2318 4388 2373 4441 in
2400 4389 2631 4444 terrenis
2653 4388 2857 4444 divitiis
2886 4390 3208 4460 sperandum
3234 4407 3341 4446 non
3363 4407 3504 4449 esse.

1932 4501 1949 4533 ι
1981 4482 2049 4537 Ει
2082 4491 2350 4538 commota
2379 4490 2480 4547 εει,
2518 4500 2535 4532 ο
2588 4481 2641 4536 id
2668 4491 2772 4547 est,
2833 4482 3086 4538 commoti
3122 4492 3247 4538 sunt
3272 4484 3371 4554 ipsi
3422 4484 3506 4539 di-

1927 4574 2066 4628 vites
2099 4572 2167 4627 ad
2191 4572 2563 4644 ptenitentiam
2599 4590 2613 4625 :
2647 4572 2767 4627 ideo
2809 4582 2951 4627 terra
2981 4584 3253 4629 commota
3289 4582 3345 4629 et
3377 4590 3508 4630 con-

1932 4664 2164 4730 turbata,
2192 4671 2275 4717 est
2320 4681 2337 4713 r
2373 4661 2628 4731 quoniam
2664 4661 2924 4718 Dominus
2948 4663 3114 4719 iratus
3142 4673 3225 4719 est
3263 4664 3366 4732 eis,
3398 4684 3417 4717 ι
3450 4665 3505 4721 id

1928 4767 2036 4822 est,
2090 4757 2345 4826 quoniam
2368 4755 2656 4810 Dominum
2687 4755 2790 4810 sibi
2815 4755 3011 4811 iratum
3043 4764 3263 4827 propter
3283 4766 3505 4827 peccata

1931 4857 2323 4920 cognoverunt.
2380 4865 2397 4898 α
2432 4844 2605 4901 Iratus
2630 4855 2716 4901 est
2765 4845 2864 4911 eis,
2893 4854 2949 4900 et
2979 4846 3034 4901 in
3076 4846 3155 4902 ira
3200 4846 3339 4918 ejus,
3388 4867 3406 4901 ι
3452 4848 3506 4904 id

1931 4950 2033 5009 est,
2081 4942 2135 4996 in
2165 4940 2602 4996 consideratione
2631 4939 2724 4994 ine
2746 4937 2889 4994 illius
2918 4956 2936 4989 ι
2973 4939 3216 4995 ascendit
3243 4937 3441 5003 fumus,
3479 4959 3498 4991 ι
3540 4982 3547 4989 .

1933 5032 1984 5087 id
2006 5040 2111 5097 est,
2134 5030 2468 5102 pcenitentia.
2514 5028 2637 5085 Ideo
2664 5044 2761 5099 per
2783 5028 2990 5084 fumum
3024 5028 3407 5101 paenitentiam
3426 5028 3508 5083 in.

1929 5117 2235 5193 telligimus,
2261 5120 2386 5191 quia
2431 5119 2588 5175 sicuti
2630 5117 2810 5175 fumus
2847 5127 2931 5174 est
2973 5118 3205 5189 primum
3248 5107 3574 5175 indicium).

1930 5212 2089 5281 ignis,
2113 5219 2169 5265 et
2196 5218 2374 5264 movet
2399 5207 2691 5280 lacrymas,
2716 5207 2790 5262 ita
2819 5207 3135 5278 paenitentia
3163 5214 3251 5262 est
3272 5205 3503 5275 primum

1931 5299 2187 5356 indicium
2241 5299 2564 5365 charitatis,
2620 5308 2676 5354 et
2726 5296 2997 5369 lacrymas
3045 5296 3506 5353 fruetuosissimas
3543 5338 3559 5351 .

1928 5391 2121 5446 exerit.
2168 5390 2403 5446 Dicendo
2449 5409 2467 5442 ι
2500 5390 2745 5446 ascendit
2773 5409 2790 5441 ι
2838 5397 2991 5445 notat
3017 5390 3157 5462 quod
3188 5389 3528 5459 paenitentia-

1928 5480 2018 5534 illa
2060 5480 2126 5536 ad
2164 5479 2334 5536 Deum
2383 5482 2556 5553 ipsum
2603 5481 2861 5552 erigatur,
2913 5498 2932 5531 ι
2978 5488 3034 5536 ει
3067 5480 3238 5551 ignis,
3269 5498 3286 5530 ι
3335 5477 3393 5533 id
3423 5488 3515 5535 est

1928 5569 2165 5625 Charitas
2195 5570 2282 5624 illa
2311 5586 2432 5641 quzc
2472 5569 2848 5642 pmnitentiam
2892 5569 3144 5624 movebat
3181 5587 3200 5618 ‹
3232 5567 3439 5624 exarsit
3473 5585 3504 5623 a

1928 5657 2065 5715 facie
2092 5661 2207 5733 ejus
2235 5679 2253 5712 ι
2303 5661 2356 5716 id
2405 5670 2509 5728 est,
2539 5662 2606 5717 ab
2636 5659 3027 5716 illuminatione
3057 5658 3173 5730 ejus
3212 5658 3506 5715 ferventior

1930 5762 2012 5809 est
2034 5753 2198 5810 facta.
2225 5754 2328 5810 Per
2348 5753 2982 5825 exarsit,apparitionem
3009 5761 3157 5810 notat
3184 5755 3501 5811 charitatis:

1938 5864 1953 5895 ‹
1982 5846 2244 5901 carbones
2275 5866 2289 5895 ι
2325 5845 2487 5900 etiam
2519 5843 2762 5900 succensi
2791 5852 2948 5913 sunt,
2991 5845 3041 5902 id
3078 5853 3188 5912 est,
3234 5846 3516 5915 hominus,
