3984 6444
501 425 610 482 247

970 430 1331 490 HAYMONIS
1365 433 1846 493 HALBERSTAT.
1890 441 2104 498 EPISC.
2147 444 2297 502 OPP.
2334 441 2515 504 PARS
2554 448 2595 504 ἰ.
2636 478 2704 489 —-
2743 449 3098 508 COMMENT.
3140 451 3311 509 BlBL.

3673 456 3801 516 948

501 547 559 603 in
588 546 788 616 quibus
812 549 976 605 ardor
1003 551 1284 607 charitatis
1309 553 1608 611 exstinctus
1633 565 1717 612 est
1744 572 1843 629 per
1871 558 2082 630 culpam
2110 562 2161 622 Α
2190 563 2480 629 tenebrosi,
2496 564 2718 634 quidam
2731 565 3065 639 prefulgidi:
3089 570 3415 627 «tenebrosa
3436 585 3567 630 vero
3578 588 3792 646 ειτηερ

500 639 664 709 primi
694 640 941 709 parentis
982 661 1001 693 ι
1029 643 1273 698 succensi
1307 652 1435 699 sunt
1461 646 1530 700 ab
1578 661 1666 712 eo,
1706 667 1724 699 ι
1770 648 1824 703 id
1854 658 1939 704 est
1976 649 2087 705 Deo

500 727 667 785 dante
694 729 872 802 ignem
897 732 1196 786 charitatis.
1232 731 1388 788 Sicut
1414 735 1560 789 enim
1586 737 1805 807 proprie
1828 748 2093 794 vocantur

501 819 769 876 carbones
795 822 850 876 in
876 822 1070 892 quibus
1099 822 1238 893 ignis
1264 825 1563 881 exstinctus
1585 835 1667 882 est
1691 845 1704 880 :
1736 828 1810 882 ita
1840 829 2087 884 homines

499 912 721 981 proprie
750 921 1012 969 vocantur
1037 917 1331 982 carbones,
1380 917 1435 971 in
1477 918 1672 988 quibus
1701 930 1782 975 cst
1816 924 2084 978 exstincta

500 1001 757 1057 charitas.
812 1003 946 1058 Cum
976 1006 1304 1064 ostendisset
1336 1012 1570 1066 remedia
1613 1029 1735 1083 qum
1775 1014 1903 1070 fecit
1942 1016 2086 1072 Dens

499 1092 735 1148 humano
762 1096 968 1164 generi,
1001 1100 1236 1153 nondum
1266 1103 1505 1158 ostendit
1531 1119 1630 1173 per
1656 1121 1813 1176 quem
1845 1107 2085 1177 fecisset,

494 1179 593 1257 sed
624 1182 782 1237 modo
811 1186 1046 1241 ostendit
1089 1203 1187 1258 per
1215 1204 1375 1260 quem
1413 1195 1594 1249 omnia
1630 1196 1719 1251 illa
1754 1199 1897 1254 facta
1934 1209 2081 1255 sunt.

492 1266 840 1329 Continuatio
862 1289 882 1330 :
1421 1304 1429 1311 ν

572 1384 591 1416 ι
621 1366 791 1425 Terra
821 1381 1089 1427 commota
1120 1386 1206 1431 cst
1235 1395 1253 1429 ι
1290 1386 1344 1433 ει
1370 1387 1568 1436 caetera
1598 1380 1743 1438 facta
1768 1394 1926 1452 sunt,
1957 1386 2085 1457 quia

492 1453 641 1511 Deus
672 1475 691 1508 ι
721 1458 1003 1517 inclinavit
1030 1464 1218 1532 caelos,
1251 1487 1269 1519 ι
1309 1469 1363 1524 id
1390 1479 1503 1537 est,
1547 1472 1851 1531 humiliavit
1880 1453 2081 1543 caelos,

495 1549 551 1604 id
580 1560 664 1607 εει
692 1552 959 1620 coelestia,
992 1557 1202 1614 scilicet
1230 1561 1398 1630 ipsam
1430 1562 1708 1630 deitatem,
1739 1572 1794 1620 et
1820 1567 1965 1636 ipsos
1990 1582 2085 1621 an-

494 1639 644 1708 gelos
673 1641 986 1711 inclinavit,
1022 1662 1117 1716 per
1145 1648 1486 1719 frequentem
1516 1654 1877 1711 visitationem
1908 1657 2083 1712 homi-

494 1748 646 1788 num.
680 1733 776 1790 Vel
807 1737 952 1807 ipsos
979 1741 1197 1810 angelos
1238 1744 1549 1810 inclinavit,
1593 1762 1692 1817 per
1723 1750 2079 1804 commisera-
2120 1770 2123 1775 ’

493 1824 695 1881 tionem
729 1843 890 1896 quam
938 1832 1124 1887 habuit
1164 1850 1260 1904 per
1296 1839 1697 1907 reparationem
1728 1840 1948 1896 humani
1984 1858 2080 1913 ge-

2186 650 2242 707 id
2271 662 2355 708 est
2387 655 2620 711 obscura
2651 657 2897 713 doctrina
2948 670 3033 714 est
3061 679 3081 713 ‹
3110 662 3165 716 in
3194 663 3431 721 nubibus
3457 667 3624 733 aeris,
3657 689 3680 723 ι
3732 669 3795 725 id

2184 749 2267 795 est
2308 742 2362 796 in
2407 744 2779 816 superioribus
2819 747 3076 813 nubibus,
3121 750 3333 808 scilicet
3382 753 3437 809 in
3470 758 3789 827 prophetis.

2185 831 2252 885 lli
2298 834 2443 888 enim
2492 837 2768 907 propheta:
2814 851 2912 908 per
2949 841 3211 897 mundum
3256 858 3364 899 non
3414 855 3541 900 sunt
3582 848 3783 912 missi,

2184 932 2406 993 propter
2429 925 2814 982 obscuritatem
2846 930 3267 996 praedicationis.

2261 1035 2279 1067 σ
2303 1016 2422 1072 Prae
2447 1017 2653 1088 fulgore
2673 1034 2801 1075 vero
2825 1020 3016 1086 nubes,
3042 1042 3060 1075 ›
3090 1023 3144 1077 id
3170 1033 3273 1089 est,
3298 1028 3474 1082 sancti
3500 1028 3745 1097 apostoli
3770 1047 3787 1084 :

2184 1105 2277 1175 qui
2307 1106 2428 1162 ideo
2463 1126 2482 1159 ι
2511 1110 2681 1165 nubes
2707 1128 2725 1161 ι
2757 1110 3035 1178 dicuntur,
3065 1114 3192 1184 quia
3224 1117 3543 1188 compluunt
3571 1128 3790 1177 terram

2185 1196 2278 1252 Dei
2297 1239 2312 1264 ,
2348 1209 2401 1254 et
2432 1199 2767 1258 fructificare
2794 1219 2915 1258 eam
2946 1203 3155 1261 faciunt
3189 1209 3457 1279 spirituali
3483 1212 3744 1269 doctrina
3768 1258 3786 1279 ,

2183 1302 2304 1357 qua:
2330 1306 2349 1339 ι
2369 1290 2540 1346 nubes
2552 1307 2663 1362 pra:
2677 1292 2908 1365 fulgore,
2933 1314 2950 1346 ι
2970 1297 3097 1366 quia
3113 1298 3400 1356 manifeste
3413 1304 3715 1373 praedicant
3731 1316 3793 1363 et

2182 1380 2435 1436 omnibus
2463 1382 2833 1455 iutelligibiles
2859 1394 2986 1442 sunt
3015 1407 3034 1439 ι
3059 1389 3113 1444 in
3143 1399 3435 1463 conspectu
3463 1394 3584 1465 ejus
3606 1416 3628 1450 ι
3659 1415 3791 1469 qua

2185 1471 2306 1527 ideo
2333 1488 2445 1542 prae
2472 1472 2687 1545 fulgore
2708 1476 2983 1543 dicuntur,
3007 1480 3132 1549 quia
3153 1492 3475 1552 praesentem
3500 1485 3795 1542 illumina-

2186 1563 2387 1619 tionem
2416 1565 2686 1636 recipiunt
2715 1583 2746 1622 a
2777 1568 3091 1639 cognitione
3128 1562 3320 1642 ipsius,
3367 1584 3423 1631 et
3463 1577 3788 1648 hujusmodi

2190 1671 2212 1704 ς
2240 1654 2411 1710 nubes
2439 1656 2776 1711 transierunt
2804 1678 2821 1710 ι
2858 1659 2912 1713 in
2944 1659 3187 1717 diversas
3214 1671 3397 1733 partes
3425 1667 3643 1732 mundi,
3679 1684 3787 1721 an-

2183 1746 2434 1801 nuntiare
2462 1746 2687 1803 verbum
2717 1747 2849 1803 Dei.‘
2878 1749 2945 1803 Et
2973 1764 3102 1806 ecce
3129 1767 3197 1807 ex
3239 1754 3347 1810 illis
3375 1756 3616 1812 nubibus
3644 1759 3785 1814 exiit

2189 1855 2207 1887 ε
2238 1837 2466 1906 grando,
2502 1857 2522 1890 ι
2568 1838 2620 1893 id
2652 1848 2737 1893 est
2783 1837 3086 1911 objurgatio
3129 1843 3196 1898 de
3230 1846 3470 1915 peccatis
3514 1865 3533 1897 ι
3565 1857 3623 1901 ει
3659 1864 3786 1902 car-

490 1916 639 1971 neris
663 1935 682 1971 :
712 1926 767 1972 et
793 1920 909 1990 ipse
940 1922 1125 1979 Βειιει
1156 1925 1440 1985 descendit
1469 1949 1488 1981 ι
1526 1929 1759 1986 uniendo
1789 1933 2083 1987 humanam
2115 1921 2161 1982 Β
2188 1928 2358 1983 bones
2406 1927 2565 1996 ignis,
2598 1947 2617 1980 ι
2663 1928 2716 1983 id
2770 1937 2884 1993 est,
2932 1931 3154 1999 quidam
3201 1934 3293 2003 qui
3338 1937 3543 1991 mortui
3586 1948 3782 2004 erant,

490 2016 764 2064 naturam.
808 2011 1061 2070 lnclinati
1090 2028 1216 2073 sunt
1244 2021 1410 2075 etiam
1438 2024 1636 2095 angeli,
1668 2042 1791 2082 cum
1821 2029 2085 2085 acceden-

490 2105 573 2151 tcs
624 2100 691 2154 ad
740 2101 1029 2162 Dominum
1080 2109 1529 2169 ministraverunt
1578 2118 1628 2172 ei
1679 2119 1913 2180 (Matth.
1965 2120 2080 2193 tv).

496 2211 515 2241 σ
545 2191 849 2264 lnclinavit,
880 2200 1183 2267 descendit,
1216 2225 1234 2256 ι
1270 2214 1327 2260 ει
1369 2206 1496 2262 licet
1525 2208 1599 2264 ita
1632 2211 1705 2265 sit
1743 2191 2077 2279 humiliatus,

489 2291 671 2339 tamen
699 2301 805 2342 non
828 2290 1062 2357 perdidit
1082 2302 1426 2363 potestatem,
1449 2299 1544 2354 sed
1574 2317 1595 2350 ι
1622 2300 1817 2371 caligo,
1849 2322 1867 2354 ι
1898 2303 1953 2358 id
1974 2314 2078 2369 est,

487 2375 769 2445 diabolus,
826 2390 909 2437 est
946 2401 965 2434 ι
996 2385 1098 2439 sub
1125 2387 1354 2455 pedibus
1383 2389 1520 2460 ejus,
1553 2413 1570 2445 ι
1606 2394 1659 2450 id
1690 2404 1802 2461 εει,
1838 2397 2082 2466 pl'enarie

486 2468 737 2528 subditus
766 2485 849 2530 cst
879 2477 928 2531 ei
950 2515 968 2544 ,
1012 2477 1157 2534 sicut
1192 2497 1280 2537 res
1308 2499 1427 2553 quae
1455 2488 1556 2540 sub
1585 2488 1810 2556 pedibus
1839 2496 1940 2545 est.
1976 2490 2081 2546 Per

482 2559 771 2629 Caligincm
800 2567 920 2621 ideo
948 2568 1220 2625 diabolum
1247 2574 1567 2643 accipimus,
1591 2577 1718 2646 quia
1744 2579 1884 2633 sicut
1906 2579 2080 2650 caligo

483 2650 804 2709 obtcnebrat
831 2657 1037 2720 oculos,
1072 2661 1153 2714 sic
1181 2661 1428 2718 diabolus
1456 2674 1773 2734 peccatores
1801 2667 2076 2737 obcaecat,

481 2751 539 2795 et
562 2743 890 2816 caliginosos
912 2750 1173 2806 rcdditne
1191 2753 1405 2809 valeant
1430 2755 1609 2811 lumen
1638 2759 1884 2815 veritatis
1912 2776 2078 2832 agno-

481 2846 656 2889 scere.
714 2837 1006 2896 Descendit
1049 2841 1198 2910 dico,
1239 2857 1295 2901 et
1322 2850 1568 2904 ascendit
1597 2850 1711 2920 ipse
1741 2852 1883 2907 idem
1914 2868 2077 2923 super

482 2941 698 2984 omnem
735 2934 1034 3003 angelicam
1064 2949 1374 2995 creaturam
1418 2942 1473 2996 in
1515 2944 1835 3000 ascensione
1862 2946 2074 3001 exalta-

482 3023 574 3072 tus
600 3026 703 3073 est.
756 3020 862 3077 Per
893 3024 1040 3080 illum
1068 3028 1316 3084 ordinem
1355 3044 1545 3087 omnes
1593 3032 1729 3089 alios
1775 3035 2073 3104 accipimus

487 3122 507 3154 ε
538 3115 592 3161 ει
624 3108 828 3166 volavit
861 3129 1025 3184 super
1049 3132 1258 3188 pennas
1283 3128 1601 3188 ventorum,
1632 3142 1648 3173 ι
1685 3122 1878 3187 idest,
1923 3125 2075 3180 ocior

480 3196 585 3251 fuit
610 3212 706 3254 sua
737 3199 880 3257 fama
908 3220 1068 3273 quam
1097 3189 1242 3263 venti
1268 3224 1283 3262 :
1312 3211 1438 3279 quia
1464 3227 1587 3267 cum
1612 3221 1773 3269 natus
1800 3213 1904 3271 fuit
1927 3217 2074 3287 agni-

482 3297 571 3344 tus
600 3288 700 3345 fuit
727 3293 781 3348 in
812 3293 1060 3353 Cbaldrca
1092 3315 1190 3370 per
1215 3302 1399 3359 stellas
1429 3302 1644 3374 (Matth.
1671 3306 1767 3377 n):
1794 3307 1922 3362 dum
1950 3323 2074 3363 cru-

410 3375 414 3379 ’
481 3381 794 3453 cingeretur
819 3389 1067 3460 cognitus
1096 3392 1197 3447 fuit
1227 3393 1472 3461 Athenis,
1504 3412 1602 3467 per
1630 3375 2071 3457 obscurationem

478 3473 630 3531 solis.
668 3478 872 3537 Ventos
898 3482 1155 3539 describit
1183 3497 1448 3556 pennatos
1480 3499 1701 3562 pmpter
1729 3494 2025 3564 agilitatem
2054 3515 2067 3552 :

478 3583 602 3624 cum
646 3571 732 3627 bis
774 3572 906 3629 dicit
944 3575 1186 3644 volavit,
1233 3580 1525 3637 maximam
1574 3583 1689 3655 ejus
1735 3586 2073 3645 celeritatem

477 3668 651 3715 notat.

552 3751 646 3808 Vel
677 3756 751 3810 ita
775 3772 789 3811 :

550 3866 568 3898 ι
600 3847 859 3907 Ascendit
884 3869 1047 3924 super
1079 3858 1386 3926 cherubim,
1410 3880 1428 3912 ι
1459 3860 1517 3917 id
1535 3873 1639 3929 est,
1665 3878 1829 3934 super
1850 3880 2066 3921 omnem

471 3936 865 4007 plenitudinem
893 3944 1135 3999 scientiae
1160 3965 1173 4000 :
1206 3948 1333 4017 quia
1359 3949 1539 4006 nullus
1560 3960 1668 4006 tam
1695 3953 1869 4023 plenae
1892 3956 2069 4011 scien-

470 4029 564 4084 tiae
588 4039 704 4096 est,
742 4032 839 4103 qui
868 4037 1040 4103 possit
1066 4052 1395 4108 cognoscere
1425 4040 1554 4097 illud
1588 4052 1858 4099 secretum
1877 4085 1892 4111 ,
1925 4047 2069 4115 quod

470 4118 775 4187 penetravit
803 4123 857 4176 in
890 4125 1209 4182 ascensione
1238 4145 1257 4179 ι
1285 4135 1340 4183 ει
1362 4129 1566 4186 volavit
1595 4147 1758 4204 super
1783 4148 2007 4203 pennas,
2041 4155 2060 4189 ι

469 4210 525 4264 id
554 4218 669 4276 est,
716 4217 995 4285 superavit
1036 4218 1335 4289 agilitatem
1377 4220 1686 4279 intellectus
1724 4234 2062 4281 sanctorum.

469 4299 577 4355 Per
611 4312 805 4361 ventos
846 4318 1066 4364 sanctos
1107 4309 1427 4382 accipimus,
1474 4322 1697 4384 propter
1725 4315 2061 4386 agilitatem:

421 4418 426 4422 -
466 4405 568 4460 per
598 4408 825 4463 pennas,
856 4397 1096 4454 velocem
1131 4415 1322 4457 eorum
1359 4401 1688 4459 intellectum
1721 4444 1736 4470 ,
1782 4411 1837 4458 et
1877 4406 1923 4460 si
1962 4407 2066 4478 ipsi

467 4479 671 4551 aliquid
701 4496 1074 4556 cognoverunt
1111 4488 1166 4544 in
1206 4505 1272 4547 eo
1298 4509 1313 4545 :
1344 4491 1577 4558 volavit,
1622 4492 1748 4562 quia
1788 4495 2061 4564 quoddam

464 4569 610 4627 aliud
633 4584 753 4630 erat
775 4576 916 4646 quod
943 4593 1271 4650 cognoscere
1297 4597 1404 4637 non
1433 4591 1749 4653 potuerunt,
1772 4593 1827 4639 et
1854 4585 1899 4640 si
1930 4585 2059 4641 illud

464 4661 647 4733 aliquo
676 4664 863 4723 labore
895 4681 1285 4741 cognoverunt,
1317 4674 1513 4730 iterum
1541 4676 1744 4731 volavit
1771 4685 1827 4733 et
1858 4677 2055 4734 iterum

463 4754 686 4811 volavit.
733 4757 839 4814 Per
864 4760 981 4817 haec
1008 4765 1270 4833 praedicta
1297 4768 1533 4824 nondum
1563 4769 1777 4828 dixerat
1807 4789 1930 4829 eum
1968 4790 2057 4831 εει

461 4848 763 4917 sumpsisse
814 4851 1241 4920 humanitatem,
1298 4857 1443 4926 quod
1490 4859 1651 4915 modo
1701 4860 1755 4916 in
1807 4867 2055 4934 sequenti

461 4936 754 4997 manifeste
786 4942 1042 4997 ostendit.
1081 4942 1469 5002 Continuatio:
1503 4948 1653 5005 illum
1686 4952 1777 5022 qui
1809 4955 2056 5011 ascendit

459 5035 517 5082 et
544 5028 825 5088 descendit
866 5048 974 5088 non
1020 5043 1230 5090 tantum
1275 5038 1509 5094 credatis
1546 5056 1668 5096 esse.
1702 5041 1909 5109 Deum,
1957 5044 2053 5100 sed

459 5118 628 5175 etiam
670 5122 942 5179 hominem
973 5142 988 5178 :
1036 5133 1092 5179 et
1130 5126 1233 5181 hoc
1272 5135 1354 5182 est
1383 5145 1402 5178 ι
1432 5136 1488 5184 ει
1515 5130 1696 5200 posuit
1726 5132 1998 5197 tenebras,
2031 5150 2048 5183 ι

461 5211 518 5266 id
544 5221 658 5281 est,
698 5231 920 5272 carnem
950 5219 1244 5273 humanam
1274 5237 1294 5269 ε
1325 5218 1608 5277 latibulum
1645 5238 1827 5289 suum,
1857 5243 1875 5275 ι
1910 5224 2055 5279 scili-

460 5312 579 5370 cet,
608 5305 663 5361 in
689 5325 795 5380 qua
825 5325 988 5365 carne
1014 5309 1272 5366 divinitas
1297 5310 1474 5366 latuit.
1517 5311 1616 5369 Hic
1646 5315 1885 5370 tenebrae
1912 5316 2057 5371 acci-

460 5395 683 5467 piuntur
704 5400 758 5455 in
784 5402 944 5456 bono.
982 5400 1154 5457 Sicuti
1186 5403 1527 5473 tenebrosum
1554 5421 1862 5463 sermonem
1889 5424 2054 5464 voca-

458 5500 583 5540 mus
610 5489 701 5544 ubi
732 5505 927 5559 magna
953 5489 1293 5561 profunditas
1321 5502 1425 5561 cst,
1460 5512 1479 5545 ι
1508 5503 1563 5550 ει
1593 5497 1644 5550 in
1672 5497 1901 5552 circuitu
1930 5497 2049 5566 ejus

456 5576 867 5633 tabernaculum
919 5581 1058 5651 ejus,
1105 5604 1122 5635 ι
1169 5585 1220 5639 id
1264 5595 1380 5651 cst,
1410 5584 1708 5640 militantes
1738 5586 1787 5640 ei
1829 5596 1954 5641 sunt
1993 5588 2044 5642 in

456 5671 713 5735 circuitu,
742 5672 797 5728 id
820 5684 902 5729 est
944 5677 1176 5745 proximi
1205 5678 1343 5748 ejus,
1374 5676 1426 5731 id
1451 5686 1534 5734 est
1557 5676 1795 5747 aliquam
1846 5678 2049 5735 habent

458 5762 819 5833 cognitionem
868 5778 922 5823 et
961 5768 1387 5824 familiaritatem
1430 5771 1495 5826 de
1536 5784 1642 5823 co:
1693 5783 1759 5822 ex
1803 5770 2047 5839 quibus?

457 5856 663 5915 scilicet
689 5874 753 5916 cx
781 5859 884 5917 illis
910 5862 1001 5931 qui
1035 5869 1160 5916 sunt
1191 5861 1243 5916 in
1275 5862 1643 5925 tabernaculo,
1673 5859 1890 5932 quidam
1921 5875 2045 5921 sunt

2186 2016 2399 2073 fervore
2424 2019 2710 2075 charitatis
2738 2020 2875 2075 ﬁunt
2904 2022 3082 2092 igniti.

2261 2126 2279 2157 ι
2311 2104 2510 2174 Nubes,
2543 2126 2562 2161 ι
2613 2106 2665 2163 id
2697 2117 2814 2174 est,
2856 2111 3085 2180 apostoli
3120 2115 3490 2181 transierunt,
3536 2127 3593 2173 et
3626 2139 3644 2170 ι
3678 2121 3779 2176 Do-

2183 2198 2363 2252 minus
2416 2198 2653 2254 intonuit
2701 2200 2768 2255 de
2805 2200 2966 2267 caelo,
2997 2221 3016 2255 ›
3066 2202 3118 2257 id
3162 2213 3246 2258 est
3283 2206 3349 2261 de
3386 2206 3493 2263 illis
3545 2210 3789 2265 nubibus

2182 2286 2275 2355 qni
2297 2287 2553 2344 dicuntur
2576 2290 2794 2357 cmlum,
2818 2292 2944 2362 quia
2973 2303 3182 2349 secreta
3198 2294 3442 2352 caelestia
3459 2300 3748 2355 continent
3765 2321 3783 2356 :

2188 2395 2207 2429 ι
2240 2376 2498 2434 Dominus
2536 2380 2795 2445 intonuit,
2825 2400 2843 2433 ι
2880 2382 2933 2436 id
2964 2392 3083 2448 est,
3118 2399 3218 2454 per
3248 2386 3424 2441 minas
3464 2388 3662 2457 judicii
3695 2392 3779 2445 in—

2180 2470 2418 2545 crepuit,
2452 2478 2504 2524 et
2537 2471 2651 2542 ipse
2683 2492 2701 2523 ‹
2730 2471 3044 2528 Altissimus
3074 2475 3224 2530 dedit
3249 2490 3436 2531 vocem
3465 2494 3649 2536 suam.
3682 2500 3701 2532 ι
3728 2481 3780 2535 id

2179 2569 2263 2615 est
2306 2562 2675 2632 evangelicam
2725 2563 3029 2619 doctrinam
3067 2579 3081 2618 :
3135 2574 3190 2621 et
3234 2581 3362 2623 cccc
3422 2585 3443 2619 ι
3476 2570 3693 2640 grando
3726 2582 3775 2627 et

2180 2652 2447 2708 carbones
2477 2654 2638 2725 ignis.
2672 2674 2691 2707 ι

2249 2745 2317 2799 Ει
2347 2746 2463 2817 ipse
2492 2747 2755 2805 Dominus
2804 2769 2823 2801 ι
2871 2751 3018 2806 misit
3051 2752 3277 2824 sagittas
3307 2769 3434 2810 suas
3466 2774 3512 2822 ο,
3567 2755 3621 2810 id
3658 2766 3773 2819 est,

2176 2837 2474 2907 discipulos
2505 2838 2895 2910 discipulorum
2914 2883 2927 2907 ,
2958 2843 3050 2912 qui
3086 2844 3346 2899 dicuntur
3375 2846 3619 2916 sagittae,
3649 2847 3771 2915 quia

2174 2927 2469 2984 vulnerant
2488 2931 2652 2986 corda
2679 2932 2957 2987 hominum
2982 2935 3150 2990 verbo
3171 2935 3265 2990 Dei
3292 2955 3306 2990 :
3336 2945 3394 2992 et
3416 2951 3514 2993 eos
3542 2938 3612 2992 ad
3637 2952 3774 3008 quos

2175 3029 2304 3076 sunt
2331 3022 2483 3077 missi
2516 3023 2805 3093 dissipant,
2834 3026 2960 3095 quia
2988 3026 3122 3082 alios
3151 3029 3485 3100 assumpsit,
3514 3029 3656 3086 alios
3690 3046 3766 3087 re-

2167 3113 2340 3184 jecit;
2393 3114 2545 3169 misit
2572 3116 2818 3186 sagittas,
2849 3125 2905 3173 et
2951 3133 3047 3188 per
3074 3134 3171 3175 eas
3210 3139 3231 3172 ι
3260 3121 3489 3192 sagittas
3511 3122 3770 3193 multipli—

2177 3207 2323 3262 cavit
2362 3206 2573 3277 fulgura
2605 3227 2654 3274 ι,
2701 3209 2754 3264 id
2793 3216 2897 3275 est,
2943 3210 3262 3281 multiplicia
3311 3211 3438 3267 fecit
3476 3214 3765 3269 miracula.

2101 3271 2147 3334 C
2176 3296 2281 3352 Per
2309 3296 2524 3370 fulgura
2566 3299 2825 3355 miracula
2866 3300 3184 3371 accipimus,
3215 3303 3343 3371 quia
3368 3304 3514 3359 sicut
3543 3320 3642 3375 per
3668 3305 3744 3359 fui

2174 3404 2308 3460 gura
2337 3389 2583 3445 homines
2612 3398 2909 3457 terrentur,
2942 3390 3021 3446 sic
3056 3406 3156 3461 per
3179 3392 3443 3448 miracula
3471 3403 3528 3449 et
3554 3410 3661 3464 per
3676 3395 3768 3451 illa
3796 3378 3799 3389 ’

2175 3479 2434 3536 miracula
2467 3499 2489 3531 ι
2515 3480 2861 3537 conturbavit
2885 3496 2978 3537 eos
3012 3502 3031 3535 ι
3059 3481 3127 3537 de
3158 3483 3399 3553 peccatis
3432 3483 3503 3539 ad
3533 3499 3762 3540 conver~

2172 3572 2400 3628 sionem.
3018 3598 3021 3599 ν

2242 3663 2308 3718 Ει
2339 3679 2437 3734 per
2469 3665 2593 3722 illas
2622 3666 2847 3738 sagittas
2893 3666 3080 3722 habuit
3126 3670 3358 3726 mundus
3396 3672 3761 3743 cognitionem

2172 3755 2436 3819 veritatis,
2465 3764 2522 3810 ct
2553 3757 2657 3813 hoc
2690 3767 2774 3812 est
2821 3777 2837 3807 ι
2868 3766 2923 3812 ει
2950 3768 3318 3828 apparuerunt
3349 3781 3398 3827 ι,
3428 3762 3484 3817 id
3508 3772 3609 3827 est,
3638 3777 3759 3816 om.

2168 3844 2327 3901 nibus
2354 3848 2555 3915 cogniti
2585 3856 2713 3902 sunt
2760 3868 2777 3899 ι
2802 3848 2980 3905 fontes
2999 3870 3044 3917 ι,
3069 3851 3124 3907 id
3145 3861 3225 3907 est
3249 3854 3547 3923 sapientes:
3576 3853 3754 3908 fontes

2168 3936 2290 3992 dico
2322 3956 2340 3989 ι
2371 3952 2633 4007 aquarum
2667 3958 2714 4003 ι,
2763 3939 2818 3994 id
2865 3949 2985 4006 est,
3034 3955 3104 3996 ex
3142 3942 3339 4011 quibus
3370 3942 3547 3999 ﬂuunt
3573 3944 3757 3999 multa:

2169 4041 2343 4097 aquae,
2377 4027 2431 4083 id
2485 4038 2569 4083 est
2607 4027 2789 4084 multa:
2828 4030 3120 4097 doctrina,
3161 4047 3283 4102 quae
3325 4035 3592 4105 sapientia
3635 4049 3755 4090 cum

2164 4120 2318 4191 prius
2347 4119 2573 4189 lateret,
2616 4120 2672 4176 in
2704 4122 2784 4177 eis
2815 4122 2979 4177 modo
3007 4124 3223 4196 cognita
3251 4123 3354 4178 fuit
3380 4142 3393 4178 :
3424 4134 3481 4179 ει
3511 4140 3610 4195 per
3631 4140 3758 4181 cos-

2167 4213 2288 4269 dem
2320 4233 2338 4266 ι
2370 4213 2719 4271 fundamenta
2742 4235 2788 4278 ι,
2822 4216 2876 4271 id
2903 4224 3008 4277 est.
3040 4218 3319 4288 propheta:
3345 4234 3444 4290 per
3468 4236 3609 4291 quos
3636 4220 3758 4276 fun-

2167 4304 2292 4360 data
2312 4313 2394 4361 est
2414 4305 2686 4362 Ecclesia:
2705 4306 3054 4363 fundamenta
3066 4307 3188 4366 dico
3207 4330 3225 4362 ‹
3246 4311 3394 4367 orbis
3417 4318 3685 4368 terrarum
3709 4332 3753 4378 ι,

2166 4396 2218 4451 id
2248 4406 2352 4464 est,
2383 4396 2671 4464 Ecclesiae,
2724 4413 2845 4468 quae
2874 4415 2941 4455 cx
2970 4400 3102 4456 orbe
3130 4409 3402 4458 terrarum
3421 4444 3435 4470 ,
3472 4403 3527 4458 id
3559 4413 3645 4459 est
3686 4420 3755 4460 ex

2164 4488 2310 4542 omni
2353 4498 2507 4558 parte
2554 4496 2714 4543 terra:
2763 4489 2991 4545 collecta
3025 4500 3110 4547 est
3138 4509 3156 4543 ι
3188 4500 3314 4548 sunt
3346 4493 3586 4549 revelata
3619 4514 3668 4560 ι,
3700 4503 3756 4549 ια

2163 4585 2249 4632 εει
2280 4577 2622 4634 manifestata
2667 4596 2682 4632 :
2726 4579 2852 4650 quia
2880 4581 3058 4636 sancti
3089 4582 3314 4652 apostoli
3345 4591 3402 4639 ει
3428 4583 3520 4638 alii
3552 4584 3753 4655 praedi-

2165 4678 2379 4725 catores
2401 4669 2564 4724 etiam
2592 4671 2977 4741 prophetarum
2993 4670 3332 4743 Scripturam
3356 4672 3753 4746 intelligibilem

2163 4757 2534 4814 reddiderunt.
2962 4790 2967 4793 -

2237 4873 2255 4904 ι
2277 4852 2477 4909 Fontes
2492 4866 2859 4927 apparuerunt
2880 4878 2899 4911 ι
2920 4859 3089 4916 ethoc
3103 4859 3205 4916 fuit
3221 4878 3239 4912 ι
3261 4861 3330 4917 ab
3344 4861 3745 4933 increpatione.

2159 4943 2567 5012 prmdicantium
2592 4966 2605 5000 :
2635 4948 2874 5018 quicum
2897 4949 3034 5006 alios
3056 4951 3421 5023 increparent,
3448 4969 3545 5024 per
3571 4955 3749 5025 ipsam

2159 5036 2582 5107 increpationem
2624 5041 2694 5096 ab
2733 5042 2856 5098 aliis
2898 5057 3021 5099 esse
3055 5046 3327 5114 sapientes
3365 5047 3568 5115 cogniti
3599 5055 3746 5111 sunt,

2165 5143 2184 5176 σ
2212 5136 2266 5181 ει
2294 5127 2363 5182 ab
2394 5129 2749 5200 inspiratione
2774 5133 3001 5204 spiritus
3030 5134 3125 5190 ira?
3157 5145 3262 5191 tute
3293 5156 3340 5202 ι,
3388 5137 3444 5192 id
3482 5146 3603 5203 cst,
3649 5152 3750 5210 per

2158 5218 2408 5287 spiritum
2437 5220 2731 5289 spirantem
2762 5222 2842 5277 eis
2886 5223 3023 5279 iram
3066 5234 3235 5281 tuam.
3280 5227 3528 5284 Ostcnsis
3555 5243 3745 5284 sacra-

2157 5309 2354 5363 mentis
2374 5308 2656 5373 adventus,
2677 5310 2793 5366 vult
2812 5316 3098 5370 ostendere
3122 5318 3252 5387 quid
3282 5317 3372 5373 illa
3400 5327 3745 5375 sacramenta

2156 5397 2377 5465 faciant,
2418 5401 2627 5457 scilicet
2652 5401 2969 5459 Ecclesiam.
3008 5405 3396 5466 Continuatio:

2234 5509 2254 5542 ς
2284 5489 2429 5546 Misit
2463 5492 2709 5562 sagittas,
2742 5514 2760 5547 ι
2798 5497 2946 5551 misit
2975 5499 3140 5553 etiam
3175 5487 3434 5570 Spiritum
3464 5512 3740 5568 sanctum,

2164 5600 2181 5629 ‹
2207 5581 2272 5635 de
2297 5596 2508 5636 summo
2530 5602 2578 5649 ι,
2609 5582 2663 5639 id
2683 5594 2786 5652 εει,
2817 5585 2883 5640 de
2914 5585 3093 5644 Patre.
3121 5588 3362 5646 Dicendo
3389 5593 3561 5657 misit,
3586 5604 3745 5649 notat

2158 5672 2356 5729 donum
2383 5692 2394 5728 :
2429 5673 2658 5732 dicendo
2679 5678 2744 5733 de
2770 5694 3003 5748 summo,
3025 5683 3407 5752 aequalitatem.
3446 5683 3583 5741 Cum
3608 5688 3744 5743 dicit

2156 5766 2338 5833 misit,
2376 5783 2481 5823 non
2510 5768 2640 5825 dicit
2667 5785 2732 5826 eo
2760 5773 2902 5841 quod
2932 5774 3193 5830 minorem
3226 5776 3477 5833 mittente
3507 5778 3737 5835 missum

2158 5858 2436 5931 intelligat,
2456 5862 2547 5917 sed
2579 5869 2687 5918 tota
2704 5863 2941 5920 Trinitas
2973 5866 3135 5923 mitti!
3150 5867 3413 5938 Spiritum
3446 5879 3733 5931 sanctum;
