3984 6446
1372 457 1817 516 EXPLANATIO
1857 459 1923 514 IN
1960 460 2302 519 PSALMOS.

3366 463 3475 520 250

202 594 224 626 ι
253 582 310 629 et
339 569 551 643 accepit
581 584 687 625 me.
719 589 737 622 ι
790 568 903 626 Hoc
930 569 1169 641 loquitur
1193 568 1442 626 Christus
1468 572 1520 625 in
1552 585 1782 641 persona
1809 575 1859 634 Α
1885 572 2013 642 quia
2050 591 2068 624 ι
2105 572 2405 629 observabo
2431 588 2518 630 me
2542 574 2612 629 ab
2636 573 2924 645 iniquitate
2958 589 3080 630 mea
3113 594 3131 628 ι
3160 575 3315 646 quasi
3341 575 3475 633 mibi

196 664 369 723 totius
398 661 644 733 corporis
669 680 681 714 :
717 679 735 712 ι
766 662 977 731 accepit
1004 680 1055 727 ι,
1086 660 1141 716 id
1169 669 1288 724 est,
1319 660 1472 731 quasi
1503 660 1786 732 fugitivum

196 755 451 827 collegit,
479 764 534 808 et
560 753 677 810 haec
706 754 951 823 acceptio
982 762 1066 809 est
1094 769 1193 825 per
1216 754 1648 825 inspirationem,
1684 773 1703 807 ε
1734 763 1787 810 et

197 846 497 915 assumpsit
525 860 612 899 me
645 864 663 896 ι
713 860 768 899 ιιι
798 844 1117 917 dignitatem
1173 861 1270 917 per
1307 847 1497 911 fidem,
1543 862 1640 915 per
1687 846 1785 900 ba-

195 940 483 1013 ptismum,
500 953 595 1009 per
619 944 850 994 caeteras
873 937 1102 994 virtutes
1128 957 1146 989 «
1176 939 1242 994 de
1262 940 1419 1009 aquis
1450 938 1633 993 multis
1661 960 1707 1004 ι,
1733 940 1785 993 ιιι

198 1046 308 1102 est,
334 1033 401 1091 de
429 1031 641 1106 populis
688 1033 892 1088 multis.
925 1031 1080 1087 Unde.
1105 1031 1377 1087 Joannes:
1407 1032 1571 1102 Aquae
1604 1033 1787 1088 multa:

198 1135 327 1183 sunt
353 1124 534 1197 pepuli
568 1123 742 1179 mulli.
792 1122 888 1178 Vel
925 1123 993 1177 de
1027 1122 1215 1192 aquis,
1259 1123 1311 1177 id
1341 1131 1459 1187 est,
1499 1123 1566 1177 de
1603 1124 1788 1178 multis

196 1216 617 1290 baptismatibus
645 1231 660 1270 :
684 1213 810 1283 quia
841 1212 967 1268 licet
995 1211 1298 1284 baptismus
1325 1212 1397 1269 sit
1421 1228 1580 1279 unus,
1605 1222 1785 1270 tamen

199 1312 256 1367 in
285 1310 471 1366 multis
498 1307 711 1379 populis
739 1306 819 1363 fit.

271 1400 341 1457 Et
392 1414 481 1454 me
506 1398 587 1454 sic
626 1404 962 1467 assumptum
997 1415 1017 1447 ι
1056 1396 1254 1467 eripuit
1289 1395 1354 1451 de
1385 1396 1617 1452 inimicis
1648 1396 1787 1451 meis

200 1489 535 1554 fortissimis,
577 1507 595 1540 ι
645 1487 699 1544 id
745 1495 828 1542 est
875 1487 1235 1551 daemonibus,
1286 1504 1305 1535 ‹
1341 1494 1399 1541 et
1452 1487 1521 1541 ab
1568 1485 1654 1541 his
1694 1485 1784 1554 qui

201 1583 434 1639 oderunt
469 1595 574 1646 me,
614 1598 633 1630 ι
690 1578 742 1633 id
774 1586 857 1633 est
902 1576 1059 1632 malis
1084 1576 1410 1644 hominibus,
1453 1584 1509 1630 et
1563 1590 1786 1632 necesse

199 1680 322 1727 erat
348 1680 407 1726 ut
442 1670 678 1738 eriperet
712 1687 728 1718 ι
765 1666 891 1736 quia
933 1664 1222 1721 confortati
1264 1673 1389 1719 sunt
1430 1679 1594 1734 super
1626 1678 1729 1719 me.
1760 1684 1778 1715 ι

202 1761 418 1828 Quanto
460 1760 607 1815 enim
645 1757 830 1813 fideles
853 1756 1026 1827 magis
1062 1756 1411 1821 tribulantur,
1437 1762 1591 1811 tanto
1616 1755 1787 1826 magis

1887 662 2144 718 naturali.
2200 661 2353 717 Unde
2404 662 2789 733 Apostolusu
2821 664 2943 719 Nati
2997 680 3186 721 sumus
3242 664 3338 720 filii
3380 666 3477 722 ira

1887 751 2105 821 (ΕρΙιρδ.
2143 758 2226 824 ιι).
2258 773 2278 805 ι
2315 752 2555 808 Dicendo
2593 773 2611 805 ι
2649 756 2950 811 observabo
2982 775 3001 808 ι
3030 764 3183 812 notat
3204 756 3477 813 cautelam

1886 858 2006 897 esse
2038 844 2398 899 adhibendam
2431 845 2499 899 ad
2543 847 2845 901 custodiam
2870 848 3151 901 virtutum.
3181 846 3335 903 Nunc
3364 846 3479 919 agit

1886 935 1951 991 de
1981 937 2335 992 retributione
2358 936 2628 1005 justorum
2660 939 2712 993 in
2737 939 2916 995 futura
2940 941 3466 997 vita.Continuatio:

1958 1046 2013 1101 In
2042 1047 2141 1103 hac
2188 1048 2295 1102 vita
2338 1063 2434 1102 ero
2482 1048 2882 1115 immaculatus,
2926 1053 3063 1107 etin
3116 1051 3294 1107 futura
3327 1071 3345 1103 ε
3384 1067 3473 1107 re-

1887 1138 2090 1193 tribuet
2124 1139 2257 1193 mihi
2287 1140 2547 1195 Dominus
2590 1142 2882 1197 secundum
2903 1141 3167 1211 justitiam
3197 1159 3392 1210 meam,
3420 1151 3475 1199 et

1886 1229 2185 1286 secundum
2235 1231 2524 1301 puritatem
2572 1247 2829 1289 manuum
2880 1249 3122 1288 mearum
3161 1255 3180 1286 ι
3230 1234 3477 1290 habitam

1892 1337 1911 1371 ι
1947 1319 2003 1373 in
2038 1330 2325 1391 conspectu
2342 1321 2620 1377 oculorum
2651 1321 2788 1391 ejus,
2826 1343 2843 1375 ι
2874 1323 2924 1378 id
2950 1331 3032 1377 est
3061 1324 3114 1378 in
3136 1324 3479 1394 bencplaeito

1888 1412 2268 1468 misericordiae
2296 1414 2431 1484 ejus.
2468 1413 2619 1469 Sicut
2668 1416 2816 1470 enim
2866 1414 3064 1485 aliquis
3118 1423 3313 1486 potens
3358 1431 3475 1470 rem

1887 1517 2049 1571 quam
2078 1502 2254 1574 diligit
2296 1505 2350 1559 in
2394 1513 2688 1575 conspectu
2742 1505 2925 1571 habet,
2957 1520 3122 1576 quam
3165 1521 3271 1560 non
3305 1505 3479 1576 diligit

1886 1611 1994 1650 non
2017 1596 2131 1651 vult
2166 1597 2220 1652 in
2271 1606 2563 1668 conspectu
2594 1599 2836 1654 habere:
2879 1600 2957 1654 sic
2988 1598 3128 1653 Deus
3185 1597 3329 1668 quod
3370 1597 3474 1653 sibi

1885 1684 2062 1753 placet
2086 1686 2283 1741 dicitur
2322 1687 2591 1757 aspicere,
2637 1688 2778 1771 quod
2820 1702 2926 1742 non
2972 1686 3151 1758 placet
3182 1686 3474 1757 negligere.

1886 1776 2021 1843 Quia
2051 1778 2301 1847 superius
2330 1778 2565 1843 dixerat,
2605 1779 2869 1847 justitiam
2893 1794 3090 1843 meam,
3129 1793 3199 1833 ne
3228 1777 3478 1833 videatur

201 1853 258 1906 in
290 1852 395 1908 fide
430 1850 821 1915 accenduntur,
851 1857 908 1905 et
942 1848 1214 1905 firmiores
1240 1854 1387 1914 sunt,
1435 1855 1490 1902 et
1532 1847 1669 1904 alios
1714 1846 1781 1903 ad
1810 1923 1854 1938 ﬁ
1880 1864 2090 1934 justitia
2118 1846 2256 1922 περ
2306 1867 2374 1921 ab
2404 1846 2619 1924 ιιοιηίηέ
2645 1910 2659 1933 ⁷
2713 1869 2952 1924 ostendit
2983 1870 3129 1938 quod
3189 1870 3306 1924 sine
3364 1870 3476 1925 Deo

200 1942 364 1997 ﬁdem
404 1946 748 1997 convertunt.

283 2053 302 2084 ι
339 2034 917 2105 Etprazveneruntme,
947 2051 964 2083 ι
992 2030 1044 2086 id
1068 2040 1153 2086 est
1170 2029 1568 2100 praevaluerunt
1594 2044 1785 2083 secun-

200 2128 333 2184 dum
350 2124 801 2180 existimationem
830 2137 984 2176 suam
1007 2141 1025 2174 ι
1061 2122 1114 2176 in
1142 2123 1229 2177 die
1251 2120 1557 2176 aﬂlictionis
1582 2135 1736 2185 meae,
1762 2140 1780 2171 ι

198 2217 258 2273 id
283 2225 365 2272 est
389 2216 444 2270 in
483 2214 588 2268 vita
619 2215 721 2268 ista
769 2212 824 2267 in
851 2228 958 2282 qua
987 2213 1157 2267 sancti
1199 2209 1525 2282 aﬂliguntur.
1567 2209 1625 2263 In
1679 2208 1786 2264 alia

199 2308 349 2365 enim
399 2306 509 2362 vita
554 2320 662 2360 non
706 2304 1015 2376 afﬂiguntur
1043 2344 1058 2370 ,
1111 2304 1204 2359 sed
1252 2302 1657 2359 coronabuntur
1693 2311 1791 2356 :et

198 2396 346 2468 quod
378 2395 476 2466 ipsi
505 2402 831 2465 putaverunt
856 2408 943 2447 me
968 2394 1268 2463 praevenire
1283 2400 1470 2447 contra
1502 2392 1604 2447 hoc
1630 2410 1648 2442 ι
1682 2390 1788 2446 Do-

197 2487 383 2543 minus
424 2493 510 2540 est
541 2484 715 2537 factus
752 2491 1028 2553 protector
1068 2498 1241 2550 meus,
1282 2502 1300 2535 ι
1332 2481 1385 2536 id
1416 2488 1501 2535 est
1544 2480 1784 2551 clypeus,

202 2592 278 2633 ne
308 2576 417 2630 ulla
444 2575 819 2646 persecutione
852 2573 1124 2628 vulnerer.

270 2667 515 2723 Protexit
551 2682 638 2721 me
658 2665 920 2730 Ecclesia,
966 2674 1022 2719 et
1056 2680 1154 2735 per
1181 2672 1361 2718 tantas
1411 2662 1790 2719 tribulationes

195 2773 324 2829 qua:
358 2756 648 2828 aliquando
676 2755 729 2809 in
760 2755 1150 2809 infirmioribus
1177 2768 1439 2826 generare
1483 2753 1661 2809 solent
1687 2769 1786 2808 an-

197 2851 439 2922 gustiam
477 2869 495 2901 (
529 2848 715 2903 eduxit
743 2863 830 2902 me
868 2848 921 2903 in
955 2848 1237 2903 latitudine
1267 2867 1286 2899 ι
1328 2846 1611 2902 eharitatis
1650 2856 1706 2901 et
1732 2850 1788 2902 in

196 2956 434 2998 numero
451 2941 840 2995 membrorum.
872 2939 941 2994 Et
960 2938 1087 3009 quid
1108 2938 1246 2993 bona
1269 2937 1388 3007 ejus
1407 2952 1790 2993 enumeremus

204 3052 228 3085 ι
264 3033 475 3088 salvum
527 3047 615 3086 me
651 3030 780 3085 fecit
816 3050 835 3081 ι
892 3044 992 3100 per
1039 3030 1155 3085 haec
1203 3029 1408 3095 omnia,
1438 3037 1492 3084 et
1537 3029 1642 3084 hoc
1680 3043 1787 3083 non

193 3125 340 3180 meis
388 3123 619 3188 meritis,
677 3123 772 3177 sed
821 3137 917 3177 sua
956 3137 1148 3192 magna
1199 3121 1405 3193 gratia;
1460 3129 1515 3175 et
1561 3122 1665 3176 hoc
1706 3129 1790 3176 est

206 3234 228 3266 σ
270 3215 523 3285 quoniam
573 3212 744 3268 voluit
790 3228 876 3268 me
910 3231 927 3263 ι
987 3213 1207 3267 habere.
1264 3212 1389 3266 Haec
1446 3211 1627 3266 omnia
1659 3211 1789 3267 fecit

196 3320 303 3375 per
323 3320 475 3359 suam
512 3305 764 3375 gratiam,
791 3305 1090 3359 secundum
1123 3305 1419 3374 primordia
1450 3303 1789 3370 salvationis,

198 3394 617 3449 retributionem
659 3403 840 3447 autem
888 3393 1016 3447 fecit
1074 3395 1368 3449 secundum
1415 3394 1604 3449 merita
1669 3410 1787 3450 sua.

202 3485 616 3540 Retributiones
656 3493 838 3537 autem
872 3484 990 3537 dua:
1038 3492 1183 3546 sunt,
1228 3492 1280 3537 et
1304 3482 1555 3551 justis,et
1580 3484 1785 3555 impiis:

201 3590 315 3629 una
346 3576 401 3627 in
432 3575 535 3627 hac
567 3574 695 3638 vita,
720 3590 829 3627 una
861 3574 914 3626 in
946 3573 1048 3626 alia
1081 3574 1210 3627 vita.
1241 3571 1425 3628 Justus
1456 3575 1507 3627 in
1538 3576 1640 3629 hac
1683 3576 1792 3629 vita

204 3677 311 3734 pro
342 3679 438 3718 sua
454 3662 664 3731 justitia
707 3664 905 3733 accipit
938 3664 1371 3727 retributionem,
1412 3663 1537 3731 quia
1567 3663 1792 3733 justitize

201 3753 405 3822 accipit
452 3753 870 3817 incrementum,
918 3754 970 3807 in
1002 3752 1184 3807 futuro
1212 3767 1342 3808 vero
1371 3767 1651 3807 coronam.
1683 3753 1790 3807 lm-

200 3847 328 3918 pius
357 3846 409 3899 in
439 3847 543 3900 hac
588 3846 697 3900 vita
743 3857 800 3900 ut
831 3846 1000 3916 magis
1032 3845 1329 3909 sordescat,
1360 3853 1621 3900 aeternum
1660 3860 1791 3901 vero

200 3914 515 3993 incendium
544 3936 598 3990 in
628 3935 831 3991 futura.
864 3914 1213 3992 continuatio
1245 3955 1259 3991 :
1288 3935 1506 3991 Salvum
1543 3954 1631 3993 me
1663 3938 1791 3993 fecit

198 4042 306 4099 pro
335 4042 431 4081 sua
480 4026 777 4090 voluntate,
824 4044 842 4076 ‹
871 4035 927 4081 et
953 4026 1215 4082 retribuet
1251 4026 1383 4081 mihi
1417 4026 1675 4082 Dominus
1704 4042 1790 4083 se-

201 4116 441 4171 cundum
485 4116 749 4186 justitiam
797 4130 996 4181 meam,
1033 4136 1051 4167 ι
1094 4116 1147 4170 id
1185 4125 1269 4172 est
1300 4118 1597 4172 secundum
1647 4117 1783 4173 bona

201 4222 370 4278 opera
398 4220 517 4262 mea
546 4225 563 4257 ι
602 4215 656 4263 et
689 4206 983 4262 secundum
1021 4207 1312 4277 puritatem
1350 4223 1605 4262 manuum
1635 4224 1785 4264 mea-

199 4313 350 4363 rum,
389 4316 408 4349 ι
441 4297 493 4352 id
526 4306 612 4353 est
661 4297 957 4352 secundum
998 4298 1363 4352 innocentiam
1396 4312 1641 4352 mearum
1662 4314 1786 4369 Ope-

200 4390 500 4452 rationum,
532 4390 676 4461 quod
702 4404 732 4443 a
758 4388 900 4446 malo
929 4388 1187 4456 abstinui,
1211 4390 1342 4445 nulli
1372 4391 1530 4447 nocui
1565 4408 1583 4443 ι
1624 4391 1785 4446 retri-

196 4480 340 4537 buet
359 4480 512 4535 mihi.
558 4500 578 4532 ι

283 4591 305 4625 ι
345 4572 653 4629 Secundum
682 4570 949 4640 justitiam
984 4590 1159 4629 meam
1192 4593 1211 4626 ι
1243 4572 1366 4628 dico
1395 4590 1414 4623 ι
1449 4572 1574 4643 quia
1606 4582 1785 4629 custo-

202 4664 338 4729 divi,
364 4684 383 4716 ι
408 4665 461 4720 id
484 4673 568 4720 est
593 4664 808 4735 implevi
837 4685 854 4716 ι
875 4666 990 4721 vias
1015 4666 1252 4732 Domini,
1275 4686 1292 4716 ι
1324 4666 1377 4721 id
1407 4676 1492 4721 est
1517 4675 1785 4737 praecepta

202 4754 447 4816 Domini.
469 4770 567 4826 per
593 4771 713 4826 quae
739 4755 804 4809 ad
830 4756 996 4811 Deum
1026 4757 1303 4828 gradinmr
1333 4772 1431 4827 per
1457 4757 1597 4812 bona
1622 4773 1786 4827 opera

210 4864 233 4895 ι
270 4845 566 4900 secundum
602 4846 891 4915 puritatem
925 4862 1179 4901 manuum
1215 4867 1233 4899 ι
1275 4848 1400 4917 quia
1453 4863 1559 4901 non
1594 4866 1611 4898 ι
1646 4849 1787 4917 gessi

204 4937 392 5007 impie,
416 4956 434 4989 ι
465 4936 518 4991 id
541 4945 648 5003 est,
677 4953 782 4992 non
819 4937 960 5007 gessi
1000 4937 1127 4992 illud
1156 4939 1294 4992 ttmle
1321 4953 1545 4993 vocarer
1566 4938 1786 5010 impius,

204 5032 265 5087 id
293 5040 395 5098 est,
428 5047 533 5087 non
563 5030 664 5086 feci
692 5030 890 5084 malum
917 5031 1215 5086 recedcudo
1244 5050 1261 5081 ι
1292 5048 1321 5084 a
1353 5031 1462 5085 Deo
1490 5047 1627 5086 meo.
1672 5052 1690 5083 ι

289 5143 308 5174 ι
330 5121 603 5177 Custodivi
620 5121 755 5185 vias,
781 5136 881 5175 nec
904 5121 1065 5191 impie
1090 5121 1228 5191 gessi
1260 5140 1278 5171 ι
1304 5122 1428 5190 quia
1458 5140 1476 5173 ‹
1500 5123 1680 5177 omnia
1703 5121 1791 5188 ju-

207 5215 352 5271 dicia
406 5214 524 5284 ejus
565 5234 582 5265 ι
612 5222 737 5269 sunt
775 5214 827 5268 in
876 5214 1309 5270 consideratione
1361 5231 1476 5269 mea
1526 5234 1537 5268 :
1594 5225 1646 5270 et
1689 5217 1789 5272 hoc

206 5316 296 5365 est
328 5327 347 5359 ι
376 5306 433 5361 in
455 5317 744 5377 conspectu
772 5322 894 5362 meo
932 5328 949 5359 ι
981 5310 1162 5363 omnia
1195 5318 1303 5363 tam
1331 5310 1592 5364 bonorum
1623 5324 1787 5376 quam

209 5396 499 5463 malorum,
531 5406 640 5451 tam
679 5398 732 5451 in
787 5398 888 5452 hac
918 5398 1049 5463 vita,
1084 5414 1244 5468 quam
1278 5400 1329 5453 in
1376 5398 1477 5452 alia
1523 5417 1535 5451 :
1575 5408 1631 5453 et
1668 5399 1788 5453 ideo

209 5503 316 5544 nec
339 5486 516 5545 fessus
552 5489 788 5544 humana
832 5487 1124 5557 fragilitate
1153 5510 1169 5537 ι
1204 5489 1373 5559 repuli
1401 5489 1638 5558 justitias
1670 5489 1787 5557 ejus

210 5593 245 5635 a
273 5594 362 5635 me
394 5598 414 5631 ι
445 5579 539 5636 sed
561 5588 974 5650 perseveranter
996 5580 1247 5633 sustinui.

287 5693 307 5724 ι
337 5672 455 5730 Non
478 5675 665 5744 repuli,
693 5695 711 5725 ι
747 5684 798 5728 et
831 5674 904 5729 ita
936 5693 953 5725 ι
988 5690 1081 5729 ero
1109 5672 1483 5729 immaculatus
1509 5691 1629 5731 cuin
1657 5690 1721 5729 eo
1758 5697 1777 5727 ι

212 5762 562 5820 seilicetDeo.
584 5764 808 5835 Oportet
830 5765 973 5820 enim
1010 5773 1069 5819 ut
1095 5765 1186 5834 qui
1218 5764 1569 5820 immaculato
1598 5765 1784 5821 Domi-

212 5870 286 5913 no
306 5856 419 5910 vult
442 5855 717 5911 adhmrere
747 5855 1143 5922 immaculatus,
1160 5856 1226 5912 sit
1257 5855 1779 5921 ideoimmaculatus,

1888 1958 2030 2013 nulla
2052 1957 2264 2027 justitia
2291 1975 2409 2015 esse
2429 1968 2624 2030 potest.
2654 1961 3003 2017 Continuatio
3033 1976 3047 2016 :

1960 2069 2079 2125 Dixi
2118 2089 2135 2121 ι
2162 2070 2431 2139 justitiam
2457 2088 2653 2139 meam,
2680 2093 2698 2125 ι
2723 2083 2779 2129 et
2808 2084 2987 2129 tamen
3018 2093 3035 2124 ι
3061 2090 3182 2128 cum
3206 2084 3416 2142 sancto,
3452 2095 3470 2128 ι

1890 2160 1941 2214 id
1964 2170 2048 2215 est
2077 2161 2143 2215 ad
2177 2162 2278 2216 hoc
2323 2172 2380 2217 ut
2423 2164 2585 2218 homo
2627 2174 2847 2220 sanctus
2871 2165 2943 2220 sit
2972 2184 2990 2215 ‹
3029 2166 3138 2220 eris
3169 2186 3187 2219 ι
3224 2175 3281 2220 ιιι
3311 2166 3473 2233 Deus.

1887 2250 1982 2319 qui
2024 2261 2080 2304 tu
2109 2266 2169 2306 es
2210 2271 2228 2303 ι
2268 2268 2512 2318 sanctus,
2550 2274 2568 2306 ι
2599 2255 2650 2309 id
2696 2265 2779 2310 est
2820 2256 3185 2322 sanctificans,
3217 2275 3235 2307 ε
3273 2266 3477 2312 etcum

1889 2342 2006 2395 viro
2032 2342 2305 2407 inocente,
2337 2362 2353 2392 ι
2388 2343 2439 2397 id
2469 2351 2552 2398 est
2580 2344 2645 2397 ad
2671 2344 2773 2399 hoc
2801 2354 2861 2399 ut
2890 2346 2961 2400 sit
2985 2345 3248 2400 innocens
3271 2364 3289 2396 ι
3319 2347 3431 2401 eris
3452 2365 3471 2399 ι

1893 2440 1949 2485 ιιι
1977 2448 1996 2482 ι
2033 2430 2317 2496 innocens,
2362 2452 2380 2483 ι
2418 2433 2470 2486 id
2499 2443 2585 2487 est
2620 2432 2825 2490 faciens
2855 2435 3222 2491 innocentem.

1968 2561 1988 2594 ι
2026 2543 2093 2597 Ει
2154 2558 2277 2598 cum
2313 2543 2508 2610 electo,
2542 2564 2559 2597 ι
2600 2547 2651 2599 id
2695 2554 2778 2601 est
2807 2548 2877 2601 ad
2922 2549 3026 2604 hoc
3070 2556 3131 2602 ut
3177 2547 3371 2618 aliquis
3406 2546 3480 2605 sit

1888 2636 2114 2701 electus,
2144 2636 2198 2691 id
2234 2644 2318 2690 est
2354 2647 2641 2706 separatus
2672 2654 2701 2692 a
2728 2640 2955 2709 perditis
2976 2635 3007 2691 ⁸(
3044 2641 3272 2696 electus.
3310 2660 3327 2691 ι
3360 2639 3479 2697 Νοιι

1890 2726 2018 2781 dicit
2043 2726 2164 2781 ideo
2187 2725 2413 2792 electus,
2448 2728 2592 2796 quod
2616 2728 2758 2783 Deus
2806 2738 2952 2784 esset
2973 2730 3028 2784 in
3061 2731 3324 2787 societate
3352 2746 3477 2787 cum

1891 2818 2070 2884 malis,
2112 2819 2207 2874 sed
2243 2837 2261 2869 ‹
2293 2818 2521 2884 electus,
2560 2839 2578 2871 ι
2636 2821 2689 2876 id
2732 2829 2817 2876 est
2866 2830 3104 2877 remotus
3144 2822 3480 2879 aeternaliter

1892 2925 1923 2965 a
1954 2910 2113 2965 malis
2146 2929 2158 2963 :
2198 2930 2215 2962 ι
2250 2918 2303 2967 et
2343 2926 2465 2967 cum
2496 2927 2772 2983 perverso,
2812 2932 2832 2966 ι
2868 2914 2921 2969 id
2962 2924 3046 2969 est
3071 2930 3193 2969 cum
3249 2916 3344 2971 illo
3384 2918 3475 2987 qui

1892 3020 1951 3060 se
1987 3005 2251 3077 pervertit
2281 3020 2309 3058 a
2354 3013 2406 3060 te
2456 3023 2475 3057 ι
2517 3007 2843 3076 perverteris
2880 3028 2898 3060 ι
2932 3008 3301 3064 subtrahendo
3354 3025 3478 3081 gra-

1892 3096 2042 3161 tiam,
2070 3110 2384 3166 perversum
2435 3096 2503 3150 ad
2555 3096 2813 3166 majorem
2868 3099 3195 3169 adjuvabis:
3232 3108 3287 3156 et
3333 3100 3476 3157 hanc

1891 3186 2216 3242 sententiam
2272 3194 2500 3241 testatur
2558 3186 2660 3241 alia
2714 3188 3032 3251 translatio,
3089 3203 3212 3258 qua:
3272 3188 3476 3257 habet,

1820 3270 1864 3332 C
1895 3292 2208 3348 perversum
2247 3286 2551 3347 pervertes,
2587 3287 2642 3332 et
2686 3279 2802 3333 haec
2842 3286 2926 3334 est
2978 3278 3263 3334 retributio
3311 3293 3477 3349 quam

1895 3369 2037 3424 Deus
2063 3368 2155 3423 dat
2188 3368 2346 3423 malis
2378 3368 2430 3422 in
2454 3369 2556 3424 hac
2586 3369 2715 3424 vita.

1962 3461 2087 3517 [deo
2109 3462 2230 3517 dico
2264 3461 2407 3531 quod
2449 3461 2501 3515 in
2533 3463 2634 3517 hac
2683 3463 2796 3517 vita
2825 3462 2900 3519 ita
2927 3462 3093 3519 facies
3138 3469 3192 3517 et
3238 3462 3394 3519 bonis
3424 3473 3479 3520 et

1892 3553 2051 3609 malis
2085 3573 2101 3605 ι
2134 3554 2389 3623 quoniam
2426 3574 2443 3606 ι
2481 3555 2533 3608 in
2573 3555 2676 3609 alia
2722 3556 2856 3619 vita,
2890 3573 2909 3605 ι
2940 3555 3147 3610 salvum
3177 3554 3342 3611 facies
3382 3571 3477 3625 po-

1893 3642 2077 3710 pulum
2106 3639 2384 3704 humilem,
2423 3660 2441 3691 »
2478 3634 2537 3694 Μ’
2573 3650 2656 3695 est
2684 3643 2879 3704 bonos,
2916 3661 2934 3691 ι
2969 3650 3025 3696 et
3065 3642 3249 3697 oculos
3282 3659 3475 3713 super-

1902 3753 1918 3783 ι
1949 3734 2146 3787 borum
2175 3731 2507 3796 humiliabis,
2538 3751 2557 3784 ι
2584 3733 2637 3786 id
2664 3743 2748 3788 est
2767 3732 2990 3801 aflliges.
3020 3734 3125 3787 Per
3143 3735 3327 3789 oculos
3359 3736 3477 3791 ideo

1892 3821 2203 3893 superbiam
2228 3821 2547 3891 accipimus,
2580 3822 2708 3893 quia
2736 3823 2791 3877 in
2818 3822 2989 3877 oculis
3014 3830 3235 3877 notatur
3289 3840 3475 3894 super-

1890 3912 2001 3967 bia.
2032 3909 2127 3965 Vel
2165 3912 2268 3966 hoc
2315 3910 2477 3965 modo
2528 3911 2764 3966 litteram
2806 3911 3070 3983 legamus.
3126 3911 3476 3972 Continuatio

1889 4003 2100 4057 eadem.
2130 4002 2248 4056 Dixi
2285 4021 2302 4052 ι
2339 4000 2606 4070 justitiam
2651 4018 2847 4067 meam,
2883 4021 2902 4054 ι
2938 4004 3032 4058 sed
3060 4011 3116 4057 tu
3170 4005 3331 4060 homo
3368 4022 3477 4063 non

1889 4092 1997 4147 eris
2022 4107 2119 4161 per
2148 4100 2199 4146 te
2229 4099 2471 4159 sanctus,
2504 4091 2596 4147 sed
2633 4112 2651 4143 ‹
2674 4102 2894 4148 sanctus
2916 4095 3026 4149 eris
3052 4110 3173 4149 cum
3201 4106 3413 4164 sancto,
3450 4118 3471 4153 ι

1890 4185 1941 4239 id
1972 4194 2054 4239 est
2084 4200 2205 4239 cum
2234 4183 2452 4240 Christo
2481 4200 2582 4240 suo
2609 4186 2856 4256 adjutore
2909 4185 3118 4242 faciens
3144 4204 3309 4258 opera
3336 4189 3471 4259 ejus,

1889 4287 1944 4334 et
1968 4298 1985 4328 ι
2014 4294 2136 4333 cum
2162 4293 2228 4333 eo
2255 4278 2566 4343 innocente,
2602 4296 2620 4328 ι
2658 4279 2711 4333 id
2733 4288 2818 4334 est
2844 4294 2943 4349 per
2972 4293 3096 4333 eum
3131 4280 3474 4337 innocentem

1894 4388 1911 4419 ‹
1950 4369 2208 4424 innocens
2232 4369 2341 4424 eris
2375 4388 2393 4421 ι
2436 4379 2637 4425 etcum
2667 4384 2732 4424 eo
2758 4370 2977 4425 Christo
3009 4390 3028 4422 ι
3067 4370 3241 4427 electo
3269 4373 3475 4430 electus

1888 4459 1998 4513 eris
2045 4476 2058 4512 :
2109 4468 2164 4513 et
2193 4475 2314 4514 cum
2357 4473 2634 4530 perverso,
2673 4479 2691 4511 ι
2725 4460 2778 4516 id
2812 4467 2896 4516 est
2932 4461 3167 4529 diabolo,
3205 4482 3221 4515 ι
3248 4478 3469 4533 perver-

1888 4550 2037 4603 teris.
2072 4569 2090 4602 ι
2126 4548 2473 4605 Continuatio
2501 4568 2513 4603 :

1961 4661 2084 4715 ideo
2114 4661 2234 4715 dico
2259 4662 2402 4731 quod
2450 4661 2502 4716 iri
2531 4662 2633 4718 bac
2682 4664 2792 4718 vita
2816 4663 2995 4732 justus
3047 4673 3102 4720 et
3155 4665 3352 4736 impius
3382 4681 3471 4723 ac-

1890 4755 2097 4825 cipiunt
2130 4755 2538 4831 retributionem
2575 4772 2673 4827 pro
2700 4758 2906 4812 meritis
2942 4776 2961 4809 ‹
2999 4760 3124 4830 quia
3158 4766 3213 4813 tu
3252 4778 3270 4811 ι
3305 4760 3468 4824 Deus.

1893 4846 1945 4900 in
1974 4846 2079 4900 alia
2128 4847 2235 4901 vita
2273 4865 2291 4897 ι
2342 4846 2549 4901 salvum
2599 4847 2768 4903 facies
2812 4848 3064 4919 populum
3106 4850 3385 4917 humilem,
3417 4840 3493 4907 et.

1890 4937 2076 4993 oculos
2127 4939 2481 5007 superborum
2536 4940 2867 4995 humiliabis.
2920 4961 2939 4993 ι
2988 4940 3093 4997 Per
3136 4942 3251 4997 hate
3288 4944 3470 4998 omnia

1890 5028 2196 5097 supradicta
2242 5027 2606 5098 intelligimus,
2645 5029 2785 5098 quod
2814 5030 2954 5085 Deus
3001 5030 3265 5085 illuminat
3294 5032 3472 5090 Eccle-

1890 5120 2193 5187 siam.Qua:
2213 5118 2454 5174 Ecclesia
2481 5135 2539 5174 se
2573 5120 2763 5176 videns
2792 5136 2912 5176 esse
2942 5122 3322 5188 illuminatam,
3347 5131 3469 5179 orat

1892 5210 2081 5273 Deum,
2107 5217 2166 5263 ut
2188 5225 2282 5278 per
2305 5209 2475 5279 ipsam
2502 5210 2770 5267 illuminet
2805 5222 3036 5269 eteteros
3079 5215 3465 5282 convertenda,

1888 5313 1941 5356 et
1974 5304 2076 5356 hoc
2105 5310 2208 5356 est.

1967 5415 1984 5445 ι
2016 5393 2280 5462 Quoniam
2309 5403 2362 5449 tu
2388 5394 2663 5451 illuminas
2705 5395 2984 5452 lucernam
3014 5413 3212 5463 meam,
3243 5417 3260 5450 ι
3289 5398 3342 5453 id
3382 5409 3467 5456 est

1892 5486 2151 5556 quosdam
2176 5488 2241 5541 de
2272 5486 2509 5542 Ecclesia
2541 5488 2604 5541 ad
2628 5487 2727 5541 hoc
2754 5497 2813 5541 ut
2844 5488 3143 5544 illuminent
3167 5487 3303 5543 alios
3328 5506 3342 5542 :
3371 5491 3463 5561 qui

1889 5577 2143 5631 dicuntur
2189 5577 2431 5642 lucerna,
2469 5579 2592 5632 auia
2625 5579 2675 5632 in
2707 5580 2786 5633 eis
2817 5580 2996 5635 lumen
3026 5581 3198 5634 sancti
3230 5578 3465 5651 Spiriius

1890 5669 2212 5738 resplendet.
2242 5668 2412 5724 Meam
2451 5670 2586 5725 dicit
2646 5672 2763 5740 .juia
2790 5671 2855 5724 de
2882 5685 2981 5726 sua
3002 5671 3263 5728 societate
3288 5681 3413 5729 sunt
3446 5693 3458 5729 :

1889 5773 1941 5817 et
1961 5786 1975 5814 ι
1991 5773 2067 5829 ιιι,
2084 5763 2308 5820 Domine
2323 5763 2464 5819 Deus
2489 5778 2656 5829 113-5,
2675 5763 2913 5818 illumina
2930 5765 3175 5822 tenebras
3187 5781 3356 5832 meas,
3369 5786 3385 5818 ι
3408 5765 3461 5820 id

1889 5865 1969 5912 est
1999 5855 2238 5915 infideles
2268 5865 2320 5913 et
2351 5857 2564 5923 idiotas,
2593 5856 2682 5926 qui
2707 5864 2833 5913 sunt
2861 5856 2914 5912 in
2940 5859 3195 5926 tenebris,
3240 5860 3365 5931 quia
3396 5858 3461 5912 de
