3984 6472
529 424 631 479 251

990 419 1342 475 HAYMONIS
1381 417 1861 476 HALBERSTAT.
1901 418 2089 474 EPISC

2200 420 2302 474 PP.
2343 419 2541 474 PARS.
2582 420 2622 474 Ι.
2656 420 3099 476 -ΕΟΜΜΕΝΊἏ
3132 418 3302 475 BIBL.

3674 422 3797 483 252

532 537 644 593 Ι)εο
665 535 1026 606 cognitionem
1043 550 1146 587 non
1166 535 1363 587 habent
1390 548 1404 585 :
1430 551 1448 583 1
1469 547 1637 597 meas,
1662 552 1680 582 ι
1709 531 1761 587 id
1783 542 1865 587 est
1888 533 2097 603 prazdc-
2124 543 2173 600 Α
2201 532 2490 601 quamdam
2520 530 2899 601 aptitudinem,
2931 549 3026 603 per
3055 549 3217 603 quam
3239 533 3473 588 ostendit
3505 534 3627 593 illos
3654 551 3794 595 esse

534 625 720 680 stinati
741 631 800 677 ut
819 623 927 677 sint
956 623 1082 677 mei.

604 718 755 787 Rogo
784 714 1125 770 utillumines
1150 713 1419 778 tenebras,
1460 722 1515 768 et
1560 714 1664 768 hoc
1693 728 1882 769 secure
1914 733 1933 766 1
1967 729 2103 787 quoe

532 812 678 866 niam
700 807 918 879 eripiar,
956 826 973 858 ι
1009 807 1060 860 id
1083 814 1164 859 est
1191 806 1489 874 eripientur
1528 805 1601 858 illi
1650 806 1757 859 mei
1806 806 1893 874 qui
1926 805 2101 858 adhuc

536 908 662 955 sunt
708 898 940 954 tenebra:
968 916 984 947 1
1017 913 1046 949 a
1081 898 1378 951 tentatione
1411 917 1427 948 ι
1456 896 1649 951 diaboli
1678 916 1695 945 1
1730 898 1782 949 in
1828 905 1897 960 te,
1931 897 1984 950 id
2018 906 2103 951 est

532 1004 629 1058 per
662 997 712 1042 te
738 1007 755 1038 1
787 996 841 1041 et
866 987 917 1040 in
942 987 1049 1040 Deo
1070 1002 1214 1050 meo,
1249 1006 1267 1037 ι
1298 986 1350 1039 id
1381 986 1542 1039 estin
1573 984 1771 1038 auxilio
1803 985 1917 1049 Dei,
1954 985 2005 1038 in
2035 1000 2100 1039 eo

537 1097 556 1128 1
591 1076 953 1147 transgrediar
993 1091 1230 1139 murum,
1263 1095 1279 1125 ι
1315 1075 1366 1128 id
1398 1084 1481 1129 est
1533 1076 1866 1129 olistaculum
1913 1090 2101 1144 pecea-

533 1176 729 1222 torum.
775 1166 956 1220 Murns
1001 1150 1180 1219 autem
1221 1166 1308 1221 ille
1349 1180 1454 1219 non
1502 1173 1585 1220 est
1637 1181 1857 1234 prorsus
1896 1165 2102 1220 destru—

527 1265 664 1316 ctus,
697 1257 789 1311 sed
814 1254 1073 1323 jnstiDei
1110 1254 1313 1308 auxilio
1343 1254 1491 1307 illum
1525 1255 1935 1308 transcendunt.

596 1344 742 1398 Bene
795 1343 938 1408 dico,
985 1363 1001 1394 1
1035 1344 1087 1396 in
1124 1344 1233 1396 Deo
1264 1358 1405 1406 meo,
1443 1362 1460 1394 ι
1495 1343 1618 1413 quia
1649 1343 1763 1413 ipse
1793 1352 1874 1398 est
1907 1361 1924 1394 1
1960 1343 2101 1399 Deus

470 1468 481 1477 -
526 1449 678 1490 meus
715 1454 733 1486 ι
766 1444 820 1489 ει
854 1453 872 1485 1
911 1434 998 1488 via
1050 1434 1188 1502 ejus,
1226 1455 1245 1487 ι
1285 1435 1336 1489 id
1387 1443 1468 1489 est
1514 1444 1782 1505 praecepta
1818 1455 1834 1486 1
1863 1444 1946 1491 est
1999 1438 2099 1490 im-

435 1586 439 1590 _
524 1524 748 1594 polluta,
787 1544 804 1576 ι
840 1525 964 1594 quia
999 1524 1133 1579 nihil
1189 1524 1524 1579 immundum
1576 1524 1820 1595 praecipit
1867 1525 2046 1581 facere
2082 1543 2095 1579 :

533 1636 552 1668 1
587 1627 644 1672 et
670 1618 877 1688 eloquia
905 1616 1142 1682 Domini,
1183 1636 1201 1669 ι
1236 1617 1289 1671 id
1316 1624 1397 1671 est
1432 1616 1546 1687 ipsa
1591 1618 1833 1672 doctrina
1873 1631 2102 1689 evange-

524 1707 648 1774 lica,
678 1715 781 1773 est,
802 1728 819 1759 1
846 1708 1149 1762 examinata
1166 1707 1299 1778 igni,
1323 1726 1341 1757 ι
1376 1705 1428 1761 id
1453 1716 1534 1760 est
1563 1722 1684 1760 cum
1714 1706 1953 1776 diligenti
1973 1722 2101 1762 exa-

523 1800 819 1855 minatione
868 1807 994 1854 sunt
1032 1799 1223 1863 aedita,
1280 1799 1333 1853 id
1363 1807 1447 1853 est
1488 1797 1694 1867 Spiritu
1751 1806 1959 1853 sancto.
1998 1798 2100 1864 Qui

2203 630 2358 692 aptos
2388 623 2453 676 ad
2482 623 2584 678 boc
2612 623 2938 678 faciendum.
2963 622 3306 713 Continuatio
3330 642 3342 678 :

2277 732 2294 763 1
2331 713 2561 767 Dextera
2588 721 2676 767 tua
2705 714 2943 789 suscepit
2976 730 3081 779 me,
3120 723 3173 769 et
3201 716 3482 786 disciplina
3517 725 3632 785 tua,
3666 739 3692 772 ι
3730 721 3792 778 id

2199 815 2282 863 est
2314 806 2526 875 justitia
2557 825 2660 878 qua
2699 817 2817 864 tuos
2857 810 3155 875 examinas,
3202 829 3221 862 1
3252 812 3489 868 correxit
3528 829 3641 879 me,
3678 835 3702 868 ι
3732 816 3793 871 id

2200 906 2283 951 est
2310 913 2457 952 meos
2491 898 2555 952 de
2604 900 2911 969 prmteritis,
2965 914 3133 969 usque
3171 918 3191 951 1
3229 901 3283 955 in
3312 900 3496 968 tinem,
3533 921 3553 955 ι
3583 903 3639 958 id
3697 914 3791 959 est

2202 1002 2370 1056 usque
2423 990 2491 1041 ad
2564 990 3086 1045 consummationem
3140 1009 3153 1044 :
3224 992 3350 1061 quia
3407 992 3789 1050 incorrectum

2201 1080 2461 1134 remansit
2504 1097 2522 1129 1
2554 1089 2609 1135 et
2630 1081 2745 1149 ipsa
2802 1091 2889 1136 tua
2932 1083 3211 1152 disciplina
3275 1085 3487 1149 docebit
3514 1102 3624 1153 me,
3662 1108 3686 1141 ι
3730 1087 3789 1143 id

2200 1177 2283 1222 est
2310 1184 2479 1233 meos,
2513 1184 2579 1223 ne
2605 1169 2827 1224 ulterius
2856 1179 3097 1240 peccent.

2268 1262 2337 1316 Et
2355 1278 2451 1332 per
2480 1262 2599 1318 illos
2628 1282 2646 1313 1
2685 1263 2920 1317 dilatasti
2944 1280 3160 1334 gressus
3182 1280 3351 1329 meos,
3381 1284 3400 1317 ι
3437 1266 3491 1320 id
3521 1274 3608 1323 est
3641 1282 3787 1339 ope-

2198 1355 2439 1409 rationes
2472 1369 2621 1409 ineas
2655 1370 2750 1423 per
2805 1362 2978 1408 totum
3018 1356 3274 1410 mundum
3322 1356 3619 1412 notiticasti
3668 1376 3693 1409 1
3731 1367 3791 1414 et

2197 1445 2421 1516 vestigia
2470 1460 2610 1511 mea,
2647 1464 2666 1496 ι
2695 1445 2748 1499 id
2778 1456 2861 1500 est
2889 1445 2965 1500 illi
3006 1446 3062 1499 in
3113 1449 3307 1516 quibus
3351 1448 3506 1519 signa
3550 1449 3787 1519 iustitia:

2199 1550 2333 1591 mea:
2384 1543 2664 1605 apparent,
2721 1553 2740 1587 1
2776 1552 2884 1590 non
2916 1546 3041 1592 sunt
3077 1537 3372 1604 infirmata,
3403 1558 3422 1591 ι
3453 1539 3509 1593 id
3544 1549 3634 1595 est
3667 1557 3784 1598 non

2198 1636 2322 1683 sunt
2378 1629 2615 1698 superati
2645 1630 2711 1684 ad
2765 1630 3028 1684 hostibus.
3067 1629 3297 1686 Necesse
3344 1631 3489 1685 enim
3523 1639 3671 1697 erat,
3718 1640 3784 1687 ut

2199 1718 2274 1773 illi
2290 1718 2379 1788 qui
2393 1729 2547 1774 erant
2561 1721 2731 1785 missi,
2753 1728 2811 1774 ut
2824 1720 2958 1777 alios
2971 1722 3251 1790 docerent,
3268 1722 3787 1795 irreprehensibiles

2199 1816 2383 1863 essent
2413 1810 2466 1863 in
2505 1810 2778 1865 omnibus.

508 1888 760 1959 ‘Spiritus
811 1898 1031 1944 sanctus
1079 1889 1199 1943 ideo
1252 1888 1392 1959 ignis
1427 1888 1646 1953 dicitur,
1693 1888 1818 1956 quia
1847 1889 2095 1942 ardorem
2128 1902 2173 1960 Β
2271 1899 2364 1955 ναι
2392 1901 2466 1954 im
2500 1921 2518 1952 ι
2554 1902 2834 1973 disciplina
2876 1911 2964 1958 ωε
2989 1905 3227 1961 con-exii
3254 1924 3272 1959 ι
3304 1918 3455 1960 meos
3480 1913 3537 1961 ες
3569 1905 3781 1974 άοωῑι⁸

522 1979 801 2034 eharitatis
822 1980 973 2048 ponit
998 1979 1050 2032 in
1072 1978 1361 2048 quibusest
1382 1997 1394 2032 :
1413 1986 1469 2032 et
1491 1978 1737 2047 quamvis
1758 1979 1830 2031 ita
1854 1978 1920 2032 sit
1936 1978 2094 2044 altus,

523 2076 702 2123 tamen
734 2083 839 2121 non
864 2068 1063 2122 deserit
1091 2084 1236 2134 suos,
1265 2069 1361 2124 sed
1389 2088 1406 2119 1
1437 2076 1713 2137 protector
1742 2076 1823 2123 est
1852 2070 2094 2124 omnium

520 2158 851 2227 sperantium
890 2158 1047 2211 inse.
1090 2177 1109 2209 ι

589 2246 776 2305 Nullus
822 2258 904 2304 cst
938 2250 1074 2304 alius
1127 2250 1267 2305 Deus
1294 2291 1307 2315 ,
1352 2250 1455 2305 nisi
1500 2250 1603 2304 iste
1631 2258 1813 2305 tantus
1837 2252 2096 2306 Dominus

524 2341 817 2408 1quoniam
863 2341 984 2409 quis
1023 2352 1104 2395 est
1126 2341 1267 2395 Deus
1307 2349 1502 2411 praeter
1541 2340 1848 2406 Dominum,
1876 2363 1893 2395 ι
1929 2343 1980 2398 id
2015 2353 2098 2398 est

515 2439 713 2499 praeter
762 2446 881 2484 eum
930 2430 1020 2500 qui
1070 2432 1141 2484 ita
1197 2432 1536 2486 dominatur?
1563 2431 1689 2497 Aut,
1743 2448 1776 2487 o
1821 2449 1936 2498 vos,
1967 2450 2093 2503 gen-

518 2519 659 2584 tiles,
718 2538 733 2570 1
773 2521 893 2589 quis
942 2528 1025 2574 est
1077 2521 1219 2575 Deus
1272 2532 1471 2591 przeter
1516 2505 1684 2576 Deuin
1739 2524 2022 2578 nostrum?
2071 2543 2089 2575 ι

516 2609 684 2675 Quasi
715 2609 759 2662 si
801 2624 895 2663 vos
926 2610 1212 2663 Dominum
1251 2618 1495 2664 nostrum
1538 2614 1644 2665 n’on
1694 2611 1925 2677 habetis,
1978 2612 2096 2666 nul-

516 2699 626 2751 lum
685 2698 971 2752 Dominum
1033 2698 1262 2754 habetis.
1320 2698 1421 2753 Hic
1475 2698 1668 2769 incipit
1727 2700 1795 2755 de
1853 2704 2093 2772 potentia

464 2778 468 2781 ’
514 2788 736 2842 Christi.

582 2876 770 2932 Nullus
800 2885 884 2933 est
912 2898 930 2930 1
958 2878 1098 2934 Deus
1126 2888 1323 2949 praeter
1351 2880 1519 2935 Deum
1544 2888 1810 2947 nostrum,
1851 2902 1869 2935 ι
1906 2892 1961 2938 ει
1988 2885 2092 2939 iste

519 2988 537 3019 1
571 2970 713 3025 Deus
732 2978 832 3032 est,
858 2969 949 3039 qui
972 2969 1257 3039 prmeinxit
1278 2985 1385 3037 me,
1414 2989 1431 3022 ι
1461 2970 1513 3026 id
1530 2979 1634 3037 est,
1658 2974 1984 3042 praeparavit
2006 2989 2092 3029 me

513 3060 846 3115 dominicum
877 3059 1149 3116 hominem
1191 3061 1369 3115 divina
1402 3079 1419 3111 1
1448 3061 1649 3116 virtute
1682 3082 1701 3116 ι
1745 3063 1813 3117 ad
1846 3077 2090 3132 pugnan-

517 3151 646 3205 dum
688 3159 878 3206 contra
908 3150 1174 3206 diabolum
1206 3168 1218 3204 :
1254 3160 1307 3206 et
1336 3151 1479 3206 istud
1517 3153 1848 3224 praecingere
1888 3153 1988 3209 fuit
2020 3156 2088 3211 ab

2200 1992 2344 2045 etsic
2373 2010 2391 2041 1
2411 1991 2648 2047 dilatasti
2669 2013 2686 2045 I
2709 1996 2760 2047 in
2784 1993 3075 2050 virtutibus
3099 2015 3116 2046 1
3145 2009 3361 2067 gressus
3382 2011 3595 2062 meos”
3614 1997 3668 2051 id
3696 2007 3785 2052 est

2198 2081 2490 2151 discipulos
2512 2098 2661 2139 meos
2683 2085 2776 2154 qui
2811 2085 3061 2139 dicuntur
3085 2101 3317 2155 gressus.
3347 2084 3445 2140 Vel
3469 2086 3540 2142 de
3560 2085 3783 2141 Christo
3802 2115 3808 2118 -

2197 2171 2393 2228 dicitur
2444 2174 2737 2229 secundum
2782 2174 3099 2253 Apostolum
3151 2177 3463 2232 dicentem:
3512 2196 3531 2230 1
3566 2177 3653 2232 Ex
3698 2179 3782 2234 bis

2197 2280 2315 2334 quae
2340 2280 2533 2334 passus
2568 2273 2669 2330 est,
2707 2266 2897 2321 didicit
2922 2267 3281 2323 obedientiam
3306 2267 3492 2340 (Hebr.
3521 2267 3603 2339 v).
3639 2290 3657 2322 ι
3690 2271 3782 2325 Di.

2197 2354 2386 2423 scipuli
2418 2354 2674 2409 dicuntur
2704 2374 2721 2407 1
2748 2372 2986 2426 gressus,
3022 2378 3040 2409 ι
3069 2358 3194 2427 quia
3217 2374 3314 2427 per
3332 2373 3425 2413 eos
3447 2359 3594 2414 Deus
3623 2376 3780 2415 mun-

2198 2445 2323 2498 dum
2347 2445 2667 2514 ingreditur,
2683 2456 2736 2499 et
2760 2445 2883 2501 licet
2899 2447 2973 2501 ita
3003 2447 3207 2502 dilatati
3236 2456 3439 2515 essent,
3458 2465 3571 2504 non
3596 2458 3777 2505 tamen

2197 2537 2599 2604 superbierunt,
2648 2538 2742 2592 sed
2793 2546 2918 2593 sunt
2946 2556 2964 2588 1
3001 2539 3188 2593 subtus
3215 2554 3322 2606 me,
3356 2560 3376 2591 ι
3436 2540 3488 2594 id
3517 2549 3603 2595 est
3646 2542 3778 2595 mihi

2194 2626 2436 2696 plenarie
2467 2627 2687 2693 subditi,
2718 2636 2773 2682 et
2810 2628 2913 2697 ipsi
2941 2630 3081 2683 idem
3125 2630 3219 2699 qui
3242 2637 3441 2699 przeter
3467 2630 3616 2686 aliud
3656 2642 3781 2687 sunt

2200 2738 2219 2769 1
2261 2720 2489 2790 vestigia
2515 2734 2633 2773 mea
2668 2736 2772 2776 non
2800 2728 2925 2775 sunt
2956 2740 2974 2772 ι
3015 2720 3297 2776 infirmati.

2265 2810 2327 2866 Et
2358 2826 2456 2881 per
2484 2811 2619 2866 istos
2650 2812 2789 2866 tales
2834 2830 2853 2862 1
2892 2827 3189 2882 persequar
3216 2831 3234 2864 ι
3292 2827 3394 2883 ego
3438 2803 3775 2870 ratiocinan-

2195 2902 2262 2957 do
2302 2921 2319 2954 1
2356 2902 2607 2957 inimicos
2632 2916 2799 2966 meos,
2832 2923 2851 2954 ι
2885 2903 2938 2958 id
2965 2912 3049 2957 est
3075 2903 3165 2972 qui
3211 2903 3346 2958 mihi
3388 2906 3777 2960 contradicunt

2199 3013 2216 3046 1
2245 3005 2299 3048 et
2315 2993 2771 3063 comprehendam
2800 2993 2919 3050 illos
2947 3015 2965 3046 ι
2994 2994 3048 3048 in
3076 2995 3304 3059 ratione,
3321 2996 3449 3064 quia
3464 3012 3574 3050 non
3604 2997 3770 3051 habe-

2192 3082 2329 3138 bunt
2362 3083 2505 3139 intus
2532 3085 2801 3153 quomodo
2831 3085 3038 3154 possint
3075 3085 3329 3140 resistere
3364 3104 3383 3137 1
3416 3095 3472 3142 et
3499 3102 3608 3141 non
3640 3103 3771 3142 con-

2191 3183 2374 3229 vertar
2407 3195 2425 3226 ι
2480 3175 2547 3229 ab
2587 3176 2956 3245 increpatione
2987 3192 3174 3232 eorum
3213 3196 3232 3229 1
3256 3178 3441 3233 donec
3470 3178 3766 3235 deﬁciant»

511 3243 628 3314 ipsa
670 3244 1033 3314 conceptione.
1084 3245 1373 3300 Praecinxit
1399 3247 1567 3313 dicit,
1607 3257 1795 3303 contra
1824 3250 1927 3304 hoc
1947 3250 2090 3318 quod
2121 3251 2163 3310 C
2197 3281 2226 3319 ει
2259 3274 2406 3321 secta
2438 3282 2555 3331 sua,
2586 3266 2640 3321 id
2671 3243 2754 3321 θεέ
2782 3276 3186 3323 convertamur,

512 3336 756 3404 superius
773 3334 1011 3389 dixerat:
1050 3356 1068 3386 1
1091 3335 1610 3407 Prmoccupaverunt
1634 3354 1719 3394 me
1734 3338 1911 3409 laquei
1941 3356 2085 3396 mor-

510 3427 602 3480 tis.
633 3448 651 3478 ι
680 3426 833 3481 Sicut
863 3427 1004 3481 enim
1030 3427 1288 3498 originale
1306 3438 1587 3497 peceatum
1616 3439 2089 3499 prmoccupavcrat

510 3518 802 3570 humanum
833 3531 1000 3587 genus
1032 3519 1083 3571 in
1107 3519 1480 3587 conceptione,
1503 3520 1575 3573 ita
1601 3519 1836 3589 Spiritus
1866 3529 2087 3577 sanctus

510 3606 850 3676 significabat
887 3607 1163 3663 Christum
1190 3610 1258 3664 ab
1302 3611 1415 3679 ipsa
1464 3611 1833 3680 conceptione,
1882 3621 1937 3666 et
1980 3628 2088 3682 per

418 3690 423 3693 ⁷
508 3699 612 3752 hoc
658 3718 674 3748 1
705 3700 885 3766 posuit
932 3700 1073 3753 viam
1134 3715 1310 3754 meam
1368 3701 1792 3768 immaculatam,
1832 3723 1850 3754 ι
1914 3703 1967 3758 id
2004 3715 2086 3760 est

506 3791 687 3845 omnia
722 3806 884 3859 opera
920 3793 1087 3847 totius
1110 3793 1231 3847 vita:
1256 3808 1409 3848 mea}.

577 3881 678 3947 Qui
700 3882 862 3935 etiam
903 3882 1042 3937 Deus
1078 3903 1094 3934 1
1123 3883 1375 3953 perfecit,
1411 3904 1429 3937 ι
1466 3886 1519 3940 id
1547 3894 1632 3942 est
1657 3887 1929 3958 perfectos
1958 3889 2086 3945 fecit

511 3992 530 4025 1
568 3973 730 4042 pedes
772 3988 943 4038 meos,
978 3974 1031 4027 id
1061 3982 1143 4028 est
1181 3974 1405 4030 atfectus
1449 3991 1595 4030 meos
1631 3995 1650 4028 1
1679 3985 1935 4047 tanquam
1968 3994 2086 4034 cer-

506 4079 718 4128 vorum,
757 4082 775 4115 ι
812 4064 864 4118 id
910 4073 994 4118 est
1047 4065 1248 4121 similes
1277 4067 1473 4121 cervis.
1517 4065 1668 4121 Sicut
1705 4069 1847 4122 enim
1891 4084 2084 4125 cervus

505 4156 642 4233 vitat
679 4155 883 4225 spinas,
916 4163 969 4208 et
1003 4156 1233 4211 transilit
1275 4155 1466 4222 fossas,
1510 4168 1564 4212 et
1612 4158 1789 4214 lutosa
1843 4160 1984 4224 loca,
2029 4170 2084 4215 et

508 4246 753 4300 ascendit
780 4246 833 4300 in
877 4255 1135 4312 montem,
1165 4246 1239 4301 ita
1266 4248 1512 4303 Christus
1537 4250 1755 4319 spinosa
1796 4259 1849 4305 et
1877 4252 2086 4322 pericu-

506 4338 621 4393 losa
639 4337 828 4392 delicta
843 4338 1041 4400 saeculi,
1067 4347 1473 4408 etpeccatorum
1490 4340 1671 4395 foveas
1692 4350 1879 4396 sancto
1898 4342 2083 4396 volun-

508 4428 634 4482 tatis
658 4426 850 4481 aﬂ'ectu
876 4429 1125 4493 transilit,
1154 4436 1209 4483 et
1254 4430 1319 4484 ad
1341 4428 1483 4484 celsa
1512 4430 1772 4485 cmlorum
1814 4431 2079 4500 pervenit,

506 4517 684 4570 ethoc
715 4524 816 4581 est,
846 4516 958 4585 ipse
986 4516 1126 4570 Deus
1159 4534 1177 4567 1
1214 4525 1455 4572 statuens
1492 4533 1577 4572 me
1598 4534 1762 4588 super
1786 4518 2019 4573 excelsa.
2056 4538 2075 4570 ι

576 4605 675 4661 llic
724 4606 886 4659 etiam
934 4608 1076 4660 Deus
1138 4625 1155 4657 1
1192 4607 1350 4662 docet
1401 4623 1553 4662 meas
1586 4624 1800 4675 manus,
1838 4629 1857 4659 ›
1892 4609 1945 4664 id
1997 4618 2078 4665 est
2109 4594 2156 4653 Ι)

505 4698 845 4768 operationcs
876 4714 1024 4753 meas
1054 4719 1070 4749 1
1105 4699 1168 4753 ad
1215 4700 1457 4769 praelium
1490 4719 1508 4751 ι
1540 4709 1729 4755 contra
1760 4701 2032 4756 diabolum
2061 4720 2075 4758 :

505 4801 560 4846 et
590 4801 665 4856 tu,
699 4791 941 4855 Domine,
979 4811 997 4843 1
1028 4792 1315 4861 posuisti,:
1357 4800 1410 4846 tu
1435 4793 1556 4847 dico
1576 4792 1668 4861 qui
1700 4793 1860 4847 talem
1902 4792 2078 4849 fecisti

504 4898 787 4953 personam
837 4899 1011 4937 meam
1054 4883 1326 4952 propriam
1363 4901 1380 4933 1
1413 4883 1636 4938 brachia
1685 4898 1824 4952 mea,
1867 4904 1885 4937 ι
1914 4884 1967 4939 id
1995 4894 2078 4941 est

504 4974 623 5028 illos
651 4990 747 5044 per
776 4989 912 5043 quos
936 4988 1131 5041 operor
1153 4988 1251 5042 ego
1279 4992 1296 5023 1
1327 4980 1387 5026 ut
1413 4988 1599 5027 arcum
1631 4976 1895 5028 aereum.)
1925 4975 2077 5031 Sicut

504 5067 547 5120 si
577 5083 734 5121 arcus
775 5083 948 5121 aereus
1009 5073 1154 5119 esset
1204 5064 1294 5132 qui
1350 5066 1591 5119 mitteret
1650 5047 1897 5136 sagittas,
1946 5070 2071 5138 quia

503 5172 697 5222 terens,
752 5156 1101 5226 infatigabilis
1157 5162 1342 5208 esset:
1378 5155 1456 5209 sic
1512 5156 1732 5210 brachia
1782 5155 1981 5211 Christi
2019 5168 2074 5212 et

505 5249 729 5317 sagittas
746 5246 1172 5313 mittuntquibus
1193 5244 1478 5299 vulnerant
1509 5246 1673 5301 corda
1690 5247 1988 5313 hominum,
2020 5256 2075 5303 et

506 5336 854 5405 inl'atigabilia
886 5345 1031 5387 sunt.

575 5435 801 5490 Posuisti
822 5443 877 5489 et
912 5453 930 5484 1
961 5435 1153 5491 dedisti
1171 5439 1296 5492 mihi
1325 5440 1735 5507 protectionem,
1759 5462 1776 5493 ι
1813 5441 1864 5495 id
1878 5440 2068 5496 estde-

504 5525 819 5587 fensioncm,
853 5542 970 5594 qum
1000 5537 1082 5582 est
1114 5543 1274 5583 causa
1305 5548 1323 5578 1
1368 5529 1561 5584 salutis
1590 5538 1692 5585 tuae
1722 5552 1738 5583 ι
1772 5530 1825 5585 id
1849 5542 1934 5587 est
1963 5548 1992 5586 a
2018 5541 2069 5588 te

505 5614 658 5679 datm,
687 5632 703 5664 1
726 5622 781 5668 et
806 5618 1022 5671 dextera
1058 5628 1166 5685 tua,
1190 5639 1207 5670 ι
1242 5620 1294 5674 id
1320 5629 1402 5675 est
1424 5619 1591 5675 Filius
1614 5628 1762 5681 tuus.
1800 5642 1817 5673 1
1839 5623 2073 5691 suscepit

502 5720 588 5759 ine
622 5725 641 5756 ι
694 5705 1018 5764 dominicum
1092 5712 1384 5767 hominem.
1453 5711 1589 5780 Quia
1647 5712 1886 5767 dicturus
1954 5719 2073 5765 erat

501 5797 641 5867 quod
689 5798 935 5858 Christus
968 5822 1061 5874 per
1115 5822 1239 5862 suos
1294 5808 1538 5862 vinceret
1578 5806 1732 5866 alios,
1793 5803 2069 5873 prtemittit

2264 3357 2534 3424 Quosdam
2590 3373 2888 3429 persequar
2939 3360 3151 3415 ratione
3207 3360 3349 3415 sicut
3396 3357 3606 3414 dictum
3669 3367 3773 3422 est,

2191 3448 2323 3503 alios
2353 3467 2370 3498 1
2408 3447 2744 3518 confringant
2780 3471 2798 3502 ι
2844 3450 2897 3504 in
2941 3450 3290 3505 tribulatione
3321 3470 3339 3502 1
3376 3466 3480 3506 nec
3516 3458 3770 3521 poterunt

2190 3547 2335 3593 stare
2396 3558 2412 3590 ι
2468 3548 2655 3594 contra
2713 3556 2838 3605 me,
2888 3541 2984 3596 sed
3041 3541 3224 3610 potius
3282 3559 3300 3592 1
3362 3542 3556 3597 subtus
3606 3544 3799 3615 pedes,

2188 3644 2337 3684 meos
2393 3629 2606 3694 cadent,
2644 3650 2661 3681 ι
2713 3630 2763 3683 id
2813 3638 2897 3685 est
2937 3630 3177 3700 plenarie
3226 3629 3583 3700 subjicientur
3610 3635 3764 3690 mihi.

2188 3721 2438 3777 Ostendit
2477 3723 2620 3792 quod
2670 3722 2916 3776 Christus
2966 3724 3227 3793 quosdam
3272 3723 3376 3778 sibi
3429 3728 3763 3793 resistentes,

2187 3829 2284 3869 suo
2313 3813 2550 3868 dominio
2574 3813 2843 3882 subiiciet,
2870 3829 3011 3868 nunc
3042 3813 3107 3867 de
3145 3812 3401 3879 inimicis,
3433 3814 3486 3868 id
3516 3824 3617 3876 est,
3649 3815 3767 3871 dae-

2186 3904 2456 3967 monibus,
2504 3910 2559 3957 et
2608 3903 2917 3972 specialiter
2945 3902 3011 3957 de
3038 3901 3238 3957 Iudaeis
3277 3902 3593 3974 ingreditur.
3614 3902 3762 3958 Con-

2187 3994 2419 4049 tinuatio
2463 4011 2474 4046 :

2263 4082 2594 4151 1Persequar
2612 4083 2881 4148 inimicos,
2904 4103 2923 4135 ι
2942 4089 2996 4137 ει
3020 4090 3096 4148 ιιι,
3114 4082 3362 4148 Domine,
3382 4101 3400 4134 1
3425 4083 3787 4154 insurgentes.

2186 4173 2237 4227 in
2267 4189 2373 4238 me,
2399 4192 2417 4224 ι
2440 4173 2493 4227 id
2517 4183 2599 4228 est
2625 4173 2866 4228 diabolus
2905 4173 2998 4243 qui
3040 4173 3294 4228 volebant
3317 4189 3402 4229 me
3435 4175 3763 4244 opprimere,

2182 4272 2236 4320 et
2260 4279 2483 4334 regnum
2513 4264 2758 4319 obtinere
2798 4283 2816 4315 1
2847 4264 3225 4334 supplantasti,
3258 4284 3276 4317 ι
3311 4265 3361 4319 id
3394 4274 3498 4329 est,
3529 4263 3767 4319 inscien-

2184 4366 2264 4412 tes
2301 4355 2540 4424 dejecisti
2602 4375 2621 4407 1
2656 4357 2848 4413 subtus
2904 4372 3011 4422 me,
3043 4376 3061 4409 ι
3107 4357 3164 4412 id
3221 4364 3304 4411 est
3353 4357 3455 4411 sub
3492 4365 3767 4428 potestate

2182 4462 2320 4512 mea,
2351 4447 2479 4516 quia
2530 4447 2665 4501 nihil
2714 4445 2921 4501 faciunt
2969 4445 3075 4501 nisi
3119 4445 3473 4517 permissione
3513 4445 3763 4501 Christi:

2182 4548 2236 4595 et
2263 4540 2545 4610 praemittit
2581 4555 2803 4595 causam
2839 4554 2936 4608 per
2979 4554 3142 4608 quam
3198 4537 3434 4592 ostendit
3486 4536 3766 4593 Christum

2183 4650 2302 4690 esse
2330 4633 2572 4704 dignum,
2599 4632 2684 4688 cui
2739 4630 3136 4700 subjicerentur
3172 4629 3247 4684 illi
3287 4628 3581 4693 daemones,
3635 4643 3765 4683 cum

2183 4727 2350 4783 dicit:

2257 4837 2274 4869 1
2295 4814 2635 4871 Praccinxisti
2657 4828 2743 4869 me
2769 4813 2967 4867 virtute
2997 4831 3015 4862 ι
3043 4810 3260 4866 deitatis
3282 4828 3299 4860 1
3320 4807 3385 4863 ad
3409 4806 3720 4864 bellandum
3741 4826 3785 4858 ι-

2181 4917 2372 4965 contra
2408 4907 2682 4961 daemones
2721 4913 2777 4959 et
2808 4922 2827 4954 1
2866 4902 3116 4958 inimicos
3176 4916 3326 4956 meos
3358 4920 3376 4950 ›
3416 4897 3631 4955 Iudaeos
3657 4898 3790 4953 sci»

2181 5001 2329 5064 licet,
2357 4998 2448 5068 qui
2480 4998 2733 5053 dicuntur
2768 4994 3036 5065 spiritales
3069 4991 3272 5046 inimici
3310 4988 3534 5055 Christi,
3558 4988 3764 5058 partim

2185 5115 2201 5146 1
2238 5093 2429 5149 dedisti
2470 5090 2601 5145 mihi
2633 5090 2871 5151 dorsum,
2906 5106 2922 5138 ι
2971 5087 3022 5141 id
3047 5094 3131 5140 est
3175 5096 3438 5153 sequaces
3499 5094 3651 5135 meos
3678 5078 3767 5134 fe-

2179 5184 2320 5239 cisti.
2343 5182 2495 5236 Sicut
2516 5180 2660 5236 enim
2678 5178 2862 5233 famuli
2885 5177 3138 5230 dicuntur
3157 5173 3374 5229 dorsum
3390 5169 3618 5233 domini,
3632 5170 3765 5239 quia

2178 5264 2479 5346 sequuntur
2521 5288 2645 5327 cum
2691 5286 2721 5325 a
2752 5271 2934 5334 dorso,
2992 5268 3070 5323 sic
3100 5282 3364 5338 sequaces
3413 5263 3619 5319 Christi
3672 5262 3763 5317 di-

2179 5376 2377 5422 cuntur
2392 5366 2611 5420 dorsum
2630 5383 2642 5416 :
2659 5372 2710 5417 et
2727 5362 2920 5432 partim
2943 5379 2960 5411 1
2990 5356 3354 5428 disperdidisti
3380 5376 3398 5408 ι
3419 5355 3513 5410 εει]
3537 5373 3554 5404 1
3577 5353 3793 5409 odiet)»

2182 5467 2260 5513 tes
2285 5474 2389 5523 me,
2421 5476 2438 5508 ι
2472 5457 2523 5511 id
2555 5453 2773 5510 estillos
2800 5452 2889 5523 qui
2922 5451 3157 5506 indurati
3180 5455 3304 5504 sunt
3331 5448 3383 5502 in
3408 5445 3533 5501 odio
3556 5444 3683 5500 mei.

2256 5544 2677 5617 1Dispcrdidisti,
2692 5564 2709 5595 ι
2730 5552 2779 5599 ει
2798 5544 2850 5597 in
2866 5542 2920 5597 ill
2937 5540 3299 5611 adispersione
3316 5559 3331 5588 1
3354 5537 3727 5591 clamaverunt
3740 5554 3759 5585 ι
3782 5569 3792 5575 -

2180 5648 2238 5693 ιιι
2266 5639 2626 5695 liberarentur
2660 5655 2677 5686 1
2715 5651 2813 5689 nec
2847 5641 2965 5687 erat
3015 5653 3032 5685 ι
3068 5633 3209 5686 inter
3257 5645 3350 5685 eos
3379 5647 3397 5678 1
3434 5630 3529 5699 qui
3577 5626 3765 5683 salvos

2180 5729 2419 5793 faceret,
2456 5748 2473 5777 ι
2504 5726 2630 5796 quia
2671 5726 2775 5779 dux
2806 5738 2991 5778 eorum
3042 5731 3161 5777 erat
3211 5718 3476 5783 diabolus.
3525 5717 3617 5788 qui
3661 5730 3773 5772 eos

2182 5822 2410 5875 liber-are
2439 5835 2542 5873 non
2568 5823 2805 5887 poterat;
2846 5835 2861 5863 1
2887 5806 3256 5869 domaverunt
3282 5809 3444 5866 etiam
3476 5808 3543 5864 ad
3575 5806 3770 5864 Domi-
