3984 6450
191 458 297 517 255

1363 448 1804 508 EXPLANATIO
1847 448 1914 504 lN
1954 447 2292 505 PSALMOS.

3342 454 3452 514 254

191 588 318 631 unm
342 613 358 636 ,
412 583 517 627 nec
552 568 825 625 exaudivit
853 584 871 619 ι
924 565 1052 636 quia
1096 580 1203 621 non
1245 566 1561 635 qurerebant
1597 578 1763 620 exau-

1924 577 2076 617 meus
2105 562 2178 617 sit
2204 564 2541 631 benedictus,
2572 585 2590 617 ι
2622 564 2674 620 id
2703 572 2806 631 est,
2832 564 3082 622 laudatur
3099 574 3156 622 et
3311 569 3456 628 Deus

190 666 294 722 diri
326 677 423 736 per
448 661 663 717 Filium.

190 794 193 799 ς
263 754 345 808 Τιι
370 750 670 822 dispersisti
698 788 713 814 ,
748 759 803 803 et
821 762 922 819 ego
950 764 970 799 ι
1002 746 1371 803 comminuam
1395 760 1509 811 eos,
1533 764 1551 797 ι
1588 744 1641 799 id
1666 751 1772 808 εει,

189 852 472 901 conteram
502 855 691 897 eorum
722 840 868 895 vires
913 854 980 895 ne
1022 838 1232 909 possint
1276 836 1457 906 colligi
1508 836 1560 890 in
1611 834 1776 889 robur

198 956 219 990 ι
252 945 315 992 ιιι
341 934 644 1006 pulverem,
682 954 701 987 ι
753 934 962 989 scilicet
1004 947 1101 1002 per
1128 932 1548 987 subtractionem
1589 929 1775 1001 gratiae

192 1029 390 1084 faciam
452 1041 547 1097 eos
588 1034 643 1081 et
680 1025 976 1081 dissolutos
1022 1032 1078 1079 et
1134 1023 1412 1079 instabiles
1444 1063 1458 1087 ,
1512 1036 1613 1076 nec
1656 1020 1775 1075 illos

194 1121 273 1175 ita
305 1119 553 1174 redactos
587 1118 641 1172 in
684 1116 964 1186 pulverem
1007 1115 1275 1170 dimittam
1328 1114 1380 1167 in
1430 1112 1641 1182 quiete,
1680 1112 1772 1166 sed

193 1211 313 1266 illos
331 1224 529 1279 ponam
558 1226 576 1261 ι
609 1216 735 1263 ante
763 1206 959 1262 faciem
977 1205 1139 1272 venti,
1172 1224 1193 1257 ι
1214 1204 1383 1271 idest,
1413 1203 1550 1258 tales
1576 1202 1772 1256 faciam

191 1301 285 1371 qui
309 1299 580 1363 deﬁciant,
622 1313 730 1352 non
769 1303 1149 1366 exspectantes
1179 1294 1373 1350 faciem
1403 1294 1571 1358 venti,
1614 1293 1666 1347 id
1691 1302 1775 1347 est

193 1391 520 1448 soliditatem
548 1387 951 1451 teutatiouis,in
973 1386 1149 1457 prima
1167 1386 1465 1440 tentatione
1491 1383 1771 1446 deﬁciunt.

198 1504 219 1536 ι
251 1492 306 1539 ει
325 1496 419 1537 eos
439 1481 650 1546 delebo,
679 1500 699 1533 ι
739 1480 792 1536 id
826 1488 910 1537 est
937 1480 1211 1535 destruam
1243 1498 1260 1529 ι
1295 1488 1356 1533 ιιι
1383 1479 1555 1534 lutum
1576 1478 1776 1549 platea-

192 1588 338 1629 rum.
373 1592 393 1624 ι
414 1571 485 1629 Ut
527 1571 697 1626 lutum
738 1571 1036 1642 platearum
1058 1579 1112 1625 et
1140 1571 1196 1625 in
1222 1571 1400 1641 seipse
1432 1571 1772 1640 inquinatum

192 1674 298 1730 est,
326 1673 380 1719 et
414 1664 550 1719 alios
570 1663 885 1733 coinquinat
912 1671 1254 1718 transeuntes
1280 1677 1378 1732 per
1405 1662 1664 1732 plateam,
1691 1661 1772 1716 sic

190 1755 362 1812 Judaei
390 1763 445 1809 et
471 1755 527 1810 in
556 1770 615 1809 se
657 1753 927 1823 inquinati
956 1760 1102 1819 sunt,
1150 1761 1207 1808 et
1233 1753 1368 1807 alios
1421 1766 1520 1821 per
1565 1751 1772 1821 plateas

190 1845 551 1911 ambulantes,
578 1846 633 1901 id
674 1852 760 1901 est
787 1861 887 1916 per
925 1854 1139 1900 terrena
1188 1843 1479 1909 desideria,
1523 1842 1771 1912 coinqui-

1882 672 1901 706 ι
1946 654 2214 711 exaltetur
2272 674 2290 707 ι
2351 654 2406 709 in
2469 656 2815 713 multitudine
2864 658 3205 716 credentium
3233 702 3251 731 ,
3298 664 3457 721 dator

1881 764 1899 797 ι
1934 745 2124 800 salutis
2150 760 2307 801 mete.
2350 765 2372 798 ι

1943 838 2089 894 Bene
2119 840 2258 904 dico,
2292 840 2365 895 sit
2390 841 2732 908 benedictus,
2760 843 2889 914 quia
2928 853 2986 900 tu
3013 863 3033 897 ι
3067 847 3165 903 das
3190 847 3459 906 vindictas

1881 948 1899 981 ι
1931 930 2081 993 mihi,
2127 949 2145 982 ι
2181 931 2232 985 id
2258 939 2364 997 est,
2387 932 2630 988 vindicas
2663 934 2730 989 de
2753 935 3006 993 inimicis.
3035 938 3105 993 Et
3151 939 3341 1011 incipit
3367 942 3459 998 hic

1874 1020 2275 1076 commendatio
2323 1036 2612 1077 munerum
2662 1041 2681 1074 ι
2717 1032 2774 1078 ει
2821 1026 3008 1082 subdis
3055 1029 3280 1100 populus
3310 1050 3328 1082 ι
3381 1031 3455 1086 ita

1874 1111 2018 1180 quod
2044 1128 2062 1161 ι
2091 1112 2193 1167 sub
2215 1127 2321 1178 me,
2346 1132 2365 1165 ι
2401 1113 2452 1167 id
2474 1123 2579 1177 est,
2606 1113 2752 1182 quod
2781 1114 2916 1170 mihi
2944 1118 3259 1176 obedientes
3288 1120 3455 1177 ﬁunt:

1874 1208 1933 1254 tu
1959 1200 2079 1256 dico
2100 1201 2357 1257 liberator
2382 1219 2534 1259 meus
2551 1204 2616 1259 de
2638 1205 2871 1261 inimicis
2899 1206 3034 1263 meis
3061 1227 3082 1262 ι
3106 1211 3272 1266 etiam
3293 1231 3311 1265 ι
3351 1213 3459 1268 ira-
3502 1220 3507 1225 '

1881 1310 1899 1343 ι
1932 1294 2145 1359 cundis,
2184 1314 2203 1348 ι
2238 1295 2293 1350 id
2316 1303 2402 1350 est
2448 1295 2886 1352 ferventissimis.

1945 1382 2013 1437 Et
2047 1385 2211 1439 etiam
2238 1405 2256 1437 ι
2290 1386 2556 1443 exaltabis
2577 1403 2661 1442 me
2682 1388 2750 1442 ab
2775 1388 3182 1461 insurgentibus
3210 1393 3264 1448 in
3291 1410 3399 1462 me,
3431 1414 3455 1450 ο

1872 1475 2000 1544 quia
2025 1483 2229 1544 quanto
2254 1477 2431 1548 magis
2458 1477 2896 1547 insurrexerunt,
2929 1490 3080 1537 tanto
3114 1485 3289 1556 magis
3306 1485 3462 1541 Chri-

1872 1576 1990 1623 stus
2026 1568 2297 1624 exaltatus
2325 1578 2439 1636 est;
2496 1579 2553 1626 et
2580 1571 2743 1626 etiam
2774 1583 3057 1644 surgentes
3091 1574 3309 1632 diabolo
3336 1585 3461 1633 sunt

1871 1660 2067 1729 pressi,
2104 1677 2123 1711 ι
2169 1668 2224 1716 ει
2251 1662 2450 1732 eripies
2478 1678 2564 1717 me
2584 1677 2616 1718 a
2643 1664 2761 1719 viro
2782 1664 2990 1736 iniquo,
3018 1686 3039 1719 ι
3080 1667 3134 1724 id
3156 1676 3241 1724 est
3264 1668 3464 1741 populo

1871 1750 2116 1819 Iudaico,
2139 1753 2223 1807 vel
2251 1769 2281 1808 a
2310 1770 2632 1825 quocunque
2660 1756 2849 1827 impio.

1948 1860 1966 1894 ι
1998 1842 2287 1913 Propterea
2328 1864 2347 1897 ι
2373 1847 2557 1901 omnia
2586 1866 2605 1898 ι
2641 1847 2940 1905 conﬁtebor
2968 1848 3085 1915 tibi,
3120 1869 3138 1903 ι
3165 1850 3218 1905 id
3236 1858 3320 1907 est
3344 1850 3462 1906 lau-

190 1948 330 1994 uant
383 1937 630 2007 exemplo
662 1937 788 1992 vita);
828 1952 939 2005 sum
992 1936 1165 1991 malae.
1198 1934 1478 1991 Desideria
1527 1934 1767 1990 carnalia
1799 1945 1846 2005 Β
1874 1934 2014 1990 dabo
2047 1942 2119 2001 te,
2147 1935 2394 2003 Domine,
2428 1957 2444 1988 ι
2472 1938 2527 1992 in
2560 1938 2892 2005 nationibus,
2919 1960 2937 1992 ι
2972 1940 3026 1995 id
3053 1941 3209 1996 estin
3237 1942 3466 1999 diversis

189 2029 430 2099 plateam
457 2028 704 2099 appellat,
730 2028 855 2098 quia
871 2043 969 2097 per
997 2042 1059 2082 ea
1092 2026 1210 2082 sine
1232 2027 1379 2081 omni
1413 2026 1778 2081 refrenatioue

189 2122 265 2177 ad
300 2121 570 2176 diabolum
600 2121 878 2175 transitur.
917 2119 985 2174 Et
1011 2134 1080 2172 ne
1127 2118 1324 2188 aliquis
1374 2124 1611 2186 putaret,
1660 2116 1778 2170 istis

186 2210 396 2269 Judzeis
449 2210 659 2277 deletis,
710 2210 985 2266 Christum
1035 2223 1260 2279 regnum
1292 2223 1451 2264 suum
1501 2208 1773 2272 amittere,

188 2302 433 2357 ostendit
459 2315 518 2356 se
546 2302 613 2356 ab
643 2300 747 2356 illis
787 2300 1126 2356 subtractum
1179 2298 1344 2352 etiam
1400 2297 1646 2353 obtinere
1690 2312 1778 2353 re-

189 2408 380 2466 gnum.
412 2390 787 2447 Continuatio:

267 2483 349 2539 llli
394 2482 719 2538 delebontur
745 2502 763 2531 ι
785 2495 870 2535 me
923 2487 1102 2534 autem
1136 2498 1154 2531 ι
1189 2493 1223 2534 o
1251 2478 1393 2533 Deus
1443 2496 1461 2529 ι
1496 2477 1717 2548 eripies,
1752 2496 1770 2528 ι

192 2573 250 2628 id
281 2580 386 2637 est,
433 2572 722 2627 subtrahes
770 2590 789 2621 ι
821 2570 887 2625 de
933 2568 1457 2625 contradictionibus
1506 2568 1712 2638 populi,
1750 2586 1768 2620 ι

190 2664 250 2718 id
280 2671 363 2718 εει
390 2662 457 2717 de
482 2661 886 2717 contradicente
923 2660 1121 2731 populo
1158 2659 1405 2725 Judaico,
1442 2660 1533 2729 qui
1563 2674 1778 2730 semper

188 2752 328 2807 mihi
352 2752 693 2816 contradicit,
729 2760 787 2806 et
815 2759 1057 2822 ereptum
1086 2766 1173 2806 me
1195 2751 1263 2805 ab
1287 2750 1393 2805 illis
1422 2769 1440 2801 ι
1479 2752 1775 2807 constitues

190 2858 285 2898 me
311 2842 366 2898 in
399 2852 562 2913 caput
592 2842 851 2914 gentium,
884 2860 902 2894 ι
949 2842 1003 2897 id
1033 2849 1135 2907 est,
1163 2848 1220 2896 ut
1249 2842 1348 2896 sim
1380 2855 1475 2895 rex
1511 2842 1773 2913 gentium.

267 2934 390 2990 Ideo
414 2932 580 2989 facies
594 2946 681 2988 me
690 2946 870 3002 regem
885 2932 1149 3004 gentium,
1165 2933 1420 3001 quoniam
1462 2951 1479 2983 ι
1499 2932 1730 3003 populus
1750 2952 1768 2986 ι

184 3028 438 3098 gentium
470 3024 678 3081 scilicet
715 3043 732 3075 ι
764 3039 924 3094 quem
952 3039 1059 3079 non
1090 3024 1320 3095 cognovi
1345 3044 1363 3078 ι
1392 3024 1661 3094 corporali
1684 3026 1775 3078 ha-

186 3121 309 3175 bita
318 3118 585 3185 tione,nec
594 3116 888 3187 prephetas
905 3116 1050 3183 misi,
1066 3129 1166 3171 nec
1184 3114 1354 3185 legem
1369 3115 1489 3170 dedi
1511 3135 1529 3165 ι
1552 3115 1776 3171 servivit

188 3212 354 3279 mihi,
379 3231 398 3263 ι
441 3210 497 3265 id
518 3208 868 3276 est,credidit
896 3208 1058 3262 mihi:
1088 3207 1215 3276 quia
1243 3206 1552 3276 quicunque
1578 3205 1772 3272 credit,

1876 2026 2170 2095 gentibus:
2225 2046 2243 2079 ι
2290 2037 2345 2084 ει
2394 2030 2661 2098 psalmum
2700 2030 2899 2095 dicam,
2946 2052 2965 2082 ι
3010 2032 3061 2087 id
3113 2040 3219 2098 εει,
3269 2035 3465 2088 bonam

1876 2118 2243 2187 operationem
2270 2118 2464 2173 faciam
2494 2138 2511 2169 ι
2544 2119 2750 2174 nomini
2791 2128 2903 2184 tuo,
2942 2139 2960 2172 ι
2990 2121 3043 2174 id
3064 2129 3167 2186 εει,
3197 2122 3263 2175 ad
3291 2121 3465 2175 hono-

1877 2221 1992 2261 rem
2028 2214 2205 2261 tuum.
2241 2208 2377 2263 Dum
2408 2209 2559 2274 dicit,
2588 2209 2854 2279 psalmum
2890 2209 3091 2276 dicam,
3121 2211 3213 2265 dat
3252 2209 3467 2265 intelli-

1877 2311 2024 2366 gere,
2052 2298 2195 2367 quod
2223 2313 2331 2352 non
2372 2305 2580 2352 tantum
2616 2297 2757 2353 bene
2792 2299 3128 2369 operabitur,
3159 2300 3253 2356 sed
3294 2300 3462 2356 etiam

1878 2388 2002 2443 aliis
2024 2388 2332 2460 exemplum
2359 2388 2517 2444 bonae
2543 2392 2877 2459 operationis
2897 2394 3020 2447 erit.

1888 2538 1891 2541 η
1947 2478 2260 2536 Confitebor
2282 2480 2385 2536 hoc
2418 2481 2625 2546 dicens,
2654 2482 2916 2537 Dominus
2944 2483 3046 2538 iste
3086 2489 3171 2539 est
3203 2502 3221 2534 ι
3258 2482 3467 2554 magni-

1879 2570 2070 2637 ﬁcans,
2114 2590 2133 2623 ι
2162 2570 2216 2624 id
2264 2579 2349 2626 est
2410 2571 2728 2643 magniﬁcos
2772 2572 2979 2627 faciens
3013 2592 3030 2626 ι
3069 2572 3271 2629 salutes
3324 2572 3469 2643 regis

1882 2680 1902 2713 ι
1937 2663 2077 2732 ejus,
2108 2681 2126 2713 ι
2147 2662 2199 2717 id
2230 2670 2314 2716 est
2342 2661 2581 2717 salvatos
2604 2677 2635 2716 a
2660 2675 2785 2731 rege
2814 2677 2932 2727 suo,
2980 2662 3187 2717 scilicet
3214 2662 3462 2718 Christo:

1877 2752 2056 2806 ethoc
2083 2751 2248 2805 etiam
2274 2750 2417 2816 dico,
2460 2750 2606 2821 quod
2633 2751 2749 2821 ipse
2784 2750 2916 2806 facit
2947 2752 3130 2806 omnia
3158 2766 3228 2807 ex
3254 2751 3467 2806 miseri-

1878 2840 2086 2907 cordia,
2138 2842 2328 2897 ethoc
2370 2850 2475 2907 est,
2520 2850 2576 2897 et
2618 2860 2638 2892 ι
2676 2842 2793 2911 ipse
2845 2849 2930 2897 est
2974 2840 3185 2898 faciens
3252 2839 3467 2896 miseri-

1878 2931 2119 2986 cordiam
2149 2931 2313 2986 David
2346 2951 2364 2984 ι
2392 2931 2601 2988 scilicet
2621 2930 2981 3002 signiﬁcativo
3009 2948 3027 2982 ι
3057 2930 3276 2986 Christo
3301 2946 3422 2996 suo,
3444 2951 3462 2982 ι

1878 3022 1931 3077 id
1953 3030 2036 3076 est
2064 3021 2175 3092 regi
2206 3036 2303 3077 suo
2336 3039 2355 3072 ι
2386 3028 2442 3075 ει
2470 3021 2683 3084 semini,
2717 3041 2738 3074 ›
2774 3021 2826 3075 id
2849 3029 2933 3075 est
2970 3020 3292 3091 sequacibus
3322 3021 3466 3075 suis:

1876 3120 1932 3169 et
1966 3114 2067 3169 hoc
2098 3128 2203 3167 non
2231 3113 2299 3167 ad
2348 3113 2561 3177 horam,
2601 3111 2697 3167 sed
2731 3131 2749 3162 ι
2795 3126 2966 3182 usque
2999 3112 3077 3165 -in
3119 3110 3371 3166 saeculum
3392 3150 3407 3175 ,
3445 3128 3464 3163 ι

1878 3207 1929 3262 id
1957 3214 2041 3263 est
2090 3206 2327 3276 quandiu
2378 3204 2636 3260 szeculum
2682 3204 2805 3259 erit.
2839 3202 2934 3258 Vel
2987 3223 3004 3254 ι
3044 3202 3211 3259 David
3254 3203 3472 3259 Christo

190 3301 388 3365 servit,
416 3310 473 3355 et
492 3301 568 3355 ita
594 3298 738 3370 quod
774 3318 793 3350 ι
829 3299 882 3353 in
912 3299 1099 3352 auditu
1124 3298 1293 3361 auris,
1317 3317 1334 3348 ι
1371 3297 1423 3351 id
1452 3305 1554 3363 est,
1584 3312 1649 3352 ex
1673 3312 1779 3366 quo

1890 3314 2000 3361 suo,
2040 3316 2058 3348 ι
2091 3297 2144 3351 id
2181 3306 2264 3353 est
2300 3305 2464 3352 uncto
2497 3312 2617 3361 suo,
2643 3306 2698 3351 et
2736 3315 2754 3348 ι
2791 3296 2984 3351 semini
3032 3296 3170 3366 ejus,
3207 3316 3224 3349 ι
3262 3296 3316 3352 id
3359 3304 3469 3362 εει,

187 3394 406 3450 audivit
449 3411 468 3444 ι
505 3391 741 3446 obedivit
794 3389 946 3444 mihi.
998 3408 1015 3441 ι
1057 3388 1200 3443 Laus
1246 3388 1349 3442 ista
1393 3388 1655 3458 gentium,
1697 3395 1781 3440 est

189 3486 528 3555 vituperatio
549 3481 879 3536 Judzeorum.

270 3573 396 3627 Ideo
422 3571 643 3640 eripies,
673 3569 801 3638 quia
828 3568 906 3621 illi
958 3571 1049 3638 qui
1094 3566 1391 3623 debuerant
1436 3582 1555 3621 esse
1586 3588 1602 3617 ι
1637 3566 1727 3619 lilii
1761 3584 1778 3615 ι

195 3668 331 3730 mei,
366 3666 492 3720 facti
522 3683 541 3714 ι
572 3664 732 3719 alieni
755 3662 966 3718 mentiti
997 3670 1125 3717 sunt
1173 3661 1301 3716 mihi
1340 3682 1357 3712 ι
1388 3661 1667 3714 mendacia
1706 3661 1785 3714 di—

193 3767 401 3815 xerunt
423 3759 490 3813 de
517 3772 630 3823 me,
653 3765 910 3827 negantes
932 3771 1019 3811 me
1043 3769 1164 3809 esse
1186 3753 1381 3808 Filium
1406 3754 1590 3818 Dei,et
1619 3752 1783 3806 inulta

192 3851 330 3915 alia,
382 3858 438 3904 et
471 3849 571 3919 ipsi
615 3849 757 3902 idem
791 3867 808 3897 ι
847 3846 941 3900 ﬁlii
984 3865 1003 3897 ι
1046 3844 1175 3899 facti
1234 3863 1252 3895 ι
1290 3844 1451 3898 alieni
1488 3862 1507 3895 ι
1542 3858 1664 3899 cum
1695 3843 1786 3897 de—

189 3945 393 3999 berent
438 3940 684 3996 innovari
720 3955 855 3994 novo
893 3939 1111 3994 homine
1150 3937 1398 3993 veniente
1448 3957 1467 3987 ι
1501 3935 1785 3993 inveterati

190 4040 345 4097 sunt,
390 4050 409 4081 ι
466 4030 518 4084 id
546 4039 650 4095 est,
676 4043 798 4084 cum
826 4037 952 4084 ante
975 4037 1159 4084 essent
1184 4036 1418 4092 veteres,
1450 4028 1502 4082 id
1534 4036 1617 4082 est
1652 4043 1782 4097 pec-

192 4132 435 4188 catores,
471 4121 644 4192 magis
694 4128 1008 4190 peccatores
1058 4116 1190 4174 facti
1234 4126 1381 4183 sunt,
1415 4126 1470 4172 et
1499 4118 1598 4187 ipsi
1650 4118 1784 4173 tales

201 4235 223 4269 ι
254 4214 716 4278 claudicavcruut,
729 4230 746 4263 ι
765 4211 820 4266 id
833 4219 938 4276 est,
957 4217 1280 4266 erraverunt
1298 4230 1317 4263 ι
1340 4226 1369 4263 a
1387 4210 1596 4265 semitis
1611 4211 1745 4275 suis,
1759 4230 1777 4262 ι

194 4307 259 4363 id
281 4314 367 4361 cst
410 4319 508 4375 pro
547 4303 754 4360 semitis
790 4304 904 4359 suis
932 4318 963 4357 a
984 4319 1042 4358 se
1072 4302 1324 4358 inventis.
1356 4302 1461 4373 lpsi
1490 4312 1668 4358 autem
1702 4303 1785 4357 in-

195 4404 468 4454 venerunt
497 4396 757 4466 quasdam
804 4395 1144 4460 traditiones,
1174 4394 1384 4450 scilicet
1436 4402 1497 4449 ut
1538 4395 1784 4450 lavarent

198 4504 399 4546 manus
448 4496 738 4559 antequam
788 4485 1175 4552 comederent,
1224 4493 1279 4539 et
1331 4499 1401 4540 ne
1446 4485 1783 4540 immundum

199 4585 509 4651 tangerent.
544 4577 695 4633 Unde
716 4586 772 4633 ει
812 4578 1074 4633 Dominus
1101 4577 1156 4631 in
1187 4576 1513 4647 Evangelia:
1554 4595 1572 4625 ι
1605 4575 1783 4642 Quare

1886 3387 2104 3443 Christo
2126 3396 2180 3443 et
2206 3388 2532 3458 sequacibus
2553 3387 2687 3456 ejus.

2344 3499 2411 3554 1N
2452 3498 2785 3556 PSALMUM
2824 3479 3009 3554 x’vm.
3096 3526 3103 3533 -

1956 3592 2219 3646 Ttruws.
2258 3589 2323 3643 In
2351 3591 2532 3655 ﬁnem,
2557 3590 2691 3645 alias
2718 3592 2921 3656 victori,
2949 3592 3181 3664 psalmus
3211 3593 3399 3647 Dauid.

1964 3670 2145 3735 {Coeli
2195 3690 2472 3733 enarrant.
2513 3700 2531 3731 ι
2561 3680 2809 3735 Psalmus
2862 3680 2963 3734 iste
3010 3684 3262 3737 convenit
3303 3683 3475 3739 David

1887 3770 2163 3841 prcipheta:
2190 3768 2281 3837 qui
2336 3768 2424 3823 hic
2471 3769 2754 3837 loquitur:
2808 3769 3049 3838 dirigens
3102 3772 3378 3828 auditores
3422 3774 3476 3827 in

1888 3862 2070 3923 finem,
2112 3860 2161 3914 id
2189 3869 2292 3924 est,
2325 3861 2378 3914 in
2403 3859 2703 3915 Christum.
2756 3860 2995 3915 lntendit
3022 3863 3169 3916 enim
3198 3864 3479 3921 auditores

1886 3962 1943 4007 et
1971 3953 2204 4006 maxime
2230 3950 2444 4006 Judteos
2473 3965 2696 4006 monere
2714 3992 2729 4016 ,
2773 3960 2832 4007 ut
2860 3951 3049 4007 relicta
3078 3968 3173 4008 sua
3206 3962 3479 4012 vetustate

1887 4043 1956 4097 ad
1985 4042 2189 4097 Christi
2222 4050 2501 4097 transeant
2531 4042 2847 4098 novitatem.
2907 4041 3129 4098 Materia
3173 4052 3256 4099 est
3300 4045 3479 4100 incar-

1886 4133 2034 4186 natio
2059 4131 2262 4188 Christi
2292 4131 2359 4187 de
2402 4147 2509 4202 qua
2557 4134 2637 4188 sic
2680 4134 2791 4204 agit
2820 4151 2831 4187 :
2867 4135 3212 4190 commendat
3236 4151 3351 4190 eam
3380 4151 3482 4208 per

1885 4223 2319 4277 commendatam
2358 4224 2804 4291 praedicationem
2827 4264 2842 4288 ,
2884 4224 3160 4294 propriam
3199 4241 3477 4281 commen-

1885 4315 2185 4380 dationem,
2214 4330 2310 4385 per
2334 4316 2529 4370 bonam
2559 4317 2722 4370 etiam
2752 4316 2946 4386 legem,
2978 4332 3074 4386 per
3095 4319 3292 4373 bonam
3320 4318 3479 4375 insti-

1886 4406 2191 4471 tutionem,
2239 4421 2403 4475 quam
2452 4406 2650 4461 mundo
2700 4405 2898 4459 attulit.
2950 4406 3306 4462 Commendat
3350 4422 3475 4464 cam

1885 4499 2047 4554 etiam
2079 4497 2287 4553 orando
2315 4512 2373 4552 se
2401 4497 2651 4552 mundari
2682 4515 2712 4553 ιι
2744 4498 3003 4567 peccatis,
3035 4508 3096 4553 ut
3121 4499 3280 4571 digne
3308 4501 3480 4570 possit

1887 4589 2108 4643 laudare
2153 4604 2306 4654 eam,
2356 4597 2412 4643 et
2456 4589 2535 4643 sic
2584 4605 2616 4643 a
2664 4590 3048 4658 praedicatione
3096 4591 3325 4660 incipit:
3369 4589 3480 4646 Vos

197 4681 264 4729 et
289 4685 387 4725 vos
408 4670 845 4741 transgredimiui
878 4670 1133 4724 mandata
1172 4676 1391 4739 patrum
1423 4676 1647 4737 propter
1672 4676 1754 4720 tra

1890 4681 2144 4737 dimittite
2173 4696 2205 4734 a
2234 4688 2501 4735 vetustate
2532 4689 2765 4735 mentem
2786 4720 2799 4744 ,
2831 4689 2888 4734 et
2915 4681 3096 4736 audite
3124 4697 3317 4735 novam
3346 4697 3484 4752 pne-

202 4763 445 4820 ditioues
470 4762 715 4817 vestras?
741 4780 759 4814 ι
807 4762 1023 4834 (Matth.
1046 4761 1163 4833 xv.)
1194 4759 1291 4815 Vel
1321 4760 1427 4814 ita:
1459 4779 1475 4811 ι
1497 4757 1786 4814 Claudica-

202 4861 426 4920 verunt,
470 4872 490 4906 ι
545 4853 599 4908 id
642 4863 742 4917 est,
796 4863 1118 4908 erraverunt
1169 4871 1188 4903 ι
1223 4865 1254 4905 a
1302 4850 1509 4905 semitis
1554 4851 1668 4905 suis
1697 4890 1712 4916 ,
1761 4869 1780 4902 ι

206 4949 265 5004 id
291 4957 396 5012 est,
432 4961 568 5016 quas
603 4946 908 5001 debuerunt
951 4943 1130 5000 facere
1172 4960 1318 5008 snas,
1352 4943 1478 5013 quia
1523 4944 1577 4997 in
1604 4942 1789 5012 Scrip-

206 5041 350 5096 turis
380 5039 666 5094 litteralem
720 5045 930 5093 tantum
962 5036 1370 5107 intelligentiam
1393 5043 1449 5091 et
1475 5050 1583 5089 non
1623 5034 1788 5103 spiri-

210 5131 414 5186 tualem
463 5131 683 5186 habent.
733 5129 862 5196 Quae
908 5128 1203 5198 Scriptura:
1242 5128 1362 5184 ideo
1407 5128 1662 5183 dicuntur
1707 5144 1791 5183 se-

210 5226 383 5288 mitm,
423 5224 547 5292 quia
568 5222 705 5277 bene
729 5220 1012 5276 intellectae
1040 5221 1243 5275 ducunt
1268 5221 1335 5275 ad
1359 5220 1546 5273 vitam.
1574 5218 1790 5275 Claudi-

211 5320 476 5370 cavcrunt
501 5312 632 5367 dicit
658 5327 754 5383 per
791 5312 1007 5367 simile:
1036 5313 1178 5367 sicut
1215 5312 1361 5366 enim
1404 5310 1628 5366 claudus
1680 5326 1791 5365 uno

212 5407 354 5477 pelc
387 5406 571 5460 ﬁrmus
599 5412 702 5471 est,
735 5404 949 5473 alioque
990 5403 1259 5467 inﬁrmus,
1294 5405 1373 5459 sic
1401 5403 1571 5460 Judaei
1604 5405 1658 5459 in
1703 5404 1793 5458 lit-

214 5496 372 5553 terali
387 5511 548 5551 sensu
571 5504 698 5551 sunt
720 5496 884 5559 ﬁrmi,
907 5496 1205 5565 ctspiritali
1255 5495 1476 5551 inﬁrmi:
1505 5497 1629 5565 quia
1654 5497 1795 5552 male

213 5600 270 5645 et
300 5605 428 5645 raro
457 5589 710 5659 allegoria
736 5597 979 5643 utuntur.
1001 5588 1239 5654 Quorum
1256 5587 1559 5645 claudicare
1572 5589 1795 5645 claudus

217 5678 387 5737 lacob
430 5678 679 5750 ﬁguravit
708 5676 859 5750 (Gen.
894 5678 1016 5749 xu).

291 5779 395 5846 Ipsi
438 5778 894 5843 claudicaverunt,
925 5777 1134 5833 mentiti
1168 5786 1313 5843 sunt,
1362 5779 1452 5835 sed
1485 5799 1502 5829 ι
1534 5780 1797 5835 Dominus

224 5873 416 5940 vivil,t
468 5873 518 5927 id
564 5881 664 5939 est,
696 5870 907 5942 vigetin
937 5870 1047 5927 suis
1066 5877 1118 5926 et
1138 5879 1324 5940 regnat
1351 5888 1361 5923 :
1388 5880 1442 5926 et
1470 5872 1583 5941 ipse
1616 5890 1632 5921 ι
1656 5872 1795 5927 Deus

1892 4771 2240 4834 dicatiouem,
2264 4785 2383 4840 quze
2406 4772 2642 4825 maxime
2668 4771 2834 4825 etiam
2860 4786 2926 4826 ex
2951 4772 3209 4841 dignitate
3240 4775 3477 4841 ipsorum

1891 4862 2307 4935 praedicatorum
2333 4863 2639 4917 ostenditur
2663 4862 2952 4929 audienda,
2988 4864 3113 4933 quia
3144 4885 3161 4916 ι
3197 4866 3319 4921 cmli
3354 4886 3400 4931 ι,
3427 4866 3479 4919 id

1894 4961 2008 5019 est,
2040 4940 2268 5023 apostoli
2296 4972 2315 5003 ι
2341 4960 2600 5007 enarrant
2629 4972 2646 5004 ι
2678 4961 2738 5007 ιιι
2769 4968 2882 5007 rem
2914 4968 3020 5008 non
3052 4953 3299 5009 ﬁctitiam
3322 4994 3338 5018 ,
3384 4953 3479 5007 sed

1896 5059 2081 5099 veram
2133 5061 2151 5094 ι
2182 5042 2406 5111 gloriam
2436 5063 2482 5108 ι,
2510 5042 2563 5098 id
2592 5052 2675 5098 est
2705 5044 2963 5099 deitatem
3022 5064 3039 5095 ι
3074 5043 3169 5099 Dei
3205 5063 3254 5108 ι,
3302 5043 3355 5097 id
3399 5052 3483 5097 εει

1896 5135 2130 5201 Christi,
2164 5155 2181 5186 ι
2212 5144 2266 5189 ει
2303 5134 2701 5190 ﬁrmamentum
2734 5156 2780 5202 ι,
2812 5137 2885 5193 ,ἱά
2931 5146 3013 5191 εει
3061 5135 3287 5207 apostoli
3338 5135 3481 5189 firmi

1892 5228 1984 5300 qui
2011 5236 2138 5283 sunt
2164 5229 2217 5282 in
2246 5230 2347 5283 hac
2377 5229 2757 5298 prmdicatione
2782 5229 3006 5294 Christi,
3040 5248 3058 5281 ι
3094 5229 3420 5284 annuntiant
3457 5250 3475 5278 ι

1894 5332 2147 5393 tanquam
2198 5337 2311 5376 rem
2360 5332 2564 5392 gestam
2625 5343 2642 5375 ι
2673 5338 2840 5393 opera
2868 5343 2916 5389 ι,
2971 5323 3023 5377 id
3072 5331 3155 5378 εει
3219 5319 3479 5376 miracula

1900 5412 1919 5463 ι
1949 5426 2204 5467 manuum
2240 5433 2284 5478 ι,
2317 5412 2370 5467 id
2411 5423 2493 5467 est
2546 5428 2771 5484 operum
2801 5412 2938 5484 ejus,
2976 5413 3025 5467 id
3053 5421 3134 5468 est
3163 5409 3482 5480 cperatricis

1898 5504 2136 5559 deitatis.
2170 5504 2315 5560 Bene
2340 5506 2614 5575 apostolos
2646 5505 3044 5559 ﬁrmamentum
3078 5512 3234 5559 vocat
3262 5502 3316 5557 in
3344 5518 3485 5574 pra:-

1902 5592 2169 5651 dicatioue
2198 5594 2397 5650 Christi
2429 5596 2831 5662 miraculorum,
2866 5610 2990 5665 qtua
3020 5596 3176 5650 multi
3208 5593 3484 5650 contradi-

1902 5688 2118 5752 cebant,
2144 5696 2198 5741 et
2221 5687 2371 5742 multi
2394 5703 2515 5742 eum
2540 5703 2756 5757 passum
2780 5686 2861 5740 vel
2888 5696 3160 5742 mortuum
3190 5687 3485 5757 praedicare

1903 5780 2312 5835 erubescebant.
2349 5780 2441 5835 Vel
2474 5779 2577 5844 ita,
2608 5788 2665 5833 ut
2692 5793 2861 5847 opera
2883 5779 2954 5832 sit
2983 5780 3344 5835 nominativus
3374 5781 3461 5835 sin

1905 5872 1991 5942 gul
2033 5873 2105 5928 ris
2132 5892 2147 5922 ι
2170 5888 2328 5940 opera
2360 5887 2613 5925 manuum
2640 5869 2753 5939 eius
2788 5892 2827 5935 ι,
2860 5870 2910 5923 id
2934 5880 3012 5926 est
3043 5873 3201 5929 homo
3229 5892 3244 5923 ι
3277 5886 3480 5926 annun-
