3984 6464
502 439 611 496 255

969 437 1324 496 HAYMONIS
1361 436 1840 493 HALBERSTAT.
1883 435 2098 492 EPISC.
2138 434 2290 492 OPP.
2329 436 2511 493 PARS
2551 437 2592 492 l.
2628 466 2698 477 --
2735 434 3090 492 COMMENT.
3132 429 3304 495 BIBL.

3686 436 3806 494 256

506 559 642 614 tiatc
665 555 1063 615 ﬁrmamentum
1084 577 1129 622 ι,
1146 556 1198 612 id
1215 554 1633 621 est,Ecclesiam
1652 570 1774 611 esse
1800 554 2090 618 ﬁrmatam,
2119 557 2166 617 Α
2205 575 2223 604 ι
2253 553 2418 617 viam,
2453 573 2471 606 ι
2507 552 2713 623 scilicet
2738 554 3076 612 exsultanter
3101 556 3341 613 cucurrit
3368 556 3539 622 viam,
3573 554 3825 614 scilicet

504 664 627 719 qua:
653 648 898 705 Ecclesia
928 650 1275 727 ﬁrmataest,
1321 647 1375 701 id
1416 656 1527 710 est,
1573 648 1784 702 stabilis
1820 644 1963 700 facta
2005 653 2087 700 est

505 743 576 799 ab
605 744 721 813 ipso
749 742 967 796 Christo
1013 739 1063 793 in
1110 739 1365 808 inquietis
1400 737 1649 793 ﬂuctibus
1687 737 1846 806 hujus
1879 736 2085 791 mundi.

506 832 662 904 Quod
693 834 1053 905 signiﬁcatum
1100 830 1199 884 fuit
1236 846 1332 899 per
1362 831 1758 887 ﬁrmamentum
1805 830 1945 899 quod
1990 828 2090 883 fuit

508 928 710 983 factum
735 925 873 979 inter
894 937 1082 991 aquas.
1104 922 1199 976 Vel
1222 930 1397 991 potest
1420 922 1524 977 dici
1549 921 1716 976 etBlos
1739 920 2092 975 materialiter

507 1030 765 1071 enarrare
790 1014 1016 1082 gloriam
1045 1013 1158 1074 Dei,
1192 1028 1287 1082 per
1312 1012 1523 1067 stellam
1550 1028 1669 1081 quae
1694 1011 1894 1066 mundo
1924 1012 2090 1067 Deum

507 1106 709 1162 factum
740 1105 1013 1159 hominem
1043 1104 1311 1158 nuntiavit
1331 1102 1547 1174 (Matth.
1577 1104 1659 1174 tt).
1695 1103 1794 1159 Hic
1817 1119 2093 1159 commen-

507 1197 599 1252 dat
627 1197 796 1265 ipsam
834 1194 1263 1249 incarnationem
1293 1234 1307 1259 ,
1358 1209 1456 1264 per
1493 1193 1879 1250 discretionem
1922 1195 2092 1266 ipsius

443 1270 447 1276 id
505 1286 929 1358 praedicationis.
967 1284 1354 1341 Continuatio:

576 1374 710 1432 C(eli
759 1376 1149 1446 praedicabunt,
1177 1386 1234 1432 et
1278 1377 1351 1431 ita
1381 1397 1401 1429 ‹
1437 1379 1572 1443 dies,
1607 1398 1625 1431 ι
1662 1380 1716 1435 id
1739 1387 1824 1435 est
1854 1379 2092 1449 sapiens,

513 1487 532 1519 ι
565 1476 777 1523 eructat
800 1469 1023 1523 verbum
1058 1488 1102 1531 ι,
1132 1469 1184 1523 id
1214 1478 1314 1531 εει,
1344 1470 1538 1525 Filium
1555 1472 1670 1535 Dei,
1706 1489 1724 1521 ι
1747 1471 1852 1526 diei
1875 1470 1989 1536 i,id
2015 1480 2098 1527 est

501 1559 758 1628 sapienti.
789 1559 1013 1613 Eructat
1033 1558 1162 1614 dicit
1186 1559 1251 1614 ad
1279 1560 1691 1616 similitudinem
1716 1562 1924 1615 saturi:
1955 1561 2096 1615 sicut

507 1648 654 1703 enim
701 1647 897 1717 aliquis
941 1658 1094 1702 satur
1121 1664 1188 1704 ex
1226 1649 1471 1704 interiori
1514 1650 1847 1719 plenitudine
1887 1657 2098 1705 eructat

508 1736 733 1806 aliquid,
751 1737 829 1791 sic
849 1738 1064 1806 sapiens
1083 1754 1149 1792 ex
1173 1738 1501 1794 abundantia
1522 1740 1779 1809 loquitur,
1804 1759 1821 1790 ι
1843 1747 1896 1794 ει
1916 1755 2020 1794 nox
2047 1758 2093 1805 ι,

507 1828 562 1884 id
592 1837 676 1883 est
703 1828 946 1892 humilis,
978 1848 995 1879 ι
1028 1829 1229 1883 indicat
1267 1832 1433 1896 nocti,
1467 1850 1493 1881 ι
1517 1832 1623 1886 hoc
1643 1842 1727 1886 est
1755 1830 1846 1883 alii
1880 1830 2091 1896 humili,

2191 642 2371 696 omnia
2395 657 2559 712 opera
2584 658 2704 713 quae
2728 643 2856 698 fecit
2884 664 2902 695 ι
2933 654 2993 700 ιιι
3020 646 3174 717 gigas
3201 665 3246 711 ι,
3298 646 3354 702 id
3380 654 3468 702 est
3494 661 3803 718 compara—

2189 731 2314 788 bilis
2341 734 2562 804 giganti.
2594 733 2748 790 Sicut
2772 734 2915 791 enim
2947 736 3101 806 gigas
3131 752 3239 791 non
3265 736 3423 805 timet
3441 727 3649 802 minas,
3681 753 3801 793 non

2190 831 2347 878 curat
2367 823 2667 889 mollitiem,
2691 823 3042 895 infatigabilis
3061 834 3146 880 est
3161 843 3173 878 :
3190 826 3342 881 sicel
3355 825 3630 882 Christus.
3648 827 3800 894 Qui:

2189 914 2402 970 dixerat
2428 936 2446 967 ι
2480 916 2676 986 posuit,
2708 916 3094 984 eLexsultavit,
3130 927 3229 973 ret
3252 933 3358 973 non
3396 919 3800 974 determinavit

2191 1010 2316 1078 quis
2344 1007 2432 1064 ille
2457 1016 2621 1070 esset,
2653 1008 2809 1079 quasi
2837 1009 3034 1078 aliquis
3061 1019 3353 1080 quaereret,
3383 1011 3510 1080 quis
3538 1019 3628 1066 est
3653 1009 3755 1064 ille
3773 1011 3798 1063 ι

2191 1115 2289 1170 per
2309 1099 2553 1169 quaedam
2577 1100 2772 1155 indicia
2795 1100 3035 1154 ostendit
3053 1115 3174 1155 esse
3196 1100 3391 1155 Filium
3414 1101 3535 1167 Dei,
3562 1101 3793 1156 dicens:

2200 1206 2219 1239 ι
2242 1189 2505 1261 Egressus
2529 1189 2673 1244 illius
2695 1209 2713 1240 ›
2733 1189 2831 1257 qui
2850 1190 2953 1244 hoc
2968 1188 3117 1255 fecit,
3139 1197 3221 1245 est
3242 1209 3259 1241 ι
3282 1205 3314 1244 a
3335 1205 3555 1246 summo
3573 1190 3725 1246 coelo
3744 1209 3797 1256 ι,

2192 1278 2248 1335 id
2271 1288 2355 1335 est
2376 1295 2407 1334 a
2428 1279 2538 1335 Deo
2562 1280 2747 1345 Patre,
2769 1295 2877 1349 quo
2899 1279 3030 1334 nihil
3055 1280 3217 1333 altius
3237 1288 3340 1334 est.
3368 1280 3634 1350 Egressio
3658 1280 3796 1336 Filii

2195 1372 2710 1438 fuitmanil‘estatio,
2741 1373 2867 1442 quia
2893 1388 3017 1428 cum
3045 1372 3196 1441 prius
3221 1381 3369 1428 esset
3395 1372 3667 1436 occultus,
3694 1387 3798 1441 per

2192 1479 2416 1521 carnem
2438 1479 2496 1519 se
2517 1462 2904 1519 manifestavit.
2934 1464 3041 1519 Per
3062 1464 3166 1518 hoc
3188 1465 3333 1534 quod
3358 1465 3492 1520 dicit
3516 1466 3791 1536 egressio,

2194 1568 2549 1624 personarum
2576 1554 3002 1609 distinctionem
3049 1554 3327 1609 insinuat:
3374 1569 3473 1626 per
3501 1555 3612 1610 hoc
3642 1557 3793 1625 quod

2197 1644 2327 1700 dicit
2351 1659 2380 1698 a
2405 1660 2633 1707 summo,
2659 1652 2812 1700 notat
2829 1645 2972 1716 quod
3000 1644 3054 1701 in
3078 1654 3389 1713 summo,et
3413 1645 3496 1701 sic
3518 1661 3653 1701 eum
3675 1646 3794 1703 Deo

2196 1734 2342 1789 Patri
2365 1735 2649 1805 aequalem.

2270 1822 2524 1891 Egressio
2551 1822 2654 1879 fuit
2684 1839 2714 1879 a
2746 1823 2928 1892 Patre,
2961 1833 3018 1883 et
3044 1826 3159 1896 ipse
3185 1827 3276 1898 qui
3307 1843 3560 1900 egressus
3590 1838 3715 1895 est,
3734 1829 3817 1885 in:

514 1935 534 1968 ι
565 1918 846 1973 scientiam
880 1939 927 1984 ι,
958 1920 1011 1973 id
1063 1927 1147 1975 est
1178 1921 1493 1991 temporalia
1524 1923 1590 1989 de
1618 1921 1854 1984 Christo,
1887 1921 2087 1976 scilicet

2195 1915 2512 1972 ascensione
2556 1916 2830 1981 occurrit,
2880 1917 2936 1971 id
2981 1918 3371 1998 est,.Patrem
3420 1920 3525 1976 sibi
3572 1921 3815 1978 invenit-

506 2011 837 2080 passionem,
892 2011 1256 2078 nativitatem,
1301 2021 1407 2067 etc.
1443 2013 1588 2067 idem
1644 2012 1936 2069 secundum
1991 2013 2093 2068 hoc

507 2101 652 2169 quod
682 2102 974 2156 humilibus
1006 2103 1229 2157 humilia
1250 2144 1265 2169 ,
1297 2105 1634 2173 sapientibus
1662 2105 1768 2159 alta
1801 2105 2088 2175 praedicat,

508 2190 625 2245 dies
654 2199 709 2246 et
737 2207 843 2245 nox
877 2192 1132 2262 appellari
1162 2201 1358 2262 potest.
1406 2194 1558 2249 Unde
1583 2194 1870 2263 Apostolus
1895 2194 2089 2251 Corin-

509 2282 681 2337 thiis:
710 2302 727 2333 ι
758 2284 906 2338 later
947 2283 1216 2353 perfectos
1257 2285 1528 2355 loquimur
1554 2285 1872 2353 sapientiam
1891 2325 1906 2350 ,
1937 2285 2092 2340 vobis

506 2382 687 2429 autem
720 2374 803 2429 lac
833 2385 1018 2445 potum
1047 2376 1187 2438 dedi,
1218 2392 1324 2431 non
1352 2392 1533 2431 escam
1562 2376 1612 2447 (Ι
1640 2376 1760 2432 Cor.
1791 2377 1852 2447 ι).
1886 2396 1903 2429 ι
1940 2376 2093 2432 Post-

509 2478 673 2531 quam
703 2465 939 2520 ostendit
966 2466 1344 2521 discretionem
1381 2468 1812 2537 praedicationis,
1859 2468 2091 2522 ostendit

504 2555 963 2624 magniﬁcentiam
992 2559 1109 2629 ejus
1132 2558 1556 2627 praedicationis.
1587 2558 1933 2614 Continuatio
1957 2578 1970 2613 :

582 2665 605 2697 ι
622 2646 755 2702 Coeli
781 2657 1041 2702 enarrant
1068 2648 1347 2718 gloriam,»
1366 2649 1683 2703 etomnibus
1712 2649 1908 2720 linguis
1932 2665 2092 2706 enar-

506 2744 650 2800 rant,
682 2744 737 2790 et
766 2737 868 2790 hoc
897 2744 982 2791 est
1010 2756 1029 2787 ί
1063 2751 1167 2790 non
1198 2744 1327 2790 sunt
1350 2736 1577 2806 loquela:
1597 2756 1640 2803 ι,
1678 2738 1732 2793 id
1760 2749 1845 2793 est.
1872 2738 2091 2810 linguas,

512 2847 533 2878 ο
565 2843 739 2898 neque
775 2842 1054 2883 sermones
1082 2848 1102 2879 ι
1155 2829 1298 2884 modi
1345 2817 1681 2885 locutionum.
1722 2848 1735 2884 :
1793 2830 1898 2885 alio
1948 2832 2090 2885 enim

506 2920 668 2975 modo
718 2919 771 2973 in
819 2921 1005 2975 eadem
1041 2920 1222 2990 lingua
1265 2920 1537 2989 loquimur
1574 2922 1935 2991 sapientibus,
1985 2923 2092 2978 alio

505 3010 668 3065 modo
690 3009 1073 3072 mediocribus,
1093 3010 1201 3065 alio
1226 3011 1383 3065 modo
1408 3008 1754 3066 inferioribus
1774 3030 1792 3062 ‹
1816 3027 2043 3081 quorum
2067 3032 2085 3064 ι

505 3116 817 3156 sermonum
850 3121 869 3153 ι
903 3118 1011 3157 non
1052 3103 1345 3158 audiantur
1386 3119 1550 3160 voces
1594 3118 1803 3159 eorum.
1839 3125 1857 3157 ι
1884 3106 2091 3163 Rursus

505 3197 851 3252 commendat
877 3196 1120 3251 eamdem
1150 3197 1590 3266 praedicationem
1626 3213 1723 3266 per
1748 3197 2089 3253 latitudinem

505 3287 748 3353 scilicet,
797 3289 924 3358 quia
971 3303 1070 3360 per
1115 3304 1304 3345 omnes
1342 3298 1518 3346 terras
1548 3289 1843 3363 divulgata.
1900 3290 2087 3347 Conti-

505 3380 697 3435 nuatio
723 3397 736 3433 :

575 3467 839 3525 Omnibus
879 3470 1077 3541 linguis
1105 3479 1230 3526 sunt
1256 3471 1457 3538 locuti,
1488 3478 1543 3526 et
1571 3486 1677 3526 non
1710 3471 1762 3526 in
1799 3487 1906 3527 una
1943 3481 2088 3527 terra

504 3570 736 3625 tantum,
778 3582 796 3614 ‹
827 3563 919 3617 sed
950 3578 1115 3618 sonus
1144 3578 1332 3619 eorum
1366 3585 1410 3629 ι,
1460 3564 1514 3618 id
1557 3573 1642 3620 est
1687 3564 1830 3619 fama
1874 3579 2087 3632 eorum,

510 3669 529 3701 ι
564 3652 731 3707 exivit
767 3652 821 3707 in
860 3648 1075 3706 omnem
1111 3664 1330 3716 terram,
1367 3673 1387 3705 ι
1438 3662 1493 3708 ει
1535 3670 1642 3708 non
1670 3663 1879 3709 tantum
1929 3654 2087 3709 modo

503 3759 693 3809 sonus,
724 3744 815 3799 sed
847 3745 1008 3798 etiam
1040 3762 1059 3795 ι
1089 3744 1254 3820 verba
1285 3765 1303 3797 ›
1346 3746 1459 3816 ipsa
1503 3765 1521 3797 ι
1552 3761 1773 3812 eorum,
1809 3765 1830 3799 ι
1878 3745 2087 3802 scilicet

502 3834 645 3906 quod
676 3834 927 3890 dicebant
952 3835 1229 3891 Christum
1261 3836 1624 3900 incarnatum,
1654 3845 1871 3902 natum,
1907 3846 1962 3892 et
1987 3853 2089 3893 ete—

504 3934 638 3977 tera.
685 3924 947 3978 Exierunt
976 3943 994 3976 σ
1028 3925 1081 3978 in
1114 3925 1247 3981 ﬁnes
1278 3935 1435 3981 terra:
1469 3946 1512 3992 ι,
1552 3926 1606 3981 id
1635 3936 1737 3991 est,
1780 3926 1834 3980 in
1872 3926 2088 3985 ultimas

501 4024 685 4083 partes
713 4023 889 4078 terrae,
922 4024 970 4067 et
1005 4029 1110 4068 non
1138 4016 1193 4069 in
1225 4032 1329 4070 una
1366 4025 1519 4087 parte
1547 4024 1705 4071 terrae
1737 4024 1963 4078 tantum,
1995 4020 2089 4074 sed

504 4106 558 4159 in
602 4120 829 4158 omnes:
867 4114 919 4159 et
951 4106 1052 4161 hoc
1098 4115 1183 4161 est
1229 4108 1375 4177 quod
1407 4108 1575 4162 dicit:
1613 4125 1631 4158 ι
1664 4107 2027 4191 ονὺίεκιεττιιδ,
2061 4130 2081 4164 ι

505 4194 711 4251 scilicet
740 4195 792 4249 in
821 4195 1070 4250 circuitu.
1128 4195 1226 4251 llic
1257 4198 1605 4253 commendat
1635 4198 1808 4266 ipsam
1838 4198 2089 4254 incarna-

504 4287 703 4341 tionem
734 4302 831 4357 per
856 4287 1121 4357 seipsam,
1166 4290 1506 4346 ostendendo
1547 4290 1864 4360 dignitatem
1898 4292 2085 4363 ipsius.

503 4376 849 4433 Continuatio
879 4396 891 4432 :
932 4399 950 4431 ι
973 4379 1105 4436 Cteli
1135 4388 1391 4434 enarrant
1411 4421 1425 4445 ,
1448 4400 1465 4432 ι
1502 4389 1557 4435 ει
1582 4381 1697 4436 haec
1721 4382 1902 4437 omnia
1932 4384 2084 4439 ﬁunt.

502 4469 571 4526 Et
600 4487 767 4540 quare
793 4473 938 4529 hoc?
976 4474 1102 4544 quia
1128 4474 1298 4530 Filius
1326 4474 1423 4530 Dei
1454 4476 1601 4531 venit
1630 4475 1682 4531 in
1712 4479 1968 4532 mundum
1988 4518 2003 4545 ,
2034 4485 2089 4535 et

501 4560 605 4617 hoc
633 4572 736 4618 est.

580 4672 601 4703 ι
630 4652 813 4709 Posuit
848 4654 1254 4710 tabernaculum
1284 4676 1328 4721 ι,
1362 4655 1414 4710 id
1444 4664 1549 4721 est,
1594 4671 1815 4712 carnem
1845 4672 1997 4712 suam
2028 4658 2082 4713 in

500 4758 609 4812 qua
655 4743 907 4797 militavit
935 4744 1045 4797 Deo
1075 4762 1093 4793 ί
1130 4745 1181 4797 in
1210 4744 1324 4799 sole
1352 4764 1398 4809 ι,
1428 4744 1479 4798 id
1523 4754 1639 4810 est,
1673 4745 1727 4799 in
1771 4746 2079 4814 manifesto,

501 4830 587 4885 vel
618 4831 669 4884 in
699 4840 828 4885 testu
863 4832 1249 4896 tribulationis,
1282 4833 1363 4887 vel
1403 4834 1457 4887 in
1486 4833 1723 4903 virgine,
1765 4835 1819 4888 in
1846 4852 1953 4906 qua
1979 4837 2081 4891 hu-

501 4920 750 4974 manitati
776 4919 1094 4985 conjunctus
1117 4929 1220 4988 est,
1244 4942 1261 4973 ι
1283 4931 1337 4977 ει
1360 4923 1474 4992 ipse
1501 4932 1755 4993 tanquam
1780 4938 2011 4995 sponsus
2031 4947 2080 4995 ι,

502 5007 557 5061 id
587 5016 691 5072 est,
720 5008 912 5064 similis
944 5025 1161 5079 sponso,
1194 5011 1423 5075 scilicet,
1454 5012 1590 5068 bene
1618 4998 1842 5084 ornatus
1871 5017 2082 5070 virtuti~

502 5097 629 5163 bus,
660 5098 731 5152 ita
758 5110 816 5153 ut
845 5100 1019 5155 amica
1055 5115 1174 5165 sua,
1208 5101 1259 5156 id
1293 5111 1376 5156 est
1405 5101 1667 5167 Ecclesia,
1699 5102 1929 5160 libenter
1954 5121 2077 5161 eum

504 5189 791 5259 reciperet,
828 5192 968 5247 sicut
1008 5192 1187 5262 aliqua
1211 5208 1405 5263 sponsa
1433 5210 1687 5263 sponsum
1737 5214 1755 5247 ι
1785 5199 2080 5267 procedens

504 5281 570 5337 de
618 5282 854 5338 thalamo
883 5304 930 5351 ι,
975 5284 1025 5339 id
1076 5293 1191 5349 est,
1242 5287 1307 5340 de
1354 5296 1507 5343 utero
1550 5288 1796 5356 virginis,
1847 5289 1933 5365 ubi
1982 5289 2083 5346 fuit

503 5371 645 5428 facta
683 5377 919 5445 sponsio,
948 5379 1073 5446 quia
1104 5377 1317 5446 quando
1343 5378 1515 5433 deitas
1547 5379 1718 5435 univit
1749 5394 1806 5434 se
1833 5381 2079 5436 lnnnani-

503 5467 643 5532 tati,
687 5476 895 5523 caetera:
929 5468 1178 5525 humana“:
1208 5479 1413 5525 naturae
1458 5486 1517 5525 se
1561 5470 1905 5525 liberatorem
1953 5488 2081 5543 pro-

502 5557 652 5612 misit
675 5572 692 5611 :
736 5577 754 5609 l
785 5558 1023 5613 thalamo
1050 5561 1168 5614 dico
1192 5577 1287 5616 suo
1307 5581 1352 5625 ι,
1380 5561 1432 5615 id
1458 5568 1541 5615 est
1568 5561 1669 5616 sibi
1696 5562 2037 5618 convenienti
2065 5583 2077 5619 :

504 5648 629 5715 quia
658 5648 837 5704 nullus
868 5664 898 5704 a
931 5650 1039 5706 Deo
1065 5661 1254 5721 potens
1285 5668 1378 5708 rex
1410 5661 1520 5707 tam
1548 5652 1749 5732 bonum
1786 5651 2078 5710 thalamum

486 5735 717 5826 (habuit.

575 5827 642 5883 Et
690 5828 803 5900 ipse
846 5830 915 5888 ita
957 5835 1253 5906 procedens
1289 5854 1305 5886 ‹
1340 5832 1622 5890 exsultavit
1655 5832 1718 5888 ad
1757 5833 2074 5889 currendam

2199 2024 2217 2057 ι
2245 2014 2308 2060 ει·
2327 2004 2413 2060 ille
2436 2020 2697 2063 occursus
2719 2006 2835 2076 ejus
2863 2006 2965 2063 fuit
2991 2025 3162 2079 usque
3187 2010 3255 2065 ad
3280 2026 3552 2066 summum
3576 2010 3729 2081 ejus,
3751 2031 3795 2066 ιη

2192 2096 2246 2151 id
2268 2105 2351 2152 est
2370 2096 2437 2151 ad
2456 2097 2695 2160 Patrem,
2712 2098 2840 2169 quia
2865 2099 3074 2155 nullum
3096 2113 3292 2170 praeter
3311 2101 3531 2157 Patrem
3550 2103 3785 2170 invenit.

2192 2187 2292 2243 sibi
2319 2188 2600 2259 aqualem.
2640 2187 2793 2244 Unde
2823 2189 3060 2245 dicitur:
3098 2193 3360 2264 Egressus
3387 2191 3562 2262 eiusa
3594 2193 3784 2260 Patre.

2190 2294 2473 2350 regressus
2492 2279 2609 2350 ejus
2628 2280 2694 2335 ad
2714 2279 2933 2336 Patrem
2954 2300 2966 2335 :
2989 2299 3117 2339 «nec
3139 2293 3224 2341 est
3243 2284 3409 2353 quise
3422 2285 3783 2351 abscondat-,-

2192 2367 2244 2422 id
2301 2378 2414 2434 est,
2464 2378 2689 2427 excuset
2737 2390 2757 2424 ι
2800 2387 2830 2426 a
2870 2371 3050 2430 calore
3088 2374 3207 2444 ejus
3235 2394 3279 2441 ›,
3313 2377 3365 2431 id
3396 2385 3475 2431 est
3508 2392 3539 2430 a
3567 2376 3786 2447 Spir-ita

2192 2469 2421 2516 sancto:
2455 2462 2579 2530 quia
2611 2462 2699 2517 ille
2727 2465 2909 2518 omnia
2940 2480 3061 2534 qua:
3097 2465 3152 2520 in
3193 2467 3409 2522 homine
3442 2477 3571 2523 sunt
3604 2471 3781 2526 novit.

2195 2546 2347 2603 Unde
2374 2548 2571 2604 dicitur
2595 2567 2608 2603 :
2640 2568 2659 2599 ε
2689 2548 2822 2605 Cum
2849 2554 3060 2608 venerit
3087 2553 3429 2620 Paracletus,
3467 2556 3557 2610 ille
3582 2568 3789 2629 arguet

2190 2638 2448 2693 mundum
2475 2639 2541 2694 de
2571 2648 2792 2709 peccato
2820 2649 2876 2696 et
2904 2642 2968 2697 de
2990 2641 3196 2710 judicio
3226 2642 3411 2714 (Joun.
3438 2646 3570 2717 xvi).
3604 2665 3627 2698 ι
3678 2646 3783 2705 Per

2191 2729 2428 2784 calorem
2455 2729 2716 2800 Spiritum
2742 2742 2988 2788 sanctum
3011 2735 3335 2804 accipimus,
3354 2737 3477 2807 quia
3504 2738 3623 2808 ipse
3644 2754 3781 2796 vero

2190 2820 2314 2890 igne
2348 2820 2585 2875 ﬁdelium
2616 2823 2779 2877 corda
2815 2824 3110 2879 succendit.
3166 2826 3319 2883 Unde
3350 2829 3613 2884 Dominus
3656 2832 3777 2887 ait:

2195 2930 2214 2963 ι
2242 2912 2424 2983 Ignem
2451 2914 2575 2969 veni
2605 2912 2819 2968 mittere
2849 2914 2902 2967 in
2934 2922 3154 2981 terram,
3183 2925 3238 2972 et
3259 2918 3389 2987 quid
3415 2918 3559 2985 volo,
3581 2920 3693 2976 nisi
3725 2932 3782 2978 ut

2191 3005 2420 3060 ardeat?
2448 3023 2467 3056 ›
2503 3003 2662 3076 (Luc.
2704 3005 2824 3075 κη.)
2882 3006 2950 3061 Ει
2994 3007 3084 3064 hic
3130 3010 3503 3079 perlcalorem
3552 3016 3781 3072 tertiam

2189 3110 2478 3165 personam
2529 3106 2701 3151 notat.
2764 3096 2862 3152 llic
2910 3114 3008 3167 per
3052 3098 3224 3168 legem
3273 3109 3327 3157 et
3376 3102 3781 3164 institutionem

2192 3192 2385 3261 ipsius,
2434 3192 2605 3262 ipsam
2652 3190 3083 3246 incarnationem
3134 3192 3324 3264 incipit
3365 3197 3777 3255 commendare:

2116 3254 2161 3316 ϐ
2194 3254 2306 3339 Sub
2336 3254 2557 3339 nomine
2585 3282 2720 3354 legis
2759 3282 3108 3339 continentur
3142 3254 3261 3339 ista.
3280 3300 3375 3341 sex
3410 3305 3423 3339 :
3458 3286 3580 3354 lex,
3621 3292 3780 3346 testi.

2191 3376 2461 3439 monium,
2495 3374 2728 3445 justitia,
2758 3384 3114 3447 praeceptum,
3148 3377 3329 3445 timor,
3358 3376 3585 3447 judicia.
3627 3382 3777 3440 Con-

2190 3465 2426 3522 tinuatio
2449 3484 2462 3520 :

2257 3555 2376 3625 Ipse
2402 3570 2656 3626 egressus
2683 3564 2786 3623 est,
2818 3565 2874 3612 et
2909 3557 3050 3614 illius
3102 3577 3120 3611 ς
3154 3559 3367 3616 Domini
3399 3561 3485 3618 lex
3517 3583 3561 3628 ι,
3602 3565 3653 3621 id
3691 3576 3778 3622 est

2187 3648 2480 3717 prohibitio
2503 3690 2517 3714 ,
2554 3658 2637 3705 est
2667 3669 2686 3701 ι
2721 3651 3065 3707 immaculata
3096 3672 3143 3719 ι,
3184 3652 3236 3707 id
3265 3661 3351 3710 est
3401 3654 3779 3715 immaculatos

2188 3736 2416 3803 faciens,
2447 3739 2573 3809 quia
2602 3740 2852 3809 prohibet
2880 3741 3051 3808 mala,
3089 3750 3143 3797 et
3178 3743 3313 3798 nihil
3340 3745 3590 3812 prohibet
3621 3748 3775 3816 quod

2187 3829 2493 3886 faciendum
2522 3833 2612 3886 sit.
2656 3831 2724 3886 Et
2751 3841 2833 3888 est
2861 3834 3026 3888 etiam
3058 3854 3077 3886 ι
3105 3845 3431 3893 convertens
3462 3858 3481 3891 ο
3511 3853 3611 3893 non
3639 3849 3771 3897 tan-

2188 3930 2303 3977 tum
2348 3937 2538 3977 manus
2587 3937 2619 3977 a
2670 3923 2825 3978 malis
2858 3926 3143 3994 operibus,
3186 3928 3278 3984 sed
3332 3946 3353 3981 ‹
3387 3930 3597 3985 animas
3622 3952 3668 3995 ι,
3712 3933 3774 3989 id

2186 4023 2269 4069 est
2295 4014 2620 4077 voluntates,
2652 4016 2794 4084 quod
2825 4017 3131 4074 nullatenus
3178 4028 3369 4090 optent
3394 4023 3563 4088 mala,
3591 4025 3775 4082 ethoc

2187 4101 2317 4159 facit
2342 4120 2439 4174 per
2467 4113 2731 4160 terrorem
2757 4120 2963 4175 paenae:
2986 4116 3043 4162 et
3065 4117 3149 4164 est
3172 4110 3336 4164 etiam
3357 4130 3375 4161 ‹
3401 4113 3773 4170 testimonium

2187 4193 2421 4261 Domini,
2467 4215 2485 4248 ι
2540 4195 2593 4252 id
2643 4208 2761 4261 est,
2814 4200 3103 4267 promissio
3162 4203 3350 4257 :eterni
3390 4204 3704 4260 boni-facta
3740 4223 3773 4262 a

2183 4283 2433 4359 Domino.
2471 4284 2596 4341 Ideo
2617 4288 2907 4357 promissio
2925 4287 3127 4346 Christi
3154 4291 3524 4347 testimonium
3548 4295 3772 4364 dicitur,

2186 4376 2310 4446 quia
2341 4378 2483 4432 sicut
2521 4378 2891 4434 testimonium
2928 4396 3028 4436 nos
3067 4391 3247 4439 certos
3276 4383 3453 4439 reddit
3491 4386 3561 4441 de
3599 4403 3662 4443 re
3690 4389 3775 4443 in-

2186 4473 2334 4521 certa
2355 4507 2370 4531 ,
2406 4466 2487 4523 sic
2518 4465 2720 4523 Christi
2755 4469 3044 4537 promissio
3077 4486 3176 4527 nos
3206 4480 3386 4528 certos
3423 4474 3667 4530 reddidit
3704 4478 3774 4533 de

2110 4602 2163 4662 Ι)
2188 4559 2297 4615 vita
2335 4568 2568 4627 aeterna,
2608 4576 2728 4632 quae
2762 4570 2882 4617 erat
2920 4563 3125 4619 incerta
3162 4564 3336 4620 nobis.
3375 4564 3772 4623 Testimonium

2187 4651 2308 4706 dico
2334 4669 2353 4702 ι
2381 4651 2537 4708 ﬁdele
2566 4672 2609 4715 δη,
2642 4653 2693 4707 id
2718 4662 2822 4718 est,
2854 4654 3128 4720 credibile,
3153 4668 3209 4711 et
3231 4657 3374 4713 istud
3397 4659 3775 4717 testimonium

2191 4759 2209 4791 α
2232 4750 2495 4810 praestans
2522 4741 2839 4811 sapientiam
2864 4764 2909 4807 ι,
2955 4743 3007 4798 id
3034 4755 3117 4800 est
3144 4745 3507 4817 cognitionem
3537 4747 3607 4803 de
3636 4747 3772 4814 Deo,

2186 4847 2292 4886 non
2324 4833 2502 4898 elatis,
2539 4833 2632 4888 sed
2676 4851 2695 4884 ι
2728 4835 2967 4904 parvulis
2996 4856 3040 4901 ι,
3085 4836 3137 4891 id
3176 4846 3258 4893 est
3291 4837 3608 4894 humilibus.
3660 4839 3773 4896 Hu-

2184 4922 2328 4978 milis
2353 4924 2519 4987 enim,
2549 4924 2727 4979 audita
2759 4925 3115 4994 promissione
3143 4928 3331 4983 aaterni
3361 4928 3512 4995 boni,
3538 4929 3773 4986 sollicita

2185 5013 2409 5084 inquirit
2437 5014 2577 5068 illius
2606 5017 2985 5086 cognitionem.

2259 5125 2278 5157 ι
2308 5104 2538 5160 ,ιιιειίιὶεε
2567 5125 2585 5157 ι
2634 5106 2778 5162 illius
2823 5108 2985 5163 etiam
3032 5128 3061 5160 «ο
3084 5110 3296 5166 Domini
3329 5131 3374 5177 ι,
3424 5112 3479 5167 id
3519 5124 3607 5171 est
3662 5114 3772 5172 illa

2183 5196 2530 5266 operationes
2548 5211 2685 5267 quas
2708 5198 2796 5253 ille
2820 5199 2973 5254 docet
2996 5199 3195 5266 facere,
3216 5202 3421 5258 scilicet
3443 5204 3673 5261 visitare
3694 5206 3773 5262 ia-

2185 5288 2391 5352 ﬁrmos,
2414 5303 2606 5358 panem
2628 5287 2756 5343 dare
2779 5290 3018 5359 pauperi,
3041 5300 3096 5346 et
3114 5301 3327 5358 cetera,
3350 5302 3476 5348 sunt
3494 5313 3514 5345 ‹
3534 5303 3702 5351 rectae
3718 5317 3769 5362 ι,

2186 5379 2237 5435 id
2269 5389 2383 5447 est,
2426 5379 2740 5435 naturales:
2776 5383 2900 5451 quia
2932 5383 3048 5453 ipsa
3086 5393 3279 5440 natura
3315 5386 3419 5441 hoc
3447 5388 3661 5458 exigit,
3707 5397 3771 5445 ut

2185 5479 2386 5526 nostra:
2415 5480 2621 5526 naturae
2653 5472 2918 5528 tribulata:
2946 5476 3357 5543 compatiamur,
3386 5486 3576 5533 nostra
3607 5494 3767 5536 com-

2186 5563 2365 5617 munia
2394 5561 2757 5630 indigentibus
2779 5561 3058 5630 faciamus,
3085 5567 3210 5635 quia
3238 5567 3365 5637 ipsze
3383 5566 3613 5637 iustitiae
3633 5580 3768 5626 sunt

2188 5671 2207 5703 ί
2229 5652 2562 5708 laetiﬁcantes
2589 5654 2771 5708 corda.
2793 5675 2811 5706 δ
2829 5654 3068 5711 Laetatur
3087 5658 3231 5712 enim
3255 5659 3481 5716 interius
3498 5661 3595 5730 qui
3623 5661 3764 5718 bene

2181 5746 2328 5815 agit:
2365 5765 2384 5795 ι
2411 5754 2736 5816 praeceptum
2788 5747 2953 5802 etiam
3006 5749 3255 5817 Domini,
3288 5771 3305 5803 ι
3366 5752 3499 5808 illud
3548 5753 3759 5810 scilicet

2180 5835 2247 5889 de
2278 5834 2570 5903 charitate,
2614 5835 2887 5907 spirituale
2913 5846 2993 5896 est
3029 5856 3046 5892 t
3079 5838 3312 5896 lucidum
3343 5860 3359 5894 ι
3398 5850 3663 5911 quantum
3692 5842 3761 5897 ad
