3984 6446
152 390 282 448 357

1357 381 1795 439 EXPLANATlO
1831 380 1896 435 IN
1936 378 2276 435 PSALMOS.

3325 380 3433 436 I58

152 518 237 560 «se
266 521 284 556 ι
311 501 622 558 illuminans
644 498 867 556 oculos»
898 499 1205 555 interiores.
1238 494 1454 564 Quanto
1482 496 1625 551 enim
1658 494 1755 548 ali-
1783 500 1830 557 Α
1859 495 2091 565 propriis
2135 513 2153 546 ι
2194 505 2326 551 tunc
2372 510 2468 552 ero
2513 497 2892 554 lmmaculatus
2933 519 2950 551 ι
2987 514 3016 553 a
3063 499 3441 555 communibus

172 594 301 667 quis
334 592 606 650 charitate
640 590 974 657 accenditur,
1013 597 1165 644 tanto
1201 586 1409 657 majore
1451 586 1547 642 Dei
1577 586 1761 658 cogni-

175 693 326 742 tione
354 682 741 755 perlustratur.

253 794 274 827 ι
313 776 503 831 Timor
530 775 741 829 retiam
767 772 912 830 illius
941 793 960 826 ι
991 772 1205 829 Domini
1243 791 1262 823 ι
1291 780 1376 827 εει
1403 790 1421 823 ι
1455 778 1699 836 sanctus,
1735 789 1755 822 ι

176 867 234 923 id
263 870 350 922 εει
394 862 605 921 faciens
654 873 895 919 sanctos.
932 863 1028 918 Est
1073 863 1292 933 quidam
1323 863 1490 916 timor
1524 861 1616 932 qui
1653 875 1763 915 non

175 965 263 1014 est
312 955 521 1017 bonus,
569 953 778 1009 scilicet
831 954 1023 1007 timere
1071 951 1450 1006 trihulationes
1493 951 1759 1021 corporis.

156 1047 633 1108 'UndeDominus:
656 1064 676 1096 ι
704 1044 881 1101 Nolite
907 1046 1097 1101 timere
1129 1058 1224 1100 eos
1246 1044 1337 1114 qui
1361 1044 1614 1098 occidunt
1638 1059 1762 1099 cor-

177 1155 318 1215 pus,
364 1139 599 1194 animam
630 1146 811 1193 autem
854 1153 962 1192 non
1006 1148 1233 1208 possunt
1266 1138 1517 1193 occidere
1542 1136 1759 1209 (Matth.

175 1232 258 1304 ι).
299 1252 319 1285 ι
352 1230 450 1287 Est
474 1231 694 1302 quidam
719 1230 855 1285 alius
882 1231 1065 1297 timor,
1096 1231 1185 1300 qui
1212 1231 1384 1285 bonus
1423 1239 1528 1297 est,
1561 1230 1651 1300 qui
1683 1229 1763 1285 sic

177 1321 437 1378 deﬁnitur
468 1338 482 1376 :
515 1319 733 1376 dilectio
754 1320 1154 1376 “et‘reverentia
1198 1335 1321 1374 cum
1364 1333 1587 1389 pavore.
1635 1317 1765 1372 Dili-

177 1413 355 1485 gimus
393 1412 538 1467 enim
578 1408 751 1466 Deum
791 1419 1013 1480 propter
1051 1410 1503 1473 misericordiam,
1528 1409 1766 1489 pavesci-

179 1518 306 1559 mus
343 1512 527 1558 autem
573 1510 794 1573 propter
818 1499 1118 1570 judicium;
1154 1510 1208 1556 et
1231 1501 1297 1555 de
1322 1501 1432 1556 hoc
1461 1501 1653 1555 timore
1675 1499 1765 1555 hic

179 1596 378 1666 agitur,
412 1609 572 1665 quem
608 1594 869 1650 Dominus
897 1594 949 1649 in
977 1593 1272 1665 Evangelio
1310 1591 1658 1670 comprobat,
1686 1590 1764 1645 di-

178 1700 350 1742 cens:
379 1704 398 1738 ι
432 1684 625 1741 Potius
665 1700 789 1741 eum
834 1685 1051 1747 timete,
1083 1685 1173 1754 qui
1220 1690 1397 1753 potest
1433 1683 1668 1737 animam
1710 1688 1766 1737 et

178 1778 629 1849 corpusmittere
668 1777 721 1831 in
758 1778 1064 1848 gehennam
1091 1776 1312 1847 (Ibid);
1350 1796 1367 1829 ι
1398 1785 1454 1831 ει
1483 1775 1571 1829 ille
1601 1776 1761 1829 timor

181 1888 205 1921 σ
238 1846 524 1940 permanet
568 1869 623 1923 in
669 1846 924 1924 saeculum
967 1866 1180 1933 saeculi,
1231 1885 1250 1918 ι
1280 1866 1333 1921 id
1379 1875 1464 1922 est
1514 1864 1752 1936 quandiu
1786 1846 1832 1905 Β

175 1960 421 2018 succedit
448 1959 707 2015 saeculum
752 1958 974 2024 smeulo,
1008 1958 1062 2013 id
1106 1967 1189 2012 est
1237 1973 1336 2028 per
1379 1964 1545 2011 totam
1590 1957 1756 2011 vitam

175 2051 319 2107 hanc
347 2069 361 2106 :
395 2050 479 2107 vel
515 2070 533 2102 ι
567 2051 621 2106 in
655 2050 910 2105 sarculum
944 2069 962 2100 ι
996 2049 1397 2104 subsecutivum
1422 2048 1580 2117 hujus
1614 2067 1632 2099 ς
1660 2062 1759 2101 εξε-

172 2142 307 2209 cnli,
343 2162 363 2196 ι
399 2142 453 2198 id
486 2149 567 2198 est
597 2141 652 2197 in
689 2151 991 2198 teternum:
1026 2141 1153 2212 quia
1198 2141 1362 2195 etiam
1408 2141 1460 2195 in
1504 2139 1610 2193 alia
1650 2140 1758 2193 vita

174 2233 464 2303 diligemus
498 2232 689 2299 Deum,
721 2247 821 2287 nec
852 2240 1033 2303 potest
1075 2248 1218 2294 unus
1265 2247 1370 2286 non
1412 2230 1639 2300 diligere
1667 2248 1680 2284 :
1706 2238 1760 2285 et

172 2335 396 2396 prepter
424 2323 817 2393 omnipotentia
850 2341 877 2388 ς
898 2322 1102 2394 judicia
1141 2341 1158 2373 ι
1195 2321 1383 2385 etiam,
1415 2320 1465 2374 id
1496 2328 1580 2375 est
1623 2334 1761 2389 pne-

174 2415 319 2470 dicta
359 2422 629 2485 praecepta
660 2431 679 2465 ‹
717 2413 932 2467 Domini
967 2432 984 2464 ι
1019 2413 1213 2482 quibus
1261 2412 1507 2482 praecipit
1558 2411 1760 2481 aliquid

174 2505 316 2567 fieri,
338 2512 470 2560 sunt
504 2522 523 2555 ι
561 2518 690 2559 vera
723 2522 742 2555 ι
769 2510 824 2557 ει
846 2518 955 2559 non
1000 2503 1243 2574 indigent
1268 2501 1585 2556 testimonio
1611 2510 1756 2556 exte-

174 2600 333 2665 riori,
359 2601 500 2656 sicut
524 2599 783 2670 pleraque
799 2599 1031 2656 humana
1050 2597 1276 2667 judicia,
1297 2598 1391 2653 sed
1418 2606 1546 2652 sunt
1568 2616 1587 2649 ‹
1604 2597 1762 2667 justi-

176 2691 342 2749 ﬂcata
388 2694 441 2748 in
490 2693 776 2762 semetipsa
814 2711 832 2743 ι
873 2692 997 2763 quia
1046 2707 1146 2762 per
1183 2707 1243 2746 se
1288 2699 1549 2761 apparent
1590 2690 1758 2761 justa.

170 2783 304 2839 Ideo
339 2790 605 2855 praecepta
637 2783 850 2838 Domini
898 2782 1156 2837 dicuntur
1187 2779 1415 2851 judicia,
1463 2782 1588 2851 quia
1638 2797 1762 2837 cum

170 2875 508 2932 discretione
542 2873 693 2939 facit,
719 2884 774 2930 et
798 2873 1000 2945 judicia
1034 2873 1190 2928 ﬁunt.

249 2966 317 3021 Et
343 2966 445 3020 ista
477 2963 677 3035 judicia
703 2973 826 3020 sunt
856 2985 874 3017 ι
912 2963 1317 3030 desiderabilia,
1348 2983 1366 3015 ι
1402 2963 1456 3020 id
1481 2973 1565 3019 est
1601 2964 1762 3037 digna

150 3058 502 3135 ‘desiderari,
536 3056 603 3112 ab
642 3058 726 3114 his
752 3059 842 3129 qui
874 3074 980 3114 non
1009 3059 1213 3113 habent
1243 3075 1260 3108 ι
1299 3072 1464 3128 super
1491 3073 1680 3112 aurum
1709 3067 1763 3113 et

176 3154 424 3226 lapidem
459 3172 477 3204 ι
512 3168 618 3208 non
643 3152 956 3223 quemlibet,
982 3154 1074 3209 sed
1101 3172 1119 3202 ‹
1147 3150 1372 3207 multum
1404 3151 1698 3220 pretiosum
1738 3170 1755 3201 ι

170 3254 235 3302 et
260 3260 357 3315 per
384 3245 501 3300 haec
525 3245 631 3300 duo
670 3260 791 3314 qua:
810 3244 873 3299 in
911 3244 1165 3299 omnibus
1198 3242 1484 3297 mundanis
1511 3241 1761 3296 cbariora

171 3343 330 3402 sunt,
358 3336 535 3392 innuit
558 3344 888 3406 prtcceptum
930 3334 1154 3388 Domini
1183 3333 1434 3389 omnibus
1476 3333 1764 3389 mundanis

176 3435 239 3482 et
266 3425 575 3496 prtetiosius
599 3439 719 3479 esse
753 3431 809 3478 et
854 3424 1090 3478 eharius.

250 3513 638 3570 Desiderabilia
681 3521 809 3566 sunt
854 3513 942 3566 his
972 3513 1062 3582 qui
1108 3527 1216 3567 non
1266 3514 1487 3577 habent,
1540 3514 1636 3568 sed
1671 3513 1765 3583 qui

170 3603 401 3664 habent,
438 3600 525 3655 his
544 3609 669 3654 sunt
695 3618 714 3650 ι
752 3600 993 3655 dulciora
1030 3616 1195 3669 super
1223 3601 1327 3654 mel
1358 3622 1376 3653 ›
1409 3603 1686 3670 quodlibet
1711 3611 1765 3657 et

176 3708 283 3750 sua
310 3693 421 3758 via,
450 3692 546 3747 sed
584 3692 690 3748 mel
734 3692 855 3747 dico
895 3694 1039 3762 quod
1085 3702 1169 3748 est
1210 3694 1265 3748 in
1311 3692 1453 3761 favo,
1478 3702 1532 3749 et
1557 3695 1660 3750 hoc
1684 3704 1767 3750 est

178 3802 203 3836 σ
235 3798 406 3853 super
435 3782 541 3839 mel
563 3790 617 3838 et
642 3782 841 3838 favum.
883 3803 903 3837 ι

248 3873 322 3931 Ει
347 3889 445 3946 per
474 3875 575 3930 hoc
605 3883 753 3944 patet
775 3875 919 3946 quod
947 3885 1074 3933 sunt
1116 3878 1354 3934 dulciora
1398 3888 1452 3934 et
1494 3880 1761 3951 digniora,

170 3966 309 4041 quia
337 3984 356 4018 ι
392 3980 582 4022 servus
614 3974 737 4022 tuus
766 3967 1000 4023 custodit
1020 3982 1083 4023 ea
1120 3988 1139 4021 ι
1168 3978 1223 4024 ει
1253 3969 1305 4024 ἰη
1336 3970 1440 4026 hoc
1462 3987 1569 4026 non
1600 3973 1763 4027 stulte

171 4056 325 4130 agit,
349 4057 475 4127 quia
508 4075 527 4108 ι
558 4056 613 4111 in
643 4057 1015 4113 custodiendis
1046 4057 1148 4114 illis
1179 4060 1466 4115 retributio
1509 4062 1701 4127 multa,
1738 4082 1756 4113 ι

171 4149 389 4207 scilicet
416 4162 514 4219 pro
558 4147 644 4203 his
677 4146 893 4203 dabitur
921 4150 1243 4205 custodienti
1272 4151 1381 4205 vita
1405 4159 1631 4207 aeterna.
1664 4151 1762 4207 Hic

173 4244 373 4315 incipit
406 4259 620 4316 rogare,
649 4252 712 4299 ut
746 4243 888 4300 Deus
912 4244 1090 4315 ipsum
1129 4245 1353 4300 mundet
1384 4261 1414 4300 a
1442 4247 1673 4313 delictis,
1704 4257 1763 4302 ut

174 4336 344 4407 digne
382 4336 604 4391 laudare
642 4336 812 4405 possit
854 4335 1307 4402 incarnationem,
1339 4337 1487 4391 etde
1515 4352 1579 4392 ea
1610 4339 1758 4411 cogi-

174 4437 300 4483 tare
327 4432 382 4481 et
409 4427 568 4498 digne
596 4425 762 4496 loqui.
795 4425 1143 4483 Continuatio
1170 4445 1183 4480 :

254 4518 367 4589 Ego
391 4518 550 4574 laudo
572 4518 717 4573 illam
742 4519 1197 4585 incarnationem,
1220 4529 1351 4577 etut
1376 4520 1536 4593 digne
1555 4522 1756 4593 possim
1788 4556 1838 4615 Ι)

177 4609 405 4665 laudare
436 4629 453 4660 ι
488 4610 683 4664 munda
718 4623 805 4663 me
828 4625 859 4664 a
882 4609 1091 4665 delictis
1121 4612 1274 4665 meis.
1310 4630 1329 4663 ι
1358 4610 1581 4667 Occulta
1605 4622 1762 4667 vocat

176 4709 405 4770 peccata
447 4700 534 4754 illa
559 4715 678 4771 quae
707 4716 771 4755 ex
802 4716 861 4756 se
886 4713 1032 4765 sunt,
1057 4702 1284 4768 scilicet,
1313 4682 1434 4773 quae
1463 4703 1609 4759 nullo
1636 4720 1759 4776 sug-

182 4799 410 4864 gerente
448 4791 605 4856 ﬁunt,
650 4806 768 4860 qua:
815 4791 1109 4847 secundum
1160 4802 1410 4847 naturam
1460 4809 1614 4849 suam
1656 4811 1762 4850 non

179 4890 601 4955 cognoscuntur.
627 4881 739 4953 Ego
765 4882 885 4937 dico
913 4884 1146 4945 occulta;
1175 4885 1299 4954 quia
1328 4902 1348 4935 ι
1375 4886 1497 4954 quis
1519 4885 1770 4956 intelligit

183 4972 419 5029 delicta?
458 4994 478 5027 ι
525 4975 695 5031 Nemo
739 4977 975 5044 scilicet;
1020 4978 1075 5033 id
1125 4988 1227 5046 est,
1281 4979 1403 5050 quis
1450 4988 1533 5036 est
1562 4996 1768 5035 memor

183 5063 429 5121 annium
459 5064 778 5121 delictorum
809 5068 1072 5122 suorum?
1104 5067 1257 5123 Unde
1294 5067 1491 5124 Paulus
1520 5084 1534 5123 :
1569 5088 1588 5121 ί
1625 5069 1766 5125 Nihil

187 5152 325 5209 mihi
346 5156 595 5211 conscius
637 5158 907 5224 sum,sed
952 5174 1058 5213 non
1101 5160 1155 5214 in
1197 5161 1300 5216 hoc
1326 5159 1654 5229 justiﬁeatus
1680 5161 1767 5233 (ΙΙ

188 5244 314 5301 Cor.
362 5246 471 5319 tv);
510 5266 528 5298 ι
563 5256 617 5303 ει
647 5263 810 5318 parce
851 5269 869 5303 ›
902 5251 1032 5305 mihi
1069 5269 1086 5301 ι
1121 5267 1279 5307 servo
1325 5261 1418 5307 tuo
1461 5254 1529 5307 ab
1577 5252 1767 5308 alienis

188 5337 448 5406 peccatis,
480 5357 497 5387 ι
527 5338 580 5393 id
619 5348 700 5393 est
743 5338 813 5395 ab
852 5340 1088 5405 homine,
1130 5341 1217 5396 vel
1255 5341 1469 5398 diabolo
1508 5344 1766 5399 suadente

190 5443 310 5498 quae
349 5429 777 5485 committuntur.
829 5431 925 5485 Vel
956 5450 974 5481 ί
1012 5431 1079 5485 ab
1107 5430 1321 5495 alienis,
1355 5452 1371 5484 ι
1407 5433 1456 5487 id
1482 5443 1563 5487 cst
1588 5435 1763 5489 honti.

189 5521 350 5576 nibus
372 5520 458 5573 vel
486 5520 713 5577 diabolis
740 5539 752 5574 :
782 5536 969 5590 parce,
991 5521 1129 5587 dico,
1162 5522 1368 5577 scilicet
1412 5538 1479 5578 ne
1508 5525 1765 5579 inducant

191 5612 245 5667 in
275 5614 655 5668 tentationem.
730 5640 738 5649 -

262 5706 330 5761 Et
373 5707 666 5774 benedico,
698 5709 863 5764 debes
903 5724 1160 5779 parcere,
1192 5710 1315 5780 quia
1353 5728 1371 5760 ‹
1407 5712 1450 5765 si
1493 5731 1511 5764 ›
1546 5712 1762 5782 maligni

202 5815 221 5849 ι
253 5812 358 5853 non
404 5796 606 5852 fuerint
647 5800 751 5854 mei
787 5800 1042 5856 dominati
1080 5820 1096 5852 ο
1136 5816 1256 5857 eum
1287 5800 1387 5856 sint
1422 5804 1707 5858 mandatus
1735 5819 1761 5857 a

1861 587 2099 656 peccatis
2130 606 2149 637 ι
2187 596 2241 642 ει
2278 588 2442 643 etiam
2474 592 2810 646 emundabor
2840 608 2869 647 a
2900 592 3095 647 delicto
3123 593 3380 657 maximo,
3415 587 3436 645 ό

1863 676 1915 731 id
1941 686 2027 732 est
2054 693 2084 731 a
2115 679 2388 748 superbia,
2413 696 2533 750 quae
2560 681 2680 737 ideo
2704 683 2957 737 delictum
2991 684 3284 738 maximum
3315 682 3445 739 dici-

1864 776 1971 833 tur,
2002 768 2125 837 quia
2162 783 2260 837 per
2288 769 2416 824 illud
2457 771 2619 825 etiam
2655 772 2833 842 angeli
2861 772 3173 829 ceciderunt
3198 783 3252 828 et
3279 774 3442 829 homo

1863 865 1917 914 et
1945 860 2179 913 maxime
2206 868 2395 929 regnat
2422 861 2585 914 etiam
2612 861 2665 915 in
2696 863 2874 919 bonis.

1935 946 2045 1002 Etsi
2071 965 2167 1004 ero
2191 950 2521 1018 hujusmodi,
2546 959 2673 1007 tunc
2694 971 2711 1002 ι
2733 962 2892 1007 erunt
2912 953 3122 1024 eloquia
3147 955 3258 1009 oris
3288 954 3389 1009 mei
3420 972 3439 1005 ι

1864 1040 1994 1095 talia
2031 1058 2050 1091 ι
2086 1048 2143 1095 ut
2189 1040 2564 1111 complaceant
2598 1058 2625 1095 τ
2662 1042 2757 1097 tibi
2793 1062 2811 1095 ι
2844 1052 2898 1098 ει
2942 1045 3222 1100 meditatio
3269 1045 3446 1099 cordis

1863 1130 1969 1185 mei
2000 1151 2018 1182 ι
2050 1132 2190 1186 unde
2217 1133 2519 1201 procedunt
2550 1133 2785 1202 eloquia,
2809 1134 2915 1188 erit
2940 1153 2958 1185 ε
2991 1135 3043 1189 in
3069 1145 3384 1205 conspectu,
3420 1154 3439 1188 ι

1864 1220 1916 1276 id
1946 1231 2026 1275 est
2055 1221 2108 1275 in
2139 1222 2474 1291 beneplacito
2507 1242 2526 1273 ι
2564 1230 2656 1277 tuo
2680 1239 2911 1294 semper.
2941 1244 2959 1275 ι

1932 1311 2033 1377 Tu,
2060 1313 2202 1376 dico,
2239 1332 2257 1363 ι
2298 1314 2543 1382 Domine,
2581 1334 2599 1367 ι
2636 1316 2813 1384 quies
2858 1333 2877 1366 ι
2911 1313 3128 1384 adiutor
3153 1332 3306 1373 meus
3334 1338 3353 1371 ι
3390 1317 3445 1373 in

1863 1403 2018 1459 bonis
2053 1422 2071 1455 ι
2099 1412 2155 1459 ει
2181 1407 2488 1475 redemptor
2521 1426 2538 1459 ι
2567 1422 2597 1460 a
2623 1406 2797 1461 malis.

2343 1515 2411 1570 IN
2448 1515 2780 1573 PSALMUM
2819 1516 2965 1572 XIX.

1918 1604 2180 1661 Τιτυιυε.
2210 1603 2278 1658 1η
2303 1604 2483 1674 finem,
2508 1624 2599 1660 seu
2638 1608 2839 1671 τίεται-ἱ,
2865 1607 2970 1662 sive
2996 1610 3064 1662 ad
3090 1607 3384 1674 victoriam,

2419 1678 2651 1746 psalmus
2681 1676 2871 1731 David.

1937 1790 1957 1823 ι
1986 1772 2249 1826 Exaudiat
2293 1780 2363 1828 te.
2404 1793 2422 1826 ι
2450 1772 2717 1845 Loquitur
2745 1777 2833 1832 hic
2864 1775 3135 1847 Propheta
3156 1818 3171 1843 ,
3208 1778 3448 1848 dirigens

1860 1881 1959 1922 nos
1984 1867 2039 1921 in
2076 1866 2262 1932 ﬁnem,
2291 1867 2344 1921 id
2380 1878 2463 1922 est
2504 1870 2555 1923 in
2585 1869 2884 1925 Christum.
2918 1870 3141 1925 Materia
3172 1879 3297 1925 sunt
3321 1885 3447 1940 pro-

1861 1973 2020 2029 spera
2068 1958 2120 2012 in
2165 1958 2430 2023 Ecclesia,
2475 1976 2596 2030 qua:
2642 1961 2966 2015 videbantur
3007 1962 3176 2015 multo
3207 1970 3447 2030 tempore

1861 2060 1983 2123 post
2026 2049 2227 2104 futura.
2276 2050 2607 2107 Przevidebat
2652 2051 2796 2106 enim
2839 2051 3105 2122 Propheta
3150 2051 3443 2105 Eetlesiatn

1859 2144 2168 2215 prosperari
2213 2143 2266 2197 in
2309 2144 2541 2198 adventu
2568 2141 2793 2208 Christi,
2820 2143 2871 2196 in
2902 2143 3213 2212 acceptione
3240 2141 3447 2196 sacriﬁ-

1862 2233 1968 2298 cii,
2006 2241 2109 2287 etc.
2143 2232 2217 2287 Dc
2246 2248 2309 2287 ea
2337 2242 2518 2287 autem
2564 2234 2643 2287 sic
2690 2234 2800 2304 agit
2839 2251 2851 2287 :
2900 2242 3051 2303 optat
3095 2232 3184 2286 illa
3224 2232 3446 2287 evenire

1862 2322 2136 2387 Ecclesiae,
2167 2334 2221 2377 et
2256 2321 2489 2376 aﬂirmat
2528 2324 2781 2392 quoniam
2820 2325 3089 2377 evenient.
3122 2322 3335 2385 Et,cum
3367 2322 3448 2375 sic

1861 2412 2098 2467 ostendit
2121 2427 2179 2466 se
2205 2419 2417 2480 optare,
2445 2411 2709 2481 praeponit
2733 2411 2886 2466 nobis
2918 2426 2976 2465 se
3004 2410 3309 2480 exemplum
3335 2410 3447 2480 pie-
3526 2455 3530 2458 ι

1862 2504 2012 2568 tatis,
2041 2519 2136 2573 per
2164 2504 2310 2573 quod
2346 2520 2444 2558 nos
2466 2505 2532 2558 ad
2560 2504 2822 2576 pietatem
2868 2502 3097 2558 invitare
3126 2503 3440 2559 contendit:

1861 2605 1917 2650 et
1941 2595 2009 2649 ab
2041 2596 2260 2665 optione
2283 2595 2364 2649 sic
2392 2594 2581 2666 incipit
2610 2612 2624 2647 :

1933 2686 1977 2743 0
2005 2685 2272 2741 Ecclesia!
2315 2704 2332 2737 ι
2370 2684 2631 2739 Dominus
2660 2684 2914 2738 exaudiat
2942 2693 2992 2738 te
3025 2685 3078 2738 in
3113 2683 3197 2737 die
3223 2682 3449 2737 tribula-

1864 2778 2047 2842 tionis,
2082 2796 2100 2828 ι
2138 2777 2192 2830 id
2234 2784 2321 2833 est
2360 2774 2413 2829 in
2462 2783 2549 2828 tua
2589 2774 2822 2828 maxima
2868 2773 3193 2827 necessitate
3223 2789 3236 2824 :
3263 2781 3317 2826 et
3352 2786 3449 2840 per

1862 2878 2044 2942 partes
2074 2869 2226 2939 ponit
2250 2866 2673 2927 exauditionem,
2708 2881 2829 2921 cum
2854 2866 2983 2920 dicit
3007 2884 3026 2915 ι
3056 2874 3304 2936 protegat
3329 2873 3399 2929 te,
3422 2883 3442 2916 ι

1866 2962 1918 3018 id
1945 2971 2028 3018 est
2061 2961 2130 3016 sit
2168 2960 2262 3016 tibi
2308 2959 2529 3031 clypeus
2563 2979 2581 3010 ‹
2611 2974 2804 3013 nomen
2833 2959 2928 3013 Dei
2965 2957 3153 3024 Jacob,
3189 2978 3206 3011 ι
3240 2957 3451 3012 scilicet

1865 3054 2005 3108 sicut
2034 3051 2176 3107 Deus
2204 3051 2439 3123 protegit
2477 3048 2664 3112 laetib,
2710 3042 2962 3120 protegat
3023 3058 3094 3104 te.
3146 3048 3448 3104 Ecclesiam

1814 3200 1835 3223 η
1866 3152 2112 3216 protegat
2144 3144 2283 3198 sicut
2328 3140 2525 3206 Jacob,
2551 3141 2673 3210 quit
2708 3141 2848 3195 sicut
2876 3138 3042 3194 Jacob
3085 3139 3451 3210 supplantavit

1866 3234 2229 3306 primogenita
2252 3232 2684 3287 benedictionem
2718 3228 2869 3301 (Cen.
2892 3228 3085 3300 XXVII),
3111 3230 3188 3284 sic
3211 3229 3450 3284 Ecclesia

1869 3323 2165 3398 Synagoga:
2196 3339 2392 3378 nomen
2428 3322 2541 3384 Dei,
2572 3322 2623 3376 id
2649 3330 2733 3376 est
2761 3321 2958 3374 famam
2994 3321 3087 3375 Dei
3118 3338 3129 3372 :
3163 3321 3287 3390 quia
3315 3320 3450 3374 divi-

1868 3436 1989 3474 nam
2008 3419 2298 3475 essentiam
2321 3426 2527 3471 tantum
2551 3432 2647 3485 per
2668 3414 2865 3469 famam
2890 3414 3258 3485 intelligimus,
3278 3410 3451 3484 ipsam

1866 3518 2047 3563 autem
2109 3523 2225 3562 rem
2276 3509 2514 3561 nondum
2578 3504 2858 3561 habemus.
2912 3503 3065 3559 Unde
3115 3504 3444 3571 Apostolus:

1872 3618 1890 3649 ι
1928 3599 2188 3653 Videmus
2232 3611 2377 3649 nunc
2421 3610 2519 3664 per
2561 3593 2837 3664 speculum
2879 3593 2934 3647 in
2972 3594 3295 3664 aenigmate,
3322 3601 3451 3648 tunc

1873 3698 2052 3744 autem
2076 3688 2213 3742 facie
2235 3688 2302 3741 ad
2326 3685 2517 3740 faciem
2544 3685 2597 3753 (Ι
2624 3685 2746 3739 Cor.
2781 3684 2924 3756 xm).
2962 3705 2982 3734 ι

1938 3781 2005 3836 Ει
2029 3781 2193 3835 etiam
2225 3798 2244 3830 ‹
2282 3779 2462 3833 mittat
2495 3777 2595 3831 tibi
2620 3777 2877 3831 auxilium
2912 3795 2929 3827 ι
2957 3776 3025 3831 ad
3051 3778 3451 3846 cooperandum

1873 3891 1892 3924 ι
1931 3876 1996 3928 de
2030 3880 2240 3937 sancto,
2281 3891 2300 3923 ι
2341 3870 2397 3925 id
2435 3877 2521 3925 est
2559 3869 2623 3924 de
2659 3868 2910 3933 Christo,
2940 3866 3023 3922 vel
3066 3867 3134 3922 de
3174 3868 3312 3923 coelo
3345 3887 3363 3921 ‹
3398 3878 3455 3925 ει

1866 3972 2084 4019 tueatur
2110 3971 2162 4018 te
2193 3983 2212 4015 ι
2243 3970 2433 4017 contra
2462 3959 2660 4015 malum
2689 3978 2707 4011 ι
2741 3960 2806 4014 de
2830 3957 2985 4025 Sion,
3018 3979 3034 4011 ι
3064 3959 3118 4014 id
3139 3960 3309 4015 estde
3333 3975 3456 4031 spe-

1865 4056 2159 4121 culatione,
2188 4054 2416 4121 scilicet,
2449 4052 2516 4108 de
2550 4052 2835 4107 divinitate
2869 4066 2985 4118 sua,
3015 4067 3113 4123 per
3143 4066 3305 4121 quam
3331 4066 3453 4123 spe-

1865 4145 2077 4200 culatur
2102 4144 2307 4198 omnia.
3192 4170 3210 4184 .
3454 4204 3461 4209 _

1941 4256 1959 4288 ι
1995 4237 2199 4291 Memor
2221 4235 2311 4301 sit,
2353 4255 2371 4288 ›
2410 4234 2463 4290 id
2512 4243 2596 4290 est
2642 4251 2937 4291 memorem
2978 4249 3035 4290 se
3075 4236 3328 4291 ostendat
3356 4251 3456 4307 per

1866 4328 2104 4397 aliquam
2138 4325 2629 4380 remunerationem
2663 4346 2680 4377 ι
2707 4326 2883 4381 omnis
2923 4325 3175 4381 sacriﬁcii
3214 4326 3313 4391 tui,
3345 4346 3363 4378 ι
3399 4326 3455 4381 id

1866 4428 1951 4476 est
1978 4419 2119 4474 illius
2139 4418 2447 4479 oblationis.
2476 4432 2596 4487 quae
2621 4418 2864 4487 quotidie
2888 4417 2947 4472 ﬁt
2979 4419 3029 4473 in
3056 4418 3232 4473 altari.
3265 4418 3455 4474 Omnis

1867 4515 1986 4569 ideo
2015 4512 2167 4578 dicit,
2193 4512 2319 4580 quia
2349 4511 2475 4566 licet
2495 4527 2659 4565 unum
2683 4511 2774 4576 sit,
2794 4518 2971 4565 tamen
2996 4512 3045 4565 in
3071 4511 3296 4565 inﬁnitis
3319 4510 3452 4566 locis

1866 4604 2006 4659 idem
2038 4601 2097 4657 ﬁt
2126 4620 2139 4657 :
2168 4610 2224 4657 et
2260 4602 2402 4657 idem
2452 4603 2780 4658 sacriﬁcium
2825 4604 2967 4672 quod
2996 4611 3220 4658 voeatur
3254 4621 3271 4652 ι
3304 4601 3454 4659 holo-

1868 4703 2136 4758 caustum,
2175 4712 2193 4744 ι
2224 4692 2276 4747 id
2301 4701 2383 4747 est
2424 4701 2594 4749 totum
2643 4693 2960 4759 incensum,
2992 4695 3136 4764 quod
3182 4702 3355 4750 totum
3396 4709 3455 4750 se

1868 4787 2066 4843 obtulit
2107 4786 2219 4842 Deo
2259 4790 2556 4844 secundum
2602 4803 2798 4858 corpus
2838 4798 2893 4843 et
2926 4789 3163 4843 animam
3200 4788 3455 4860 patiendo

1869 4894 2042 4951 usque
2065 4880 2132 4934 ad
2162 4880 2330 4950 ipsam
2362 4888 2611 4935 mortem.
2652 4880 2763 4936 Hoc
2793 4882 2899 4935 tale
2940 4881 3270 4937 sacriﬁcium
3307 4901 3326 4933 ι
3362 4882 3458 4936 ﬁat

1870 4972 2090 5043 pingue,
2123 4993 2140 5023 ι
2177 4973 2230 5027 id
2257 4981 2341 5027 est
2379 4973 2730 5041 acceptabile.
2768 4972 3026 5027 Trahitur
3052 4975 3153 5028 hoc
3183 4989 3214 5027 a
3241 4973 3453 5027 sacriﬁ-

1870 5068 1971 5123 ciis
2015 5068 2363 5137 antiquorum
2389 5109 2404 5134 ,
2451 5084 2680 5139 quorum
2726 5070 2923 5141 pingue
2966 5069 3294 5125 sacriﬁcium
3343 5069 3456 5125 Deo

1870 5160 2045 5231 magis
2070 5160 2284 5231 placere
2312 5161 2608 5217 dicebatur.

1946 5270 1963 5303 ‹
1996 5251 2222 5305 Tribuat
2250 5252 2414 5307 etiam
2449 5254 2547 5308 tibi
2580 5256 2875 5309 secundum
2911 5269 3008 5310 cor
3034 5262 3205 5321 tuum,
3241 5275 3260 5307 ι
3297 5256 3347 5310 id
3372 5264 3457 5311 est
3557 5319 3560 5323 ,

1871 5342 2201 5398 intellectum
2235 5354 2403 5408 tuum,
2432 5345 2504 5399 ita
2530 5354 2590 5399 ut
2616 5346 2757 5402 sicut
2785 5345 3058 5417 intelligis,
3096 5346 3236 5402 Deus
3257 5346 3457 5401 conﬁr-

1876 5444 1985 5490 met
2016 5435 2069 5489 in
2104 5443 2178 5499 te,
2212 5450 2277 5489 ne
2307 5437 2635 5504 pervertaris
2681 5438 2747 5492 ad
2794 5436 3030 5509 aliquem
3080 5451 3324 5493 errorem
3353 5456 3374 5487 ‹
3401 5445 3457 5492 ει

1874 5544 2034 5585 omne
2060 5530 2341 5584 consilium
2375 5539 2521 5587 tuum
2551 5533 2856 5588 conﬁrmet.
2886 5555 2905 5586 ι
2934 5532 3224 5589 Consilium
3249 5542 3456 5590 sanctae

1873 5622 2128 5678 Ecclesia:
2172 5631 2285 5688 est,
2322 5632 2383 5677 ut
2431 5640 2604 5693 neque
2648 5626 2894 5681 adversis
2939 5626 3236 5694 frangatur,
3278 5640 3458 5697 neque

1870 5714 2146 5783 prosperis
2177 5714 2485 5769 extollatur.
2518 5716 2580 5770 Et
2620 5718 2817 5771 merito
2860 5716 2961 5772 hoc
3001 5725 3144 5786 feto,
3187 5716 3312 5786 quia
3358 5733 3454 5775 ero

1871 5806 2144 5878 particeps
2175 5806 2318 5863 illius
2340 5809 2484 5862 boni.
2515 5809 2579 5862 Et
2607 5809 2706 5863 hoc
2730 5818 2830 5862 est.
3488 5812 3493 5819 ’
