3984 6444
192 359 302 416 εει

1368 350 1803 407 EXPLANATIO
1837 350 1903 404 IN
1943 352 2277 407 PSALMOS.

3340 356 3447 411 262

280 488 300 521 ι
329 467 575 540 lmpones
598 464 761 521 etiam
788 478 948 534 super
967 478 1093 519 eum
1123 482 1142 515 ι
1172 470 1231 517 ιιι
1261 475 1423 530 super
1454 459 1772 515 fundamen-
1798 469 1845 527 Α
1874 458 2017 512 valet
2061 458 2126 512 ad
2158 460 2383 513 salutem
2432 476 2445 512 :
2486 478 2504 510 ‹
2535 468 2590 515 ει
2615 474 2821 522 semen,
2859 478 2875 509 ι
2919 458 2971 512 id
3000 465 3104 524 est,
3133 467 3255 513 vota
3297 477 3315 511 ι
3351 475 3448 515 εο-

200 569 319 616 ιιιιιι
377 576 397 610 ι
434 557 662 629 gloriam
704 576 722 610 ι
758 557 1020 627 gloriosos
1070 554 1278 609 scilicet
1331 562 1595 624 martyres
1645 570 1664 603 ι
1722 559 1778 606 ει

201 649 753 723 ιιιεειιιιιιιηὰεεοιιειιι,
778 668 797 699 ι
823 649 875 702 id
899 656 982 703 est
1014 662 1236 716 magnos
1264 646 1503 708 decores,
1534 654 1593 699 ut
1636 643 1776 697 Mar-

186 743 381 798 itinum
401 750 453 797 et
466 740 751 804 Hilarium,
765 747 819 794 et
836 748 1063 794 caeteros
1083 737 1421 793 confessores
1449 755 1462 791 :
1487 737 1606 790 ideo
1632 753 1648 785 ι
1672 735 1774 788 im-

200 846 376 903 pones
399 844 561 898 super
582 844 725 894 eum,
746 848 767 881 ι
792 828 917 898 quia
954 847 973 879 ‹
1001 827 1171 899 gloria
1193 826 1313 895 ejus
1338 841 1529 896 magna
1551 825 1604 878 in
1633 824 1776 879 salu-

196 922 312 976 tari
352 931 468 985 tuo,
498 938 516 971 ι
555 919 609 973 id
638 927 722 974 est
763 919 820 973 in
845 919 1008 972 verbo
1042 926 1136 972 tuo
1159 918 1260 971 sibi
1290 917 1463 980 unito,
1488 912 1639 981 cujus
1664 913 1778 981 glo-

203 1012 304 1066 ria
332 1012 528 1066 decens
571 1018 693 1064 erat
736 1008 1126 1073 manifestatio,
1154 1023 1274 1078 quae
1293 1008 1661 1063 demonstrata
1693 1012 1777 1059 est

192 1115 304 1171 per
322 1101 426 1155 hoc
446 1100 589 1169 quod
626 1098 855 1168 apostoli
884 1113 1046 1167 super
1073 1112 1195 1152 eum
1225 1096 1434 1151 fundati
1457 1104 1600 1151 sunt.
1631 1095 1776 1149 Bene

205 1189 601 1258 dicoimpones
627 1201 790 1255 super
822 1202 945 1241 eum
979 1186 1225 1255 gloriam,
1269 1193 1326 1240 et
1353 1186 1477 1248 hoc,
1521 1186 1777 1255 quoniam

188 1280 323 1349 ipse
348 1286 437 1333 est
462 1277 767 1333 benedictio
788 1277 1027 1332 omnium
1056 1277 1316 1347 gentium,
1340 1276 1515 1331 ethoc
1541 1284 1625 1331 est
1652 1290 1666 1329 :

284 1387 303 1423 ι
331 1367 598 1435 Quoniam
639 1367 793 1423 dabis
828 1381 954 1422 eum
990 1366 1046 1421 in
1074 1365 1499 1422 benedictionem
1533 1384 1552 1418 ι
1587 1365 1642 1420 in
1672 1364 1775 1419 hac

194 1459 317 1514 vita
339 1458 516 1514 dando
534 1458 782 1525 virtutes,
822 1466 878 1513 et
904 1476 925 1511 ι
958 1458 1014 1513 in
1039 1457 1295 1514 smeulum
1318 1458 1521 1524 saeculi,
1542 1477 1561 1510 ι
1589 1457 1644 1513 id
1671 1465 1774 1523 est,

208 1549 262 1603 in
296 1548 399 1603 alia
439 1549 548 1604 vita
577 1549 754 1605 dando
788 1564 1066 1605 coronam.
1105 1548 1203 1604 Hic
1236 1548 1523 1604 conﬁrmat
1549 1550 1778 1619 promis-

204 1638 438 1704 sionem,
463 1654 583 1709 qua:
605 1638 753 1696 facta
791 1649 877 1695 est
899 1640 1132 1697 Abrahae
1159 1658 1172 1693 :
1202 1659 1221 1692 ι
1257 1641 1314 1695 ln
1339 1641 1543 1696 semine
1571 1651 1661 1695 tuo
1684 1642 1776 1696 be-

205 1733 525 1788 nedicentur
558 1747 745 1788 omnes
764 1742 952 1803 gentes
979 1731 1313 1804 (Gemxxxn;
1334 1731 1491 1787 Galat
1513 1733 1618 1803 ιιι).
1641 1753 1661 1785 ι
1709 1733 1776 1788 Ει

1879 564 1995 603 rum
2032 567 2050 600 ι
2083 564 2203 618 quae
2245 550 2498 603 dicuntur
2546 565 2753 614 semen,
2794 548 2921 617 quia
2963 549 3105 603 sicut
3139 562 3207 603 ex
3244 551 3449 607 semine

1875 640 2118 708 procedit
2169 638 2395 705 fructus,
2435 641 2507 693 ita
2557 655 2623 694 ex
2652 640 2790 695 votis
2838 654 3021 709 opera.
3077 638 3275 696 Semen
3325 642 3445 698 dico

1876 739 2186 799 separatum
2223 748 2242 781 ι
2281 746 2311 784 a
2354 730 2478 784 ﬁliis
2510 750 2528 781 ι
2564 746 2811 785 verorum
2852 748 2871 781 ι
2920 730 3220 786 hominum.
3277 752 3297 785 ι
3344 732 3444 789 Vel

1876 834 2083 878 semen.
2108 819 2162 873 id
2187 828 2289 883 est,
2322 834 2598 888 sequaces.

1945 908 2066 962 ldco
2093 908 2311 977 quidem
2338 910 2531 977 perdes
2557 924 2650 963 eos
2678 929 2696 960 ‹
2725 911 2981 980 quoniam
3023 911 3184 978 mala,
3220 932 3237 965 ι
3277 912 3330 967 id
3360 922 3442 968 est

1876 997 2319 1062 destructionem,
2366 1013 2529 1066 quam
2570 998 2671 1051 sibi
2703 1013 2733 1051 a
2769 998 3025 1055 Romanis
3066 1001 3250 1056 inferri
3280 1002 3442 1057 time-

1878 1086 2010 1140 bant
2045 1085 2442 1141 declinaverunt
2471 1088 2524 1141 in
2560 1095 2630 1153 te,
2683 1106 2700 1138 ι
2732 1088 2783 1143 id
2829 1099 2931 1154 est,
2956 1101 3235 1147 verterunt
3260 1092 3315 1146 in
3346 1101 3438 1147 te:

1864 1194 1997 1233 eum
2028 1187 2082 1233 te
2112 1180 2270 1234 morti
2303 1181 2575 1234 traderent
2605 1200 2623 1230 ι
2656 1180 2878 1235 consilia
2910 1183 3300 1249 cogitaverunt,
3324 1199 3443 1253 quae

1874 1282 1981 1321 non
2034 1277 2323 1337 potuerunt
2362 1269 2621 1326 stabilire.
2661 1287 2680 1320 ι
2728 1266 3109 1339 Cogitaverunt
3150 1272 3295 1327 enim
3346 1286 3443 1341 per

1873 1366 2103 1413 mortem
2130 1359 2300 1428 ipsius
2333 1360 2567 1413 retinere
2592 1358 2768 1414 locum
2807 1367 2863 1412 et
2892 1366 3104 1429 gentem
3136 1359 3315 1430 (Joan.
3338 1364 3439 1433 xi),

1879 1465 1978 1520 per
2006 1464 2168 1519 quam
2194 1450 2371 1519 potius
2398 1459 2684 1519 utrumque
2711 1450 3079 1519 perdiderunt.
3492 1444 3498 1451 ’

1944 1539 2146 1595 Perdes
2180 1555 2296 1607 eos,
2320 1549 2375 1594 et
2408 1559 2426 1591 ι
2468 1539 2587 1595 ideo
2613 1554 2779 1609 pones
2808 1554 2900 1593 eos
2937 1539 3177 1606 dorsum,
3215 1557 3234 1593 ι
3269 1540 3323 1595 id
3359 1549 3443 1596 est

1874 1646 2068 1687 curvos
2090 1631 2158 1685 ad
2187 1639 2399 1686 terrena
2442 1638 2497 1685 et
2530 1646 2634 1685 non
2658 1631 2926 1685 intuentes
2948 1630 3209 1697 coelestia,
3237 1631 3444 1685 scilicet

1874 1722 2055 1777 asinos
2077 1722 2398 1786 daunonum,
2427 1721 2546 1775 ideo
2573 1739 2591 1770 ι
2619 1719 2841 1783 vultum,
2873 1739 2890 1771 ι
2909 1720 2961 1775 id
2979 1728 3062 1774 est
3077 1720 3439 1790 cognitionem

200 1823 368 1878 etiam
404 1841 423 1875 ι
458 1822 756 1878 Ιτειὶιίειιιιῑε
799 1838 924 1878 eum
951 1823 1005 1877 in
1035 1823 1231 1894 gaudio
1267 1843 1285 1875 ι
1320 1824 1462 1893 quod
1492 1823 1576 1877 sui
1604 1823 1769 1878 habe-

1882 1823 2041 1879 luam,
2081 1815 2172 1883 qui
2204 1813 2422 1868 deberet
2469 1828 2589 1867 esse
2627 1830 2644 1862 ι
2697 1826 2883 1866 eorum
2928 1811 3259 1881 prmparabis
3294 1831 3312 1863 ι
3344 1826 3442 1879 per

200 1913 341 1969 bunt
369 1932 388 1965 ‹
439 1929 564 1970 ειιιιι
607 1914 757 1970 vultu
797 1924 909 1980 tuo,
956 1934 975 1967 ι
1005 1915 1063 1971 id
1089 1924 1191 1981 est,
1243 1917 1297 1970 in
1327 1917 1611 1987 praesentia
1658 1925 1770 1982 tua,

201 2004 428 2069 scilicet,
495 2005 709 2074 quando
756 2005 967 2061 fruetur
1014 2006 1257 2078 perfecta
1304 2008 1611 2077 cognitione
1673 2008 1770 2062 tui.

203 2094 360 2150 Tunc
407 2096 549 2151 enim
606 2096 709 2151 erit
742 2097 986 2166 perfecta
1033 2098 1239 2164 laetitia,
1311 2113 1436 2153 cum
1491 2099 1779 2153 tradiderit

201 2198 432 2255 regnum
461 2187 570 2240 Deo
590 2185 760 2240 Patri.
784 2186 951 2242 Ponit
975 2203 1197 2244 causam
1222 2188 1462 2243 omnium
1493 2189 1776 2259 praedicto-

200 2292 349 2342 rum,
397 2285 455 2332 ιιι
502 2278 582 2345 sic
621 2279 865 2335 dicamus
912 2299 925 2333 :
979 2264 1105 2336 Ideo
1151 2282 1294 2336 Deus
1322 2282 1469 2337 dedit
1492 2282 1620 2337 huic
1660 2282 1775 2352 regi

199 2367 414 2440 longam
441 2367 628 2434 vitam,
646 2377 701 2423 et
720 2370 822 2423 alia
847 2386 965 2440 qua:
985 2371 1241 2439 praedicta
1264 2381 1407 2436 sunt,
1433 2373 1558 2441 quia
1586 2391 1603 2423 ‹
1633 2388 1727 2428 rex
1748 2390 1768 2424 ι

199 2458 307 2515 iste
350 2477 369 2511 ι
403 2466 604 2529 sperat,
642 2478 660 2512 ι
690 2459 743 2513 id
768 2468 872 2526 est,
898 2462 1137 2516 omnium
1163 2477 1312 2532 spem
1336 2464 1516 2533 posuit
1541 2482 1560 2514 ‹
1594 2465 1648 2519 in
1672 2465 1774 2523 Do.

199 2548 381 2612 mino,
410 2566 430 2600 ι
461 2556 519 2603 ει
544 2562 651 2603 non
682 2547 816 2604 facit
838 2550 941 2606 hoc
962 2566 1059 2620 pro
1083 2552 1405 2607 conﬁdentia
1431 2552 1770 2621 meritorum,

199 2638 297 2693 sed
323 2639 500 2709 potius
527 2658 548 2692 ι
575 2639 631 2695 in
649 2641 1017 2697 misericordia
1036 2661 1056 2693 ι
1088 2642 1255 2712 ipsius
1276 2642 1404 2707 Dei;
1439 2661 1459 2695 ι
1491 2659 1598 2699 non
1620 2660 1770 2701 com-

199 2729 508 2785 movebitur
546 2748 565 2782 ι
610 2745 641 2784 a
679 2731 1000 2786 confidentia
1041 2733 1211 2802 ipsius
1244 2734 1628 2791 misericordiae
1675 2753 1689 2789 :
1720 2743 1775 2791 et

196 2820 418 2884 merito,
442 2819 566 2890 quia
595 2838 614 2870 ‹
636 2820 893 2876 Altissimi
914 2830 998 2878 est
1018 2822 1109 2877 illa
1134 2822 1522 2879 misericordia.
1545 2823 1773 2880 Ostensa

198 2910 405 2966 virtute
429 2918 484 2965 et
511 2910 680 2983 gloria
709 2912 876 2982 ipsius
911 2912 1072 2983 regis,
1118 2914 1312 2968 transit
1344 2915 1412 2969 ad
1452 2916 1770 2982 secundam,

200 3001 433 3068 scilicet,
462 3009 610 3072 optat
631 3002 804 3071 ipsum
828 3016 1007 3074 regem
1026 3014 1282 3058 exercere
1295 3002 1566 3074 justitiam
1590 3004 1645 3058 in
1671 3005 1769 3059 bo-

200 3108 306 3148 nos
347 3102 405 3149 et
432 3093 620 3150 malos.
654 3095 940 3166 fluensque
986 3096 1181 3152 direxit
1222 3097 1290 3152 ad
1326 3096 1541 3154 Patrem
1585 3098 1767 3166 verba,

200 3185 364 3241 modo
389 3185 577 3257 dirigit
596 3186 662 3241 ad
684 3186 897 3241 Filium.

276 3275 718 3346 Quandoquidem
769 3286 826 3332 tu
865 3278 987 3335 talis
1032 3294 1092 3334 es
1120 3293 1239 3346 rex,
1283 3278 1403 3335 ideo
1441 3294 1475 3335 ο
1522 3280 1764 3346 Domine,

204 3387 231 3420 ‹
270 3369 574 3425 inveniatur
604 3385 794 3426 manus
824 3378 933 3437 tua,
965 3391 985 3423 ι
1050 3370 1103 3425 id
1125 3380 1232 3437 est,
1258 3374 1506 3442 operatio
1529 3381 1617 3428 tua
1650 3394 1669 3426 ‹
1704 3376 1773 3430 ab

200 3459 457 3515 omnibus
513 3460 748 3515 inimicis
791 3461 917 3527 tuis,
949 3480 968 3512 ι
1024 3461 1080 3515 id
1118 3470 1223 3526 est,
1260 3476 1447 3519 omnes
1494 3465 1583 3533 qui
1614 3466 1772 3520 modo

203 3558 337 3604 sunt
363 3549 587 3615 inimici,
619 3549 902 3619 diligenter
945 3552 1278 3620 inquirentes
1303 3568 1466 3622 opera
1498 3563 1606 3618 tua,
1648 3555 1773 3608 imi-

207 3645 394 3692 tentur
422 3651 484 3691 ea
522 3654 536 3690 :
570 3646 625 3693 et
654 3638 698 3692 si
724 3638 815 3707 qui
841 3639 1025 3694 nolunt
1045 3653 1108 3695 ea
1130 3640 1206 3694 ita
1228 3640 1469 3696 invenire
1499 3662 1517 3694 ι
1553 3644 1773 3698 dextera

206 3738 340 3797 tua,
378 3749 397 3782 ι
434 3729 488 3784 id
535 3738 638 3807 est,
693 3730 866 3786 virtus
912 3738 1000 3785 tua
1054 3748 1073 3782 ι
1123 3732 1359 3787 inveniet
1400 3751 1420 3784 ι
1475 3735 1542 3789 ad
1587 3748 1775 3789 eorum

206 3819 611 3875 damnationem
648 3837 668 3870 ‹
696 3834 881 3875 omnes
917 3841 935 3874 ι
987 3836 1082 3877 εοε
1113 3840 1132 3873 ι
1166 3823 1336 3892 quite
1363 3823 1614 3879 oderunt.
1654 3844 1675 3875 ι

280 3907 418 3978 Οριο
439 3918 499 3963 ιιι
522 3909 715 3980 punias
738 3925 852 3977 eos,
874 3919 929 3967 et
951 3927 1075 3968 vere
1101 3913 1288 3979 facies,
1314 3915 1441 3984 quia
1468 3923 1570 3970 ιιιί
1605 3932 1775 3986 pones

199 4016 304 4057 eos
360 4001 416 4055 in
464 4001 733 4056 clibanum
776 4003 913 4074 ignis
964 4024 982 4056 ι
1034 4004 1093 4059 id
1138 4012 1261 4072 est,
1315 4006 1519 4063 similes
1559 4008 1773 4065 clibano

205 4091 381 4162 ignis:
405 4091 528 4161 quia
553 4092 694 4147 sicut
714 4092 958 4148 clibanus
985 4093 1214 4150 interius
1248 4096 1491 4152 continet
1519 4098 1771 4153 ardorem

204 4185 371 4256 ignis,
419 4187 493 4240 ita
535 4186 624 4241 isti
665 4187 939 4242 continent
972 4189 1028 4242 in
1070 4203 1129 4244 se
1161 4189 1410 4244 ardorem
1452 4190 1607 4245 malae
1646 4206 1774 4246 con-

206 4278 453 4334 scientiae
496 4294 627 4334 sum.
656 4277 833 4334 Pones
857 4281 976 4335 dico
1008 4299 1026 4331 ι
1061 4280 1113 4335 in
1140 4288 1380 4351 tempore
1400 4280 1581 4337 vultus
1610 4283 1708 4348 tui,
1748 4302 1767 4334 ι

152 4367 157 4371 ’
205 4370 265 4425 id
297 4378 401 4446 est,
452 4370 506 4424 in
541 4371 628 4426 die
658 4369 846 4439 judicii
899 4372 953 4428 in
979 4388 1086 4442 quo
1130 4382 1184 4428 tu
1219 4374 1473 4429 ostendes
1506 4356 1787 4429 vultuosi-U

206 4469 378 4515 tatem
408 4469 583 4526 tuam,
618 4460 675 4515 id
722 4469 805 4515 est
843 4462 975 4516 iram
1025 4470 1191 4517 tuam.
1246 4462 1341 4519 Vel
1372 4481 1390 4514 ι
1436 4464 1492 4517 in
1529 4472 1771 4535 tempore

207 4546 392 4602 vultus
455 4548 532 4601 tui
568 4566 587 4599 ι
643 4547 697 4602 in
742 4565 850 4620 quo
917 4558 972 4605 tu
1029 4552 1276 4606 ostendes
1323 4552 1431 4607 tuis
1478 4553 1770 4623 perfectam

209 4638 574 4710 cognitionem
610 4642 912 4711 praesentiae
955 4651 1075 4697 tuae.
1108 4641 1365 4696 Clibanus
1407 4650 1509 4708 est,
1549 4645 1776 4712 quicun-

210 4748 319 4802 que
350 4730 557 4795 furnus,
583 4731 667 4786 vel
696 4732 908 4801 proprie
928 4747 1023 4787 vas
1044 4733 1184 4802 quod
1217 4731 1438 4786 calescit
1461 4733 1513 4786 in
1544 4733 1684 4804 igne,
1716 4741 1778 4787 ut

211 4824 409 4879 subtus
436 4830 718 4892 coquatur,
742 4823 822 4877 vel
850 4823 1052 4892 aliquid
1081 4824 1185 4877 tale
1211 4840 1224 4876 :
1253 4831 1309 4878 et
1338 4822 1426 4876 ille
1451 4822 1595 4877 idem
1626 4843 1644 4876 ι
1673 4825 1777 4878 Do-

213 4915 397 4969 minus
424 4933 441 4964 ι
477 4914 568 4984 qui
610 4914 788 4983 posuit
820 4928 912 4970 eos
956 4923 1016 4968 ut
1068 4914 1336 4969 clibanum
1389 4931 1406 4964 ι
1437 4914 1780 4987 conturbabit

211 5019 308 5060 eos
358 5004 413 5057 in
455 5003 537 5057 ira
579 5016 676 5056 sua
711 5022 729 5054 ι
772 5018 895 5058 cum
932 5004 1072 5058 dicet
1113 5021 1126 5057 :
1182 5021 1199 5054 ι
1246 5002 1359 5069 lte,
1399 5002 1668 5058 maledicti
1722 5004 1778 5058 in

212 5092 395 5163 ignem
443 5076 700 5146 aeternum
730 5091 943 5163 (Matth.
975 5092 1123 5164 xxv).
1165 5113 1184 5147 ι
1223 5092 1341 5159 Qua
1389 5095 1513 5148 data
1558 5102 1777 5149 senten-

215 5186 290 5240 tia
319 5199 443 5239 mox
470 5203 489 5235 ι
526 5183 823 5249 devorabit,
856 5204 873 5235 ›
900 5185 951 5239 id
974 5195 1078 5253 est,
1108 5186 1379 5256 torquebit
1407 5204 1426 5236 ι
1461 5200 1555 5241 εοε
1585 5187 1721 5257 ignis
1756 5204 1773 5237 ι

215 5275 534 5332 materialis.
565 5274 699 5330 Cum
740 5276 870 5331 dicit
898 5276 1060 5345 ignis,
1109 5286 1261 5331 notat
1313 5293 1481 5346 genus
1525 5277 1778 5331 tormenti

216 5367 361 5436 quod
382 5366 606 5421 interius
634 5374 867 5435 torquet.
897 5386 915 5417 ι
951 5366 1126 5421 Pones
1153 5382 1248 5422 eos
1276 5375 1336 5420 ιιι
1364 5368 1689 5430 etihanum,»
1725 5375 1781 5421 et

216 5459 382 5514 etiam
402 5476 422 5510 ι
440 5459 634 5530 perdes
657 5457 913 5524 fructum,
935 5479 952 5509 ι
977 5461 1122 5515 idest
1140 5460 1277 5514 bona
1295 5475 1454 5529 opera
1480 5480 1497 5511 ι
1521 5476 1730 5525 eorum,
1756 5481 1773 5512 ι

217 5557 429 5606 remota
477 5570 496 5603 ι
533 5565 563 5604 a
601 5559 744 5605 terra
781 5571 797 5602 ι
830 5548 1118 5605 viventium
1155 5570 1167 5605 :
1208 5568 1328 5607 cum
1380 5569 1509 5607 vero
1555 5553 1780 5608 desiste-

219 5649 345 5697 rent
385 5657 416 5696 a
442 5640 606 5705 bono,
642 5640 1003 5712 perdebantur
1043 5642 1178 5697 bona
1210 5658 1371 5712 opera
1403 5659 1612 5707 eorum,
1653 5645 1779 5713 quia

220 5728 348 5790 licet
387 5730 588 5789 faciant
633 5730 848 5802 aliquod
882 5732 1174 5787 remedium
1215 5746 1407 5803 paenae,
1462 5749 1568 5788 non
1603 5740 1779 5787 tamen

1875 1903 2328 1958 introductionem
2373 1903 2634 1972 gentium,
2663 1908 2717 1955 et
2758 1916 2854 1969 per
2883 1901 3276 1970 asperationem
3324 1902 3438 1971 glo-

1875 1996 1969 2049 riae
2003 2015 2021 2046 ι
2061 1995 2114 2048 in
2147 1995 2395 2064 reliquiis
2420 1995 2545 2058 tuis,
2571 2013 2587 2044 ι
2621 1994 2673 2048 id
2693 2003 2799 2058 est,
2828 2000 2890 2047 ut
2926 1993 3053 2062 ipsa:
3082 1994 3319 2063 reliquias
3347 1995 3444 2048 ha-

1872 2082 2035 2137 beant
2063 2083 2422 2153 cognitionem
2448 2085 2544 2136 tui.
2568 2080 2843 2151 Reliquias
2877 2082 3071 2151 accipit
3099 2083 3241 2147 illos,
3265 2084 3356 2152 qui
3384 2097 3444 2138 se

1874 2172 2077 2227 faciunt
2105 2172 2334 2227 humiles
2363 2182 2419 2227 et
2447 2173 2706 2244 abjectos.

1944 2263 2025 2317 Tu
2074 2278 2243 2333 pones
2291 2278 2384 2317 eos
2427 2263 2666 2325 dorsum,
2717 2270 2771 2316 et
2820 2270 2879 2315 ut
2912 2261 3014 2316 hoc
3056 2261 3228 2331 possis
3264 2261 3444 2315 facere

1880 2374 1899 2407 ι
1937 2354 2179 2410 exaltare
2209 2353 2263 2407 in
2296 2354 2526 2418 virtute,
2566 2373 2584 2404 ι
2621 2353 2676 2407 id
2702 2361 2785 2407 est
2803 2368 2900 2421 per
2925 2353 3179 2407 virtutem
3202 2352 3441 2415 deitatis,

1872 2456 1929 2503 et
1955 2465 1974 2498 ι
2001 2448 2337 2503 cantabimus
2358 2460 2488 2501 voce
2513 2455 2567 2500 ct
2595 2447 2757 2501 corde
2780 2466 2796 2497 ι
2830 2465 2848 2497 ι
2874 2455 2928 2501 ει
2948 2446 3237 2515 psallemus
3260 2465 3277 2497 ι
3308 2447 3444 2500 bene

1872 2541 2144 2610 operando
2177 2558 2197 2591 ι
2229 2540 2458 2594 virtutes
2485 2548 2603 2595 tuas
2640 2561 2657 2591 ι
2704 2539 2971 2594 laudando
2997 2542 3201 2596 scilicet
3238 2549 3293 2595 et
3320 2542 3443 2595 imi-

1873 2631 2054 2685 tando.
2110 2628 2168 2684 In
2215 2630 2483 2683 cantando
2524 2630 3017 2699 contemplativam,
3068 2632 3120 2685 in
3168 2631 3442 2702 psallendo

1877 2733 2007 2775 vero
2036 2719 2266 2774 activam
2296 2719 2461 2773 vitam
2489 2717 2860 2789 intelligimus.

2347 2860 2415 2915 IN
2454 2859 2780 2916 PSALMUM
2818 2859 2962 2914 XXI.

1874 2992 2132 3049 Ttwws.
2164 2991 2234 3047 In
2279 2992 2438 3062 ﬁnem
2477 3008 2571 3062 pro
2613 2990 2935 3062 susceptione
2978 2992 3255 3056 matutina,
3300 2993 3443 3061 psal-

2481 3060 2597 3115 mus
2642 3060 2833 3115 David.

1950 3195 1968 3229 ι
1987 3177 2150 3240 Deus,
2168 3175 2308 3231 Deus
2335 3189 2507 3239 meus,
2525 3173 2753 3243 respice.
2778 3191 2796 3225 ›
2816 3171 3059 3227 Psalmus
3080 3173 3180 3228 iste
3195 3175 3445 3231 convenit

1872 3264 2062 3329 David,
2100 3266 2153 3319 id
2181 3273 2264 3319 est
2292 3263 2532 3328 Christo,
2578 3262 2793 3317 habitus
2823 3277 2920 3332 pro
2962 3265 3302 3333 susceptione
3330 3280 3444 3319 ma-

1873 3356 2067 3410 tutina.
2087 3348 2366 3423 Susceptio
2382 3354 2645 3409 matutina
2660 3354 2749 3408 hic
2770 3354 3036 3424 accipitur
3048 3354 3249 3411 Christi
3266 3373 3445 3412 resur-

1871 3447 2064 3511 rectio,
2103 3444 2245 3501 facta
2267 3448 2484 3516 quando
2508 3461 2705 3517 corpus
2733 3448 3082 3516 corruptibilc
3102 3450 3338 3518 suscepit
3364 3450 3443 3503 in-

1873 3537 2295 3605 corruptionem,
2339 3546 2394 3591 et
2441 3538 2667 3591 mortale
2717 3538 3175 3593 immortalitatem
3219 3539 3269 3610 (Ι
3317 3539 3439 3595 Cor.

1873 3628 1985 3696 xv).
2018 3628 2122 3681 Per
2154 3629 2293 3681 hanc
2321 3630 2714 3698 susceptionem
2746 3627 2946 3683 Christi
2976 3630 3238 3684 habenms
3277 3633 3409 3685 certi
3429 3663 3442 3674 -

1878 3716 2116 3770 tudinem
2143 3724 2340 3770 nostra:
2373 3716 2744 3784 susceptionis.
2774 3717 2923 3781 Quod
2948 3727 3123 3769 autem
3166 3718 3442 3773 Dominica

1877 3800 2171 3874 susceptio,
2202 3805 2255 3860 id
2285 3812 2371 3859 est
2397 3804 2743 3869 resurrectio,
2787 3817 2945 3858 mane
2970 3802 3071 3858 fuit
3098 3804 3241 3858 facta
3263 3820 3444 3859 sacra-

1876 3903 2114 3949 mentum
2140 3901 2243 3959 est,
2283 3895 2406 3963 quia
2438 3908 2535 3963 per
2568 3894 2672 3949 hoc
2698 3894 2855 3948 datur
2886 3892 3134 3963 intelligi,
3162 3895 3304 3962 quod
3330 3895 3444 3963 ipsa

1875 3995 1959 4038 est
1988 3983 2309 4054 principium
2342 3991 2541 4037 nostra:
2578 3982 3011 4049 resurrectionis,
3041 3992 3097 4038 et
3123 3984 3236 4053 ipsa
3265 3999 3446 4039 resur‘

1874 4075 2044 4129 rectio
2077 4082 2247 4128 totum
2293 4074 2551 4128 mundum
2599 4074 2966 4129 illuminavit:
2996 4075 3134 4130 sicut
3176 4076 3254 4130 sol
3290 4091 3444 4131 mane

1874 4170 2056 4223 oriens
2084 4168 2340 4239 paulatim
2384 4168 2643 4235 ascendit,
2674 4176 2737 4223 ut
2765 4176 2934 4223 totum
2964 4170 3223 4223 mundum
3248 4169 3459 4223 illumi-.

1874 4271 1984 4318 net.
2014 4263 2079 4316 Et
2129 4263 2216 4318 hic
2242 4262 2479 4333 psalmus
2506 4278 2602 4333 pro
2629 4262 2969 4332 susceptione
3009 4263 3269 4318 matutina
3308 4266 3441 4335 agit,

1876 4357 2002 4426 quia
2043 4372 2232 4411 novam
2279 4357 2435 4411 nobis
2470 4356 2858 4410 institutionem
2886 4356 3156 4425 proponit.
3188 4355 3445 4425 Proponit

1874 4450 2017 4505 enim
2066 4451 2336 4503 hominem
2383 4450 2589 4519 justum
2634 4448 2946 4503 derelictum
3000 4456 3052 4501 et
3102 4463 3338 4517 passum,
3390 4459 3445 4503 et

1877 4541 2039 4595 etiam
2064 4540 2286 4611 gloriam
2317 4538 2409 4594 Dei
2454 4537 2632 4593 Patris
2659 4554 2820 4608 quam
2849 4538 3066 4592 exhibet
3104 4538 3153 4592 ei
3199 4537 3443 4592 Christus

1878 4636 2251 4697 resuscitatus,
2284 4634 2335 4687 in
2367 4647 2474 4701 quo
2502 4632 2666 4686 etiam
2711 4630 3120 4685 commendatur
3152 4629 3443 4699 assumptio

1878 4724 2164 4785 matutina,
2197 4724 2324 4792 quia
2361 4730 2581 4791 propter
2606 4720 2750 4774 illam
2795 4720 3218 4789 assumptionem
3241 4719 3300 4773 lit
3326 4719 3443 4789 glo-

1880 4826 2111 4881 riﬁcatio
2160 4825 2249 4879 illa
2296 4832 2406 4879 tota
2445 4823 2560 4879 Dei.
2612 4822 2786 4877 Habet
2833 4822 2937 4876 alia
2990 4821 3291 4886 translatio,
3345 4838 3445 4891 pro

1881 4930 2038 4971 cerva
2065 4915 2346 4979 matutina,
2372 4922 2426 4968 et
2458 4922 2584 4969 tunc
2610 4913 2955 4982 intelligimus
2985 4927 3079 4979 per
3106 4926 3319 4965 cervam
3348 4910 3444 4963 hu-

1881 5008 2194 5061 manitatem
2221 5004 2444 5070 Christi,
2482 5021 2602 5075 quae
2629 5014 2876 5059 naturam
2904 5004 3048 5058 cervi
3078 5002 3289 5065 habuit,
3320 5001 3442 5072 quia

1882 5097 1935 5152 in
1954 5112 2110 5151 mane
2132 5095 2233 5150 ista
2260 5096 2430 5150 lutosa
2447 5096 2702 5151 deseruit.
2720 5095 2987 5149 Institutio
3005 5108 3140 5147 nova
3165 5093 3217 5146 in
3232 5091 3445 5146 Christo

1880 5189 2002 5253 fuit,
2032 5190 2158 5257 quia
2193 5196 2316 5242 ante
2345 5187 2614 5242 Christum
2646 5187 2787 5242 Deus
2816 5187 2978 5257 justis
3008 5197 3260 5254 tanquam
3297 5183 3448 5239 inﬁr-

1882 5279 1984 5333 mis
2024 5276 2335 5345 temporalia
2376 5277 2517 5331 bona
2562 5290 2908 5330 remunerare
2955 5272 3179 5328 solebat.
3230 5272 3445 5327 Christo

1885 5378 2084 5431 autem,
2131 5384 2251 5423 cum
2282 5369 2532 5423 omnibus
2556 5368 2752 5437 justior
2780 5375 2939 5429 esset,
2966 5363 3279 5435 temporalia
3306 5364 3444 5417 bona

1886 5474 1992 5512 non
2032 5457 2236 5521 tribuit,
2292 5458 2383 5511 sed
2410 5458 2637 5511 adversa
2664 5454 2821 5523 hujus
2869 5455 3072 5519 mundi,
3114 5453 3279 5507 utsic
3306 5452 3446 5505 bona

1885 5549 2129 5604 coelestia
2181 5549 2486 5613 obtineret;
2534 5557 2588 5602 et
2641 5548 2872 5608 perime
2922 5546 3067 5600 dedit
3120 5542 3442 5613 intelligere,

1885 5644 2006 5712 quia
2030 5641 2138 5707 jam
2169 5651 2283 5711 post
2310 5642 2581 5697 Christum
2617 5639 2931 5708 temporalia
2958 5636 3098 5690 bona
3140 5635 3450 5689 hominibus

1884 5737 1991 5776 non
2022 5731 2408 5794 l‘ﬂlllluneraret,
2432 5728 2523 5783 sed
2553 5738 2769 5783 acterna.
2802 5725 3015 5779 Materia
3041 5734 3122 5780 cst
3153 5725 3451 5779 dominicus
