3984 6470
501 346 606 399 365

957 332 1320 394 HAYMONIS
1358 337 1837 394 HALBERSTAT.
1882 336 2095 393 EPISC.
2141 331 2293 389 OPP.
2335 331 2514 386 PARS
2551 332 2700 385 l.'-——
2740 329 3095 387 COMMENT.
3139 331 3312 388 BIBL.

3684 336 3805 394 εει

503 458 667 513 homo
714 452 826 507 :de
876 466 941 507 eo
994 452 1075 506 sic
1115 452 1225 521 agit
1268 468 1282 504 :
1322 450 1574 505 Ostendit
1622 434 1961 514 derelictum,
2000 464 2088 503 os-
2118 453 2163 511 Α
2186 443 2353 513 justis
2398 458 2466 499 ex
2514 444 2836 500 necessitate
2880 443 2952 498 sit
2981 442 3072 498 illa
3116 443 3380 499 naturalis
3416 444 3708 512 voluntas,
3744 447 3805 501 in

504 547 673 605 tendit
732 559 972 616 passum.
1032 543 1128 599 Vel
1168 542 1395 597 materia
1440 549 1524 596 est
1570 543 1755 611 passio
1808 540 2009 596 Christi
2064 552 2079 591 :

504 636 741 694 ostendit
802 644 989 705 postea
1043 633 1270 703 gloriam
1324 632 1443 697 Dei,
1494 632 1548 686 in
1602 647 1712 701 quo
1759 633 1922 686 etiam
1972 631 2085 701 glo-

507 729 646 784 riam
717 726 918 782 Christi
974 724 1229 779 ostendit.
1292 722 1528 778 lntendit
1584 739 1685 779 nos
1754 724 1961 779 hortari
2014 724 2082 777 ad

506 818 821 873 sustinenda
865 816 1111 879 adversa,
1160 822 1218 867 ut
1260 813 1508 883 exemplo
1552 814 1723 886 ipsius
1770 824 2085 883 appetamus

505 910 814 980 prosperari
842 909 892 961 in
918 905 1327 976 temporalibus,
1357 907 1450 960 sed
1487 905 1804 960 sustinendo
1833 906 2081 968 adversa,

507 999 744 1055 cmlestia
782 1007 1157 1068 exspectemus
1214 1015 1227 1052 :
1280 1006 1336 1052 et
1384 1011 1483 1067 per
1509 998 1612 1053 hoc
1660 998 1844 1069 dirigit
1890 1013 1987 1052 nos
2029 998 2082 1051 in

504 1088 691 1155 finem,
737 1091 789 1145 id
843 1098 948 1156 est,
992 1091 1046 1145 in
1076 1090 1376 1145 Christum.
1405 1090 1521 1144 Vox
1571 1090 1740 1160 ipsius
1766 1089 1968 1146 Christi
2004 1090 2083 1145 di-

505 1191 654 1236 recta
684 1182 750 1235 ad
779 1182 1021 1248 Patrem,
1047 1190 1101 1236 et
1128 1182 1318 1252 incipit
1342 1197 1371 1236 a
1400 1182 1749 1237 derelictione
1770 1184 1866 1239 sic.

577 1287 599 1322 ε
619 1271 781 1336 Deus,
801 1272 942 1327 Deus
967 1287 1136 1327 meus.
1160 1291 1179 1323 ι
1204 1271 1357 1338 Quod
1387 1273 1469 1327 bis
1497 1274 1646 1343 ponit
1678 1294 1695 1324 ι
1720 1273 1911 1336 Deus,»
1930 1280 2081 1328 notat

503 1377 564 1420 se
584 1364 790 1420 habere
822 1367 1201 1421 necessitatem
1230 1366 1444 1421 orandi.
1474 1366 1626 1433 Quod
1658 1368 1789 1422 dicit
1814 1387 1832 1418 ι
1867 1384 2020 1423 ιηευε
2056 1388 2075 1420 ι

502 1461 658 1508 notat
680 1469 739 1507 se
769 1452 1192 1509 familiaritatem
1221 1456 1288 1509 ad
1321 1456 1492 1525 ipsum
1517 1457 1716 1511 habere
1752 1458 1990 1527 «respice
2025 1457 2080 1511 in

502 1557 591 1597 me
617 1564 635 1597 ι
675 1560 780 1599 non
807 1546 1052 1599 deliciam
1092 1546 1145 1599 in
1177 1547 1279 1600 ista
1308 1547 1678 1603 derelictione.
1718 1568 1736 1599 ‹
1769 1549 1998 1620 Respice
2023 1552 2077 1603 in

503 1648 591 1689 me
618 1654 637 1686 ι
669 1649 776 1689 non
802 1644 885 1690 est
911 1636 963 1689 in
997 1636 1242 1701 Hebrzro,
1267 1638 1357 1692 sed
1384 1640 1724 1710 septuaginta
1754 1640 2079 1710 interpretes

502 1733 887 1794 apposuerunt,
936 1726 1228 1779 secundum
1278 1741 1415 1797 quos
1463 1728 1747 1782 translatio
1786 1728 1900 1783 hare
1934 1729 2076 1784 facta

2187 537 2404 593 Christo
2444 543 2652 590 tantum
2684 534 2786 589 fuit
2828 550 2933 589 non
2982 551 3049 589 ex
3077 536 3425 602 necessitate,
3455 536 3551 592 sed
3583 552 3658 591 ex
3693 553 3803 592 vo-

2190 630 2415 684 luntate.
2442 628 2632 684 Posset
2654 628 2799 682 enim
2828 626 3084 696 adjuncta
3110 628 3366 683 divinitas
3391 643 3614 683 omnem
3633 627 3803 697 ejus-

2190 723 2335 777 modi
2358 721 2689 776 voluntatem
2717 720 3005 790 expellere.
3047 720 3223 776 Voluit
3256 730 3439 776 autem
3463 720 3590 776 ideo
3621 722 3802 779 timo—

2189 829 2268 879 re,
2303 823 2364 869 ut
2388 815 2456 870 de
2487 829 2546 869 se
2571 814 2693 868 aliis
2720 813 3027 882 exemplum
3056 813 3389 883 relinqueret
3414 828 3430 867 :
3453 814 3605 883 quod
3632 814 3685 868 si
3736 814 3795 868 in

2187 907 2438 977 passione
2468 906 2739 969 timerent,
2770 920 2880 959 non
2924 904 3046 959 ideo
3073 904 3451 974 desperarent,
3477 906 3575 961 sed
3598 906 3798 975 potius

2187 1004 2367 1052 tamen
2398 995 2662 1051 voluntati
2694 995 2812 1061 Dei,
2854 1010 3019 1065 quam
3051 1010 3161 1050 suae
3198 996 3504 1051 obedirent.
3539 997 3612 1052 Et
3650 1012 3797 1053 con-

2189 1096 2268 1143 tra
2299 1090 2402 1144 hoc
2423 1088 2567 1159 quod
2591 1087 2788 1157 aliquis
2828 1097 3011 1157 posset
3038 1088 3219 1144 dicere
3254 1107 3267 1142 :
3296 1087 3471 1144 Stulte
3502 1088 3793 1155 clamasti,

2186 1196 2307 1235 cum
2350 1180 2522 1235 scires
2558 1187 2611 1233 te
2651 1194 2757 1234 non
2798 1178 3217 1244 exaudiendum,
3252 1179 3429 1234 dicit:
3462 1180 3568 1235 hoc
3604 1199 3624 1231 ι
3665 1196 3791 1236 non

2186 1270 2254 1324 ad
2302 1270 2667 1340 insipientiam
2735 1269 2865 1323 mihi
2923 1288 2942 1321 ι
3017 1281 3103 1325 εει
3150 1270 3528 1339 imputandum
3576 1288 3592 1322 :
3650 1271 3790 1341 quia

2184 1365 2329 1433 quod
2364 1364 2444 1418 sic
2480 1363 2557 1417 fui
2595 1362 2909 1427 derelictus,
2937 1378 3155 1433 passus,
3185 1362 3431 1419 clamans
3462 1380 3574 1418 non
3601 1380 3788 1421 exau-

2183 1455 2348 1520 ditus,
2390 1469 2587 1526 magna
2613 1453 2716 1510 fuit
2744 1455 3030 1524 sapientia.
3058 1454 3166 1509 Per
3204 1455 3308 1509 hoc
3330 1456 3480 1511 enim
3507 1453 3622 1510 fuit
3654 1472 3787 1511 mea

2183 1545 2528 1616 glorificatio,
2551 1553 2607 1599 ει
2638 1545 2859 1599 humani
2882 1545 3099 1616 generis
3123 1547 3416 1615 reparatio.

2254 1636 2333 1691 Tu
2361 1650 2448 1691 me
2476 1635 2832 1705 dereliquisti,
2853 1637 3178 1692 clamantem
3214 1653 3323 1692 non
3347 1638 3647 1706 exaudisti,
3678 1643 3784 1698 sed

2184 1735 2364 1782 tamen
2405 1747 2422 1778 ι
2457 1736 2513 1781 tu
2532 1726 2748 1782 habitas
2774 1747 2792 1778 ι
2818 1728 2872 1781 in
2900 1742 2987 1782 me
3018 1745 3037 1779 ι
3075 1739 3263 1783 sancto
3295 1746 3314 1779 ι
3348 1737 3406 1784 ιιι
3435 1729 3561 1785 dico
3594 1750 3614 1782 ι
3652 1731 3782 1786 laus

500 1823 602 1869 εει.
633 1832 652 1865 ι
682 1813 910 1883 Respice
942 1833 959 1864 ι
1001 1814 1124 1868 dico
1158 1834 1175 1865 ι
1205 1816 1330 1884 quia
1349 1831 1436 1871 me
1463 1817 1796 1885 dereliquisti
1831 1837 1849 1869 ι
1892 1827 1949 1872 ει
1972 1832 2077 1872 non
2110 1807 2156 1867 Β
2185 1819 2372 1883 Israel,
2410 1838 2429 1870 ι
2458 1817 2515 1872 id
2546 1826 2650 1883 est,
2697 1832 2859 1888 quem
2891 1816 3145 1873 laudabat
3174 1818 3358 1883 Israel,
3405 1829 3638 1892 propter
3662 1823 3781 1877 ωι-

500 1904 864 1959 abundantem
914 1906 967 1959 in
1019 1908 1429 1977 temporalibus,
1478 1910 1617 1963 sicut
1659 1909 1868 1979 priores
1899 1910 2077 1978 justos

500 1994 696 2059 fecisti,
728 1997 822 2051 sed
848 1999 1025 2067 potius
1054 2008 1298 2066 egentem
1326 2018 1350 2050 ι
1391 2016 1560 2069 quare
1585 2016 1671 2056 me
1712 2020 1730 2053 ι
1764 2002 1969 2072 justum
1997 2005 2075 2059 sic

501 2084 1035 2154 dereliquisti?-Non
1093 2088 1245 2155 ponit
1295 2090 1708 2145 admirationem
1763 2094 1905 2163 quod
1960 2094 2075 2164 ipse

500 2172 880 2237 admiraretur,
925 2175 1019 2229 sed
1054 2185 1114 2229 ut
1139 2177 1388 2231 ostendat
1419 2194 1518 2234 nos
1561 2181 1758 2236 debere
1787 2184 2071 2252 admirari,

498 2267 640 2335 quod
665 2267 779 2336 ipse
802 2276 907 2320 tam
931 2268 1201 2337 perfectus
1223 2284 1330 2323 non
1354 2271 1604 2327 habuerit
1625 2273 1969 2344 temporalem
1996 2290 2074 2331 re-

498 2359 924 2414 munerationem
946 2360 1306 2430 suaejustitize,
1334 2365 1473 2420 sicut
1503 2368 1713 2437 priores
1733 2368 1884 2438 justi.
1920 2371 2074 2426 Unde

497 2444 588 2500 dat
611 2448 767 2503 nobis
790 2449 1111 2521 intelligere,
1129 2469 1234 2507 non
1262 2470 1384 2511 esse
1404 2455 1632 2523 justitiac
1651 2461 2071 2529 exspectandam

496 2541 983 2594 remunerationem
1029 2545 1427 2611 temporalium.
1486 2549 1581 2602 sed
1627 2550 1926 2606 cmlestium
1966 2571 1978 2607 :
2018 2563 2073 2610 ct

493 2640 600 2681 non
632 2636 840 2684 tantum
875 2646 962 2685 me
986 2645 1215 2701 egenum
1247 2635 1443 2701 fecisti,
1474 2640 1568 2693 sed
1602 2655 1662 2695 es
1688 2659 1707 2692 ι
1738 2641 1896 2714 longe
1925 2660 1955 2699 a
1982 2661 2070 2700 sa-

493 2712 606 2768 lute
658 2731 797 2779 mea,
838 2736 857 2769 ι
899 2719 953 2773 id
982 2729 1084 2785 est,
1140 2724 1409 2790 permittis
1445 2742 1531 2782 me
1569 2712 1925 2798 tribularipet
1966 2734 2068 2790 hoc

493 2804 636 2871 ideo,
681 2808 806 2877 quia
855 2830 872 2859 ι
906 2811 1068 2865 verba
1105 2813 1421 2871 delictorum
1475 2835 1738 2888 meorum,
1790 2844 1811 2877 ι
1862 2826 2069 2884 scilicet

492 2894 750 2961 ﬁdelium,
782 2898 835 2952 id
856 2911 940 2954 est
969 2902 1306 2960 delictamea
1329 2908 1700 2977 clamantium,
1744 2923 1870 2970 sunt
1901 2935 1919 2968 ι
1947 2918 2067 2975 lou-

490 3002 558 3055 κε
584 3003 615 3042 a
650 2988 822 3044 salute
848 3006 987 3056 mea,
1028 3014 1046 3046 ι
1079 2995 1259 3063 idest,
1289 2997 1495 3056 faciunt
1523 3013 1574 3059 te
1619 3006 1774 3078 longe
1812 3025 1842 3063 a
1892 3014 2065 3069 salute

490 3090 610 3130 mea
644 3092 658 3131 :
692 3078 868 3150 longe,
916 3084 1041 3151 quia
1086 3086 1280 3142 delicta
1330 3106 1439 3147 non
1489 3110 1681 3164 rogant
1726 3100 1861 3156 mihi
1898 3104 2063 3160 vitam

491 3170 860 3237 temporalem,
909 3174 1003 3229 sed
1036 3185 1263 3232 mortem
1294 3196 1391 3250 per
1429 3198 1591 3253 quam
1622 3188 1924 3246 deleantur.
1962 3193 2065 3250 De-

488 3254 615 3314 licta
662 3261 793 3316 dicit
836 3278 950 3328 sua,
1001 3282 1107 3322 non
1138 3270 1280 3337 quod
1312 3271 1426 3341 ipse
1449 3272 1683 3343 fecisset,
1720 3281 1813 3335 sed
1860 3299 1958 3352 pro
1985 3285 2064 3339 eis

487 3352 723 3418 portavit
761 3366 999 3421 pmnam,
1024 3357 1106 3412 vel
1135 3379 1153 3410 ι
1181 3360 1496 3418 delictorum
1546 3381 1812 3435 meorum,
1842 3391 1859 3422 ι
1895 3373 2066 3428 homi—

488 3441 979 3513 num.Exsequitur
1004 3448 1428 3508 derelictionem.
1447 3454 1562 3510 Non
1589 3466 1792 3515 tantum
1815 3477 1902 3517 me
1933 3484 1950 3513 ‹
1979 3464 2065 3520 de-

488 3531 809 3603 reliquisti,»
826 3538 919 3592 sed
942 3540 1107 3594 etiam
1133 3556 1219 3596 me
1246 3545 1569 3603 clamantem
1590 3565 1694 3605 non
1713 3555 1989 3622 exaudies,
2008 3565 2062 3612 ct

492 3624 597 3679 hoc
624 3636 707 3681 cst
730 3644 744 3680 :

563 3734 583 3767 ι
618 3716 761 3773 Deus
782 3732 957 3785 meus,
982 3721 1226 3781 clamabo
1250 3741 1348 3796 per
1364 3728 1528 3796 diem,
1553 3751 1571 3783 ι
1606 3731 1658 3787 id
1685 3741 1789 3801 est,
1816 3752 1915 3807 per
1936 3746 2063 3794 tem-

484 3820 585 3877 pus
624 3807 845 3876 aliquod
885 3826 897 3861 :
941 3810 1023 3865 vel
1057 3827 1155 3881 per
1182 3816 1344 3881 diem,
1375 3817 1429 3872 id
1462 3828 1564 3885 est,
1603 3822 1659 3875 in
1705 3829 2063 3895 prosperitate

490 3916 510 3950 ς
538 3906 593 3953 ει
627 3917 647 3950 ι
677 3898 973 3955 clamorem
1000 3902 1162 3957 istum
1194 3924 1212 3955 ι
1241 3921 1348 3961 non
1376 3912 1635 3967 exaudies
1669 3914 1720 3969 in
1754 3926 1933 3983 nocte,
1958 3939 1977 3972 ι
2009 3921 2061 3975 id

485 4000 592 4056 est,
610 3990 662 4045 in
688 3992 1015 4049 adversitate
1042 4014 1061 4045 ε
1081 3996 1330 4055 clamabo
1355 4016 1457 4057 nec
1475 4006 1753 4061 exaudies.
1779 4029 1797 4060 ι
1824 4010 1879 4063 In
1901 4023 2061 4067 nocte

483 4080 759 4148 clamavit,
799 4093 858 4138 ut
888 4086 940 4139 in
982 4086 1316 4145 imminentia
1344 4095 1611 4163 passionis
1639 4112 1761 4152 cum
1805 4102 2010 4159 diceret
2043 4124 2056 4161 :

491 4191 512 4224 ι
543 4172 725 4240 Pater,
755 4175 800 4229 si
827 4175 942 4230 fieri
969 4186 1146 4246 potest
1175 4182 1409 4238 transfer
1437 4199 1468 4239 a
1491 4202 1575 4241 me
1601 4188 1824 4245 calicem
1854 4192 2014 4248 istum
2042 4212 2057 4250 :

485 4270 853 4319 verumtamen
878 4279 983 4319 non
1023 4282 1141 4321 mea
1180 4269 1426 4327 voluntas
1456 4277 1550 4329 sed
1595 4283 1684 4331 tua
1717 4278 1812 4333 fiat
1841 4279 2055 4351 (Manli.

483 4349 653 4422 xxvi).
691 4371 711 4404 ι
743 4350 799 4407 In
840 4353 927 4408 die
957 4354 1229 4424 clamavit,
1263 4375 1387 4415 cum
1430 4378 1554 4418 eum
1588 4365 1642 4420 in
1684 4349 1862 4439 regem
1887 4370 2059 4429 Judazi

482 4444 811 4500 constituere
832 4446 1115 4503 voluerunt
1139 4451 1321 4521 (Joan.
1345 4456 1441 4526 Vl).
1465 4456 1597 4513 Cum
1629 4460 1760 4515 dicit
1782 4463 2057 4522 Christum

482 4550 540 4590 se
557 4536 899 4604 clamantem,
923 4547 979 4595 et
1005 4556 1111 4596 non
1143 4557 1264 4600 esse
1290 4549 1623 4614 exauditum,
1652 4554 2056 4627 intelligendum

481 4635 565 4682 est
599 4644 719 4684 eum
760 4632 994 4686 clamare
1035 4637 1330 4690 secundum
1366 4640 1667 4697 naturalem
1701 4646 2056 4715 voluntatem,

482 4735 587 4773 non
611 4724 906 4777 secundum
943 4726 1298 4793 spiritualem.
1330 4730 1388 4786 In
1424 4734 1569 4788 omni
1610 4739 1752 4792 enim
1778 4736 1929 4807 justo
1957 4742 2058 4795 du—

479 4809 599 4878 plex
619 4811 883 4877 voluntas,
906 4817 1169 4872 naturalis
1198 4821 1426 4887 scilicet,
1456 4834 1511 4878 et
1534 4828 1831 4896 spiritualis
1860 4848 1872 4884 :
1899 4843 2053 4889 natu-

482 4898 609 4955 ralis
639 4911 721 4956 est
746 4918 958 4973 semper
983 4907 1050 4960 de
1080 4912 1381 4979 temporali,
1410 4916 1638 4982 scilicet,
1688 4931 1741 4975 ut
1778 4922 1938 4979 homo
1974 4927 2052 4980 vi-

482 4998 589 5043 tam
618 4999 938 5059 piat-sentem
981 4995 1189 5067 diligat,
1235 5013 1462 5057 mortem
1502 5007 1712 5074 timeat,
1742 5020 1797 5065 et
1830 5014 2046 5072 similia.

479 5077 604 5135 Haec
636 5090 817 5135 autem
847 5082 1096 5140 voluntas
1122 5098 1404 5156 peccatum
1437 5110 1541 5149 non
1572 5107 1674 5161 est,
1699 5100 1743 5154 si
1781 5103 2049 5171 spirituali

481 5166 743 5221 voluntati
803 5173 1106 5228 consentiat
1155 5194 1167 5227 :
1224 5178 1365 5234 sicut
1417 5182 1468 5236 in
1524 5183 1739 5244 Christo
1783 5166 1875 5262 qui
1924 5210 2046 5249 cum

478 5264 684 5325 peteret
725 5260 1020 5315 secundum
1064 5268 1363 5324 naturalem
1409 5273 1772 5345 voluntatem,
1800 5260 1869 5337 tut
1907 5285 2048 5339 calix

480 5347 865 5404 transferretur
889 5367 919 5404 a
949 5367 1026 5419 se,
1050 5360 1397 5417 consentiens
1421 5367 1597 5435 potius
1632 5371 1894 5440 spirituali
1920 5376 2047 5430 sub-

471 5437 681 5506 junxit:
704 5439 1102 5499 Verumtamen:
1126 5464 1229 5504 non
1253 5467 1368 5507 mea
1392 5437 1765 5525 voluntas,vsed
1791 5472 1879 5519 tua
1910 5465 2004 5520 ﬁat
2029 5485 2045 5522 ε

473 5721 570 5777 pm
614 5705 736 5776 title,
765 5712 927 5769 vitam
977 5723 1263 5779 custodiat.
1299 5726 1362 5782 Et
1393 5744 1512 5784 cum
1556 5733 1607 5787 in
1644 5737 1893 5793 omnibus
1924 5738 2042 5796 aliis

2176 1908 2435 1965 lationem
2470 1908 2733 1963 bonorum
2776 1910 3173 1979 temporalium.
3207 1909 3325 1977 Vel,
3355 1913 3448 1981 qui
3480 1911 3624 1967 facis
3656 1913 3779 1967 lau-

2175 1998 2408 2055 dabilem
2459 1997 2625 2053 Israel
2673 1998 3004 2053 conferendo
3056 1998 3374 2069 temporalia
3428 2001 3596 2055 bona.
3665 2001 3777 2059 Per

2173 2088 2337 2144 Israel
2378 2088 2674 2158 accipimus
2710 2103 3090 2158 quemcunque
3125 2090 3331 2159 justum
3369 2093 3438 2147 de
3461 2093 3643 2164 priori
3673 2110 3774 2165 po-

2171 2179 2318 2249 pulo,
2349 2179 2544 2248 quibus
2576 2178 2718 2232 Deus
2740 2179 2904 2234 dabat
2926 2180 3421 2236 remunerationem
3455 2197 3574 2239 sua:
3601 2185 3773 2255 justi.

2175 2270 2287 2336 tiae,
2329 2268 2643 2339 temporalia
2692 2269 2833 2324 bona
2874 2272 3176 2327 contrario.
3211 2274 3372 2329 modo
3410 2289 3575 2345 quam
3640 2279 3772 2335 huic

2164 2361 2333 2432 justo.

2242 2455 2386 2511 Bene
2416 2456 2535 2511 dico
2568 2455 2687 2512 laus
2730 2456 2918 2526 Israel,
2966 2457 3094 2527 quia
3143 2476 3162 2509 ι
3206 2457 3262 2513 in
3303 2466 3355 2513 te
3398 2471 3772 2530 speraverant

2169 2557 2350 2617 patres
2394 2548 2564 2602 nostri
2616 2568 2636 2601 ι
2689 2549 2755 2603 de
2806 2548 3071 2604 habendis
3119 2550 3391 2619 prosperis
3437 2569 3457 2602 ‹
3500 2565 3772 2622 sperave-

2170 2646 2297 2693 runt
2341 2655 2361 2689 ι
2402 2638 2566 2692 etiam
2617 2638 2682 2693 de
2718 2640 3057 2693 removendis
3099 2640 3375 2708 periculis,
3416 2650 3470 2696 et
3526 2651 3585 2696 tu
3637 2661 3659 2693 ι
3701 2644 3768 2697 li-

2169 2730 2373 2785 berasti
2411 2744 2505 2784 eos
2560 2749 2578 2783 »
2638 2731 2779 2785 sicut
2827 2731 2882 2784 in
2926 2733 3065 2786 mari
3117 2731 3300 2787 Rubro
3346 2732 3567 2803 (and.
3608 2738 3766 2806 xiv}.

2167 2820 2250 2875 Ad
2278 2828 2328 2874 te
2364 2819 2753 2884 clamaverunt,
2780 2820 2945 2874 veluti
2987 2820 3042 2875 in
3081 2821 3299 2876 deserto
3334 2837 3432 2891 pro
3456 2837 3622 2892 aqua,
3660 2840 3766 2894 pro

2173 2912 2314 2977 cibo,
2368 2918 2424 2965 et
2467 2910 2602 2964 salvi
2660 2909 2787 2965 facti
2842 2912 3200 2981 corporaliter
3235 2914 3546 2984 recipiendo
3581 2919 3765 2985 petita

2169 3003 2368 3075 (Exod.
2406 3017 2474 3057 xv
2503 3012 2551 3055 et
2584 3004 2716 3073 xvr).
2753 3003 2891 3070 Quid
2925 3004 3138 3075 singula
3174 3009 3526 3063 enumerem?
3558 3027 3578 3059 ι
3616 3009 3684 3064 ln
3711 3024 3768 3066 te

2168 3107 2544 3171 speraverant,
2574 3107 2630 3154 et
2662 3114 2770 3154 non
2806 3108 2934 3155 sunt
2961 3099 3197 3167 confusi,
3236 3121 3255 3153 ι
3289 3103 3343 3157 id
3389 3113 3493 3169 est,
3524 3106 3766 3161 erubes-

2090 3168 2133 3231 (ἶ
2166 3168 2402 3247 centiam
2441 3205 2550 3247 non
2579 3192 2881 3247 habuerunt
2903 3193 3046 3263 quod
3068 3194 3123 3247 in
3154 3194 3299 3251 nullo
3320 3198 3459 3265 quod
3496 3213 3765 3268 sperave-

2169 3292 2297 3339 runt
2346 3283 2581 3339 fraudati
2645 3293 2788 3339 sunt.
2845 3285 2925 3341 llli
2978 3296 3160 3356 patres
3215 3289 3269 3343 in
3317 3291 3566 3346 omnibus
3626 3304 3765 3349 sunt

2165 3374 2489 3443 prosperati,
2521 3391 2540 3424 ι
2572 3386 2673 3441 ego
2693 3384 2873 3429 autem
2909 3394 2928 3427 ι
2957 3378 3049 3447 qui
3078 3376 3507 3447 perfectissimus
3525 3397 3685 3437 eram
3702 3393 3762 3439 et

2158 3460 2340 3529 justus
2369 3482 2387 3514 ‹
2423 3463 2623 3517 vermis
2663 3478 2807 3530 sum,
2849 3484 2868 3517 ι
2922 3464 2974 3521 id
3005 3475 3109 3533 est,
3143 3469 3491 3526 conculcatus
3520 3481 3582 3527 ut
3624 3489 3759 3530 ver-

2165 3552 2269 3607 mis
2300 3571 2318 3603 r
2373 3562 2429 3607 et
2469 3569 2576 3609 non
2623 3556 2807 3622 homo,
2858 3577 2877 3611 ι
2920 3559 2973 3614 id
3017 3570 3124 3628 est,
3179 3578 3285 3616 non
3327 3566 3758 3625 considerabant

2165 3660 2338 3701 meam
2377 3649 2767 3706 humanitatem
2802 3670 2814 3704 :
2845 3661 2900 3708 et
2930 3654 3096 3709 etiam
3137 3675 3155 3707 ί
3191 3658 3541 3726 opprobrium
3572 3661 3756 3717 homi-

2165 3754 2314 3804 num,
2359 3759 2379 3791 ι
2429 3740 2482 3795 id
2507 3750 2611 3807 est,
2643 3742 2697 3796 in
2730 3757 2892 3812 quem
2930 3744 3289 3815 projiciebant
3339 3748 3581 3805 homines
3641 3767 3751 3808 sua

2164 3828 2454 3896 opprobria
2500 3848 2520 3879 ι
2555 3839 2609 3884 ει
2634 3830 2867 3900 abjectio
2893 3834 3087 3904 plebis,
3119 3850 3137 3889 ι
3174 3836 3230 3891 id
3250 3847 3355 3903 est,
3386 3839 3453 3895 de
3472 3856 3572 3909 quo
3586 3841 3748 3898 dieeb

2162 3918 2321 3973 batur
2348 3936 2361 3971 :
2400 3919 2682 3991 Nunquam
2711 3925 2940 3994 populus
2969 3927 3077 3982 erit
3104 3929 3360 3995 mundus,
3390 3932 3491 3987 nisi
3514 3930 3749 4002 abjicia-

2163 4016 2268 4062 tur.
2295 4009 2389 4063 Vel
2418 4012 2490 4064 ita
2520 4030 2538 4063 ι
2576 4028 2677 4085 ego
2706 4030 2824 4069 sum
2849 4018 3046 4074 vermis
3084 4035 3104 4071 ι
3143 4021 3346 4076 habens
3373 4023 3550 4079 verbis
3580 4035 3749 4081 natu-

2162 4111 2300 4162 ram,
2345 4098 2573 4166 scilicet,
2601 4103 2725 4171 quia
2767 4104 2908 4159 sicut
2952 4109 3153 4163 vermis
3183 4110 3300 4165 sine
3333 4113 3540 4168 semine
3568 4116 3747 4185 patris

2160 4196 2476 4256 procreatur
2504 4190 2569 4245 de
2602 4201 2766 4259 terra,
2819 4195 2893 4250 ita
2916 4194 3164 4254 Christus
3192 4200 3260 4255 de
3285 4210 3460 4258 matre
3504 4213 3742 4272 tantum,

2166 4294 2184 4327 ι
2220 4291 2324 4331 non
2349 4278 2510 4334 homo
2536 4299 2555 4333 ι
2581 4290 2809 4350 tantum,
2828 4288 2919 4342 sed
2940 4296 2996 4342 et
3017 4288 3175 4345 Deus.
3193 4288 3288 4346 Vel
3316 4311 3331 4342 ι
3357 4307 3465 4348 non
3495 4294 3681 4360 homo,
3715 4317 3738 4350 ι

2162 4365 2213 4419 id
2243 4376 2325 4420 est
2351 4380 2630 4437 peccator,
2672 4374 2799 4441 quia
2834 4386 3116 4447 peccatum
3146 4380 3290 4450 quod
3323 4391 3407 4436 est
3454 4386 3745 4455 proprium

2163 4461 2397 4517 hominis
2426 4479 2533 4519 non
2569 4466 2774 4522 habuit.

2231 4553 2343 4625 Ego
2381 4563 2486 4612 tam
2524 4556 2733 4628 dignus,
2767 4561 3115 4630 opprobrium
3161 4566 3437 4622 hominum
3482 4584 3647 4625 sum:
3682 4582 3744 4627 et

2160 4655 2281 4695 cum
2305 4646 2649 4713 opprobrium
2674 4663 2813 4715 sum,
2850 4668 2868 4700 ι
2891 4652 3016 4719 quia
3040 4668 3227 4710 omnes
3258 4656 3502 4715 videntes
3531 4676 3620 4716 me
3646 4664 3743 4717 de-

2160 4731 2413 4798 riserunt,
2446 4755 2464 4786 ι
2500 4736 2703 4793 scilicet
2738 4757 2756 4788 ι
2788 4751 2917 4795 sunt
2961 4742 3123 4799 locuti
3153 4766 3171 4798 ι
3215 4746 3283 4801 de
3312 4763 3398 4803 me
3432 4770 3452 4802 ‹
3495 4750 3674 4809 labiis.
3711 4775 3734 4807 ι

2157 4818 2324 4890 Loqui
2354 4822 2531 4888 labiis,
2555 4835 2635 4880 est
2666 4829 2783 4883 sine
2812 4832 3121 4887 rationabili
3159 4837 3512 4895 meditatione
3539 4840 3691 4912 loqui
3719 4863 3736 4899 :

2154 4919 2209 4966 et
2236 4913 2315 4967 sic
2337 4914 2500 4968 etiam
2529 4931 2613 4970 me
2633 4919 2965 4989 deriderunt,
2988 4936 3289 4993 moverunt,
3316 4929 3525 4985 scilicet
3548 4936 3741 5003 capita

2153 5020 2248 5059 sua
2278 5004 2414 5075 (Mat
2436 5008 2489 5061 Iz.
2508 5024 2685 5078 xxvii;
2718 5000 2885 5068 Marc.
2911 5017 3022 5088 xv).
3046 5016 3259 5075 Movere
3276 5030 3435 5090 caput
3453 5032 3538 5078 est
3557 5000 3739 5094 genus

2152 5096 2456 5155 derisionis.

2231 5190 2535 5248 Derideado
2562 5193 2813 5251 dixerunt
2846 5216 2859 5250 :
2895 5217 2912 5248 ι
2952 5198 3201 5269 Speravit
3244 5202 3298 5256 in
3341 5203 3572 5264 Domino
3607 5228 3628 5261 ι
3671 5220 3737 5264 ut

2154 5283 2265 5351 ipse
2293 5282 2443 5348 dicit,
2477 5285 2636 5340 modo
2670 5304 2686 5337 ι
2724 5286 2920 5357 eripiat
2950 5303 3071 5343 eum
3108 5310 3125 5341 ι
3158 5306 3187 5345 a
3211 5294 3459 5350 manibus
3496 5301 3728 5364 nostris.

2149 5373 2232 5427 vel
2273 5374 2462 5428 saltem
2493 5395 2511 5427 ι
2542 5374 2705 5430 faciat
2744 5392 2867 5434 eum
2912 5380 3120 5436 salvum
3154 5401 3173 5435 ›
3208 5400 3488 5455 resurgere
3536 5407 3554 5441 ι
3588 5407 3735 5461 quo~

2149 5465 2292 5519 niam
2319 5466 2432 5521 vult
2466 5483 2608 5522 cum.
2651 5486 2669 5521 ι
2701 5468 2803 5540 1ρεί
2835 5472 3023 5527 dicunt
3045 5476 3238 5545 eripiat
3262 5492 3384 5532 eum
3409 5488 3465 5533 et
3493 5482 3728 5548 similia,

2146 5559 2240 5613 sed
2283 5567 2360 5624 tu,
2390 5559 2636 5628 Domine,
2671 5582 2688 5613 ‹
2722 5577 2789 5617 ne
2819 5565 3132 5624 discesseris
3155 5583 3187 5623 a
3221 5586 3329 5637 me,
3362 5591 3380 5625 ι
3420 5573 3471 5628 id
3502 5584 3609 5639 est,
3639 5576 3731 5632 fac

2147 5663 2234 5703 me
2255 5664 2555 5720 resurgere.

2217 5741 2279 5796 Et
2307 5746 2589 5813 praemittit
2618 5761 2855 5818 causam,
2889 5767 3055 5822 quare
3096 5769 3222 5809 non'
3244 5754 3399 5812 debet
3433 5757 3727 5816 discedere
