3984 6442
157 415 270 475 365
856 402 887 423 ’

1321 414 1758 474 EXPLANATIO
1798 415 1861 471 IN
1900 417 2237 477 PSALMOS.

3308 418 3413 474 266

158 531 243 587 sic
275 546 290 583 :
321 528 442 586 ideo
484 542 554 585 ne
597 528 935 599 discesseris,
972 548 991 583 ι
1023 529 1279 603 quoniam
1318 538 1374 585 tu
1413 544 1474 586 es
1511 528 1603 601 qui
1642 545 1738 583 ex-
1765 532 1817 593 Α
1848 549 1866 581 ι
1901 538 2160 602 tanquam
2181 540 2339 589 testa.
2378 552 2397 586 ι
2435 532 2533 588 Vel
2561 551 2579 585 ι
2612 532 2753 589 aruit
2774 541 3027 605 tanquam
3057 543 3216 602 testa,
3245 556 3264 591 ι
3290 538 3419 608 quia

163 642 185 676 ι
220 624 433 679 traxisti
457 639 547 679 me
575 623 642 680 de
661 634 867 691 ventre,
906 645 924 676 ι
956 626 1080 696 quia
1116 634 1172 680 tu
1202 626 1348 682 solus
1373 633 1565 681 natura
1596 624 1741 679 nulla

1846 624 1985 677 sicut
2007 632 2145 680 testa
2172 626 2539 681 combustione
2562 627 2784 683 solidior
2804 636 2858 682 et
2876 626 3068 684 fortior
3094 628 3175 694 fit,
3207 630 3280 684 ita
3308 631 3419 685 vir-

159 718 451 789 adjuvante
484 714 662 772 fecisti
693 731 779 772 me
813 719 962 773 nasci
994 736 1007 772 :
1037 718 1162 788 quia
1193 734 1315 773 cum
1344 718 1397 773 in
1428 718 1546 772 aliis
1575 716 1746 773 soleat
1845 726 1951 781 tus,
1982 717 2185 772 Christi
2236 718 2358 789 igne
2404 720 2672 789 passionis
2722 721 3067 791 comprobata
3088 761 3103 786 ,
3148 722 3419 779 robustior

159 817 357 866 natura
384 808 602 880 operari
630 824 751 863 cum
780 808 1080 875 divinitate,
1124 808 1178 863 in
1222 809 1327 863 isto
1369 808 1483 863 solo
1518 815 1743 877 operata

157 900 431 968 divinitas,
461 917 567 957 non
590 910 783 957 natura
810 920 822 957 :
852 912 907 958 et
934 912 1156 975 propter
1178 901 1280 958 hoc
1304 918 1411 957 non
1434 903 1600 959 debes
1625 903 1739 958 dis-

154 999 374 1065 cedere,
399 998 656 1069 quoniam
696 1006 752 1053 tu
781 1013 842 1054 es
868 1018 887 1049 ι
909 1014 1032 1069 spes
1054 1014 1173 1053 mea
1192 1015 1223 1053 a
1242 997 1522 1066 juventute
1549 1013 1688 1064 mea,
1714 1018 1732 1052 ι

156 1090 212 1146 id
238 1098 323 1146 est
352 1105 475 1145 cum
497 1090 674 1145 adhuc
700 1105 946 1162 sugerem
975 1091 1163 1157 ubera,
1187 1098 1354 1144 totam
1378 1105 1529 1160 spem
1559 1106 1738 1147 meam

154 1179 309 1249 posui
337 1179 390 1233 in
421 1186 494 1233 te.
518 1178 575 1233 ln
593 1178 698 1234 hoc
720 1178 959 1235 maxime
990 1187 1145 1234 notat
1168 1179 1556 1249 perfectionem
1579 1179 1739 1236 Chri-

154 1270 223 1325 sti
256 1286 268 1323 :
298 1276 353 1324 et
378 1277 602 1339 propter
622 1269 725 1324 hoc
746 1269 942 1324 iterum
966 1284 1073 1325 non
1102 1270 1264 1325 debes
1290 1270 1587 1337 discedere,
1610 1271 1736 1341 quia

160 1380 177 1411 ε
212 1362 486 1432 projectus
508 1376 626 1416 sum
650 1376 717 1416 ex
745 1372 922 1429 utero,
952 1381 969 1415 ι
1004 1362 1057 1418 id
1080 1373 1164 1419 est
1188 1380 1253 1419 ex
1280 1379 1386 1434 quo
1408 1380 1525 1419 sum
1552 1374 1731 1431 natus,

153 1450 278 1505 vilis
304 1451 520 1506 habitus
554 1466 675 1505 sum
701 1460 757 1506 et
784 1466 1007 1523 egenus,
1040 1453 1189 1508 velut
1213 1453 1439 1523 quilibet
1467 1453 1730 1523 abjectus,

1842 808 2129 877 apparuit:
2166 826 2184 858 ι
2220 808 2493 879 Et’lingua
2525 825 2644 865 mea
2675 811 2902 865 adhaesit
2930 810 3175 867 faucibus
3202 815 3358 880 meis,
3393 834 3410 866 ι

1842 897 1894 952 id
1932 907 2038 964 est,
2085 899 2174 969 qui
2200 899 2350 970 prius
2395 900 2633 956 solebam
2680 902 2902 967 docere,
2934 902 3198 971 conticui,
3230 912 3288 958 ut
3318 920 3419 960 nec

1840 989 2015 1046 Pilato
2045 992 2399 1064 interroganti
2432 995 2816 1065 responderem
2844 995 3056 1065 (Matth.
3090 998 3282 1068 xxvii).
3314 998 3419 1054 Po-

1840 1089 1946 1137 test
1977 1083 2091 1137 ‘hoc
2129 1083 2345 1153 quidam
2391 1084 2497 1156 legi
2547 1085 2614 1140 ad
2653 1086 2994 1158 allegoriam,
3038 1092 3285 1159 quamvis
3330 1091 3419 1146 hic

1837 1171 2014 1228 locum
2036 1188 2143 1228 non
2172 1174 2399 1241 habeat;
2427 1175 2508 1231 sic
2539 1194 2557 1228 ι
2588 1176 2767 1247 lingua
2807 1194 2949 1245 mea,
2980 1198 2997 1230 ι
3036 1180 3088 1234 id
3119 1190 3202 1236 est
3225 1182 3418 1250 praedi-

1837 1272 2048 1319 catores
2070 1265 2196 1331 mei,
2213 1280 2311 1335 per
2330 1283 2465 1338 quos
2487 1283 2586 1339 ego
2604 1270 2796 1339 loquor
2822 1288 2841 1321 ‹
2864 1271 3090 1327 adhaesit
3112 1272 3410 1341 faucibus»

1835 1353 1890 1409 id
1920 1362 2007 1408 est
2032 1356 2238 1410 sanctis
2268 1354 2586 1429 Scripturis,
2611 1359 2905 1414 secundum
2938 1376 3075 1430 quas
3104 1363 3203 1433 ipsi
3227 1366 3419 1433 praedi-

1832 1457 2112 1504 caverunt.
2158 1448 2455 1520 Scriptum
2496 1451 2748 1507 dicuntur
2795 1452 2979 1509 fauces
3020 1454 3137 1520 Dei,
3163 1457 3287 1525 quia
3318 1474 3418 1527 per

154 1543 365 1598 scilicet
387 1558 494 1598 non
516 1559 636 1599 sum
666 1543 939 1614 projectus
970 1546 1023 1600 in
1054 1545 1245 1610 Adam,
1275 1546 1480 1602 scilicet
1510 1562 1614 1602 non
1646 1562 1733 1603 re.
1831 1556 1925 1596 eas
1953 1542 2258 1613 incorporat
2289 1544 2393 1599 sibi
2437 1545 2646 1614 aliquos
2666 1586 2680 1611 ,
2714 1546 2853 1602 sicut
2892 1563 2987 1617 per
3020 1548 3205 1605 fauces
3241 1551 3415 1606 bellua

150 1636 295 1706 cepit
325 1651 410 1691 me
435 1645 737 1707 peccatum,
769 1637 862 1692 sed
894 1658 911 1688 ι
947 1638 1001 1693 in
1040 1647 1092 1692 te
1128 1659 1144 1690 ι
1183 1639 1272 1708 qui
1316 1654 1403 1693 me
1447 1640 1728 1695 custodisti
1831 1633 1931 1687 sibi
1976 1634 2288 1704 incorporat
2314 1636 2533 1705 aliquid.
2576 1655 2594 1688 ι
2635 1637 2699 1692 Et
2728 1638 2994 1694 deduxisti
3023 1656 3109 1695 me
3144 1640 3196 1693 in
3224 1642 3413 1710 pulve-

150 1725 448 1781 immunem
472 1728 541 1783 ab
569 1727 715 1782 omni
738 1736 983 1798 peccato,
1015 1738 1232 1799 propter
1261 1731 1403 1800 quod
1428 1746 1534 1785 non
1564 1730 1727 1787 debes
1828 1740 1941 1779 rem
1995 1726 2204 1792 mortis,
2239 1746 2258 1777 ι
2295 1728 2348 1783 id
2374 1736 2458 1783 est
2508 1728 2759 1799 redegisti
2804 1746 2889 1786 me
2917 1732 2971 1785 in
3001 1731 3276 1801 pulverem
3319 1748 3417 1803 per

149 1816 427 1872 discedere
447 1832 479 1871 a
504 1833 612 1873 me.
640 1818 708 1873 Et
731 1820 861 1875 item
884 1828 1105 1890 propter
1125 1820 1244 1883 hoc,
1268 1820 1523 1889 quoniam
1552 1830 1639 1875 «tu
1665 1836 1725 1877 es
1761 1890 1800 1894 _
1828 1824 2081 1881 mortem,
2111 1832 2219 1872 non
2246 1819 2388 1887 quod
2418 1833 2613 1888 corpus
2650 1818 2765 1887 ejus
2794 1829 3149 1890 putresceret,
3186 1822 3279 1878 sed
3304 1824 3417 1894 pul-

147 1907 291 1963 Deus
313 1923 485 1975 mens,
521 1929 540 1962 ι
569 1909 624 1965 id
649 1918 733 1966 est
758 1910 1097 1967 unitusmon
1124 1920 1334 1966 tantum
1359 1913 1575 1983 quando
1586 1925 1735 1985 pate.
1761 1890 1809 1951 Β
1835 1921 2016 1962 verem
2058 1908 2256 1979 accipit
2298 1910 2656 1980 quodcunque
2700 1925 2896 1981 corpus
2943 1922 3225 1983 postquam
3269 1890 3416 1968 mor-

144 2000 243 2055 bat
256 2016 352 2071 per
366 2000 645 2070 miracula,
666 2004 761 2059 sed
781 2022 799 2057 ι
820 2004 885 2059 de
896 2013 1107 2071 ventre,
1131 2023 1150 2057 ι
1170 2004 1222 2059 id
1237 2016 1396 2061 estex
1422 2006 1513 2061 illo
1530 2015 1734 2077 tempo-

144 2106 209 2147 re
239 2092 295 2146 in
327 2108 433 2163 quo
453 2094 625 2151 adhuc
650 2111 800 2152 eram
820 2097 876 2152 in
897 2106 1106 2155 ventre.
1139 2096 1274 2153 Cum
1298 2098 1512 2154 invocat
1535 2115 1602 2155 ne
1624 2099 1733 2156 dis-

144 2185 401 2253 cesseris,
448 2185 601 2257 ponit
629 2186 1063 2259 deprecationem
1091 2198 1280 2245 contra
1305 2189 1728 2247 derelictionem.

217 2274 371 2347 Rogo
411 2292 481 2333 ne
510 2278 791 2347 discedas,
815 2288 870 2336 et
901 2295 1037 2351 opus
1068 2289 1174 2347 est,
1208 2299 1227 2332 ι
1262 2280 1533 2348 Quoniam
1563 2283 1733 2338 tribu-

144 2367 276 2424 latio
310 2370 556 2439 proxima
601 2380 716 2447 est,
749 2391 768 2426 ι
799 2373 855 2429 id
904 2381 987 2429 est
1023 2373 1135 2447 jam
1165 2374 1299 2429 mihi
1341 2375 1606 2432 imminet.
1634 2376 1732 2433 Vel

141 2459 424 2529 proxima,
457 2462 583 2531 quia
635 2446 689 2518 in
733 2478 854 2519 mea
900 2446 1119 2535 propria
1158 2478 1393 2535 persona
1438 2476 1542 2523 est.
1575 2466 1730 2534 Quod

140 2554 289 2608 enim
318 2552 377 2607 lit
402 2553 457 2609 in
484 2555 645 2611 rebus
673 2556 973 2613 nostrisvel
989 2557 1198 2624 amicis,
1225 2558 1589 2629 propinquum
1620 2566 1727 2627 est;

139 2648 289 2716 quod
316 2658 497 2703 autem
522 2648 579 2703 in
607 2648 764 2704 nobis
785 2648 937 2720 ipsis,
963 2651 1274 2720 proximum
1302 2657 1405 2707 est.
1436 2652 1572 2707 Item
1600 2668 1729 2724 pro-

136 2748 268 2809 pter
316 2739 424 2795 hoc
457 2754 594 2810 opus
617 2747 720 2806 est,
758 2758 777 2792 ι
810 2742 1066 2811 quoniam
1096 2758 1203 2798 non
1239 2749 1323 2799 est
1356 2761 1375 2796 ι
1407 2744 1545 2801 alius
1581 2764 1599 2798 ι
1636 2745 1729 2816 qui

136 2829 379 2899 adjuvet.
417 2851 436 2885 ι
471 2830 573 2886 Hic
596 2830 786 2903 incipit
816 2831 884 2889 de
910 2833 1185 2903 passione.

211 2922 358 2977 Bene
400 2922 541 2989 dico,
580 2922 724 2993 quod
750 2923 1026 2981 tribulatio
1050 2924 1296 2996 proxima
1335 2934 1438 2992 est,
1472 2927 1728 2997 quoniam

132 3012 297 3068 vituli
354 3013 529 3079 multi,
582 3031 602 3065 ι
656 3015 710 3071 id
739 3023 823 3071 est
861 3016 1148 3072 multitudo
1176 3016 1355 3087 populi
1390 3016 1599 3073 Iudaici
1633 3018 1727 3090 qui

134 3105 499 3163 lasciviebant
520 3112 712 3162 contra
743 3104 1043 3175 Christum,
1075 3108 1223 3163 nullo
1245 3110 1542 3179 compressi
1562 3109 1721 3181 jugo:

133 3207 331 3254 contra
353 3214 475 3254 eum
497 3199 636 3255 sicut
653 3199 809 3255 vituli
829 3199 1138 3267 lasciviunt,
1167 3216 1301 3271 quos
1321 3202 1559 3257 nondum
1583 3217 1728 3257 com-

132 3291 329 3363 primit
346 3291 555 3364 jugum.
587 3292 653 3349 Hi
683 3294 817 3351 tales
837 3296 994 3350 vituli
1030 3314 1048 3347 ι
1081 3296 1556 3352 circumdederunt
1576 3311 1663 3352 me
1700 3318 1719 3351 ι

133 3399 210 3439 ex
236 3399 343 3453 quo
382 3385 721 3455 inceperunt
758 3400 930 3455 usque
973 3386 1029 3441 in
1071 3386 1243 3457 ipsam
1272 3395 1502 3442 mortem
1537 3404 1556 3437 ι
1590 3388 1729 3443 tauri

132 3480 391 3552 pingues,
440 3499 459 3532 ι
490 3479 545 3534 id
582 3487 667 3534 est
707 3478 808 3548 ipsi
832 3479 1107 3549 principes
1134 3488 1320 3534 contra
1344 3478 1618 3535 Christum
1648 3480 1727 3535 fe—

134 3584 298 3624 roces
316 3587 335 3620 ι
357 3567 685 3623 obsederunt
695 3583 782 3622 me
804 3587 822 3620 ι
838 3608 853 3633 ,
871 3568 923 3623 id
937 3578 1021 3623 est
1034 3584 1184 3625 mora
1202 3578 1258 3626 et
1273 3571 1499 3627 consilio
1511 3573 1730 3642 quaesieo

136 3666 384 3714 runt.me
412 3666 589 3714 morte
622 3674 952 3732 expugnare,
977 3661 1045 3716 ad
1067 3662 1285 3717 modum
1308 3663 1692 3721 obsidentium.

211 3751 283 3805 Et
307 3750 361 3805 hi
388 3751 701 3807 obsidentes
737 3760 793 3808 et
833 3752 1232 3810 circumdantes
1262 3774 1280 3808 ι
1314 3767 1644 3828 aperuerunt
1668 3773 1731 3815 os

134 3858 321 3906 suum,
344 3861 363 3895 ι
392 3843 446 3897 id
488 3852 572 3898 est
600 3844 768 3899 multa
818 3846 981 3901 locuti
1012 3856 1137 3903 sunt
1163 3866 1181 3899 ι
1210 3862 1374 3918 super
1399 3864 1507 3915 me,
1530 3868 1549 3902 ι
1574 3850 1624 3905 id
1645 3859 1730 3907 est

132 3936 209 3991 ad
240 3950 416 3991 meam
447 3936 849 4006 depressionem
869 3977 885 4003 ,
913 3956 932 3989 ι
962 3938 1102 3993 sicut
1141 3937 1227 3994 leo
1263 3940 1481 4011 rapiens
1528 3948 1582 3995 et
1630 3956 1724 3995 ru-

135 4028 297 4100 giens
342 4045 361 4078 »
413 4034 733 4097 rapuerunt,
782 4042 905 4082 cum
934 4036 1059 4083 ante
1081 4028 1319 4099 iudicem
1351 4037 1653 4085 traxerunt.

212 4120 417 4176 Deinde
456 4138 476 4172 ι
510 4120 715 4177 eﬂusus
755 4136 906 4188 sum,
944 4139 962 4173 ι
996 4121 1051 4177 id
1073 4129 1160 4177 est
1188 4122 1400 4179 occisus
1441 4138 1561 4178 sum
1603 4126 1724 4180 fun-

134 4213 318 4271 dendo
346 4214 665 4285 sanguinem
701 4214 755 4269 in
793 4214 981 4271 latere.
1034 4214 1101 4270 Et
1127 4215 1231 4271 hoc
1257 4224 1340 4271 est
1375 4218 1519 4287 quod
1545 4217 1717 4273 dicit:

144 4325 163 4357 ι
204 4304 347 4360 sicut
394 4319 556 4374 aqua.
590 4324 609 4357 ι
647 4305 715 4360 Et
752 4304 889 4361 bene
930 4314 1207 4376 comparat
1248 4314 1475 4361 mortem
1515 4306 1722 4363 Christi

134 4396 325 4453 effusa:
349 4412 524 4467 aquae,
552 4398 677 4469 quia
699 4398 841 4453 sicut
865 4397 1032 4453 eli‘usa
1068 4414 1207 4468 aqua
1236 4408 1395 4470 parat
1425 4398 1635 4453 ruinam
1666 4407 1723 4455 et

134 4488 306 4543 etiam
336 4486 505 4554 lavat,
537 4488 610 4542 ita
639 4503 784 4543 mors
811 4487 1013 4543 Christi
1043 4489 1367 4559 quibusdam
1392 4499 1476 4545 est
1510 4490 1579 4544 ad
1610 4490 1720 4544 rui-

1836 2006 1986 2052 tuum
2025 2007 2131 2064 est,
2151 1996 2307 2066 juxta
2337 1999 2498 2054 verba
2526 2015 2644 2069 quae
2671 2000 2931 2055 Dominus
2955 2002 3085 2056 dicit
3105 2002 3172 2057 ad
3199 2001 3372 2057 Adam
3397 2020 3412 2059 :

1838 2110 1856 2143 ι
1877 2089 2025 2147 Cinis
2046 2106 2127 2158 es,
2161 2099 2216 2146 et
2241 2091 2295 2146 in
2326 2091 2563 2147 cinerem
2599 2092 2889 2148 reverteris
2916 2089 3067 2165 (Gen.
3098 2091 3207 2165 Ill),
3233 2113 3251 2144 ι
3281 2094 3417 2149 dans

1832 2187 2192 2243 universalem
2247 2187 2572 2243 sententiam
2612 2186 2681 2243 de
2727 2188 2874 2243 omni
2915 2188 3152 2243 humana
3196 2196 3412 2243 natura.

1831 2276 1958 2333 Ilaec
2005 2280 2275 2333 sententia
2317 2294 2447 2334 vera
2485 2288 2569 2333 est
2615 2280 2721 2335 illis
2776 2281 2866 2351 qui
2909 2281 3016 2335 vivi
3072 2282 3419 2338 invenientur

1832 2384 1952 2423 cum
1980 2368 2242 2424 Dominus
2268 2369 2475 2425 venerit
2491 2368 2736 2438 judicare
2760 2389 2773 2425 :
2801 2371 2926 2442 quia
2948 2372 3074 2428 licet
3096 2388 3201 2428 non
3234 2381 3415 2443 putre-

1830 2458 1984 2524 fiant,
2001 2459 2247 2517 tamenin
2263 2460 2378 2530 ipso
2391 2470 2546 2531 raptu
2563 2462 2918 2517 movebuntur
2937 2463 3022 2518 vel
3039 2464 3092 2518 in
3112 2464 3412 2534 pulverem,

1832 2550 2128 2606 secundum
2158 2551 2466 2621 opinionem
2494 2550 2821 2608 Iudaeorum.
2854 2553 3041 2611 Potest
3061 2564 3117 2610 et
3139 2557 3242 2612 hoc
3276 2556 3408 2612 alle-

1831 2644 2014 2713 gorice
2054 2643 2189 2716 legi,
2225 2645 2318 2700 sed
2359 2645 2448 2700 hic
2484 2661 2590 2701 non
2631 2646 2794 2702 habet
2834 2647 3012 2704 locum
3042 2667 3056 2704 :
3090 2670 3109 2702 ι
3140 2652 3411 2708 deduxisti

1831 2752 1917 2793 me
1954 2757 1974 2789 ι
2034 2754 2131 2810 per
2173 2739 2612 2809 praedicationem
2676 2756 2919 2799 meorum
2967 2762 2986 2796 ‹
3036 2746 3091 2800 in
3138 2747 3415 2817 pulverem

1830 2827 2041 2893 mortis,
2086 2846 2105 2879 ι
2128 2828 2205 2897 [id
2230 2836 2313 2883 est
2334 2828 2386 2883 in
2414 2829 2662 2898 gentiles,
2691 2832 2781 2902 qui
2811 2831 2985 2902 pulvis
3006 2843 3184 2902 erant,
3210 2836 3414 2893 scilicet

1828 2935 1937 2975 non
1967 2919 2203 2992 colligati
2235 2919 2450 2977 vinculo
2471 2920 2596 2978 fidei
2621 2921 2705 2975 vel
2726 2922 3032 2992 charitatis,
3058 2934 3114 2983 et
3134 2928 3331 2982 mortui
3356 2928 3412 2983 in

1828 3012 2089 3084 peccatis.

1900 3108 2026 3165 Haec
2070 3109 2254 3166 omnia
2296 3109 2437 3164 mala
2483 3109 2604 3165 ideo
2652 3117 2919 3165 venerunt
2952 3128 2971 3161 ι
3000 3108 3257 3179 quoniam
3306 3111 3414 3167 cir-

1830 3202 2221 3259 cumdederunt
2266 3217 2353 3258 me
2375 3215 2536 3257 canes
2558 3199 2731 3267 multi,
2770 3220 2789 3253 ι
2820 3200 2872 3255 id
2893 3208 2976 3256 est
3001 3199 3192 3267 Judaei,
3210 3201 3302 3273 qui
3328 3200 3416 3256 di-

1833 3301 2033 3349 cuntur
2052 3308 2239 3358 canes,
2262 3292 2410 3362 quia,
2441 3291 2582 3347 sicut
2602 3306 2786 3356 canes,
2805 3290 3045 3345 illatrant
3071 3291 3416 3348 irrationabi-

1832 3373 2003 3439 liter:
2036 3384 2160 3453 quia
2208 3383 2253 3437 si
2306 3383 2526 3437 videant
2572 3381 2845 3438 insolitum
2895 3381 3126 3452 aliquid,
3160 3383 3323 3437 etiam
3366 3384 3415 3439 si

1830 3478 2030 3532 bonum
2052 3477 2133 3531 eis
2153 3474 2363 3542 aﬁ'erat,
2381 3476 2649 3541 illatrant;
2679 3476 2727 3532 si
2750 3476 2969 3532 videant
2995 3476 3411 3551 solitum,etiam

1831 3566 1877 3621 si
1896 3565 2084 3620 inutile
2104 3566 2195 3632 sit,
2213 3565 2575 3636 applaudunt;
2597 3566 2671 3620 ita
2697 3564 2868 3621 Judaei
2890 3566 3191 3622 doctrinam
3211 3567 3414 3625 Christi

1831 3661 2077 3730 quamvis
2119 3661 2351 3726 bonam,
2389 3669 2569 3716 tamen
2610 3663 2737 3731 quia
2783 3662 3001 3718 insolita
3039 3673 3181 3729 erat,
3210 3667 3411 3737 rejece-

1832 3761 1959 3808 runt
1999 3767 2015 3806 :
2053 3752 2099 3808 si
2146 3753 2439 3808 secundum
2487 3768 2642 3808 suam
2677 3752 2850 3825 legem
2898 3754 3248 3824 praedicasset
3297 3759 3411 3825 eis,

1830 3842 2148 3915 gauderent,
2194 3844 2320 3913 quia
2368 3858 2459 3899 res
2502 3843 2658 3899 solita
2700 3843 2947 3914 quamvis
3002 3844 3204 3901 inutilis
3246 3858 3408 3903 esset.

1833 3955 1853 3988 ‹
1884 3933 2183 3990 Concilium
2224 3934 2653 4005 malignantium,
2690 3953 2710 3987 ι
2761 3934 2815 3990 id
2854 3943 2940 3991 est
2976 3936 3278 4008 principum
3318 3939 3412 4010 qui

1826 4028 1959 4083 mihi
1988 4028 2130 4084 male
2166 4027 2441 4095 volebant,
2475 4046 2493 4080 ι
2529 4028 2760 4096 obsedit,
2796 4043 2903 4096 me,
2938 4048 2957 4081 ι
2992 4029 3046 4085 id
3067 4038 3150 4086 est
3180 4032 3410 4088 consilio

1825 4128 2056 4175 mortem
2081 4120 2351 4191 quaesivit.

1893 4210 2069 4265 Etiam
2111 4228 2130 4261 ι
2170 4210 2423 4265 foderunt
2476 4226 2702 4279 manus;
2744 4232 2764 4266 ι
2798 4212 2926 4269 licet
2953 4214 3098 4269 enim
3150 4231 3257 4272 non
3309 4233 3409 4289 per

1824 4301 2032 4371 seipsos
2062 4299 2320 4366 facerent,
2350 4310 2532 4358 tamen
2566 4303 2820 4358 dicuntur
2858 4304 3073 4371 fecisse,
3105 4309 3230 4377 quia
3271 4325 3408 4379 prae-

1824 4403 1981 4465 cepto
2004 4394 2245 4465 ipsorum
2270 4392 2454 4450 ﬁebat.
2480 4393 2668 4450 Melius
2693 4396 2833 4450 dixit
2865 4416 2884 4448 ι
2918 4397 3167 4453 foderunt
3199 4419 3217 4451 ι
3244 4415 3405 4470 quam

1824 4484 2233 4551 transﬁxerunt,
2267 4486 2393 4554 quia
2435 4485 2577 4540 sicut
2613 4493 2758 4542 terra
2798 4485 2941 4541 fossa
2990 4487 3297 4557 fructificat,
3332 4493 3407 4547 ita

136 4596 288 4646 nam,
318 4580 636 4651 quibusdam
667 4579 889 4635 abolitio
919 4598 930 4634 :
970 4600 987 4632 ι
1021 4580 1087 4634 Et
1110 4580 1352 4650 dispersa
1384 4590 1508 4635 sunt
1535 4580 1717 4635 omnia
1744 4598 1799 4661 ι)
1824 4575 1914 4630 illa
1941 4574 2321 4632 fossioCbristi
2344 4576 2641 4631 maximum
2661 4578 2895 4633 fructum
2919 4579 3096 4635 dedit:
3124 4601 3141 4632 ι
3164 4590 3219 4636 et
3240 4584 3406 4652 pedes

135 4686 264 4727 ossa
302 4686 443 4738 mea,
482 4691 501 4724 ι
550 4672 603 4727 id
626 4679 709 4727 est
729 4670 975 4739 apostoli,
1005 4670 1095 4741 qui
1121 4670 1456 4726 robustiores
1483 4679 1641 4725 erant
1664 4670 1719 4726 in

137 4778 373 4832 corpore
397 4762 617 4819 Christi.

209 4853 279 4908 Et
311 4871 329 4904 ι
366 4869 462 4909 eor
489 4868 690 4918 meum,
722 4871 742 4914 ›
778 4853 831 4908 id
859 4860 943 4908 est
970 4850 1211 4907 doctrina
1236 4866 1377 4916 mea,
1410 4851 1463 4906 in
1494 4866 1598 4922 qua
1629 4867 1723 4907 ex-

138 4944 362 5014 ponitur
404 4943 653 4998 voluntas
682 4957 825 5008 mea,
875 4962 893 4991 ι
934 4949 1017 4997 est
1055 4940 1260 4995 factum
1306 4949 1563 5012 tanquam
1596 4957 1718 4998 cera

139 5036 467 5108 liquescens,
498 5056 516 5089 ι
551 5036 602 5091 id
647 5044 730 5091 est
771 5049 893 5090 cum
928 5042 1087 5088 antea
1121 5040 1264 5088 esset
1286 5033 1453 5088 solida
1480 5042 1535 5089 et
1561 5034 1717 5089 ﬁrma

141 5129 195 5185 in
226 5129 359 5201 ipsis
400 5127 673 5201 apostolis,
698 5127 819 5199 igne
858 5125 1128 5197 passionis
1158 5125 1373 5181 defecit.
1403 5124 1539 5181 Cum
1568 5128 1714 5183 enim

142 5224 404 5279 vidissent
430 5238 553 5278 eum
582 5229 757 5276 morte
794 5219 987 5285 teneri,
1029 5217 1342 5274 dilﬁdebant
1385 5218 1452 5274 de
1496 5236 1592 5276 sua
1623 5220 1717 5275 do-

143 5318 317 5373 ctrina
344 5333 356 5369 :
383 5315 514 5371 etin
543 5314 730 5385 paucis
758 5328 864 5367 non
890 5310 1107 5377 defecit,
1135 5311 1228 5366 sed
1256 5328 1273 5361 ι
1306 5310 1361 5364 in
1390 5312 1585 5379 medio,
1615 5333 1633 5365 ι
1661 5312 1717 5369 id

142 5417 223 5462 est
254 5408 310 5462 in
337 5406 608 5462 communi
641 5423 659 5454 ι
689 5403 895 5458 ventris
918 5403 1046 5467 mei,
1084 5421 1101 5453 ι
1134 5401 1188 5458 id
1218 5410 1301 5458 est
1325 5417 1460 5458 mea:
1492 5418 1717 5473 congre-

144 5500 395 5572 gationis.
419 5498 477 5553 In
503 5497 698 5567 quibus
729 5496 849 5553 ideo
878 5495 1097 5561 defecit,
1119 5493 1246 5565 quia
1270 5510 1394 5551 cum
1422 5495 1573 5566 prius
1600 5494 1713 5550 for-

145 5600 226 5647 tes
250 5591 496 5653 fuissent,
522 5588 681 5643 modo
709 5586 839 5644 facti
861 5594 1017 5643 erant
1042 5594 1251 5652 venter,
1274 5587 1329 5641 id
1353 5595 1437 5643 est
1471 5587 1681 5644 molles.

213 5682 283 5737 Et
310 5682 471 5738 etiam
503 5700 521 5731 ι
551 5680 724 5734 virtus
752 5693 895 5744 mea,
930 5698 948 5731 ι
990 5692 1109 5747 qua:
1134 5676 1287 5748 prius
1315 5677 1525 5733 virebat
1553 5679 1609 5734 in
1640 5678 1720 5736 eis

146 5774 271 5828 dum
314 5771 547 5827 facerem
585 5770 879 5835 miracula,
909 5769 1021 5839 ipsa
1053 5787 1079 5819 ι
1114 5767 1257 5823 aruit
1293 5788 1311 5821 ι
1346 5757 1719 5834 θχείοοθῑθξει

148 5864 279 5920 nihil
314 5864 638 5920 valetudinis
683 5863 881 5917 habere
928 5862 1205 5931 apparuit,
1243 5870 1486 5930 reputata
1515 5862 1720 5934 fragilis

543 5956 817 6018 Ρλτιιοι..
868 5953 1091 6017 CXVI.

1823 4684 1973 4724 meos
1994 4689 2012 4720 ι
2040 4668 2289 4725 foderunt
2309 4668 2495 4733 etiam,
2524 4688 2542 4720 ι
2573 4670 3053 4727 dinumeraverunt
3073 4673 3252 4728 omnia
3279 4690 3402 4731 ossa

1823 4775 1965 4825 mea,
2014 4780 2032 4812 ι
2094 4776 2200 4815 non
2229 4761 2372 4832 quod
2408 4760 2510 4831 ipsi
2536 4774 2859 4818 enumerare
2888 4765 3164 4832 curarent,
3203 4766 3296 4822 sed
3327 4767 3408 4823 sic

1823 4854 2185 4909 extenderunt
2217 4855 2361 4925 quod
2394 4870 2715 4911 enumerare
2743 4865 3059 4928 potuerunt.

1895 4947 1999 5002 Per
2024 4947 2158 5003 alios
2181 4947 2455 5013 foderunt,
2488 4948 2582 5003 sed
2610 4966 2628 4999 ι
2662 4949 2763 5019 ipsi
2800 4969 2818 5003 ι
2853 4950 2906 5006 in
2930 4953 3144 5023 propria
3171 4968 3405 5023 persona

1826 5037 2305 5093 consideraverunt
2345 5056 2363 5089 ι
2398 5052 2462 5092 ea
2486 5043 2627 5109 .‘quze
2672 5041 2737 5096 de
2784 5056 2871 5097 me
2907 5042 3109 5098 fiebant
3156 5062 3175 5094 ι
3229 5053 3284 5099 et
3316 5045 3403 5100 in-

1820 5137 2114 5201 spexerunt
2155 5144 2243 5184 me
2289 5148 2309 5181 ι
2342 5129 2497 5200 quasi
2522 5145 2636 5185 rem
2664 5132 3094 5203 beneplacitam,
3124 5146 3223 5205 per
3258 5136 3404 5206 quod

1820 5231 2040 5279 notatur
2080 5236 2267 5277 eorum
2318 5220 2517 5276 duritia
2562 5223 2841 5278 maxima:
2876 5242 2895 5276 ο
2944 5225 3253 5282 Diviserunt
3297 5227 3403 5282 sibi

1819 5313 2143 5367 vestimenta
2158 5325 2277 5365 mea
2299 5329 2317 5363 ι
2341 5310 2409 5365 ad
2430 5311 2777 5379 derisionem,
2806 5330 2825 5365 ι
2853 5322 2908 5369 et
2927 5329 3089 5387 super
3109 5318 3401 5386 quamdam

1817 5412 2022 5463 vestem
2038 5418 2232 5469 meam,
2271 5423 2289 5457 ι
2310 5404 2515 5460 scilicet
2536 5404 2914 5461 inconsutilem
2940 5408 3173 5463 tunicam
3199 5423 3399 5477 meam,

1830 5518 1847 5551 ‹
1884 5496 2150 5551 miserunt
2177 5505 2377 5551 sortem
2406 5495 2620 5569 (Matth.
2646 5513 2832 5565 xxv";
2862 5499 3020 5555 Joan.
3047 5500 3226 5574 xvm).
3258 5520 3279 5554 ι
3306 5500 3396 5555 Al-

1823 5588 2055 5661 legorice
2094 5587 2292 5658 legitur
2336 5589 2459 5644 sic:
2508 5608 2526 5642 ι
2571 5589 2882 5646 Diviserunt
2922 5592 3025 5647 sibi
3071 5592 3399 5651 vestimenta

1823 5695 1963 5747 mea,
1995 5700 2013 5732 ι
2040 5680 2095 5735 id
2118 5690 2203 5736 est
2235 5680 2565 5751 Scripturas,
2615 5684 2680 5739 de
2711 5684 2904 5753 quibus
2947 5684 3188 5740 hzerctici
3218 5686 3397 5743 diver-

1824 5790 1912 5831 sas
1936 5784 2119 5845 partes
2147 5783 2451 5841 traxerunt,
2482 5784 2536 5830 et
2564 5790 2726 5845 super
2752 5784 2957 5829 vestem
2991 5794 3189 5846 meam,
3216 5780 3268 5835 id
3312 5789 3400 5837 est

1825 5865 1983 5922 fidem
2012 5864 2352 5933 catholicam,
2379 5882 2498 5935 quae
2522 5881 2734 5937 semper
2770 5868 3016 5925 manibus
3057 5871 3267 5943 integra
3312 5887 3397 5939 re-

2926 5961 2965 6021 9
