3984 6460
549 390 655 449 Ξϐτ

1010 389 1364 448 HAYMONIS
1403 387 1884 446 HALBERSTAT.
1926 388 2141 446 EPISC.
2180 386 2332 447 OPP.
2372 389 2554 448 PARS
2591 392 2633 447 l.
2665 423 2735 436 -
2771 393 3127 453 COMMENT.
3167 399 3338 457 BIBL.

551 515 753 573 manet,
783 526 802 559 ι
837 506 1102 562 miserunt
1131 516 1352 570 sortem,
1388 526 1406 560 3
1434 507 1560 576 quia
1606 506 1957 578 intelligimus
2004 521 2124 563 eam
2149 510 2203 574 Α
2228 509 2335 565 erit
2368 528 2386 562 ι
2426 510 2478 565 in
2500 523 2821 584 conspectu,
2857 536 2877 569 3
2905 518 2957 573 id
2986 528 3088 585 εει,
3121 520 3174 575 in
3206 523 3513 593 cognitione
3559 544 3583 578 ι
3618 526 3840 586 limem

549 615 648 670 per
678 599 849 656 solam
876 598 1216 655 dilectionem
1243 599 1380 653 dari.

620 692 726 764 Ipsi
757 692 886 748 mihi
920 692 989 746 ita
1013 690 1271 755 fecerunt,
1298 690 1391 745 sed
1418 708 1436 742 ‹
1462 688 1803 755 tu,Domine,
1828 704 1896 744 ne
1916 687 2129 759 elonga-

551 788 696 843 veris
732 784 987 841 auxilium
1017 793 1165 837 tuum
1187 799 1218 836 a
1247 798 1353 849 me,
1393 801 1411 834 3
1440 781 1492 836 id
1515 791 1597 837 est
1620 796 1688 836 ne
1709 778 1927 835 differas
1952 793 2127 833 meam

550 878 1003 938 resurrectionem
1047 892 1218 946 usque
1253 876 1308 930 in
1346 890 1687 931 communem
1737 873 2003 939 omnium,
2033 872 2128 928 sed

551 973 728 1043 potius
760 988 778 1019 ι
808 969 876 1024 ad
904 965 1273 1023 defensionem
1314 982 1489 1021 meam
1518 965 1795 1035 conspice,
1830 983 1848 1015 3
1886 964 1939 1019 id
1967 972 2047 1018 est
2075 971 2127 1018 te

550 1066 813 1119 intentum
836 1062 1062 1116 ostende
1084 1075 1217 1115 meae
1237 1057 1518 1115 ollensioni
1545 1058 1654 1113 cito
1684 1057 2075 1112 resuscitando.

616 1153 749 1208 Dico
783 1171 802 1204 ι
824 1152 1132 1222 conspice,3
1162 1150 1235 1205 ita
1250 1150 1458 1206 scilicet
1491 1149 1621 1205 mihi
1652 1148 1896 1204 faciendo
1915 1167 1933 1199 ι
1952 1162 2128 1205 eruca

546 1245 751 1301 framea
790 1244 1027 1299 animam
1070 1258 1267 1307 meam,
1304 1262 1321 1293 3
1372 1241 1424 1296 id
1460 1249 1543 1297 est
1570 1256 1600 1296 a
1639 1248 1812 1296 morte
1852 1255 1921 1295 ne
1956 1240 2127 1309 ipsam

544 1335 715 1405 possit
737 1334 993 1396 retinere,
1019 1331 1145 1387 licet
1174 1339 1481 1401 separatam
1510 1345 1541 1383 a
1568 1343 1817 1399 corpore.
1840 1328 1985 1384 Mors
2006 1328 2129 1383 ideo

547 1426 745 1481 dicitur
772 1423 996 1488 framea,
1027 1423 1175 1492 quia,
1210 1423 1350 1477 sicut
1374 1422 1600 1486 framea,
1624 1421 1814 1475 dividit
1835 1421 2067 1475 animam
2096 1434 2128 1474 a

547 1531 810 1585 corpore:
847 1534 865 1566 ι
894 1522 949 1570 ει
979 1514 1045 1569 de
1075 1529 1232 1568 manu
1258 1514 1427 1579 canis,
1458 1532 1474 1564 3
1505 1512 1555 1567 id
1581 1520 1663 1567 est
1686 1511 1898 1566 Judaici
1921 1510 2125 1582 populi,

546 1622 676 1661 erue
703 1624 721 1656 ι
746 1606 960 1660 unicam
990 1619 1191 1669 meam,
1226 1624 1243 1656 3
1280 1604 1333 1658 id
1362 1612 1443 1659 est
1470 1605 1706 1658 animam
1737 1618 1933 1668 meam,
1963 1617 2127 1673 quam

546 1703 677 1757 dicit
699 1701 935 1767 unicam,
963 1700 1087 1769 quia
1121 1700 1235 1769 ipsa
1256 1714 1362 1754 una
1392 1699 1649 1754 immunis
1677 1715 1705 1753 a
1734 1706 1958 1770 peccato
1984 1697 2087 1753 fuit
2110 1716 2123 1751 :

546 1796 624 1852 sic
649 1795 840 1866 quaerit
864 1794 1001 1861 erui,
1051 1802 1111 1848 ut
1147 1809 1254 1848 non
1285 1793 1355 1848 sit
1391 1808 1519 1847 vera
1566 1793 1748 1862 opinio
1790 1807 2000 1857 eorum,
2030 1805 2130 1861 per

544 1905 705 1959 quam
733 1888 834 1959 ipsi
866 1886 1254 1942 existimabant
1282 1901 1406 1940 eum
1438 1885 1490 1939 in
1522 1894 1698 1939 morte
1729 1883 1983 1939 detineri.

614 1981 877 2038 Similiter
901 2000 918 2034 ι
943 1980 1093 2036 salva
1122 1996 1208 2036 me
1231 1995 1299 2034 ex
1321 1979 1622 2049 oreleonis,
1648 1998 1666 2029 3
1694 1978 1747 2034 id
1776 1986 1875 2042 est,
1902 1978 2125 2041 diaboli,

544 2077 638 2147 qui
662 2077 938 2132 Christum
968 2076 1021 2130 in
1043 2089 1139 2129 ore
1158 2074 1367 2138 habuit,
1404 2073 1530 2127 dum
1555 2086 1678 2126 eum
1699 2086 1870 2141 usque
1889 2071 1958 2126 ad
1983 2085 2127 2127 mor-

546 2176 654 2222 tem
684 2165 925 2223 deduxit.
962 2164 1027 2221 Et
1058 2164 1207 2220 salva
1234 2182 1252 2213 ι
1288 2160 1646 2217 humilitatem
1670 2176 1869 2226 meam,
1898 2179 1917 2211 3
1949 2160 2001 2214 id
2022 2168 2123 2225 est,

543 2272 631 2312 me
658 2255 916 2312 humilem
953 2274 971 2307 ι
999 2270 1031 2310 a
1048 2252 1326 2317 cornibus,
1348 2273 1366 2305 3
1401 2252 1452 2308 id
1482 2260 1585 2316 est,
1613 2267 1642 2305 a
1666 2251 1928 2321 superbis,
1957 2270 1977 2302 ι
2006 2251 2127 2306 ιιιιί-

540 2347 808 2413 carnium,
833 2366 852 2399 3
893 2346 945 2401 id
986 2353 1088 2410 est,
1134 2344 1488 2415 superborum
1514 2341 1838 2398 Iudaeorum.
1874 2341 1978 2397 Per
2005 2341 2126 2396 uni-

540 2453 761 2503 cornem
788 2437 910 2493 ideo
935 2434 1150 2492 Judazos
1178 2436 1500 2506 accipimus,
1527 2434 1654 2505 quia
1683 2434 1828 2490 sicut
1844 2434 2126 2490 unicornis

511 2545 649 2603 ,uno
671 2530 784 2585 solo
814 2543 984 2584 cornu
1013 2527 1279 2599 superbit,
1317 2528 1392 2581 ita
1421 2524 1593 2581 Judaei
1633 2524 1749 2581 solo
1805 2524 1988 2581 Veteri
2020 2523 2123 2579 Te-

539 2628 829 2677 stamento.
862 2618 1094 2675 Osteusa
1116 2618 1279 2687 igitur
1307 2616 1507 2672 Christi
1538 2616 1891 2672 derelictionc
1915 2624 1969 2671 et
1999 2630 2121 2685 pas-

538 2713 711 2777 sione,
741 2726 810 2767 ne
864 2724 962 2781 per
992 2711 1097 2767 hoc
1137 2708 1477 2764 detineamur
1501 2707 1553 2763 ei
1595 2705 1838 2774 obedire,
1884 2706 2122 2762 ostendit

538 2805 666 2859 inde
708 2816 959 2873 magnam
1004 2799 1453 2872 gloriﬁcationem
1486 2798 1771 2871 provenire
1806 2796 1917 2853 Deo
1944 2795 2115 2863 Patri,

537 2904 592 2952 ει
617 2894 691 2949 ita
716 2894 819 2965 ipsi
838 2892 1052 2951 Christo
1084 2910 1097 2947 :
1138 2908 1259 2962 quae
1285 2890 1608 2962 gloriﬁcatio
1639 2899 1724 2946 est
1760 2889 1914 2945 nobis
1944 2902 2118 2946 reme-

536 2986 684 3042 dium
716 2994 903 3041 contra
925 2983 1238 3055 praedictam
1266 2981 1669 3036 derelictionem
1706 2988 1760 3033 et
1788 2979 2113 3049 passionem.

552 3129 559 3135 .
608 3079 675 3135 Et
702 3079 839 3134 bene
885 3077 1049 3133 debes
1078 3090 1164 3130 me
1190 3075 1406 3131 salvare
1427 3116 1442 3142 ,
1474 3075 1604 3145 quia
1647 3089 1768 3130 cum
1813 3073 1995 3128 salvus
2022 3088 2117 3127 ero

538 3173 771 3229 narrabo
823 3184 1021 3227 nomen
1077 3178 1227 3225 tuum
1278 3168 1537 3224 fratribus
1573 3167 1723 3231 meis,
1764 3186 1783 3219 3
1824 3165 1877 3222 id
1905 3175 2009 3233 est,
2039 3163 2115 3220 fa-

2232 599 2367 655 tium
2398 616 2543 657 eum.
2601 623 2620 655 3
2653 604 2779 689 ldeo
2819 621 2917 676 per
2937 608 3040 664 hoc
3062 622 3464 669 sacramentum
3491 617 3681 688 major
3705 618 3838 678 his

2230 694 2336 750 erit
2364 694 2484 763 Dei,
2525 698 2652 767 quia
2681 699 2825 755 istud
2862 709 2948 757 est
2979 704 3347 762 consideratio
3387 709 3531 765 inter
3557 713 3747 769 Deum
3780 727 3838 772 ει

2229 786 2528 856 hominem,
2575 793 2722 860 quod
2766 791 2944 850 fiedus
2977 799 3320 855 attendentes
3369 801 3643 871 homines,
3702 808 3837 863 inde

2230 880 2401 937 Deum
2426 884 2664 939 maxime
2686 884 2925 941 laudant.

2302 971 2425 1028 Haec
2447 985 2628 1029 autem
2645 983 2767 1031 vota
2796 999 2814 1027 ι
2843 978 3006 1033 edent
3024 994 3291 1049 pauperes
3307 993 3363 1037 et
3373 986 3790 1042 saturabuntur
3810 1009 3830 1043 ι

2231 1062 2542 1132 recipiendo
2564 1066 2706 1134 quod
2733 1075 3013 1137 appetunt,
3040 1068 3246 1125 scilicet
3276 1072 3658 1130 remissionem
3704 1091 3834 1145 pec-

2229 1162 2495 1221 catorum,
2543 1155 2940 1213 incrementum
2967 1159 3196 1229 justitiae
3224 1160 3278 1215 in
3322 1163 3424 1218 hac
3450 1164 3585 1229 vita,
3622 1166 3683 1221 in
3723 1166 3831 1223 alia

2232 1260 2513 1311 coronam,
2541 1258 2597 1303 et
2619 1249 2686 1303 de
2715 1250 2852 1305 hoci
2883 1249 3175 1306 laudabunt
3193 1252 3483 1309 Dominum
3514 1274 3534 1308 3
3561 1255 3642 1311 illi
3675 1258 3833 1312 scili-

2229 1346 2317 1392 cet
2348 1356 2366 1388 ι
2401 1337 2494 1407 qui
2517 1338 2794 1408 requirent
2821 1354 2967 1406 eum,
3002 1359 3019 1394 3
3051 1349 3107 1396 et
3141 1341 3218 1396 ita
3254 1361 3273 1394 ι
3310 1342 3496 1398 vivent
3520 1330 3634 1399 {in
3660 1344 3833 1413 justi-

2231 1427 2305 1481 tia
2329 1445 2347 1478 ι
2376 1428 2539 1482 corda
2564 1444 2773 1495 eorum,
2807 1449 2825 1481 3
2850 1429 2907 1485 id
2920 1438 3023 1496 est,
3045 1431 3240 1488 animae
3260 1446 3475 1499 eorum,
3499 1453 3518 1485 ι
3554 1434 3615 1489 in
3645 1451 3830 1491 είεειι-

2229 1518 2338 1574 lnm
2366 1520 2570 1586 saeculi,
2625 1539 2644 1572 3
2699 1522 2752 1575 id
2776 1532 2879 1586 est,
2903 1523 3137 1591 «,uandiu
3161 1525 3415 1580 succedet
3436 1526 3709 1583 saeculum
3736 1545 3831 1585 sa.»

2229 1610 2375 1675 culo,
2406 1610 2616 1665 scilicet
2648 1626 2747 1680 per
2790 1619 2957 1665 totam
2991 1612 3131 1667 hanc
3181 1614 3348 1668 vitam
3382 1632 3398 1669 :
3428 1614 3517 1670 vel
3550 1634 3572 1667 ι
3612 1616 3675 1675 in
3734 1634 3830 1672 sae-

2228 1701 2428 1767 culum,
2483 1721 2501 1754 3
2564 1701 2617 1757 id
2660 1712 2743 1758 est
2788 1702 2841 1757 in
2872 1703 2972 1758 hac
3005 1704 3117 1759 vita
3150 1705 3326 1771 vivet;
3362 1715 3448 1762 iet
3478 1708 3535 1762 in
3563 1709 3829 1764 saculum

2231 1793 2435 1858 sazculi,
2469 1813 2487 1847 3
2525 1793 2578 1848 id
2601 1804 2688 1850 est
2710 1794 2764 1848 in
2802 1793 2907 1849 alia
2928 1793 3038 1848 vita
3060 1795 3245 1850 vivent
3272 1795 3327 1850 in
3348 1794 3538 1867 gloria.

2155 1873 2203 1934 B
2301 1884 2435 1940 Dico
2463 1905 2480 1937 ‹
2511 1899 2778 1956 pauperes
2812 1886 3224 1952 saturabuntur,
3255 1904 3274 1937 3
3301 1894 3356 1945 et
3382 1903 3489 1943 non
3518 1889 3715 1959 pauci,
3739 1890 3829 1944 sed

2236 1993 2256 2027 ί
2298 1976 2535 2030 universi
2567 1974 2720 2040 fines,
2761 1996 2781 2028 3
2814 1974 2867 2029 id
2893 1983 2999 2040 est,
3028 1974 3194 2046 aliqui
3226 1975 3283 2033 in
3315 1977 3595 2034 universis
3632 1979 3830 2034 ﬁnibus

2229 2076 2387 2125 terra;
2432 2086 2450 2117 ι
2499 2068 2945 2133 reminiscentur,
2999 2087 3019 2121 3
3063 2077 3119 2123 et
3163 2068 3243 2125 sic
3277 2086 3297 2119 ι
3334 2081 3739 2130 convertentur
3768 2072 3830 2126 ad

2227 2159 2537 2216 Dominum.
2562 2146 2590 2212 .3

2300 2251 2365 2306 Et
2393 2267 2462 2307 ne
2488 2251 2859 2322 acciperemus
2886 2266 3053 2307 unum
3084 2252 3263 2311 solum
3303 2254 3579 2321 ordinem,
3615 2256 3828 2312 scilicet

2224 2343 2563 2411 rusticalem,
2594 2343 2680 2399 vel
2701 2343 2935 2415 aliquem
2967 2343 3130 2403 talem
3158 2360 3259 2416 per
3278 2361 3465 2402 omnes
3491 2356 3690 2418 partes
3720 2360 3828 2403 ter-

2225 2448 2319 2499 rae,
2344 2434 2477 2489 dicit
2505 2452 2518 2488 :
2548 2452 2568 2485 ι
2596 2433 2664 2489 Ει
2691 2434 2995 2493 adorabunt
3019 2434 3072 2488 in
3088 2443 3380 2505 conspectu
3406 2433 3550 2505 ejus,
3581 2454 3604 2490 3
3639 2436 3696 2491 id
3726 2446 3825 2501 εει,

2224 2525 2279 2580 in
2310 2526 2647 2599 beneplacito
2676 2527 2866 2598 ipsius,
2905 2546 2923 2578 ι
2961 2527 3229 2585 universa:
3255 2526 3493 2594 familiae,
3534 2548 3555 2581 3
3619 2528 3679 2583 id
3718 2537 3824 2595 εει,

2225 2619 2391 2690 aliqui
2416 2620 2482 2675 de
2507 2619 2761 2675 omnibus
2788 2618 3072 2675 ordinibus
3098 2639 3117 2671 (
3150 2620 3415 2690 gentium.
3451 2638 3469 2672 3

2290 2710 2436 2765 Bene
2467 2710 2668 2767 debent
2701 2711 2932 2765 adorare
2983 2728 3002 2761 ι
3034 2711 3289 2779 quoniam
3333 2710 3549 2766 Domini
3597 2719 3693 2766 est
3744 2726 3824 2767 re-

2220 2818 2406 2875 gnum,
2454 2823 2473 2856 3
2507 2803 2563 2858 id
2586 2811 2689 2869 est,
2716 2803 2974 2859 Dominus
3027 2811 3112 2861 est
3141 2818 3235 2859 rex
3256 2804 3496 2859 omnium
3526 2818 3543 2858 :
3570 2822 3587 2855 ι
3620 2813 3685 2858 ει
3714 2804 3825 2875 ipse

2221 2894 2596 2951 dominabitur
2643 2895 2906 2966 gentium,
2959 2914 2980 2948 3
3015 2891 3067 2949 id
3093 2895 3486 2960 est,exercebit
3514 2894 3820 2952 dominium

2218 3002 2383 3057 supra
2417 2999 2608 3060 gentes
2637 3003 2789 3055 suas,
2822 2987 2947 3057 quia
2978 2997 3130 3060 reget
3152 3002 3247 3044 eos
3276 2988 3330 3043 in
3356 2987 3588 3058 justitia.

2293 3098 2311 3130 ι
2341 3078 2612 3150 Pauperes
2637 3079 2799 3135 edent
2821 3089 2877 3134 et
2904 3080 3315 3147 saturabuntur,
3339 3097 3358 3131 3
3378 3087 3432 3133 et
3458 3078 3627 3133 etiarn
3659 3098 3681 3131 ι
3700 3080 3824 3150 pin-

2216 3182 2348 3239 gues
2370 3179 2552 3236 terrae,
2599 3189 2619 3223 3
2651 3168 2702 3224 id
2724 3177 2830 3235 est,
2867 3169 3182 3241 impinguati
3210 3170 3265 3224 in
3291 3169 3628 3235 terrenitate,
3665 3190 3685 3222 ι
3708 3185 3824 3225 om-

538 3279 683 3320 mam
722 3270 892 3329 tuam,
936 3279 955 3312 ‹
994 3259 1255 3316 fratribus
1303 3259 1463 3325 meis,
1498 3279 1517 3312 3
1568 3260 1620 3315 id
1662 3267 1762 3323 est,
1812 3256 2111 3329 apostolis:
2143 3239 2189 3304 ο
2220 3278 2317 3318 nes
2350 3282 2368 3314 3
2400 3263 2466 3319 de
2488 3261 2717 3319 ecclesia
2747 3280 2766 3313 ι
2805 3239 3287 3328 manducaverunt,
3331 3281 3351 3314 3
3378 3261 3820 3326 idest,Domini-

538 3370 659 3426 qua:
685 3352 927 3409 narratio
953 3366 1061 3406 non
1095 3359 1304 3406 tantum
1330 3351 1528 3417 verbis,
1553 3350 1648 3407 sed
1667 3350 1900 3405 maxime
1920 3350 1973 3404 in
1999 3349 2124 3404 mis-

539 3448 690 3503 sione
726 3442 902 3501 sancti
949 3441 1186 3513 Spiritus
1217 3440 1360 3496 fuit:
1396 3450 1453 3496 et
1477 3441 1640 3497 etiam
1674 3460 1692 3493 ι
1731 3438 1960 3495 laudabo
1984 3447 2057 3504 te,
2096 3456 2115 3489 3

538 3537 592 3592 id
643 3543 746 3601 est,
788 3533 1000 3590 laudari
1045 3531 1243 3587 faciam
1276 3538 1331 3587 te
1375 3551 1393 3583 ι
1429 3533 1485 3588 in
1516 3531 1716 3599 medio,
1749 3550 1767 3583 3
1822 3530 1875 3585 id
1914 3538 2019 3593 est,
2065 3528 2119 3582 in

535 3628 913 3691 communione
946 3646 965 3679 ι
994 3625 1266 3683 Ecclesiae.
1288 3643 1309 3678 3
1339 3623 1621 3681 Convertit
1649 3638 1709 3679 se
1730 3622 1798 3679 ad
1826 3622 1972 3692 ipsos
1995 3635 2119 3676 cum

534 3719 668 3776 dicit
699 3732 715 3772 :

609 3830 627 3863 ι
664 3811 773 3868 Vos
800 3810 893 3882 qui
922 3809 1127 3865 timetis
1155 3807 1463 3875 Dominum,
1490 3806 1706 3862 laudate
1734 3820 1859 3862 eum
1896 3824 1914 3856 3
1944 3803 2119 3859 omni-

533 3902 733 3960 mode:
778 3909 836 3956 et
874 3898 1169 3956 subdividit
1196 3898 1249 3951 in
1299 3905 1504 3967 partes,
1540 3911 1676 3967 quos
1703 3895 1961 3950 admonet
2004 3892 2121 3947 lau-

534 3995 695 4062 dare,
753 3992 963 4049 activos
1021 3990 1230 4045 scilicet
1279 3998 1333 4044 et
1378 3986 1848 4057 contemplativos.
1896 3984 2119 4039 Activos

533 4086 688 4156 ponit
714 4083 806 4138 ubi
830 4082 962 4138 dicit
990 4100 1001 4135 :
1036 4099 1054 4132 ι
1083 4081 1397 4135 universum
1431 4093 1636 4142 semen,
1677 4097 1695 4129 3
1732 4076 1905 4140 idest,
1936 4074 2118 4129 imita-

536 4185 706 4241 tores,
765 4194 784 4227 ι
832 4170 1023 4238 Iacob,
1058 4171 1359 4243 gloriﬁcate
1398 4183 1545 4225 eum.
1589 4188 1607 4219 3
1660 4165 2118 4238 Contemplativos

533 4267 686 4340 ponit
712 4267 800 4322 ubi
842 4265 974 4321 dicit
1026 4283 1043 4317 ι
1090 4265 1278 4319 timeat
1305 4278 1426 4319 eum
1470 4276 1630 4318 omne
1671 4274 1853 4316 semen
1892 4258 2058 4315 Israel
2093 4280 2111 4312 3

533 4359 657 4418 ideo
688 4381 706 4414 ι
739 4360 993 4431 quoniam
1040 4374 1146 4414 non
1184 4356 1409 4429 sprevit,
1452 4376 1471 4408 3
1500 4356 1554 4413 id
1584 4364 1688 4421 εει,
1717 4369 1940 4426 prorsus
1983 4354 2118 4425 abji-

540 4455 728 4517 ciet,'c
764 4467 939 4523 neque
970 4449 1236 4523 despexit,
1265 4470 1284 4502 3
1317 4450 1372 4504 id
1414 4456 1518 4516 est,
1559 4448 1739 4519 aliquo
1769 4447 1929 4503 modo
1955 4446 2117 4502 vilem

535 4545 724 4602 habuit
753 4564 771 4598 ι
807 4543 1244 4615 deprecationem
1282 4561 1301 4594 3
1338 4541 1445 4597 mei
1473 4558 1492 4591 ‹
1526 4539 1797 4611 pauperis.
1836 4558 1855 4591 3

612 4680 629 4713 ι
643 4661 766 4723 Nec
783 4659 977 4715 avertit
1001 4656 1194 4712 faciem
1212 4670 1368 4711 suam
1388 4670 1418 4709 a
1435 4670 1544 4720 me,
1569 4674 1587 4707 3
1611 4654 1665 4709 id
1692 4662 1797 4717 est,
1822 4667 2035 4722 semper
2060 4653 2114 4708 in

533 4750 874 4821 beneplacito
894 4747 1305 4818 ipsiusperstiti.
1329 4765 1347 4797 ι
1376 4746 1444 4802 Ει
1464 4744 1740 4801 exaudivit
1760 4756 1845 4798 me
1859 4758 1983 4798 cum
2004 4742 2114 4798 cla-

534 4856 765 4905 marem,
799 4859 819 4892 3
852 4840 905 4896 id
931 4848 1033 4905 εει,
1061 4853 1128 4895 eo
1162 4848 1406 4909 tempore
1443 4852 1552 4908 quo
1569 4838 1818 4908 petebam
1843 4834 2109 4892 exaudiri.

606 4933 674 4989 Et
702 4932 828 5002 quia
855 4944 942 4986 me
962 4930 1288 4985 clamantem
1305 4928 1595 4993 exaudisti,
1629 4928 1749 4985 ideo
1786 4946 1803 4979 ‹
1834 4926 1955 4981 laus
1991 4942 2108 4981 mea

532 5033 617 5081 est
659 5021 801 5093 apud
840 5028 893 5078 te
924 5019 977 5075 in
1016 5019 1247 5075 ecclesia
1300 5034 1516 5090 magna,
1570 5038 1588 5069 3
1622 5018 1674 5073 id
1702 5026 1807 5085 est,
1837 5025 1952 5072 toto
1978 5018 2112 5073 orbe

533 5113 777 5173 col-lecta.
806 5109 903 5169 Vel
924 5110 1000 5167 ita
1024 5123 1039 5164 :
1063 5109 1198 5175 Quia
1228 5110 1513 5165 exauditus
1542 5124 1682 5174 sum,
1714 5108 1833 5165 ideo
1855 5108 1971 5163 laus
1990 5122 2111 5163 mea

532 5203 699 5262 estin
753 5199 982 5259 ecclesia
1045 5214 1256 5271 magna,
1286 5198 1341 5254 id
1394 5208 1477 5255 est
1521 5199 1715 5255 laudor
1758 5196 1902 5270 apud
1954 5206 2007 5254 te
2054 5198 2108 5253 in

530 5292 781 5358 ecclesia,
823 5291 878 5347 id
912 5300 1016 5357 est,
1045 5292 1186 5348 sicut
1216 5299 1274 5346 tu
1309 5290 1549 5346 laudaris
1593 5298 1647 5345 et
1689 5305 1789 5362 ego
1829 5289 2111 5360 aequaliter

529 5392 711 5443 tecum
740 5400 754 5437 :
779 5390 836 5438 et
863 5388 922 5437 ut
943 5382 1061 5438 laus
1087 5380 1191 5437 ista
1218 5381 1274 5437 in
1311 5380 1551 5444 Ecclesia
1580 5379 1651 5435 sit
1678 5376 1939 5450 perfecta,
1970 5378 2111 5434 dabo

537 5480 625 5552 psi
652 5477 910 5537 Ecclesia
940 5491 1137 5547 corpus
1161 5483 1218 5532 et
1242 5476 1559 5546 sanguinem
1586 5488 1785 5530 meum.
1809 5473 1879 5529 Et
1900 5474 2005 5530 hoc
2025 5481 2110 5529 est

532 5590 557 5626 ς
589 5578 712 5627 vota
738 5584 881 5634 mea,
921 5584 940 5621 3
976 5567 1027 5625 id
1058 5575 1143 5623 est
1167 5581 1367 5636 corpus
1394 5581 1595 5633 meum,
1626 5565 1771 5637 quod
1797 5579 1899 5636 ego
1922 5564 2115 5622 devovi

523 5659 724 5719 oﬂerre
751 5660 866 5715 Deo
892 5660 944 5713 in
975 5659 1372 5727 reparationem
1406 5658 1626 5714 humani
1655 5658 1893 5730 generis,
1938 5674 1957 5709 ι
1992 5657 2113 5713 red-

525 5751 674 5813 dam,
708 5768 728 5801 3
777 5749 829 5803 id
858 5756 960 5812 est,
998 5749 1140 5818 quod
1165 5748 1278 5818 jam
1330 5750 1583 5805 dederam
1625 5750 1677 5804 in
1702 5763 1884 5812 cruce,
1917 5749 2112 5803 iterum

525 5840 668 5904 dabo
697 5839 751 5895 in
780 5838 936 5894 altari
964 5857 976 5905 ;
1009 5849 1063 5893 et
1091 5840 1215 5895 licet
1244 5840 1408 5911 aliqui
1432 5857 1537 5896 non
1571 5841 1896 5911 intelligant,
1928 5848 2109 5893 tamen

2220 3369 2342 3411 cum
2382 3368 2580 3425 corpus
2606 3361 2988 3425 gustaverunt,
3035 3368 3052 3403 ι
3080 3361 3137 3410 ει
3180 3354 3582 3408 adoraverunt:
3642 3374 3664 3407 3
3728 3354 3820 3409 sed

2220 3444 2349 3501 licet
2388 3445 2493 3501 hoc
2531 3434 2697 3514 aliqui
2725 3460 2833 3499 non
2860 3444 3078 3499 videant
3102 3458 3222 3500 esse
3261 3446 3328 3501 ad
3368 3446 3600 3511 ruinam,
3627 3457 3818 3503 tamen

2226 3555 2245 3587 ι
2286 3536 2482 3592 cadent
2508 3536 2563 3591 in
2591 3544 2883 3605 conspectu
2916 3535 3054 3607 ejus,
3083 3555 3102 3589 3
3128 3536 3248 3604 Dei,
3276 3552 3436 3609 quem
3469 3538 3606 3594 nihil
3638 3537 3821 3594 latere

2218 3640 2417 3701 potest.
2446 3629 2653 3686 Cadent
2682 3629 2805 3685 dico
2841 3648 2859 3682 ι
2903 3644 3092 3686 omnes
3118 3630 3212 3703 qui
3248 3630 3581 3687 descendunt
3602 3631 3661 3686 in
3706 3642 3821 3689 ter-

2218 3738 2358 3788 ram,
2394 3741 2412 3774 3
2445 3722 2499 3778 id
2524 3731 2626 3788 est,
2641 3722 2735 3791 qui
2752 3722 3104 3790 dwlinantad
3119 3724 3419 3795 appetitum
3446 3733 3817 3781 terrenon.

2295 3832 2313 3865 ι
2338 3812 2660 3868 Laudabunt
2675 3812 2959 3869 Dominum
2974 3814 3065 3885 qui
3085 3816 3367 3884 requirunt
3385 3830 3557 3881 eum;3
3579 3832 3598 3867 ι
3616 3824 3675 3868 ει
3693 3817 3826 3873 ani-

2218 3921 2311 3961 ma
2343 3920 2487 3971 mea,
2523 3925 2542 3958 3
2572 3906 2627 3962 id
2656 3916 2762 3973 est,
2790 3906 2889 3979 ipsi
2911 3922 3049 3977 quos
3084 3922 3184 3981 ego
3221 3908 3387 3981 diligo
3407 3909 3542 3965 sicut
3564 3907 3821 3965 animam

2218 4010 2419 4061 meam,
2447 4015 2465 4049 ι
2496 3995 2640 4052 vitet
2671 3996 2768 4064 illi,
2798 4016 2818 4049 3
2850 3997 2903 4053 id
2929 4007 3033 4065 est,
3067 3998 3134 4073 ad
3157 3998 3418 4055 honorem
3431 3999 3591 4066 illius,
3610 4007 3667 4054 et
3699 4016 3821 4057 non

2221 4095 2428 4143 tantum
2452 4087 2583 4157 justi
2607 4098 2924 4160 praesentes,
2957 4091 3050 4145 sed
3089 4109 3108 4143 ‹
3147 4100 3204 4147 et
3234 4104 3425 4147 semen
3455 4107 3661 4156 meum,
3699 4111 3722 4146 3
3762 4094 3818 4148 id

2218 4187 2321 4244 est,
2351 4179 2654 4237 imitatores
2681 4181 2809 4247 mei,
2845 4181 2938 4237 lilii
2963 4182 3210 4248 istorum,
3241 4199 3260 4234 ι
3287 4180 3489 4238 serviet
3515 4182 3640 4252 ipsi.
3677 4201 3699 4234 3

2289 4269 2435 4328 Bene
2450 4273 2591 4340 dico,
2613 4292 2631 4324 ι
2655 4289 2859 4339 semen,
2881 4293 2901 4326 3
2920 4274 3047 4344 quia
3073 4291 3090 4325 ι
3115 4275 3392 4347 generatio
3411 4294 3429 4325 3
3454 4284 3541 4330 εει
3562 4275 3817 4346 quazdam

2226 4383 2245 4417 ι
2276 4374 2520 4432 ventura,
2554 4385 2572 4417 3
2603 4374 2658 4420 et
2685 4365 2801 4436 ipsa
2832 4383 2852 4417 ι
2878 4365 3288 4421 annuntiabitur
3315 4366 3544 4421 Domino
3568 4386 3587 4418 3
3618 4367 3686 4422 ab
3717 4384 3817 4423 an-

2217 4455 2373 4528 gelis,
2403 4457 2543 4513 sicut
2568 4456 2792 4528 angelus
2814 4456 3026 4512 Tobiae:
3046 4476 3063 4507 ι
3087 4458 3200 4527 Ego
3223 4456 3393 4513 obtuli
3417 4458 3695 4514 orationes
3724 4474 3820 4515 ve-

2222 4560 2366 4607 stras
2394 4552 2463 4607 ad
2501 4552 2668 4607 Deum
2703 4550 2842 4623 (Lib.
2897 4551 2999 4623 ιιι).
3052 4550 3148 4606 Vel
3182 4571 3199 4603 ι
3234 4550 3671 4617 annuntiabitur,
3702 4570 3723 4605 3
3762 4551 3820 4607 id

2221 4651 2326 4709 est,
2374 4643 2768 4713 prasdicabunt,
2807 4663 2825 4696 ι
2855 4643 3103 4709 Domino,
3128 4663 3147 4696 3
3194 4643 3247 4698 id
3297 4650 3405 4709 est,
3441 4645 3515 4699 ad
3543 4645 3818 4701 honorem

2221 4732 2436 4787 Domini
2464 4734 2741 4803 generatio
2775 4743 3025 4805 ventura,
3047 4742 3104 4788 et
3126 4747 3222 4802 per
3246 4733 3435 4789 caelos.
3458 4733 3531 4789 Et
3551 4735 3658 4790 hoc
3677 4735 3818 4792 dicit

2225 4842 2243 4874 ι
2272 4832 2327 4878 ει
2353 4824 2751 4880 annuntiabunt
2767 4825 2910 4889 caeli,
2948 4845 2968 4879 3
2996 4825 3050 4880 id
3071 4833 3173 4890 est,
3196 4825 3366 4881 sancti
3395 4827 3814 4896 praedicatores,

2223 4934 2243 4967 ι
2276 4915 2541 4987 justitiam
2562 4916 2697 4987 ejus,
2735 4935 2755 4969 3
2781 4917 2833 4971 id
2855 4925 2939 4971 est
2960 4916 3077 4983 Dei,
3109 4934 3127 4967 ι
3159 4915 3355 4987 populo
3373 4917 3468 4987 qui
3496 4930 3769 4974 nascetur
3793 4940 3812 4972 3

2219 5020 2326 5061 non
2359 5006 2592 5061 naturali
2636 5007 2937 5072 nativitate,
2982 5008 3079 5063 sed
3107 5022 3248 5077 aqua
3288 5014 3344 5063 et
3377 5005 3588 5078 Spiritu
3619 5019 3820 5065 sancto

2214 5096 2396 5170 (Joan.
2429 5098 2514 5171 tu)
2546 5118 2565 5150 ι
2594 5114 2754 5169 quem
2790 5117 2809 5150 3
2843 5100 2915 5154 ita
2960 5117 2978 5151 ι
3011 5100 3272 5155 Dominus
3310 5097 3440 5154 fecit
3472 5118 3494 5151 3
3527 5114 3709 5155 suum.
3754 5098 3821 5154 ιιι

2213 5191 2417 5248 carnali
2441 5193 2722 5248 nativitate
2741 5202 2997 5264 operatur
3032 5195 3173 5250 Deus
3192 5203 3248 5251 et
3272 5200 3491 5260 natura,
3515 5189 3695 5249 sed‘in
3723 5209 3821 5251 re-

2213 5285 2562 5356 generatione
2594 5283 2742 5341 solus
2766 5283 2926 5341 Deus.

2672 5396 2741 5453 IN
2769 5396 3100 5455 PSALMUH
3129 5397 3291 5455 XXII.

2273 5487 2534 5545 Τιτῑιιιιε.
2565 5485 2636 5543 In
2660 5488 2820 5555 ﬁnem
2860 5488 3096 5617 pisum?
3119 5488 3318 5556 David,
3341 5489 3449 5545 sive
3474 5490 3757 5549 canticum

2232 5712 2237 5719 ο
2290 5669 2310 5703 ι
2336 5650 2597 5707 Dominus
2617 5651 2771 5723 regit.
2815 5671 2834 5706 3
2865 5650 3113 5708 Psalmus
3141 5651 3331 5716 David,
3361 5665 3465 5706 vox
3490 5651 3817 5723 propheta,

2214 5754 2271 5801 et
2297 5744 2461 5801 habet
2487 5746 2576 5799 hic
2614 5744 2895 5800 materiam
2934 5745 3140 5819 gratias
3168 5745 3283 5801 Dei.
3311 5744 3389 5799 De
3432 5759 3498 5799 ea
3534 5743 3623 5800 sic
3652 5744 3820 5818 agit;

2214 5836 2431 5893 ordinat
2474 5837 2660 5892 decem
2700 5836 2924 5904 gratias.
2981 5835 3217 5893 lntendit
3257 5836 3414 5891 nobis
3452 5836 3819 5909 persuadere
