3984 6446
143 373 256 432 κθ

1316 373 1752 434 EXPLANATIO
1793 372 1861 429 IN
1899 371 2237 430 PSALMOS.

3297 376 3404 432 270

147 499 259 540 non
277 497 412 552 esse,
429 483 822 556 desperandum
852 499 976 540 cum
1021 484 1153 541 tales
1175 485 1317 540 Deus
1359 485 1560 558 gratias
1604 499 1730 538 suas
1758 486 1806 550 Α
1834 481 1963 538 bent
1989 483 2152 538 corda
2181 482 2410 540 obscura
2438 486 2507 540 ad
2535 486 2814 541 veritatem
2854 487 3280 556 cognoscendam
3311 506 3322 541 :
3351 497 3409 544 et

149 576 376 643 tribuat,
403 584 458 632 ct
479 586 766 647 antequam
792 579 856 633 de
878 578 1066 648 gratiis
1090 588 1232 650 agat,
1268 578 1548 648 praemittit
1577 575 1734 647 quasi

151 668 438 738 prologum
491 675 544 723 et
573 669 1096 724 commendationem
1139 667 1374 739 ipsarum
1412 667 1738 741 gratiarum,

155 766 220 814 ut
248 758 321 813 ita
345 758 548 815 dicam.

228 868 406 925 Nolite
435 869 743 940 desperare,
784 870 880 926 sed
909 871 1251 927 considerate
1279 870 1549 942 quomodo
1581 888 1601 922 ι
1637 869 1740 924 Do-

157 961 339 1018 minus
373 962 512 1031 regit
542 977 629 1017 me
666 983 686 1015 ι
726 978 758 1017 a
796 962 1197 1018 seductionibus
1238 963 1544 1034 impiorum,
1600 961 1743 1017 sicut

159 1053 337 1110 bonus
385 1061 570 1123 pastor
605 1053 746 1124 regit
797 1068 924 1110 oves
976 1069 1124 1118 suas,
1151 1064 1208 1108 et
1249 1052 1390 1111 bene
1411 1050 1647 1108 custodit
1673 1064 1742 1106 ne

161 1142 273 1214 lupi
304 1143 584 1207 dilanient,
621 1151 677 1198 et
703 1159 767 1200 eo
807 1151 1027 1214 regente
1079 1161 1098 1197 ε
1141 1143 1276 1198 nihil
1313 1162 1332 1194 ι
1376 1141 1742 1197 necessarium

161 1235 381 1306 quidem
409 1235 476 1290 ad
495 1235 764 1306 justitiam
802 1254 824 1287 ι
860 1236 992 1290 mihi
1021 1236 1213 1292 deerit.
1254 1255 1272 1288 ι
1315 1235 1466 1292 Unde
1497 1235 1694 1290 dicitur
1726 1253 1738 1288 :

162 1325 504 1382 Timentibus
549 1326 718 1381 Deum
761 1327 893 1383 nihil
938 1329 1106 1383 deest.
1148 1326 1252 1381 Per
1290 1327 1393 1382 hoc
1435 1327 1570 1382 nihil
1609 1325 1741 1380 mihi

163 1416 355 1482 deerit,
381 1417 505 1486 quia
536 1418 794 1473 Dominus
823 1418 971 1488 ponit
999 1432 1083 1472 me
1119 1437 1139 1468 ι
1174 1418 1226 1472 in
1257 1417 1376 1474 loco
1401 1433 1615 1488 pascua:
1642 1437 1659 1468 ι
1691 1423 1746 1472 ct

162 1519 391 1566 caeteras
416 1526 537 1581 qua:
561 1520 857 1580 sequuntur
879 1511 1080 1582 gratias
1107 1509 1334 1566 confert.
1366 1510 1740 1566 Continuatio:

169 1602 357 1660 tNihil
406 1603 538 1656 mibi
580 1601 772 1658 deerit.
829 1623 848 1654 ι
905 1603 1033 1658 Mihi
1083 1604 1204 1658 dico
1257 1603 1431 1672 posito
1469 1620 1487 1654 ι
1541 1602 1595 1657 in
1630 1603 1748 1677 loco

163 1703 396 1760 pascuae,
439 1707 460 1740 ι
507 1688 561 1742 id
606 1689 801 1752 est,'in
832 1688 1009 1744 divina
1043 1687 1344 1758 Scriptura,
1378 1702 1498 1756 qua:
1524 1695 1748 1742 vocatur

161 1794 361 1851 pascua
405 1794 504 1848 per
544 1778 757 1834 simile:
787 1779 910 1849 quia
960 1780 1099 1834 sicut
1139 1778 1393 1832 animalia
1443 1777 1497 1832 in
1532 1777 1747 1848 pascuis

1839 573 1960 640 ideo
1981 575 2190 639 mortis,
2209 575 2333 645 quia
2361 577 2451 648 qui
2485 577 2690 631 intrant
2718 585 2920 632 sectam
2951 592 3160 643 eorum,
3185 579 3236 633 in
3261 594 3407 635 mor-

1838 672 1946 726 tem
1969 665 2411 736 incurrunt,quia
2431 681 2558 722 vera
2585 668 2694 722 vita
2714 668 2995 739 privantur
3018 685 3031 722 :
3057 668 3197 723 sicut
3223 676 3404 724 autem

1837 755 2043 812 umbra:
2090 755 2299 821 mortis,
2336 756 2475 811 inter
2500 773 2633 828 quas
2660 757 2706 812 si
2741 756 2862 829 quis
2891 757 3074 823 intret,
3103 759 3212 813 cito
3239 761 3404 814 mori-

1837 855 1967 904 tur:
2000 848 2138 903 inter
2169 847 2299 903 tales
2333 867 2350 899 ι
2381 864 2486 903 non
2527 849 2725 904 timebo
2760 847 2915 906 ’mala
2956 871 3002 916 ι,
3032 851 3083 906 id
3127 861 3206 907 est
3243 867 3407 908 vene-

1838 946 1993 995 natas
2013 938 2389 1007 persuasiones
2414 953 2599 993 eorum
2637 957 2652 990 ι
2681 941 2935 1010 quoniam
2972 949 3026 995 tu
3053 958 3264 998 mecum
3295 959 3356 1000 es
3381 966 3396 996 ι

1838 1032 1932 1103 qui
1963 1033 2188 1088 tuitione
2215 1040 2316 1086 tua:
2345 1031 2645 1102 praesentiae
2673 1046 2758 1085 me
2788 1032 3054 1090 defendis.

1911 1123 1978 1178 Et
2005 1124 2169 1178 etiam
2210 1141 2229 1174 ι
2267 1123 2416 1194 virga
2446 1131 2557 1186 tua,
2600 1142 2616 1172 ι
2663 1121 2715 1176 id
2746 1131 2829 1177 cst
2862 1125 3127 1179 correctio
3161 1133 3246 1180 tua
3308 1145 3325 1176 ι
3359 1133 3413 1180 et

1841 1213 2066 1271 baculus
2106 1223 2252 1280 tuus,
2308 1235 2326 1269 ι
2367 1216 2418 1270 id
2472 1224 2555 1270 est
2590 1213 2911 1286 adjutorium
2940 1225 3107 1283 tuum,
3137 1235 3244 1288 quo
3289 1233 3409 1274 sus-

1842 1313 2082 1366 tentatur
2115 1305 2308 1376 aliquis
2333 1305 2523 1371 ﬁdelis,
2558 1322 2679 1360 cum
2722 1320 2818 1380 per
2849 1323 2906 1361 se
2948 1324 3052 1362 non
3085 1310 3255 1379 possit
3285 1313 3412 1367 sub-

1843 1400 2051 1463 sistere,
2079 1399 2218 1454 sicut
2242 1399 2485 1455 inﬁrmus
2520 1399 2713 1454 baculo
2746 1417 2757 1450 :
2798 1419 2815 1448 ι
2849 1399 2963 1469 ipsa
3005 1416 3090 1455 me
3141 1403 3413 1457 consolata

1845 1500 1971 1546 sunt
2006 1508 2023 1538 ι
2060 1489 2112 1542 in
2144 1489 2316 1559 virga,
2367 1489 2613 1558 quamvis
2661 1505 2768 1543 non
2836 1489 3048 1545 videtur
3105 1507 3223 1547 esse
3271 1493 3412 1548 sola-

1846 1583 2005 1648 tium,
2034 1583 2380 1638 consolantur
2419 1592 2599 1638 tamen
2636 1594 2688 1638 et
2711 1585 2762 1638 in
2791 1585 2894 1640 hoc
2929 1587 3122 1654 sancti,
3153 1587 3277 1657 quia
3321 1604 3418 1658 per

1847 1673 1950 1730 hoc
1998 1672 2302 1743 intelligunt
2327 1681 2380 1728 et
2405 1674 2623 1744 purgari
2655 1689 2713 1729 se
2743 1689 2771 1728 a
2798 1676 3056 1745 peccatis,
3099 1686 3153 1732 et
3208 1676 3262 1731 in
3313 1677 3417 1732 alia

1847 1765 1956 1819 vita
1995 1780 2105 1820 suae
2137 1765 2408 1834 patientia:
2446 1781 2506 1821 se
2556 1780 2807 1837 magnum
2858 1764 3088 1820 fructum
3139 1769 3415 1838 consequi.

161 1837 506 1936 ieﬁciuntur,
549 1871 624 1926 ita
654 1837 838 1927 ﬁdeles
865 1872 1058 1926 animae
1095 1871 1290 1926 divinis
1317 1837 1612 1940 Scriptu-ris
1640 1870 1742 1924 im-

1857 1856 2002 1912 Unde
2023 1855 2309 1926 Apostolus
2339 1873 2351 1908 :
2383 1875 2400 1906 ι
2431 1854 2619 1912 Omnis
2649 1856 2927 1925 disciplina
2955 1856 3009 1912 in
3037 1858 3287 1928 przesenti
3310 1837 3416 1914 non

160 1964 513 2036 pinguantur.
561 1961 817 2018 Eamdem
869 1961 1203 2033 Scripturam
1251 1961 1426 2017 locum
1481 1961 1744 2026 nominat,

159 2055 296 2126 quia
319 2056 372 2109 in
397 2069 460 2110 ea
488 2053 600 2109 sola
627 2053 891 2109 certitudo
913 2051 1244 2109 sufﬁcientia;
1271 2052 1560 2117 invenitur,
1585 2067 1744 2121 quam

159 2145 475 2216 philosophi
512 2145 636 2200 licet
672 2144 913 2200 studiose
961 2152 1268 2214 quaererent
1312 2143 1365 2197 in
1424 2143 1566 2207 aliis,
1606 2158 1743 2195 nun-

161 2250 327 2305 quam
361 2243 537 2289 tamen
577 2233 821 2289 invenire
867 2241 1160 2303 potuerunt
1209 2234 1261 2287 in
1296 2233 1420 2287 aliis
1441 2231 1742 2302 scripturis.

159 2325 222 2388 ιιι
248 2325 408 2380 nullis
432 2326 576 2380 enim
601 2324 722 2380 aliis
756 2334 954 2395 praeter
979 2324 1239 2390 divinam,
1269 2323 1503 2394 cognitio
1546 2321 1639 2376 Dei
1666 2337 1748 2375 re-

158 2415 373 2492 peritur
400 2432 414 2480 ;
446 2425 501 2470 et
525 2417 653 2486 quia
682 2431 742 2471 se
788 2415 1000 2471 dixerat
1024 2431 1144 2471 esse
1175 2415 1228 2470 in
1269 2415 1386 2470 loco
1421 2428 1653 2484 pascuae,
1695 2419 1749 2467 et

159 2521 272 2566 non
301 2506 511 2561 dixerat
536 2506 659 2576 quis
679 2520 802 2560 eum
829 2505 901 2560 ibi
937 2506 1225 2575 posuisset,
1255 2505 1454 2568 subdit,
1504 2523 1521 2553 ‹
1557 2503 1629 2558 ibi
1661 2517 1746 2556 me

160 2598 451 2655 collocavit
482 2618 499 2650 ι
535 2599 815 2655 Dominus.
874 2598 978 2654 Ubi
1031 2599 1162 2653 dicit
1202 2613 1261 2653 se
1283 2597 1517 2668 positum
1549 2596 1603 2651 in
1631 2595 1747 2650 loco

157 2707 400 2764 pascuae,
430 2700 682 2747 notamus
710 2691 944 2763 primam
974 2691 1226 2762 gratiam.

238 2811 395 2866 Ponit
417 2810 713 2866 secundam
743 2808 995 2879 gratiam,
1018 2825 1036 2859 ι
1061 2805 1348 2863 collocavit
1371 2819 1480 2870 me,
1507 2824 1526 2854 ι
1546 2814 1601 2858 et
1633 2804 1749 2874 ipse

157 2903 426 2958 Dominus
467 2921 484 2953 ι
526 2899 778 2957 educavit
807 2914 895 2954 me
936 2913 1099 2970 super
1140 2910 1307 2967 aquas
1348 2895 1686 2959 refcctionis,
1724 2913 1742 2947 ι

155 2995 222 3051 id
260 3003 364 3058 est,
391 3009 585 3064 aquam
612 2991 885 3062 baptismi,
923 3005 1046 3060 quae
1093 2989 1293 3044 dicitur
1324 3003 1465 3059 aqua
1499 2985 1746 3042 refectio.

159 3087 274 3151 nis,
299 3085 424 3154 quia
447 3101 542 3156 per
563 3099 682 3140 eam
711 3093 768 3141 et
801 3099 829 3138 a
853 3083 1092 3154 peccatis
1118 3083 1464 3146 mundamur,
1491 3079 1628 3136 etad
1654 3080 1750 3136 bo-

159 3192 268 3232 nos
296 3176 502 3232 fructus
527 3175 777 3231 ferendos
803 3174 1115 3246 irrigamur,
1141 3173 1233 3243 qui
1263 3170 1393 3226 sicci
1441 3185 1505 3225 ac
1535 3169 1748 3225 steriles
1773 3195 1820 3262 ε

157 3277 226 3324 et
249 3268 400 3337 quasi
444 3267 618 3338 pulvis
659 3267 808 3338 prius
854 3264 1129 3321 fueramus
1165 3261 1430 3318 dissoluti.
1477 3260 1544 3316 Et
1595 3260 1750 3331 ponit

163 3359 388 3414 tertiam
409 3357 636 3428 gratiam
660 3371 784 3410 cum
811 3355 940 3410 dicit
965 3373 977 3407 :
1009 3372 1026 3405 ι
1067 3353 1301 3408 animam
1323 3367 1496 3406 meam
1520 3366 1750 3406 conver-

162 3449 254 3505 tit.
307 3469 325 3500 ι
360 3448 511 3504 l-lanc
549 3447 778 3519 gratiam
812 3444 1179 3500 conversionis
1225 3443 1378 3513 ponit
1421 3442 1752 3513 Augustinus

164 3543 426 3616 primam,
457 3539 649 3595 deinde
672 3538 900 3609 gratiam
931 3537 1205 3606 baptismi,
1228 3543 1413 3605 postea
1443 3535 1618 3590 locum
1663 3552 1753 3606 pa-

167 3647 318 3687 scuae
338 3647 351 3682 :
370 3630 463 3684 sed
485 3635 707 3699 possunt
728 3628 890 3684 etiam
912 3625 1012 3681 hoc
1027 3627 1214 3683 ordine
1230 3634 1376 3681 recte
1398 3626 1752 3690 considerari,

165 3733 271 3791 per
297 3717 449 3788 prius
485 3715 682 3785 aliquis
724 3731 821 3787 per
859 3717 1094 3771 divinam
1118 3715 1450 3786 Scripturam
1495 3715 1752 3785 pascitur,

170 3808 370 3865 deinde
411 3807 739 3876 baptizatur,
800 3816 987 3877 postea
1037 3807 1198 3862 etiam
1248 3806 1599 3871 convertitur,
1629 3806 1755 3874 quia

169 3917 280 3962 non
306 3909 515 3956 tantum
544 3910 668 3956 ante
696 3899 1020 3971 baptismum
1054 3898 1114 3953 ﬁt
1145 3898 1447 3963 conversio,
1489 3906 1548 3952 ut
1573 3897 1638 3952 de
1671 3897 1752 3950 in-

170 3992 438 4048 ﬁdelitate
468 3992 536 4046 ad
570 3990 750 4056 fidem,
784 3991 876 4046 sed
907 3990 1069 4044 etiam
1106 3997 1228 4060 post
1255 3989 1581 4060 baptismum
1627 4003 1756 4044 con-

169 4083 356 4138 versio
384 4090 488 4146 est,
512 4080 739 4145 scilicet,
770 4080 918 4150 quia,
963 4077 1183 4135 dimissa
1215 4079 1382 4149 priori
1416 4079 1546 4145 vita,
1585 4077 1755 4134 solam

167 4189 371 4231 novam
398 4171 698 4242 sequimur.

250 4285 506 4351 Quartam
533 4283 686 4354 ponit
715 4283 964 4354 gratiam,
993 4291 1048 4337 et
1079 4283 1167 4339 ille
1194 4284 1452 4339 Dominus
1499 4283 1590 4354 qui
1634 4284 1754 4339 ani-

171 4394 328 4436 mam
357 4392 532 4432 meam
561 4377 852 4442 convertit,
895 4394 915 4427 ι
949 4377 1171 4432 deduxit
1198 4393 1306 4443 me,
1343 4396 1364 4429 ι
1399 4376 1451 4431 id
1477 4385 1562 4433 est
1599 4377 1756 4448 quasi

171 4471 518 4543 ignorantem
547 4469 708 4533 rexit,
745 4487 762 4520 ι
792 4482 955 4540 super
994 4470 1218 4524 semitas
1253 4468 1500 4538 justitize,
1537 4488 1558 4522 ι
1593 4469 1646 4523 id
1675 4478 1759 4524 est

172 4577 278 4634 per
299 4561 444 4629 justa
471 4574 794 4630 opera,quae
818 4570 940 4614 sunt
967 4561 1173 4614 semitae
1204 4578 1216 4612 :
1247 4559 1372 4630 quia
1400 4575 1498 4628 per
1525 4575 1590 4615 ea
1613 4570 1758 4615 recte
1784 4581 1836 4644 Ι)

175 4653 251 4708 ad
271 4651 721 4707 vitaminceditur
751 4666 934 4722 super,
950 4651 1043 4704 dat
1072 4650 1228 4706 nobis
1254 4651 1580 4718 intelligere,
1610 4651 1752 4720 quod

176 4758 291 4800 non
324 4751 530 4798 tantum
561 4742 788 4797 semitas
821 4741 942 4796 illas
984 4741 1261 4813 cognovit,
1284 4741 1376 4795 sed
1410 4753 1470 4795 ut
1500 4741 1758 4810 magister

177 4851 373 4893 earum
405 4852 502 4907 per
526 4851 620 4891 eas
653 4835 787 4890 alios
830 4835 1078 4889 incedere
1119 4833 1364 4889 docuerit
1391 4850 1404 4885 :
1428 4840 1485 4887 et
1521 4831 1622 4887 hoc
1652 4848 1760 4887 non

181 4941 408 5003 propter
469 4929 723 4984 meritum
791 4941 990 4991 meum,
1037 4927 1132 4981 sed
1191 4945 1210 4977 ι
1263 4933 1485 4995 propter
1565 4940 1762 4980 nomen

184 5038 348 5079 suum
371 5063 386 5088 ,
437 5041 456 5074 ›
494 5022 547 5078 id
581 5031 664 5076 est
710 5028 768 5075 ut
817 5035 1008 5075 verum
1052 5004 1312 5089 appareat
1345 5033 1541 5073 nomen
1580 5033 1764 5083 suum,

185 5115 399 5174 scilicet
425 5114 567 5186 quod
584 5113 832 5169 Salvator
852 5112 1068 5168 dicitur.
1084 5111 1502 5182 Ponitquintam
1515 5111 1764 5182 gratiam,

187 5215 247 5265 et
281 5207 361 5262 sic
380 5206 649 5278 jungitur.

263 5321 408 5376 Bene
439 5319 583 5383 dico,
609 5338 627 5370 ι
655 5318 874 5374 deduxit
900 5332 988 5372 me
1017 5331 1180 5388 super
1212 5317 1435 5374 semitas
1466 5316 1718 5388 iustitiae,
1746 5334 1764 5367 ι

198 5431 219 5467 ι
247 5428 375 5468 nam
406 5431 423 5463 ι
457 5419 512 5466 et
535 5411 678 5480 quod
715 5410 888 5480 majus
913 5418 999 5465 est
1042 5407 1169 5466 fecit
1194 5410 1348 5475 mihi,
1376 5409 1603 5475 scilicet,
1626 5407 1770 5478 quod

194 5503 243 5560 si
273 5503 562 5574 persistam
590 5503 732 5557 inter
763 5501 1068 5565 haereticos,
1096 5516 1370 5571 nunquam
1407 5501 1541 5555 mihi
1573 5513 1770 5555 nocere

195 5601 469 5665 poterunt.
499 5591 566 5646 Et
593 5591 696 5645 hoc
725 5599 811 5646 est
839 5608 856 5640 ι
893 5599 947 5646 et
974 5591 1016 5645 si
1042 5590 1409 5655 ambulavero,
1446 5609 1465 5643 ι
1499 5589 1553 5644 id
1575 5597 1658 5645 est
1681 5589 1770 5645 diu

198 5699 548 5757 permaneam
581 5702 598 5733 ι
631 5683 683 5737 in
707 5683 883 5739 medio
906 5683 1108 5738 umbra:
1167 5683 1380 5748 mortis,
1413 5703 1431 5734 ι
1486 5682 1540 5736 id
1582 5692 1668 5737 est
1715 5682 1772 5736 in

201 5775 380 5835 medio
413 5776 810 5841 haereticorum,
840 5777 931 5848 qui
961 5775 1216 5832 dicuntur
1244 5776 1453 5840 umbra,
1491 5777 1617 5847 quia
1673 5777 1772 5832 ha-

1846 1945 2060 2000 videtur
2111 1959 2228 1999 esse
2269 1942 2469 2015 gaudii,
2511 1945 2604 1999 sed
2634 1945 2904 2012 maeroris,
2949 1946 3000 2001 in
3029 1945 3212 2002 futuro
3242 1958 3417 2004 autem

1846 2034 2081 2094 fructum
2119 2033 2273 2090 ail‘ert
2301 2034 2705 2106 pacatissimum
2758 2033 2942 2107 (Hebr.
3000 2036 3123 2104 xu),
3153 2057 3170 2089 ι
3214 2046 3267 2094 et
3299 2039 3413 2094 haec

1847 2134 1930 2181 est
1959 2133 2107 2180 sexta
2157 2125 2350 2196 gratia.
2402 2123 2559 2179 Ponit
2606 2125 2888 2195 septimam
2918 2125 3136 2184 dicens:

1921 2236 1939 2268 ‹
1967 2216 2174 2271 Parasti
2206 2217 2256 2270 in
2281 2225 2572 2288 conspectu
2595 2232 2736 2282 meo,
2758 2237 2776 2270 ι
2801 2217 2854 2272 id
2883 2219 3213 2276 esthabilem
3236 2237 3323 2278 me
3347 2221 3422 2280 fe-

1847 2308 1967 2364 cisti
1993 2307 2085 2378 qui
2108 2307 2482 2376 intelligercm,
2503 2327 2521 2360 ι
2549 2325 2811 2376 mensam,
2844 2329 2863 2362 ι
2889 2311 2942 2366 id
2971 2322 3053 2367 est
3080 2312 3417 2372 Dominicum

1847 2417 2062 2473 corpus,
2094 2418 2334 2458 mensam
2379 2405 2516 2470 dico,
2545 2405 2866 2477 adjutricem
2898 2409 3002 2465 mei
3053 2428 3070 2461 ι
3109 2411 3368 2470 adversus
3396 2434 3414 2468 ι

1845 2510 2033 2552 omnes
2061 2518 2077 2548 ι
2105 2512 2200 2552 eos
2241 2499 2334 2569 qui
2372 2500 2627 2556 tribulant
2676 2518 2783 2558 me.
2813 2522 2832 2556 ι
2874 2502 2990 2560 Νοιι
3045 2506 3221 2564 solum
3276 2509 3420 2566 enim

1846 2589 2128 2645 Dominico
2175 2605 2404 2662 corpore
2457 2609 2487 2648 a
2537 2594 2684 2650 vitiis
2737 2598 3080 2665 mundamur,
3127 2601 3421 2659 virtutibus

1847 2679 2139 2750 replemur,
2169 2680 2262 2734 sed
2307 2681 2471 2736 etiam
2512 2692 2698 2737 contra
2740 2699 2954 2740 omnem
2986 2689 3417 2759 persecutionem

1847 2779 2232 2827 sustentamur.
2253 2771 2510 2831 Octavam
2539 2775 2769 2845 gratiam
2799 2777 2952 2846 ponit
2980 2794 3103 2833 cum
3134 2781 3294 2836 dicit:

1925 2881 1942 2913 ι
1963 2863 2308 2934 lmpinguasti
2333 2875 2491 2935 caput
2514 2880 2742 2930 meum,»
2772 2860 2937 2924 id'est
2967 2880 3200 2929 mentem
3223 2889 3422 2942 meam,

1853 2973 1874 3010 ι
1907 2956 1962 3012 in
2005 2957 2141 3019 oleo,
2182 2976 2201 3008 ι
2234 2957 2286 3011 id
2314 2967 2397 3013 est
2441 2958 2494 3012 in
2539 2959 2744 3029 Spiritu
2795 2973 2983 3019 sancto
3035 2968 3127 3036 qui
3177 2979 3426 3040 penetrat

1847 3049 2109 3114 animam,
2137 3058 2191 3104 et
2221 3047 2364 3104 fovet
2393 3049 2628 3104 animam
2652 3052 2791 3106 sicut
2824 3052 3002 3109 oleum
3037 3072 3279 3113 carnem.
3308 3058 3422 3115 ενοι

1854 3156 1874 3192 ι
1903 3148 2064 3211 caput
2091 3155 2292 3208 meum,
2324 3159 2343 3192 ι
2373 3140 2424 3194 id
2460 3150 2542 3197 est
2569 3141 2864 3209 Christum,
2887 3146 2974 3200 cui
3005 3145 3163 3203 datus
3192 3159 3274 3204 est
3304 3148 3425 3222 Spio

1855 3231 1990 3287 ritus
2018 3241 2257 3298 sanctus,
2291 3246 2397 3287 non
2421 3231 2488 3286 ad
2519 3248 2846 3302 mensuram,
2870 3236 2935 3291 de
2964 3237 3116 3310 cujus
3150 3239 3426 3298 abundan-

1856 3322 1932 3377 tia
1957 3331 2154 3378 caetera
2181 3323 2424 3378 membra
2452 3323 2807 3379 collzetantur.
2832 3326 2964 3382 Cum
2985 3327 3116 3384 dicit
3134 3351 3150 3382 ι
3173 3332 3228 3387 in
3247 3332 3386 3398 oleo,
3403 3354 3422 3385 ι

1855 3415 2119 3485 majorem
2155 3415 2540 3471 abundantiam
2579 3425 2755 3484 notat,
2780 3434 2942 3489 quam
2973 3421 3017 3480 si
3054 3422 3259 3479 diceret
3284 3425 3422 3482 oleo.

1857 3505 2014 3561 Ponit
2038 3523 2234 3564 nonam
2261 3509 2487 3581 gratiam
2519 3511 2746 3591 dicens:
2783 3533 2800 3565 ι
2834 3513 2985 3569 Calix
3011 3531 3184 3583 meus,
3205 3536 3224 3570 ι
3261 3518 3312 3573 id
3344 3528 3428 3574 est

1857 3606 2015 3668 potus
2044 3600 2305 3654 Dominici
2328 3601 2625 3671 sanguinis,
2655 3605 3011 3668 «inebrians,»
3040 3608 3165 3676 quia
3189 3617 3427 3665 terreno-

1860 3703 1980 3743 rum
2008 3687 2135 3742 facit
2160 3689 2423 3754 oblivisci,
2460 3699 2515 3744 et
2544 3691 2707 3746 etiam
2754 3693 2920 3747 vitam
2949 3705 3264 3764 presentem
3298 3714 3427 3754 cou-

1862 3780 2049 3843 tenmi,
2083 3788 2140 3834 ut
2175 3779 2229 3833 in
2275 3778 2564 3838 Laurentio
2611 3792 2762 3853 patet
2801 3793 2856 3840 et
2902 3786 3166 3844 similibus
3199 3809 3211 3843 :
3245 3799 3300 3846 et
3340 3791 3431 3849 ille

1860 3874 2002 3930 calix
2028 3892 2046 3924 ι
2081 3887 2244 3942 quam
2273 3873 2564 3944 praeclarus
2589 3877 2702 3931 est!
2745 3897 2764 3930 ι
2802 3877 3021 3934 Multum
3052 3881 3278 3948 scilicet,
3305 3883 3429 3953 quia

1861 3961 2072 4019 confert
2099 3964 2264 4018 vitam
2292 3972 2568 4020 aeternam.
2594 3966 2754 4023 Ponit
2777 3968 3040 4024 decimam
3067 3973 3316 4040 gratiam,
3334 3991 3432 4044 per

1859 4070 2024 4126 quam
2059 4062 2271 4110 aeterm
2305 4072 2497 4112 novem
2539 4071 2951 4129 conservantur,
3001 4072 3060 4118 ιιι
3104 4065 3175 4120 ita
3197 4066 3428 4135 dicatur,

1859 4148 1928 4204 ad
1951 4149 2252 4204 custodiam
2272 4149 2500 4206 aliarum
2527 4153 2844 4222 gratiarum.

1936 4258 1954 4291 ι
1990 4238 2353 4296 Misericordia
2393 4249 2482 4296 tua
2511 4244 2870 4313 subsequetur
2903 4262 3009 4301 me.
3046 4267 3064 4299 ι
3101 4248 3251 4304 Sicut
3285 4252 3428 4308 enim

1857 4331 2116 4402 praecedit
2143 4333 2510 4390 misericordia
2535 4335 2863 4392 conferendo
2888 4339 3119 4408 gratiam
3147 4381 3162 4406 ,
3192 4342 3270 4397 sic
3299 4344 3428 4400 sub-

1859 4430 2120 4492 sequatur
2143 4423 2209 4478 ad
2240 4425 2574 4484 custodiam:
2610 4443 2734 4481 nam
2766 4428 2812 4482 si
2841 4438 3047 4486 tantum
3079 4435 3430 4502 praecederet,

1861 4512 2044 4569 nullus
2083 4513 2342 4568 collocata
2380 4530 2600 4571 servare
2638 4527 2861 4586 posset:
2910 4538 2928 4571 ι
2962 4523 3212 4580 omnibus
3246 4526 3435 4582 diebus

1863 4604 1988 4659 vita:
2014 4619 2167 4660 meae.
2197 4623 2216 4657 ι
2257 4605 2340 4660 Ad
2367 4607 2470 4662 hoc
2500 4608 2867 4679 subsequitur,
2894 4620 2951 4665 ut
2976 4627 3073 4682 per
3101 4615 3303 4684 gratias
3325 4617 3435 4672 col-

1864 4693 2000 4750 latas
2012 4695 2687 4752 etcustoditasinhabitcm
2718 4698 2771 4752 in
2799 4699 2957 4755 domo
2983 4702 3216 4759 caelestis
3246 4704 3434 4762 Hieru-

1867 4788 2034 4843 salem
2071 4807 2088 4840 ι
2117 4789 2171 4842 in
2204 4787 2535 4857 longitudine
2563 4789 2792 4855 dierum,
2826 4810 2845 4844 ι
2880 4777 3056 4860 idest,
3081 4794 3134 4849 in
3155 4804 3434 4852 aeternum.

1870 4878 1928 4934 Si
1953 4889 2009 4934 et
2046 4879 2330 4951 habeatur,
2361 4879 2440 4935 sic
2481 4878 2689 4951 legatur
2717 4900 2730 4935 τ
2763 4880 3135 4955 Subsequatur
3167 4903 3254 4943 me
3279 4889 3438 4944 mise-

1868 4970 2101 5026 ricordia
2131 4970 2222 5024 Dei
2251 4979 2308 5024 ut
2333 4970 2618 5042 persistam
2652 4971 2704 5025 in
2735 4972 2836 5027 hac
2860 4975 2991 5040 vita,
3019 4995 3037 5026 ‹
3057 4984 3112 5030 et
3142 4985 3199 5030 ut
3219 4976 3436 5031 inhabi-

1871 5066 1978 5114 tem
2025 5060 2079 5114 in
2137 5060 2298 5116 domo
2349 5061 2578 5115 Domini.
2618 5081 2637 5114 ι
2674 5061 2739 5115 Ει
2766 5062 2880 5118 haec
2922 5073 3006 5120 est
3047 5065 3440 5122 commendatio

1870 5152 2191 5225 gratiarum,
2221 5151 2364 5224 quod
2389 5151 2625 5208 ostendit
2647 5167 2747 5223 per
2776 5153 2874 5210 has
2899 5153 3018 5210 dari
3039 5153 3314 5211 ccelestem
3345 5155 3442 5215 do-

1872 5257 2042 5297 mum.

2320 5394 2386 5449 [Ν
2428 5393 2756 5452 PSALMUM
2802 5393 2987 5452 XXIII.

2042 5528 2297 5586 Ttruws.
2332 5528 2578 5585 Psalmus
2607 5529 2776 5584 Dauid
2802 5531 2857 5586 in
2882 5531 3053 5603 prima
3077 5530 3304 5588 sabbati.

1955 5701 1972 5732 ι
2011 5681 2221 5736 Domini
2249 5689 2332 5735 est
2353 5689 2512 5734 terra.
2554 5702 2570 5730 ι
2604 5682 2847 5737 Psalmus
2869 5682 2971 5738 iste
2995 5684 3249 5743 convenit
3278 5683 3446 5745 David

1879 5774 2151 5848 propheta:
2199 5773 2285 5828 hic
2323 5772 2557 5841 loquenti
2597 5773 2650 5826 in
2699 5773 3128 5833 consideratione
3158 5775 3448 5838 Dominicac
