3984 6452
569 401 671 460 επ

1023 396 1380 456 HAYMONIS
1421 392 1902 474 HALBERSTAT.
1943 390 2162 450 EPlSC.
2200 390 2353 450 OPP.
2393 388 2574 449 PARS
2611 373 2760 447 l.i-
2783 386 3139 447 COMMENT.
3179 387 3356 445 BIBL.

3733 391 3849 448 272
3861 381 3865 383 ’

571 475 982 572 resurrectionis
1031 511 1188 568 facta
1223 512 1276 566 in
1319 510 1498 582 prima
1552 507 1781 574 sabbati,
1824 505 1877 563 id
1920 514 2033 573 est,
2085 505 2141 561 in
2166 511 2221 574 Α
2249 523 2269 558 ι
2296 505 2418 578 quis
2443 523 2464 559 ι
2504 513 2588 562 est
2623 503 2718 592 ille.
2737 504 2830 575 qui
2867 522 2886 557 ι
2928 503 3112 570 stabit,
3141 523 3160 556 ι
3195 483 3392 567 idest,
3429 503 3843 573 perseverabit,

567 607 744 678 prima
796 606 882 662 die
933 604 1274 675 septimana;
1305 601 1446 672 'qua
1491 599 1815 655 resurrectio
1866 597 2145 653 Dominica

568 695 671 752 fuit
711 696 1116 768 fundamentum
1159 691 1436 756 Ecclesia.
1481 699 1536 745 et
1576 687 1678 744 fuit
1717 689 1928 744 initium
1963 689 2144 769 totius

570 798 768 844 nostra
816 777 1171 858 reparationis
1219 799 1232 837 :
1279 782 1406 853 quia
1454 789 1639 839 nostra
1680 790 1872 836 natura
1922 779 1976 834 in
2027 779 2143 849 ipsa

567 878 771 937 Christi
799 891 1026 948 persona
1055 883 1139 930 est
1157 873 1269 943 jam
1296 875 1437 930 facta
1467 872 1834 944 impassibilis,
1867 871 2145 926 immorta-

569 968 637 1024 lis
660 1008 675 1034 ,
705 976 760 1022 et
801 981 898 1037 per
926 980 1051 1020 eum
1081 965 1240 1022 nobis
1268 979 1419 1036 spem
1455 963 1603 1020 dedit
1639 959 2062 1018 immortalitatis
2088 967 2145 1015 et

567 1057 1034 1131 impassibilitatis.
1062 1055 1217 1123 Quod
1258 1064 1438 1112 autem
1471 1053 1744 1126 reparatio
1769 1054 2017 1108 humana
2046 1066 2144 1106 na-

496 1214 498 1216 ,
564 1159 700 1206 tura
727 1148 970 1204 facienda
999 1154 1145 1202 esset
1170 1147 1225 1201 in
1251 1145 1426 1216 prima
1452 1145 1559 1211 die,
1585 1142 1907 1214 signiﬁcavit
1935 1139 2142 1196 creatio

469 1245 496 1300 ᾧ
561 1242 789 1307 mundi,
835 1240 1131 1297 secundum
1164 1238 1448 1294 materiam
1485 1237 1681 1292 factam
1719 1237 1773 1291 in
1824 1234 1999 1306 prima
2031 1233 2137 1288 die.

563 1330 859 1388 Sahbatum
883 1340 968 1386 est
994 1344 1191 1386 nomen
1211 1328 1374 1384 totius
1406 1328 1741 1398 septimana,
1766 1332 1822 1380 et
1849 1323 2082 1378 trahitur
2107 1337 2139 1376 a

559 1423 822 1494 dignitate
847 1422 976 1488 diei,
1001 1422 1056 1476 in
1079 1437 1184 1492 qua
1200 1421 1405 1491 quievit
1433 1419 1710 1474 Dominus.
1729 1417 1888 1472 Juxta
1911 1416 2054 1486 quod
2084 1415 2140 1469 in

560 1513 856 1584 Evangelio
875 1513 1075 1568 dicitur
1105 1529 1118 1565 :
1151 1531 1169 1562 ι
1192 1508 1383 1580 Jejuno
1405 1510 1489 1565 bis
1512 1509 1566 1564 in
1597 1509 1840 1563 sabbato.
1872 1527 1890 1559 ι
1917 1506 2140 1562 Materia

560 1587 918 1661 estQChristus
968 1602 1339 1658 resuscitatus.
1371 1600 1561 1655 Modus
1609 1599 1731 1654 talis
1757 1608 1841 1655 est
1864 1617 1878 1653 :
1903 1596 2141 1654 ostendit

559 1705 616 1752 et
641 1696 816 1766 ipsum
841 1694 1087 1751 ordinem
1125 1693 1390 1756 obtinere,
1425 1699 1483 1746 et
1511 1689 1681 1760 ipsius
1711 1690 1860 1760 regni
1889 1687 2137 1759 amplitu-

560 1785 739 1842 dinem
786 1804 799 1839 :
829 1783 1022 1842 deinde
1060 1783 1296 1840 ostendit
1334 1798 1496 1854 quem
1538 1781 1751 1837 honesti
1798 1780 2044 1836 habitent
2082 1779 2134 1834 in

2249 617 2270 652 ε
2317 600 2372 656 in
2411 598 2530 656 loco
2574 586 2764 654 sancto
2803 596 2955 667 ejus?
2985 617 3004 650 ι
3060 594 3114 652 id
3143 606 3261 662 est,
3291 596 3346 652 in
3387 596 3629 652 Ecclesia
3661 612 3842 667 quam

2243 689 2359 760 ipse
2400 674 2783 744 sanctiﬁcavit.

2313 777 2508 845 Quaero
2557 777 2678 848 quis
2735 775 3028 841 ascendit,
3075 773 3198 830 talis
3243 772 3449 830 scilicet
3487 792 3507 824 ‹
3563 774 3840 831 innocens

2247 888 2266 920 ι
2298 869 2574 935 manibus,
2613 887 2632 920 ι
2668 866 2723 923 id
2751 875 2855 922 est!
2879 865 3167 937 operibus,
3231 884 3250 917 ›
3295 864 3384 920 ille
3416 865 3625 920 scilicet
3677 867 3840 936 cujus

2240 974 2402 1030 opera
2429 975 2533 1015 non
2564 965 2759 1015 nocent
2785 956 3033 1028 proximo
3064 973 3078 1009 :
3109 963 3167 1010 et
3188 953 3315 1024 quia
3334 963 3557 1025 propter
3583 954 3697 1010 hoc
3729 971 3838 1010 non

2241 1058 2386 1105 esset
2409 1057 2586 1105 tamen
2609 1048 2879 1105 habitator
2905 1045 3047 1101 illius
3077 1046 3250 1116 regni,
3278 1045 3460 1100 subdit
3491 1064 3510 1096 ι
3541 1055 3599 1101 et
3624 1047 3840 1104 mundo

2241 1141 2425 1207 corde,
2466 1159 2485 1192 ι
2539 1138 2592 1194 id
2619 1147 2721 1204 est,
2753 1137 2848 1209 qui
2867 1152 2968 1193 nec
2997 1135 3269 1192 voluntate
3297 1137 3608 1206 proximum
3636 1137 3800 1192 [adit
3825 1159 3837 1193 ;

2240 1240 2296 1288 et
2332 1233 2457 1304 quia
2499 1231 2626 1288 licet
2671 1232 2725 1286 in
2755 1230 3060 1302 proximum
3099 1243 3209 1284 non
3253 1235 3534 1299 peccaret,
3583 1228 3837 1322 nondpm

2242 1333 2422 1380 tamen
2451 1325 2644 1396 dignus
2671 1331 2832 1390 esset,
2864 1321 3045 1378 subdit
3073 1322 3148 1375 τ’(
3197 1319 3290 1391 qui
3319 1335 3425 1374 non
3453 1319 3672 1390 accepit
3715 1319 3837 1374 ani-

2239 1433 2383 1472 mam
2427 1432 2598 1482 suam,
2651 1435 2669 1467 ›
2716 1415 2769 1470 id
2797 1422 2901 1481 est,
2925 1414 3255 1469 voluntatem
3283 1427 3457 1477 suam,
3487 1429 3507 1462 ι
3529 1411 3588 1468 in
3617 1426 3792 1476 vano,
3815 1431 3831 1464 ι

2240 1510 2294 1565 id
2341 1519 2463 1577 est,
2495 1510 2550 1565 in
2597 1509 2714 1565 istis
2756 1508 2989 1564 terrenis
3027 1522 3149 1577 qua
3186 1521 3323 1560 vana
3359 1512 3659 1570 vocantur,
3695 1513 3836 1561 teste

2240 1599 2543 1665 Salomone,
2574 1602 2666 1672 qui
2695 1599 2824 1656 dicit
2851 1617 2864 1654 :
2893 1617 2912 1650 ι
2952 1597 3176 1654 Vanitas
3201 1597 3528 1661 vanitatum,
3563 1604 3619 1650 et
3645 1598 3834 1651 omnia

2237 1691 2448 1746 vanitas
2470 1689 2658 1762 (Eccli.
2691 1687 2753 1760 ι).
2788 1707 2806 1741 ι
2843 1687 2979 1743 Cum
3007 1687 3140 1743 dicit
3173 1701 3308 1740 vana
3362 1700 3468 1739 non
3516 1699 3649 1740 esse
3676 1701 3836 1740 acce-

2239 1783 2460 1854 ptabilia
2490 1782 2682 1837 anima
2727 1796 2838 1837 sua
2859 1821 2874 1847 ,
2917 1780 3094 1836 innuit
3118 1779 3352 1849 seipsum
3378 1786 3646 1848 quantum
3678 1779 3754 1831 ad
3781 1793 3835 1834 se

560 1893 727 1950 regno
765 1877 876 1934 illo.
915 1877 1184 1933 Admonet
1221 1876 1386 1932 etiam
1425 1889 1526 1929 nos
1569 1886 1851 1928 removere
1888 1884 2136 1936 errores,
2168 1860 2216 1924 Β
2241 1889 2273 1928 a
2311 1873 2549 1944 peccatis
2589 1873 2847 1928 mundum
2890 1885 3011 1926 esse
3038 1867 3056 1925 ἐ
3096 1877 3152 1925 et
3175 1869 3301 1939 quia
3341 1881 3442 1923 nec
3484 1867 3590 1922 hoc
3623 1866 3835 1922 sufﬁce-

558 1970 820 2042 ampliare
858 1969 1090 2025 virtutes
1113 2006 1131 2035 ,
1176 1975 1238 2021 ut
1265 1966 1344 2022 sic
1375 1965 1646 2047 possimus
1678 1963 1920 2034 recipere
1947 1962 2137 2016 trium-

2237 1973 2339 2031 ret,
2372 1965 2476 2020 nisi
2509 1979 2568 2020 se
2608 1966 2748 2020 bona
2777 1963 2972 2019 fecisse
2996 1961 3344 2028 ostenderet,
3379 1961 3642 2032 supponit
3681 1981 3699 2012 ‹
3737 1977 3832 2017 nec

554 2063 836 2134 phatorem
853 2059 1158 2125 Dominum,
1176 2065 1231 2113 et
1251 2057 1354 2113 hoc
1374 2057 1517 2111 idem
1540 2063 1624 2111 est
1652 2052 2138 2109 intentio.Etsicut
2230 2055 2434 2127 juravit
2486 2056 2542 2110 in
2594 2055 2715 2112 dolo
2738 2055 2985 2126 proximo
3013 2070 3132 2110 suo.
3173 2073 3192 2106 ι
3225 2052 3432 2108 Iuravit
3457 2054 3710 2124 quidem,
3741 2054 3830 2109 sed

556 2153 751 2225 aliquis
780 2153 1098 2208 admoneret
1121 2149 1366 2205 homines
1411 2147 1562 2219 regni
1599 2146 1843 2218 alicujus,
1877 2155 1937 2200 ut
1960 2145 2138 2200 dirue-

557 2257 682 2302 rent
727 2259 943 2310 nturos,
988 2253 1044 2298 et
1079 2241 1404 2312 ampliarent
1452 2249 1638 2310 portas
1677 2247 1735 2294 ut
1771 2253 1893 2294 cum
1939 2252 2136 2310 magna

553 2335 911 2391 exsultatione
932 2335 1236 2405 reciperent
1261 2332 1569 2397 Dominum,
1607 2331 1681 2386 ita
1709 2331 1974 2401 propheta
2000 2344 2138 2402 pra-

551 2424 740 2482 videns
764 2423 1041 2482 Christum
1079 2423 1135 2479 in
1177 2437 1274 2478 sua
1314 2422 1715 2478 resurrectione
1751 2421 2000 2476 obtinere
2042 2435 2134 2476 re-

549 2533 714 2590 gnum
739 2531 837 2588 per
864 2524 1035 2572 totum
1071 2513 1328 2570 mundum
1351 2553 1366 2580 ,
1397 2513 1658 2570 admonet
1700 2513 1943 2584 recipere
1970 2512 2134 2568 istum

551 2605 1020 2677 triumphatorem.

619 2698 757 2767 Quia
783 2698 938 2753 istius
976 2714 996 2748 ι
1037 2693 1252 2751 Domini
1277 2702 1362 2751 est
1390 2705 1557 2761 terra,
1589 2713 1607 2747 ι
1655 2693 1710 2750 id
1735 2702 1840 2761 est,
1889 2694 2133 2752 Ecclesia

549 2804 712 2861 quam
739 2787 985 2844 fundavit
1011 2787 1066 2843 in
1095 2803 1193 2842 sua
1223 2786 1625 2843 resurrectione
1666 2804 1679 2840 :
1716 2804 1735 2837 ‹
1774 2795 1829 2842 et
1852 2787 2133 2857 plenitudo

549 2880 686 2952 ejus,
732 2900 752 2934 ι
793 2881 848 2938 id
893 2889 1010 2948 est,
1033 2881 1210 2937 omnis
1230 2881 1385 2951 copia
1408 2880 1670 2935 virtutum
1685 2895 1822 2951 quas
1838 2880 2004 2935 habet
2025 2880 2130 2937 Ec-

548 2973 736 3039 clesia,
766 2981 894 3028 sunt
915 2971 1152 3038 Domini,
1180 2972 1306 3042 quia
1335 2971 1596 3027 Dominus
1621 2972 1714 3027 dat
1740 2971 2001 3027 Ecclesia
2034 2988 2046 3025 :
2078 2977 2134 3026 et

547 3080 618 3121 ne
654 3063 1011 3135 intelligerem
1052 3071 1256 3118 arctam
1284 3061 1621 3128 Ecclesiam,
1667 3061 1879 3118 scilicet
1918 3061 1974 3116 in
2017 3060 2132 3118 sola

545 3150 750 3222 Judaa,
777 3155 1014 3212 ostendit
1037 3153 1335 3210 Ecclesiam
1366 3153 1579 3210 Domini
1606 3168 1728 3210 esse
1757 3153 2036 3210 collectam
2061 3169 2129 3210 ex

547 3247 694 3303 omni
722 3253 878 3318 parte
908 3254 1197 3311 terrarum,
1215 3260 1340 3301 cum
1362 3244 1496 3301 dicit
1521 3263 1534 3298 :
1566 3262 1584 3296 ‹
1607 3244 1755 3300 orbis
1784 3251 2074 3311 terrarum,
2104 3263 2124 3298 ι
2155 3232 2202 3296 C

548 3336 600 3394 id
616 3345 720 3403 est,
736 3336 980 3394 Ecclesia
1005 3353 1073 3393 ex
1089 3337 1236 3392 omni
1258 3336 1486 3394 circuitu
1504 3346 1768 3392 terrarum
1782 3345 1866 3393 est
1881 3336 2096 3392 Domini
2113 3355 2127 3392 :

552 3448 572 3481 ι
613 3439 668 3484 et
689 3429 928 3485 universi
965 3428 1058 3500 qui
1099 3429 1348 3484 habitant
1391 3427 1446 3484 in
1495 3443 1584 3493 eo,
1629 3447 1648 3480 »
1685 3427 1741 3482 id
1784 3435 1887 3493 est,
1944 3442 2136 3484 omnes

547 3521 644 3578 ﬁlii
673 3521 766 3593 qui
788 3535 1001 3592 quaque
1021 3520 1108 3576 die
1127 3529 1455 3592 generantur
1481 3520 1535 3575 in
1561 3520 1822 3576 Ecclesia.
1844 3519 1980 3576 Cum
2002 3520 2136 3576 dicit

550 3633 571 3668 ι
595 3615 864 3681 habitant,
889 3631 910 3667 ι
929 3621 1080 3669 notat
1101 3629 1209 3668 non
1225 3628 1576 3684 quoscunque
1596 3613 1919 3670 accedentes
1945 3613 2011 3668 ad
2032 3614 2135 3670 Ec-

545 3705 798 3772 clesiam,
841 3705 937 3762 sed
958 3704 1050 3776 qui
1082 3704 1137 3759 in
1166 3703 1271 3760 ﬁde
1305 3703 1557 3760 Ecclesia
1587 3720 1759 3775 usque
1808 3704 1876 3761 ad
1924 3705 2133 3762 obitum

543 3799 914 3868 perseverant.

613 3889 758 3944 Bene
776 3888 919 3954 dico,
939 3887 1181 3944 «Domini
1195 3895 1280 3943 est
1294 3893 1494 3952 terra,»
1522 3887 1678 3956 «quia
1695 3886 1938 3944 fundavit
1953 3902 2126 3954 eam,»

543 3982 598 4038 id
619 3988 725 4045 est,
749 3979 994 4036 stabilem
1021 3977 1151 4034 fecit
1174 3992 1316 4043 eam,
1347 3995 1366 4028 ‹
1395 3992 1559 4048 super
1582 3979 1774 4032 maria.
1800 3997 1818 4030 ν
1846 3977 1951 4033 Per
1975 3995 1994 4028 ι
2017 3993 2133 4032 ma-

546 4074 626 4129 ria
649 4091 668 4124 »
693 4071 892 4142 accipit
915 4085 1230 4126 communes
1253 4069 1461 4124 fructus
1482 4069 1639 4124 istius
1667 4069 1872 4125 mundi.
1897 4070 2030 4125 Cum
2048 4070 2132 4126 di-

545 4162 621 4219 cit
651 4179 670 4212 ‹
699 4175 862 4229 super
882 4199 897 4224 ,
942 4178 962 4212 ι
1001 4159 1237 4214 ostendit
1264 4159 1406 4229 quod
1429 4159 1670 4214 Ecclesia
1699 4175 1804 4214 non
1833 4161 2006 4231 possit
2040 4177 2132 4215 su-

545 4253 725 4326 perari
751 4268 782 4306 a
818 4250 1068 4306 ﬂuctibus
1092 4290 1108 4316 ,
1154 4252 1250 4306 sed
1274 4251 1452 4322 potius
1478 4259 1699 4322 superet
1737 4251 1952 4308 ﬂuctus.
1999 4270 2018 4303 ι
2063 4252 2131 4307 Et

547 4359 708 4414 super
727 4341 967 4396 ﬂumina.
990 4360 1008 4394 ι
1028 4339 1133 4396 Per
1156 4339 1436 4396 «ﬂumina»
1458 4342 1956 4414 accipitsaeculares
1975 4343 2128 4414 prin—

543 4436 722 4507 cipes,
766 4433 860 4505 qui
900 4431 1140 4489 deﬂuunt
1172 4433 1229 4488 in
1259 4448 1418 4490 curas
1454 4433 1681 4506 populi,
1729 4435 1870 4490 sicut
1905 4434 2129 4489 ﬂumina

546 4534 773 4582 currunt
814 4525 868 4580 in
897 4539 1080 4590 mare,
1127 4539 1290 4596 super
1321 4542 1458 4597 quos
1480 4528 1620 4583 Deus
1650 4526 1776 4583 fecit
1805 4527 2125 4595 Ecclesiam,

544 4616 669 4688 quia
691 4615 854 4671 etiam
879 4615 1179 4686 principum
1195 4615 1599 4687 persecutiones
1620 4625 1839 4686 superat
1857 4617 2120 4673 Ecclesia.

545 4707 679 4764 Cum
708 4707 837 4764 dicit
865 4725 883 4758 ι
907 4707 1230 4778 praeparavit
1263 4708 1472 4773 orbem,
1507 4728 1524 4761 ι
1554 4717 1706 4764 notat
1736 4709 1906 4779 ipsam
1929 4709 2122 4765 Eccle-

539 4799 678 4854 siam
717 4797 918 4853 habere
958 4797 1076 4852 hac'
1113 4813 1209 4869 per
1251 4797 1521 4854 internam
1562 4799 1970 4870 aspirationem.
2019 4799 2121 4857 Os-

539 4901 696 4952 tcnsa
739 4891 1088 4962 amplitudine
1132 4892 1281 4959 regni
1311 4932 1326 4957 ,
1362 4892 1597 4947 ostendit
1632 4906 1794 4961 quam
1825 4892 1972 4963 digni
2010 4892 2121 4949 sint

539 4983 642 5055 ipsi
671 4983 1004 5039 habitatores
1033 4981 1182 5052 regni
1212 4996 1226 5034 :
1256 4990 1312 5036 et
1337 4982 1440 5036 hoc
1471 4981 1593 5037 ideo
1627 4982 1864 5038 ostendit
1897 4999 1995 5053 per
2036 4984 2120 5039 in-

541 5074 962 5144 terrogationem
987 5080 1043 5127 et
1072 5072 1500 5141 responsionem,
1523 5079 1582 5126 ut
1604 5087 1702 5142 per
1729 5072 1832 5128 hoc
1857 5072 2120 5143 majorem

540 5169 697 5226 nobis
730 5168 979 5224 ostendat
1013 5168 1413 5224 certitudinem.
1447 5165 1826 5224 Continuatio:
1859 5189 1878 5222 ‹
1907 5169 2121 5226 Domini

541 5265 624 5314 est
652 5267 815 5322 terra,
845 5266 899 5313 et
919 5258 1035 5327 ipse
1059 5257 1304 5311 fundavit
1329 5272 1467 5322 eam,
1491 5276 1509 5309 ›
1537 5257 1634 5312 sic.
2006 5314 2013 5320 _

617 5368 636 5403 ι
665 5350 734 5405 Et
755 5349 877 5421 quis
904 5367 922 5400 ι
955 5349 1044 5425 ille
1070 5357 1178 5404 tam
1199 5347 1409 5418 dignus,
1434 5349 1526 5419 qui
1543 5368 1561 5400 ι
1581 5350 1905 5408 ascendetin
1937 5371 1954 5403 ι
1975 5352 2120 5410 hunc

547 5459 567 5494 ι
599 5448 838 5498 montem
858 5438 1108 5495 Domini?
1131 5458 1150 5492 ι
1181 5438 1236 5495 id
1257 5448 1339 5495 est
1363 5439 1418 5494 in
1443 5439 1763 5509 Ecclesiam,
1785 5458 1907 5514 qua
1920 5442 2120 5501 dicitur

542 5547 698 5590 mons
729 5540 950 5604 propter
993 5531 1339 5587 stabilitatem
1369 5541 1426 5588 et
1451 5532 1803 5589 eminentiam
1835 5537 2117 5592 virtutum.

541 5622 765 5695 Proprie
792 5622 941 5688 dicit,
969 5640 986 5672 ‹
1013 5623 1272 5688 ascendit,
1303 5642 1321 5674 ι
1347 5624 1438 5694 qui
1474 5641 1700 5697 magnus
1740 5641 1999 5682 ascensus
2035 5636 2122 5683 est

542 5714 610 5771 de
631 5710 892 5781 injustitia
935 5713 1166 5769 transire
1190 5714 1259 5769 ad
1285 5714 1714 5771 conformitatem
1744 5716 1998 5775 Ecclesia
2025 5738 2037 5774 :
2066 5733 2122 5777 et
2215 5709 2233 5728 ⁸

499 5863 508 5874 ,
541 5804 668 5881 quia
702 5813 884 5878 posset
910 5805 1202 5864 ascendere
1233 5814 1288 5863 et
1313 5807 1566 5863 recedere
1604 5808 1734 5875 cito,
1760 5809 1936 5866 subdit
1975 5831 1991 5864 ‹
2025 5823 2118 5871 aut

2234 2161 2342 2202 non
2371 2145 2556 2202 dolose
2579 2186 2595 2213 ,
2627 2146 2756 2216 quia
2781 2146 2923 2202 bene
2962 2144 3256 2217 complevit
3287 2143 3549 2215 quidquid
3578 2144 3829 2214 proximo

2233 2237 2504 2310 promisit.

2300 2349 2485 2406 Posita
2513 2348 2773 2421 dignitate
2799 2346 3148 2414 habitatoris,
3179 2346 3416 2403 ostendit
3443 2360 3616 2416 quam
3654 2362 3828 2402 remu-

2233 2441 2568 2497 nerationem
2606 2439 2726 2495 talis
2761 2439 3036 2495 habitator
3059 2439 3147 2510 tsit
3173 2439 3459 2493 habiturus
3489 2453 3622 2492 cum
3656 2438 3823 2494 dicit:

2239 2548 2258 2580 ι
2298 2528 2396 2585 llic
2439 2549 2458 2582 ι
2492 2529 2840 2600 prascriptus
2866 2529 3140 2586 habitator
3170 2547 3189 2581 ‹
3225 2528 3457 2599 accipiet
3489 2528 3826 2585 benedictio-

2232 2636 2381 2686 nem,
2415 2639 2433 2673 ι
2465 2620 2519 2676 id
2548 2628 2652 2687 est,
2683 2620 2739 2674 in
2766 2621 2869 2676 hac
2894 2620 3058 2676 vitam
3083 2621 3418 2677 incrementa
3447 2621 3741 2684 virtutum,
3772 2622 3820 2676 in

2232 2714 2338 2769 alia
2386 2715 2799 2770 retributionem
2842 2715 3182 2782 meritorum,
3214 2730 3246 2768 a
3285 2699 3517 2770 Domino
3557 2735 3576 2766 ι
3627 2724 3688 2771 et
3726 2716 3822 2770 hoc

2233 2821 2340 2860 non
2375 2821 2475 2877 per
2517 2806 2714 2861 merita
2735 2846 2750 2871 ,
2781 2806 2876 2861 sed
2904 2820 3003 2875 per
3046 2823 3066 2857 ι
3102 2805 3547 2862 misericordiam
3580 2804 3609 2859 ι’
3645 2806 3819 2860 datam

2238 2914 2257 2948 ι
2294 2912 2325 2950 a
2352 2897 2465 2952 Deo
2499 2895 2740 2961 salutari,
2765 2915 2784 2949 ι
2823 2896 2879 2952 id
2915 2903 2999 2952 est
3023 2935 3039 2962 ,
3079 2911 3110 2951 a
3151 2896 3431 2952 Salvatore
3463 2915 3482 2948 ι
3517 2912 3652 2963 suo,
3686 2917 3703 2948 ›
3733 2898 3819 2967 qui

2233 2986 2326 3040 dat
2371 2987 2823 3054 beriedictionem,
2865 2988 2994 3058 quia
3032 3003 3131 3059 per
3166 3005 3290 3045 cum
3325 2989 3472 3045 salus
3517 2991 3816 3046 tribuitur:

2233 3075 2683 3144 misericordiam,
2715 3078 2840 3148 quia
2875 3093 2975 3149 per
3001 3094 3126 3134 eum
3155 3087 3378 3150 peccata
3412 3080 3694 3137 laxantur.

2303 3189 2370 3244 Et
2406 3205 2474 3246 ne
2510 3190 2844 3248 habitatores
2883 3208 3020 3263 quos
3061 3195 3424 3268 descripserat
3464 3199 3626 3269 pauci
3665 3211 3818 3271 puta-

2236 3291 2446 3350 rentur,
2474 3283 2713 3339 ostendit
2735 3285 2934 3342 mnltos
2957 3300 3095 3351 esse,
3121 3279 3451 3346 nominando
3477 3305 3576 3347 eos
3600 3308 3821 3364 genera-

2234 3373 2456 3429 tionem.
2513 3392 2532 3426 ι
2580 3373 2707 3430 Hac
2757 3385 2840 3432 est
2881 3379 3178 3449 generatio.
3221 3399 3241 3432 ι
3281 3381 3351 3435 Ει
3395 3383 3639 3439 ostendit
3688 3385 3818 3440 duas

2232 3472 2417 3536 partes
2445 3464 2600 3521 istius
2631 3468 3019 3538 generationis,
3051 3471 3259 3526 activos
3285 3480 3342 3527 et
3366 3475 3819 3546 contemplativos

2234 3572 2357 3613 cum
2385 3557 2517 3614 dicit
2559 3575 2578 3609 ι
2611 3561 2970 3629 quarentium
2995 3575 3118 3616 eum
3144 3602 3161 3628 ,
3209 3582 3228 3616 ι
3259 3563 3313 3619 id
3343 3573 3443 3629 est,
3477 3565 3694 3623 illorum
3729 3571 3820 3640 qui

2234 3665 2559 3722 quocunque
2600 3667 2765 3723 opere
2803 3663 3052 3724 quarunt
3096 3655 3297 3713 habere
3322 3656 3524 3726 Deum,
3563 3671 3623 3716 ut
3672 3672 3821 3720 retro

2231 3743 2431 3798 ostium
2459 3743 2567 3800 sint
2594 3743 2786 3802 saltem
2815 3746 3257 3819 contemplativos
3289 3749 3382 3806 ubi
3406 3751 3536 3806 dicit
3567 3770 3581 3806 :
3621 3771 3641 3804 ι
3666 3769 3819 3824 qua-

2233 3835 2467 3888 rentium
2487 3833 2682 3890 faciem
2705 3836 2799 3891 Dei
2829 3835 3019 3905 Jacob,
3051 3857 3071 3892 ›
3097 3838 3153 3894 id
3172 3847 3277 3906 est,
3311 3843 3659 3914 cognitionem
3690 3846 3822 3901 dei-

2235 3924 2381 3979 tatis.
2418 3925 2584 3980 Deum
2607 3924 2776 3983 Jacoh
2805 3929 2926 3986 ideo
2954 3930 3104 3998 dicit,
3133 3933 3260 4004 quia
3283 3934 3530 3991 laborant
3551 3945 3611 3990 ut
3631 3935 3821 3994 Deum

2232 4014 2455 4070 videant
2483 4017 2624 4072 sicut
2649 4017 2781 4074 fecit
2805 4018 2991 4076 Jacob.

2301 4130 2742 4203 Quandoquidem
2790 4149 3015 4208 regnum
3072 4139 3178 4195 tale
3219 4149 3332 4207 est,
3379 4156 3433 4200 et
3481 4145 3818 4205 habitatores

2234 4228 2344 4275 tam
2379 4222 2544 4292 digni,
2573 4239 2702 4292 ergo
2736 4240 2833 4281 vos
2866 4244 2885 4276 ι
2918 4227 3212 4301 principes,
3244 4251 3262 4284 ι
3300 4233 3351 4288 id
3382 4242 3482 4298 est,
3517 4237 3815 4302 daemones,

2231 4315 2322 4385 qui
2345 4316 2615 4372 daemones
2637 4317 2890 4373 dicuntur
2905 4321 3177 4394 principes
3201 4327 3382 4380 mundi
3410 4344 3424 4381 :
3460 4345 3480 4378 ι
3513 4329 3765 4397 attollite,
3795 4351 3811 4384 ι

2231 4408 2286 4463 id
2311 4417 2416 4474 est,
2448 4417 2722 4465 removete
2752 4429 2771 4462 ι
2803 4421 3013 4481 portas,
3043 4433 3064 4467 ι
3107 4414 3161 4470 id
3195 4425 3302 4482 est,
3352 4417 3485 4474 vitia
3533 4420 3606 4477 ah
3635 4422 3817 4478 homi~

2232 4501 2388 4557 nibus
2417 4516 2552 4571 quos
2588 4502 2642 4556 in
2669 4517 2855 4589 errore
2893 4506 3108 4573 tenetis,
3140 4508 3232 4578 qui
3287 4525 3503 4568 errores
3538 4523 3713 4583 porta
3737 4517 3818 4572 di-

2151 4583 2207 4647 D
2231 4604 2451 4658 cuntur,
2494 4596 2621 4666 quia
2653 4583 2753 4668 per
2790 4612 2884 4652 eos
2913 4597 3024 4654 itur
3067 4598 3120 4654 in
3157 4609 3420 4657 aternum
3480 4603 3764 4662 interitum
3799 4623 3814 4661 :

2228 4694 2283 4741 et
2329 4707 2348 4740 ι
2379 4702 2498 4754 vos,
2546 4707 2565 4739 ‹
2599 4696 2769 4758 porta
2794 4690 3097 4756 aternales,
3129 4709 3148 4743 ι
3203 4693 3256 4747 id
3295 4701 3396 4760 est,
3437 4695 3671 4753 virtutes
3692 4714 3818 4770 qua

2228 4777 2424 4832 ducitis
2453 4777 2519 4832 ad
2545 4777 2711 4832 vitam
2724 4785 3001 4847 aternam,
3025 4801 3043 4833 ‹
3073 4781 3377 4853 elevamini,
3412 4805 3433 4840 ι
3472 4787 3526 4842 id
3556 4798 3671 4855 est,
3709 4805 3819 4844 arn-

2225 4867 2492 4937 pliamini,
2527 4885 2546 4918 ‹
2574 4876 2632 4923 et
2677 4869 2925 4927 introibit
2946 4890 2962 4922 ι
2986 4871 3039 4926 in
3069 4888 3163 4930 eos
3190 4889 3221 4929 a
3246 4876 3444 4946 quibus
3462 4891 3819 4937 removentur

2225 4972 2460 5059 errores,
2483 4966 2540 5015 et
2570 4959 2623 5015 in
2649 4961 2845 5032 quibus
2880 4963 3212 5036 ampliantur
3235 4967 3486 5036 virtutes,
3522 4989 3545 5027 ς
3579 4988 3676 5028 rex
3707 4974 3818 5045 glo-

2228 5062 2346 5102 τιέξ.
2380 5065 2400 5100 9

2298 5149 2544 5207 Ostendit
2574 5151 2889 5224 dignitatem
2925 5155 3094 5227 ipsius
3120 5160 3294 5232 regis,
3324 5162 3713 5238 interrogando
3760 5181 3818 5224 et

2227 5243 2619 5313 respondendo,
2641 5259 2762 5300 cum
2791 5245 2958 5302 dicit:
2989 5267 3008 5300 ‹
3034 5249 3155 5319 quis
3185 5261 3267 5307 est
3293 5253 3392 5308 iste
3413 5271 3510 5310 rex
3541 5257 3771 5328 gloria?
3791 5281 3809 5312 ι

2232 5353 2250 5386 ι
2277 5333 2536 5392 Dominus
2564 5355 2584 5388 ι
2605 5335 2812 5393 scilicet
2830 5358 2848 5390 ‹
2873 5338 3026 5398 fortis
3047 5361 3066 5395 ι
3095 5343 3151 5398 in
3183 5359 3244 5401 se
3268 5346 3401 5417 ipso,
3427 5351 3643 5407 etiamsi
3669 5370 3814 5409 nun-

2226 5442 2387 5498 quam
2412 5428 2761 5485 ostenderent
2787 5448 2807 5482 c
2837 5439 2891 5488 et
2910 5423 3104 5503 potens
3131 5454 3150 5487 ι
3179 5436 3232 5492 in
3254 5439 3400 5495 omni
3425 5451 3678 5498 creatura
3708 5463 3722 5497 :
3756 5454 3815 5502 et

2193 5515 2195 5517 ’
2226 5519 2327 5575 iste
2359 5537 2377 5571 ‹
2409 5519 2667 5577 Dominus
2692 5542 2710 5575 ι
2733 5524 3052 5595 spiritaliter
3072 5538 3158 5585 est
3186 5548 3204 5581 ι
3239 5538 3429 5600 potens
3458 5532 3513 5587 in
3543 5535 3759 5605 pralio,
3787 5557 3806 5591 ι

2225 5611 2280 5668 in
2300 5627 2407 5682 quo
2428 5611 2624 5668 devicit
2646 5614 2942 5672 diabolum.

2287 5714 2318 5779 ἰ
2346 5728 2608 5794 Attollite,
2642 5748 2659 5780 ι
2695 5732 2832 5789 idem
2867 5735 3123 5807 geminat,
3150 5752 3248 5808 per
3285 5739 3427 5809 quod
3466 5742 3705 5799 ostendit
3748 5760 3818 5802 se

2222 5833 2347 5891 erga
2378 5821 2521 5878 hunc
2553 5821 2841 5882 Dominum
2883 5826 3131 5885 affectum
3173 5846 3427 5902 magnum
3461 5833 3688 5902 habere,
3748 5835 3812 5894 in
