3984 6444
192 449 299 505 9ῗὸ

1360 447 1797 508 EXPLANATIO
1836 446 1903 505 ΙΝ
1942 448 2280 511 PSALMOS.

3340 455 3446 511 274

193 575 302 631 quo
328 558 558 615 intendit
599 574 699 616 nos
724 561 1013 619 admonere
1050 561 1192 619 hunc
1248 561 1538 619 Dominum
1568 575 1763 634 magno
1788 563 1841 626 Α
1936 560 2121 634 Neque
2148 564 2237 619 alii
2284 564 2560 623 retrahent
2587 580 2692 631 me,
2723 579 2821 636 per
2845 567 2992 636 quod
3012 568 3447 628 erubescentiam

194 654 389 711 affectu
410 654 809 725 suscipiendum
832 668 971 712 esse.

272 764 291 797 ι
325 744 433 801 lste
454 760 550 801 rex
575 744 759 818 gloria
781 766 799 798 ι
818 754 904 803 εει
921 766 940 797 ι
962 746 1223 803 Dominus
1243 746 1521 815 virtutum,
1545 764 1564 798 ι
1592 745 1645 800 id
1662 755 1765 811 est,

195 836 561 908 angelicorum
602 836 843 891 omnium
887 836 1182 892 ordinum:
1213 835 1340 892 licet
1378 835 1605 890 virtutes
1644 849 1769 905 pro-

193 928 371 999 prium
404 942 598 983 nomen
636 927 707 982 sit
740 927 901 983 unius
939 927 1163 993 ordinis,
1188 935 1369 983 tamen
1400 926 1459 981 tit
1484 940 1769 982 commune

195 1019 454 1074 omnium.
488 1017 775 1073 Sciendum
808 1028 891 1075 est
926 1020 1069 1089 quod
1116 1019 1283 1074 David
1318 1018 1373 1073 in
1414 1031 1643 1088 persona
1672 1032 1767 1072 sua

195 1112 367 1166 utitur
382 1111 561 1167 verbis
585 1111 919 1184 angelorum.
942 1112 1195 1167 Pravidit
1218 1113 1361 1168 enim
1391 1128 1487 1184 per
1508 1111 1768 1183 Spiritum

195 1210 461 1268 sanctum,
492 1202 710 1274 angelos
737 1218 1098 1273 praeursores
1122 1202 1319 1259 Christi
1345 1244 1360 1269 ,
1396 1204 1463 1258 al
1502 1201 1769 1258 infernum

195 1294 309 1350 hac
364 1294 604 1349 dicturos
651 1311 664 1348 :
721 1314 739 1345 ι
786 1310 819 1349 ο
860 1282 1163 1365 principes,
1203 1315 1221 1348 ι
1257 1295 1311 1350 id
1348 1303 1431 1350 est
1479 1294 1766 1360 damones,

202 1403 220 1435 ι
249 1383 477 1439 attollite
501 1392 710 1454 portas,
746 1404 763 1437 ι
801 1385 853 1441 id
882 1394 963 1441 est
985 1426 1000 1451 ,
1030 1386 1306 1441 clausuras
1336 1384 1549 1450 inferni,
1577 1384 1772 1456 quibus

198 1477 392 1531 tenetis
426 1476 632 1530 animas
662 1485 990 1531 sanctorum.
1031 1476 1289 1532 Pravidit
1316 1492 1528 1548 quoque
1555 1477 1775 1548 angelos

195 1571 396 1647 Christi
436 1586 813 1641 pracursores,
862 1572 917 1627 in
962 1572 1276 1628 ascensione
1320 1573 1436 1627 hac
1477 1570 1719 1627 dicturos
1754 1589 1770 1629 :

200 1681 219 1713 ι
250 1661 424 1717 Porta
446 1662 759 1729 aternales,
796 1681 814 1713 ι
846 1662 899 1718 id
930 1671 1032 1727 est,
1060 1663 1238 1718 aditus
1281 1663 1336 1717 in
1377 1662 1640 1729 coelestia,
1680 1679 1778 1734 per

195 1769 330 1824 quos
356 1752 532 1809 nullus
566 1753 728 1809 homo
755 1769 926 1825 usque
972 1755 1131 1809 modo
1160 1754 1362 1810 intrare
1403 1756 1595 1825 potuit,
1627 1774 1645 1808 ι
1666 1756 1775 1812 ele-

195 1844 420 1910 vamini,
458 1864 477 1898 i
522 1845 574 1899 id
600 1854 684 1900 est
714 1845 1070 1915 ampliamini,
1107 1864 1126 1897 ι
1162 1856 1216 1901 ει
1261 1847 1502 1902 introibit
1538 1864 1632 1904 rex
1661 1848 1775 1921 glo-

1866 652 2064 722 patiar,
2079 663 2133 708 et
2165 655 2267 711 hoc
2291 655 2450 711 dicit:
2479 676 2497 709 ι
2526 656 2710 727 Neque
2737 658 2942 713 inimici
2968 658 3072 715 mei
3100 679 3118 711 ι
3140 660 3447 730 spirituales

1866 743 1980 799 sive
2012 744 2318 816 corporales
2354 767 2371 799 ‹
2391 748 2662 835 irrideant
2690 764 2795 815 me,
2828 770 2846 803 ι
2875 748 2927 805 id
2952 762 3056 817 est,
3088 750 3290 808 faciant
3325 753 3450 810 irri-

1867 834 2097 891 sibilem.
2132 836 2365 893 Tantum
2398 834 2551 894 valet
2587 840 2703 898 hac
2737 842 2965 913 optatio,
2996 851 3257 914 quantum
3284 844 3331 899 si
3371 844 3451 901 di-

1868 933 2034 993 ceret,
2083 942 2191 982 non
2227 927 2562 995 irridebunt,
2608 940 2664 986 et
2691 946 2819 988 vere
2856 949 2965 989 non
3012 935 3326 991 erubescam
3354 952 3452 993 ne-

1868 1030 1974 1087 que
2014 1016 2325 1085 irridebor,
2360 1034 2484 1075 cutn
2532 1019 2706 1076 levata
2745 1022 2925 1078 anima
2965 1023 3021 1079 in
3062 1034 3114 1080 te
3156 1026 3450 1095 confidam,

1870 1107 1992 1177 quia
2022 1107 2095 1161 ita
2117 1116 2196 1163 est
2232 1108 2285 1163 in
2311 1110 2581 1166 omnibus.
2610 1112 2676 1166 Et
2702 1112 2805 1167 hoc
2826 1121 2911 1169 est
2952 1116 3095 1184 quod
3136 1116 3289 1183 dicit,
3323 1137 3342 1169 ι
3372 1125 3455 1173 et-

1870 1196 2016 1251 enim
2052 1197 2286 1253 universi
2332 1199 2425 1270 qui
2471 1200 2735 1255 sustinent
2762 1208 2833 1266 te,
2857 1220 2875 1253 »
2902 1201 2955 1257 id
2973 1205 3183 1275 est,qui
3213 1207 3312 1262 sub
3337 1222 3457 1262 ma-

1870 1286 2043 1343 lorum
2085 1290 2457 1360 persecutione
2496 1291 2755 1347 auxilium
2806 1302 2953 1348 tuum
2998 1294 3323 1353 fiducialiter
3358 1312 3457 1352 ex«

1872 1389 2121 1450 spectant
2153 1400 2171 1433 ι
2195 1396 2299 1437 non
2329 1381 2750 1449 confundentur,
2773 1401 2792 1437 ι
2828 1382 2879 1438 id
2911 1394 3012 1450 est,
3042 1400 3151 1440 non
3178 1386 3457 1444 habebunt

1873 1471 2309 1528 erubescentiam
2339 1474 2403 1529 de
2431 1474 2633 1545 aliquo.

1948 1560 2289 1617 Sustinentes
2333 1578 2439 1618 non
2472 1563 2893 1632 confundentur,
2937 1566 3031 1622 sed
3060 1582 3248 1623 omnes
3284 1567 3457 1639 iniqui

1877 1651 2297 1719 confundentur,
2337 1662 2448 1708 tum
2475 1654 2600 1725 quia
2629 1656 2813 1727 inique
2841 1666 3029 1729 agunt,
3062 1666 3174 1712 tum
3204 1658 3328 1728 quia
3366 1673 3459 1713 su—

1876 1758 2163 1815 pervacue.
2200 1744 2268 1799 Et
2292 1744 2394 1799 hoc
2415 1754 2499 1801 est
2530 1764 2542 1800 :
2577 1766 2595 1798 ί
2624 1746 3035 1804 Confundantur
3056 1765 3243 1805 omnes
3272 1750 3457 1822 iniqua

1848 1845 1855 1853 '
1880 1845 2102 1905 agentes
2126 1850 2477 1905 supervacue.
2503 1856 2520 1889 ι
2549 1857 2567 1888 ι
2592 1836 2934 1909 Supervacue
2953 1859 2970 1892 ι
2998 1841 3250 1897 dicuntur
3264 1843 3349 1915 agi
3368 1844 3457 1899 illa

199 1938 312 1991 ria.
348 1956 366 1988 ι
397 1936 649 1991 Pravidit
691 1953 904 2008 quoque
945 1938 1204 2009 propheta
1248 1938 1365 1993 hac
1406 1940 1773 2010 respondenda
1801 1930 1849 1990 B
1877 1926 1989 1982 είνθ
2018 1927 2157 1981 bona
2188 1926 2317 1992 Sim:
2357 1928 2471 1982 Sive
2500 1929 2663 1994 malas
2692 1930 2745 1984 ίη
2770 1930 2965 2000 quibus
3000 1931 3143 1986 "una
3175 1942 3322 1987 οοΐῑθ
3361 1948 3458 1988 εἰσ

198 2028 406 2096 angelis
438 2046 451 2081 :
488 2028 739 2082 dixerunt
767 2028 909 2083 enim
941 2029 1211 2084 damoues
1242 2029 1445 2099 angelis
1472 2031 1777 2099 praceden-

197 2121 345 2177 tibus
374 2120 644 2178 Christum
670 2122 739 2176 ad
760 2120 1050 2177 infernum.
1094 2142 1112 2173 ι
1135 2121 1268 2189 Quis
1295 2130 1381 2178 est
1409 2122 1511 2177 iste
1543 2138 1635 2178 rex
1665 2122 1779 2194 glo-

197 2211 293 2265 ria
325 2252 338 2275 ,
392 2226 549 2281 quem
603 2212 709 2266 huc
764 2212 1069 2267 venientem
1107 2204 1485 2267 annuntiatis?
1521 2211 1629 2269 Sed
1677 2213 1780 2269 hoc

196 2303 338 2359 idem
370 2304 697 2374 quasierunt
725 2303 974 2359 caelestes
1002 2304 1177 2375 angeli
1208 2344 1223 2369 ,
1269 2319 1393 2359 cum
1423 2305 1502 2360 eis
1530 2304 1779 2361 ascensio

195 2394 399 2452 Christi
445 2412 474 2450 a
518 2396 870 2466 prasentibus
918 2396 1122 2465 angelis
1169 2396 1531 2451 nuntiaretur.
1559 2394 1780 2452 Certum

196 2494 280 2540 est
318 2486 463 2540 enim
511 2483 773 2556 quosdam
815 2486 1034 2559 angelos
1088 2487 1364 2557 ignorasse
1407 2485 1779 2541 ascensionem

195 2577 398 2633 Christi
445 2578 617 2634 donec
653 2578 940 2645 viderunt,
971 2587 1025 2634 et
1054 2579 1301 2634 videntes
1339 2579 1496 2633 valde
1527 2575 1781 2633 admirati

194 2676 344 2725 sunt.
382 2668 783 2738 inquirentibus
811 2676 993 2724 autem
1035 2669 1241 2740 angelis
1276 2678 1388 2723 tam
1426 2667 1782 2724 infernalibus

194 2779 360 2833 quam
384 2762 694 2819 coelestibus
720 2772 1115 2834 praecurrentes
1145 2762 1319 2833 angeli
1351 2763 1780 2833 responderunt:

201 2876 219 2907 ι
254 2855 514 2910 Dominus
543 2853 697 2909 fortis
724 2863 780 2910 et
801 2842 1027 2926 potens,
1047 2854 1306 2909 Dominus
1331 2862 1524 2925 potens
1564 2854 1615 2908 in
1646 2868 1784 2924 pra-

193 2945 288 3000 lio.
336 2945 574 3001 Attollite
612 2954 816 3016 portas,
873 2966 891 2997 ι
932 2946 1265 3016 ingeminant
1292 2961 1445 2999 suam
1472 2943 1786 3015 praceptio-

198 3054 346 3104 ncm,
388 3039 511 3108 quia
562 3054 674 3094 rem
717 3040 908 3095 miram
956 3048 1011 3095 et
1047 3038 1413 3096 incredibilem
1462 3037 1785 3094 annuntiare

194 3130 474 3186 videntur.

661 3263 729 3319 lN
762 3264 1089 3322 PSALMUM
1123 3264 1313 3321 XXIV.

474 3375 731 3434 Tt'ruws.
763 3378 829 3433 In
873 3379 1030 3447 ﬁnem
1054 3380 1290 3450 psalmus
1320 3378 1511 3433 David.

280 3506 298 3539 ι
319 3486 402 3541 Ad
421 3494 495 3551 te,
512 3487 755 3541 Domine.
783 3506 799 3537 ι
826 3487 1092 3557 Loquitur
1112 3489 1165 3543 in
1183 3489 1287 3544 hoc
1300 3488 1508 3559 psalmo
1520 3486 1783 3555 Ecclesia,

200 3593 327 3647 qua
353 3577 688 3647 significatur
716 3594 813 3647 per
842 3578 1011 3634 David
1044 3597 1057 3633 :
1097 3589 1151 3635 et
1176 3590 1258 3636 est
1282 3582 1510 3643 materia
1544 3582 1789 3636 clamans

206 3670 264 3723 in
302 3669 562 3739 angustiis
589 3669 749 3740 hujus
775 3671 979 3727 mundi.
1022 3672 1098 3727 De
1124 3674 1239 3743 ipsa
1263 3674 1338 3728 ita
1363 3674 1473 3744 agit
1504 3688 1518 3727 :
1548 3676 1682 3744 petit
1712 3674 1788 3728 le-

200 3768 346 3815 vata
388 3761 581 3815 anima
608 3775 719 3817 sua
758 3762 875 3816 vias
916 3761 1126 3817 Domini
1154 3765 1513 3819 demonstrari
1541 3806 1555 3831 ,
1597 3765 1790 3821 deinde

202 3852 343 3922 petit
378 3850 778 3907 misericordias
808 3867 943 3922 quas
981 3854 1263 3908 consuevit
1293 3854 1435 3909 Deus
1474 3854 1657 3909 facere
1687 3868 1791 3911 ca-

206 3942 339 3997 teris
383 3941 625 4011 patribus
657 3982 672 4008 ,
716 3941 911 3999 deinde
955 3944 1211 4000 describit
1259 3942 1464 4013 justum
1492 3986 1507 4011 ,
1556 3954 1610 4001 et
1638 3944 1792 4016 ponit

200 4037 489 4107 pramium
525 4035 750 4105 justitia
801 4038 939 4109 ejus,
974 4047 1029 4093 et
1059 4039 1325 4109 promittit
1372 4054 1431 4093 se
1478 4053 1678 4094 vovere
1719 4038 1794 4094 si—

204 4128 393 4184 milem
418 4129 489 4193 ei,
532 4137 588 4184 et
629 4129 861 4185 intendit
898 4131 1212 4196 admonere,
1242 4138 1302 4185 ut
1328 4131 1597 4201 patienter
1631 4128 1793 4199 hujus

206 4219 399 4276 mundi
435 4220 833 4285 necessitatem,
867 4235 968 4276 nec
994 4206 1195 4277 monet
1227 4221 1295 4276 ad
1330 4222 1674 4292 martyrium,
1698 4220 1792 4276 sed

207 4318 270 4367 ut
290 4326 603 4368 communes
628 4312 902 4368 molestias
917 4313 1074 4383 hujus
1090 4314 1214 4368 vitae
1235 4313 1503 4384 patienter
1526 4313 1794 4368 sustinea-

208 4418 357 4467 ntus,
394 4418 529 4473 quas
556 4404 721 4458 etiam
762 4419 952 4459 omnes
996 4404 1169 4460 sancti
1196 4404 1534 4459 confessores
1570 4403 1795 4460 inevita-

206 4491 394 4547 biliter
414 4493 802 4547 sustinuerunt.

284 4583 355 4637 Et
380 4592 665 4653 antequam
693 4594 840 4654 petat
862 4585 1381 4641 demonstrationem
1401 4584 1634 4649 viarum,
1658 4598 1796 4652 pra-

210 4664 385 4730 mittit
414 4675 645 4730 levatam
669 4690 791 4731 esse
812 4675 1049 4730 animam
1078 4690 1201 4730 cum
1228 4674 1359 4730 dicit
1387 4688 1401 4727 :
1435 4692 1453 4725 ι
1490 4673 1739 4739 Domine,
1768 4693 1787 4727 ι

210 4783 318 4839 ego
362 4785 379 4818 ι
408 4766 575 4822 levavi
606 4767 841 4822 animam
864 4781 1059 4832 meam,
1100 4786 1118 4817 ›
1152 4766 1205 4820 id
1230 4774 1314 4819 est
1337 4804 1352 4829 ,
1404 4762 1797 4818 animalitatem

212 4874 415 4924 meam,
451 4875 572 4930 qua
601 4859 719 4929 ejus
758 4867 967 4913 natura
996 4865 1115 4912 erat
1140 4898 1155 4923 ,
1189 4857 1333 4926 quod
1372 4865 1554 4926 posset
1578 4855 1688 4911 cito
1713 4855 1800 4910 de-

210 4950 379 5022 primi
397 4951 464 5005 ab
487 4950 726 5020 appetitu
753 4957 1115 5013 terrenarum,
1135 4947 1285 5002 erexi
1316 4965 1335 4998 ι
1368 4945 1436 5000 ad
1454 4952 1525 5011 te,
1559 4962 1578 4995 ι
1607 4943 1659 4998 id
1690 4952 1795 5009 est,

214 5043 291 5100 ita
312 5043 680 5099 utobediendo
694 5041 956 5112 superiori
975 5041 1024 5095 vi
1041 5040 1255 5105 anima,
1289 5038 1384 5094 tibi
1399 5036 1685 5094 deserviet.
1699 5034 1799 5091 Vel

214 5134 547 5205 accipiamus
559 5132 888 5201 superiorem
904 5132 1011 5186 vim
1028 5129 1241 5193 anima,
1269 5129 1439 5199 ipsam
1455 5126 1693 5181 animam
1705 5123 1804 5182 βεεν

217 5224 351 5282 licet
372 5233 630 5289 mentem,
644 5222 789 5278 velut
808 5222 853 5278 si
877 5222 1021 5277 dicat
1038 5220 1210 5276 fidelis
1228 5239 1239 5273 :
1258 5218 1511 5274 Animam
1524 5230 1725 5282 meam,
1749 5215 1805 5273 id

220 5325 332 5383 est,
349 5323 583 5372 mentem
602 5329 777 5369 meam
792 5313 859 5368 ad
883 5322 935 5368 te
959 5311 1322 5369 contuendum
1343 5307 1597 5371 levavi,id
1617 5314 1722 5373 est,
1735 5306 1804 5364 ad

225 5418 441 5464 terrena
480 5407 593 5462 hac
612 5421 717 5461 non
742 5404 964 5476 permisi
998 5404 1065 5459 ab
1088 5401 1424 5458 animalitate
1458 5398 1708 5470 deprimi.
1734 5397 1804 5455 Et

222 5500 353 5572 quia
365 5498 708 5571 cognoscitse
728 5496 942 5552 mobilis
968 5503 1318 5564 natura,qua
1338 5507 1435 5563 per
1446 5492 1679 5562 seipsam
1694 5505 1803 5547 non
1844 5494 1850 5501 ’

223 5591 400 5663 possit
419 5599 599 5646 erecta
628 5590 945 5655 consistere,
977 5586 1156 5643 subdit
1186 5603 1200 5639 :
1237 5604 1256 5637 ι
1286 5586 1428 5640 Deus
1461 5599 1635 5649 meus,
1668 5598 1802 5640 con-

1878 2020 2140 2089 spectatio
2160 2028 2262 2084 est,
2277 2029 2332 2074 ει
2346 2021 2550 2090 optatio
2571 2036 2731 2092 quam
2750 2023 2877 2079 boni
2905 2032 3112 2078 tantum
3134 2024 3271 2079 valet
3286 2041 3461 2096 quan-

1879 2120 1994 2165 tum
2021 2110 2322 2166 afﬁrmatio.
2347 2110 2482 2167 Cum
2513 2113 2666 2179 dicit,
2691 2115 3020 2173 sustinentes
3046 2132 3153 2173 non
3178 2116 3459 2184 confundi,

1880 2208 1936 2254 et
1972 2200 2187 2271 iniquos
2213 2198 2498 2268 confundi,
2532 2203 2769 2259 maxime
2800 2220 2898 2261 uos
2935 2206 3189 2263 admonet
3215 2214 3273 2261 ut
3300 2207 3462 2264 susti-

1881 2310 2130 2351 neamus.

1956 2408 1974 2440 ι
2004 2388 2197 2443 Levavi
2228 2388 2461 2444 animam
2485 2403 2693 2457 meant;
2722 2406 2827 2446 non
2853 2391 3190 2460 erubescam,
3215 2410 3235 2446 ι
3260 2399 3315 2448 ει
3344 2392 3465 2450 ideo

1887 2495 1905 2529 ι
1936 2477 2245 2531 demonstra
2293 2477 2425 2532 mihi
2471 2477 2586 2533 vias
2637 2486 2780 2546 tuas,
2836 2499 2855 2531 ι
2887 2480 2941 2536 id
2982 2490 3102 2547 est,
3148 2496 3466 2539 communes
3528 2482 3529 2489 “

1880 2568 2289 2640 praceptiones,
2315 2568 2511 2638 quibus
2533 2568 2641 2623 itur
2674 2570 2742 2624 ad
2769 2579 2840 2635 te,
2868 2570 3113 2627 Domine.
3142 2570 3287 2627 Bene
3314 2572 3464 2638 dicit,

1889 2678 1908 2712 ι
1940 2660 2271 2727 demonstra,
2303 2679 2322 2713 ι
2359 2660 2485 2731 quia
2517 2677 2624 2717 non
2652 2671 2737 2718 est
2764 2662 2990 2718 multum
3022 2663 3373 2720 laborandum
3411 2666 3467 2721 in

1883 2750 2269 2821 cognoscendis
2288 2751 2392 2807 viis
2419 2751 2633 2807 Domini
2661 2771 2674 2807 :
2710 2770 2727 2804 ι
2755 2761 2810 2809 ει
2841 2754 3063 2810 semitas
3090 2764 3263 2823 tuas,»
3287 2756 3339 2811 id
3360 2765 3466 2825 est,

1884 2841 2119 2896 arctiora
2147 2850 2415 2912 pracepta
2464 2850 2573 2909 tua,
2612 2858 2733 2913 qua
2776 2844 2962 2901 multis
3001 2845 3211 2902 occulta
3241 2856 3386 2913 sunt,
3413 2856 3471 2903 et

1885 2926 2090 2987 rectius
2126 2932 2195 2986 ad
2224 2931 2392 2988 vitam
2431 2932 2636 2988 ducunt
2666 2952 2680 2986 :
2713 2933 2853 2989 sicut
2888 2936 3094 2990 semitae
3118 2948 3237 3005 qua
3264 2936 3471 2993 stricta

1888 3024 1986 3079 via
2019 3032 2165 3089 sunt,
2207 3032 2264 3081 et
2299 3026 2502 3081 rectius
2552 3026 2619 3081 ad
2657 3025 2932 3083 civitatem
2966 3028 3210 3085 ducunt:
3249 3048 3268 3081 ‹
3301 3029 3470 3086 edoce

1886 3134 1974 3174 me
2027 3138 2047 3171 ι
2104 3117 2244 3173 illas.
2303 3117 2446 3174 Bene
2511 3117 2674 3187 dicit,
2730 3139 2749 3172 ι
2813 3120 2947 3177 doce
3004 3139 3049 3187 ι,
3086 3120 3214 3191 quia
3263 3121 3332 3176 ad
3377 3136 3473 3178 eas

1888 3212 2292 3282 cognoscendas
2340 3227 2446 3267 non
2497 3220 2706 3267 tantum
2762 3212 3179 3283 demonstratio,
3227 3214 3325 3270 sed
3379 3213 3474 3269 do-

1808 3292 1855 3355 C
1885 3303 2062 3359 ctrina
2097 3302 2331 3356 maxima
2362 3310 2445 3357 est
2475 3301 2796 3357 adhibenda.

1954 3396 2024 3451 Et
2059 3396 2185 3467 quia
2211 3404 2392 3466 posset
2420 3395 2792 3452 demonstrare
2834 3397 2969 3465 vias,
3000 3406 3059 3453 et
3083 3394 3279 3453 docere
3308 3396 3473 3452 semi-

1886 3496 1994 3552 tas,
2021 3495 2077 3542 et
2106 3497 2285 3543 tamen
2312 3502 2503 3558 parum
2533 3489 2834 3558 prodesset,
2866 3488 2971 3545 nisi
2998 3503 3123 3544 eum
3148 3489 3291 3545 Deus
3320 3497 3472 3545 recte

1888 3577 1969 3633 ire
2004 3576 2209 3633 faceret
2235 3593 2333 3647 per
2356 3578 2498 3642 illas,
2542 3579 2730 3633 addit:
2764 3578 3014 3645 Domine,
3041 3592 3129 3633 me
3152 3579 3387 3648 positum
3416 3579 3476 3634 in

1891 3667 1995 3721 viis
2017 3666 2121 3721 tuis
2146 3669 2271 3721 etin
2298 3667 2505 3722 semitis
2531 3668 2639 3723 tuis
2667 3686 2685 3719 ι
2722 3668 2913 3739 dirige,
2948 3686 2967 3720 ι
3000 3668 3052 3723 id
3071 3677 3176 3734 est,
3205 3670 3473 3725 directum

1890 3756 1977 3813 fac
2022 3758 2271 3813 incedere
2311 3776 2329 3808 ι
2369 3773 2455 3813 me
2502 3778 2521 3811 ι
2566 3758 2773 3813 scilicet
2811 3759 3048 3829 positum
3085 3777 3105 3809 ι
3142 3759 3197 3813 in
3248 3761 3479 3816 veritate

1892 3855 2005 3914 tua,
2038 3867 2057 3901 ι
2088 3848 2143 3902 id
2167 3857 2271 3914 est,
2302 3848 2355 3902 in
2374 3846 2513 3902 Filio
2532 3856 2646 3914 tuo,
2670 3848 2761 3918 qui
2788 3856 2869 3904 est
2896 3847 3096 3904 veritas
3125 3866 3139 3903 :
3168 3848 3253 3905 vel
3282 3849 3336 3904 in
3361 3848 3481 3921 lege

1893 3958 2053 4012 quam
2078 3942 2193 4013 ipse
2221 3942 2387 3997 Filius
2406 3941 2608 4006 docuit,
2638 3941 2871 3998 ubi‘sola
2898 3941 3100 3997 veritas
3131 3950 3233 3998 est.
3256 3941 3326 3998 Et
3350 3956 3476 3999 cum

1891 4036 2028 4090 bona
2056 4034 2270 4102 fecero,
2307 4054 2326 4088 ι
2370 4035 2503 4092 doce
2530 4049 2617 4090 me
2660 4055 2679 4089 ι
2716 4043 2776 4091 ιιι
2805 4052 2903 4108 ego
2944 4036 3240 4108 intelligam
3266 4046 3321 4093 et
3357 4051 3480 4107 qua

1892 4128 2017 4195 feci,
2048 4136 2103 4183 et
2136 4144 2255 4199 qua
2290 4128 2473 4183 credo.
2503 4127 2659 4184 Prius
2681 4128 2827 4183 enim
2854 4128 3027 4183 credit
3065 4128 3228 4184 homo
3262 4135 3315 4185 et
3344 4142 3479 4199 ope-

1893 4232 2076 4289 ratur,
2107 4238 2268 4293 quam
2292 4222 2554 4295 intelligat
2583 4224 2726 4293 quod
2752 4223 2924 4279 credit
2942 4230 2997 4279 et
3022 4233 3297 4294 operatur.
3327 4223 3481 4281 Unde

1893 4314 2091 4369 dicitur
2115 4331 2127 4367 :
2152 4332 2169 4363 ‹
2190 4312 2304 4369 Nisi
2339 4313 2656 4377 credideris,
2696 4330 2803 4370 non
2848 4313 3116 4386 intelliges
3144 4314 3279 4387 (lea.
3304 4316 3429 4388 vtt).
3453 4334 3474 4369 ι

1894 4403 1961 4459 Ει
1995 4402 2321 4459 Psalmista:
2353 4423 2371 4455 ι
2394 4402 2863 4458 Annuntiaverunt
2889 4417 3051 4474 opera
3092 4402 3187 4459 Dei
3233 4412 3289 4460 et
3334 4403 3478 4460 facta

1894 4496 2030 4565 ejus,
2068 4505 2123 4552 et
2170 4503 2454 4567 postquam
2486 4496 2964 4561 annuntiaverunt,
3012 4495 3415 4551 intellexerunt.
3453 4516 3472 4550 ι

1900 4587 2071 4659 (Psal.
2114 4587 2293 4659 um.)
2337 4587 2478 4641 Duas
2509 4601 2700 4642 causas
2739 4585 2891 4656 ponit
2926 4600 3097 4657 quare
3125 4584 3318 4641 debeat
3353 4601 3480 4641 eum

1900 4682 2096 4737 docere
2122 4688 2177 4735 et
2207 4679 2464 4751 dirigere,
2510 4678 2635 4749 quia
2661 4678 2835 4733 credit
2862 4692 2985 4733 eum
3009 4677 3333 4733 salvatorem
3359 4692 3482 4734 esse

1900 4788 2080 4838 suum,
2102 4781 2159 4827 et
2198 4771 2324 4841 quia
2354 4770 2582 4826 sustinet
2606 4784 2731 4825 eum
2760 4784 2776 4823 :
2803 4778 2857 4825 et
2878 4769 2979 4824 hoc
3006 4776 3089 4825 est
3124 4789 3141 4821 ι
3176 4770 3301 4840 quia
3330 4778 3386 4826 tu
3420 4784 3482 4826 es

1906 4882 1925 4917 ι
1950 4865 2089 4919 Deus
2116 4863 2368 4920 salutaris
2388 4870 2629 4927 meus,et
2652 4869 2703 4916 te
2727 4860 2959 4917 sustinui
2984 4866 3095 4917 tota
3119 4860 3226 4925 die,
3251 4879 3270 4913 ›
3298 4859 3351 4915 id
3374 4871 3479 4926 est,

1901 4955 1957 5011 in
1978 4954 2125 5011 omni
2148 4962 2389 5024 tempore
2408 4951 2535 5007 vita
2555 4966 2709 5007 mea.

1946 5044 2155 5103 .Posita
2194 5041 2671 5099 demonstrationis
2715 5041 2924 5096 viarum
2955 5039 3237 5112 petitione,
3285 5037 3482 5093 transit

1907 5136 1976 5191 ad
2011 5133 2322 5206 petitionem
2370 5130 2888 5196 ntisericordiarum,
2934 5130 3109 5185 utsic
3154 5126 3317 5183 faciat
3378 5124 3482 5182 sibi

1908 5226 2050 5282 sicut
2069 5223 2346 5280 consuevit
2370 5221 2547 5277 facere
2563 5221 2797 5291 antiquis
2818 5220 3079 5292 patribus.
3104 5215 3478 5275 Continuatio:

1909 5314 2044 5385 Quia
2070 5314 2233 5371 credo
2263 5322 2316 5368 te
2340 5313 2665 5369 salvatorem
2690 5320 2747 5367 et
2770 5311 3011 5367 sustineo
3029 5350 3045 5374 ,
3073 5309 3238 5365 debes
3274 5320 3362 5362 me
3396 5306 3480 5362 di-

1907 5404 2084 5476 rigere
2116 5423 2129 5459 :
2157 5411 2213 5459 et
2235 5403 2280 5459 si
2310 5417 2415 5458 non
2445 5400 2638 5457 sumcit
2681 5401 2787 5457 hoc
2810 5440 2827 5468 ,
2873 5398 3107 5456 sulllciat
3152 5395 3484 5453 consuetudo

1910 5494 2296 5552 misericordia
2322 5502 2447 5561 tua,
2480 5502 2536 5550 et
2576 5494 2680 5549 hoc
2706 5501 2791 5548 εει
2821 5510 2834 5547 :
2872 5510 2892 5544 ι
2919 5487 3322 5553 Reminiscere,
3364 5506 3385 5541 ι
3428 5487 3486 5545 id

1907 5598 2010 5655 εει,
2054 5589 2137 5645 fac
2177 5589 2311 5645 mihi
2355 5588 2497 5643 sicut
2522 5586 2735 5643 cateris
2769 5583 3014 5656 patribus
3050 5580 3231 5645 facere
3262 5576 3489 5638 consue-

227 5682 338 5739 iido
364 5684 415 5737 in
454 5691 529 5747 te,
577 5703 594 5734 ι
628 5682 680 5737 id
722 5690 824 5746 est,
850 5681 904 5734 in
928 5678 1171 5736 custodia
1191 5685 1295 5732 tua
1320 5675 1722 5742 misericordia,
1751 5682 1808 5730 et
1903 5681 2030 5759 visti
2061 5699 2074 5735 :
2112 5698 2131 5733 ι
2159 5680 2561 5736 miserationum
2609 5685 2845 5743 tuarum,
2885 5672 3150 5737 Domine,
3190 5677 3246 5725 et
3275 5670 3490 5751 miseri.

230 5774 353 5831 ideo
401 5792 419 5826 ι
453 5789 559 5828 non
586 5773 919 5836 erubescam,
960 5791 978 5824 ι
1030 5771 1084 5827 id
1118 5778 1223 5839 est,
1256 5784 1366 5827 non
1400 5767 1672 5825 retraham
1716 5782 1806 5824 me

233 5868 303 5929 ab
320 5867 499 5928 aliquo
524 5866 666 5923 bono
691 5866 921 5939 incepto.
1570 5849 1587 5856 ’

1907 5774 2214 5831 cordiarum
2241 5782 2475 5847 tuarum.
2512 5791 2530 5825 ι
2574 5766 2846 5825 Miseratio
2875 5773 2958 5822 est
2985 5760 3249 5821 exhibitio
3274 5760 3488 5819 miseri~

1907 5864 2105 5922 cordia
2149 5881 2165 5922 :
2210 5861 2586 5921 misericordia
2624 5867 2706 5915 est
2733 5856 2958 5916 interior
2987 5853 3209 5929 pietatis
3231 5848 3489 5922 alatus.
