3984 6502
467 399 574 453 275
928 392 1281 449 HAYMONIS
1319 389 1794 446 HALBERSTAT.
1839 386 2050 443 EPISC.
2094 384 2242 440 OPP.
2286 381 2466 438 PARS
2506 381 2546 435 Ι.
2588 411 2656 420 -
2694 377 3046 434 COMMENT.
3086 376 3261 432 BIBL.
3627 376 3763 430 276

467 511 589 567 ideo
613 515 734 578 post
775 507 1178 562 miserationem
1223 501 1650 559 misericordiam
1700 499 1888 568 ponit:
1921 496 2046 566 quia
2075 496 2248 562 Aper
2302 490 2726 554 tribulationem,
2769 489 2860 542 Dei
2887 487 3095 557 justitia
3134 495 3236 552 est,
3287 501 3406 556 qua:
3447 484 3605 554 juste
3639 501 3767 541 nos

466 599 596 656 licet
618 577 766 653 Deus
809 613 914 653 non
945 597 1198 652 exhibeat
1239 591 1562 663 quibusdam
1601 588 1854 644 affectum
1885 578 2044 641 mise-
2147 584 2320 653 punit.
2370 582 2427 636 Si
2475 589 2653 636 autem
2695 596 2790 650 per
2816 580 2995 649 aliqua
3022 580 3160 633 bona
3183 593 3348 648 opera
3385 577 3759 644 incedamus,

468 690 715 750 ricordiae
741 703 901 758 quem
929 695 1140 758 petunt,
1179 696 1358 740 tamen
1387 699 1520 754 erga
1553 697 1648 738 eos
1674 677 2046 736 misericordia
2146 673 2530 730 misericordia:
2563 671 2658 726 Dei
2689 681 2791 737 est,
2833 671 2956 740 quia
2988 668 3125 724 nihil
3151 669 3278 723 boni
3307 683 3402 738 per
3420 683 3525 723 nos
3548 667 3765 722 facere

467 789 713 838 movetur
745 797 758 833 :
793 788 850 833 ut
881 778 933 833 in
963 776 1130 831 Paulo
1167 775 1219 844 (Ι
1248 773 1370 830 Cor.
1400 772 1498 839 xu)
1528 813 1543 838 ,
1587 787 1618 826 a
1645 785 1753 841 quo
1780 770 1906 825 licet
1938 782 2047 823 non
2146 779 2453 836 possumus.
2505 762 2635 830 Quae
2659 762 2762 816 viae
2803 776 2909 816 non
2959 769 3082 815 sunt
3123 769 3266 814 notae
3307 759 3588 823 omnibus,
3649 758 3762 814 sed

469 875 770 926 removeret
793 865 1066 920 stimulum
1089 879 1253 935 quem
1277 855 1511 934 petebat,
1536 870 1716 916 tamen
1738 858 2048 915 misericors
2152 879 2169 909 ‹
2207 857 2626 928 requirentibus,
2665 875 2684 908 ι
2730 855 2783 910 id
2821 864 2924 919 est,
2960 869 3084 910 cum
3128 853 3401 924 frequenti
3448 851 3764 922 diligentia

467 960 518 1016 ei
541 968 675 1025 erat,
707 959 869 1013 etiam
893 958 947 1014 in
981 957 1086 1013 hoc
1112 956 1259 1026 quod
1296 955 1457 1011 dabat
1479 953 1528 1009 ei
1559 951 1842 1030 stimulum,
1871 951 1926 1005 in
1952 965 2049 1005 cu-
2146 951 2612 1007 considerantibus
2645 969 2666 1004 ι
2721 959 3109 1006 testamentum
3159 949 3276 1018 ejus
3320 956 3376 1004 et
3418 945 3764 1002 testimonia

468 1052 697 1108 stodiam
727 1050 984 1110 virtutum
1017 1067 1030 1103 -.
1068 1068 1086 1100 ι
1121 1063 1240 1117 qua
1301 1065 1322 1099 ι
1373 1045 1750 1102 miserationes
1793 1063 1812 1096 ι
1856 1052 1981 1099 sunt
2013 1056 2047 1098 ε
2147 1039 2283 1110 ejus.
2317 1061 2335 1093 ι
2380 1042 2483 1097 Ρει·
2523 1048 2903 1096 testamentum
2928 1047 3174 1095 sanctum
3204 1037 3560 1108 Evangelium
3592 1037 3765 1092 acci-

467 1137 679 1204 saecuio,
727 1160 744 1192 ι
778 1139 833 1194 id
863 1147 962 1202 est,
994 1155 1058 1196 ex
1090 1154 1198 1208 quo
1227 1138 1460 1193 mundus
1483 1137 1724 1206 incepit.
2146 1135 2344 1206 pimus,
2377 1135 2496 1189 ideo
2522 1135 2648 1204 quia
2683 1135 2824 1190 sicut
2851 1134 3046 1203 aliquis
3076 1141 3405 1188 testamento
3434 1147 3537 1187 suo
3561 1132 3763 1186 haene—

539 1232 616 1286 Tu
654 1233 793 1302 petis
820 1231 1244 1296 misericordias,
1269 1239 1326 1284 et
1348 1230 1479 1300 quid
1501 1229 1580 1283 vis
1611 1228 1708 1283 tibi
1736 1227 2043 1290 ﬁeriiﬂoc,
2149 1227 2372 1282 ditatem
2416 1227 2702 1296 promittit,
2755 1234 2810 1281 et
2856 1226 3102 1296 praecipit
3143 1225 3450 1281 haeredibus
3488 1224 3629 1294 quid
3669 1223 3764 1278 fa-

467 1320 714 1386 Domine,
743 1321 886 1391 quod
922 1341 938 1371 ‹
964 1337 1028 1376 ne
1057 1321 1388 1386 memineris,
1429 1339 1448 1372 ι
1477 1320 1530 1374 id
1558 1328 1660 1385 est,
1688 1335 1756 1374 ne
1781 1319 1973 1390 punias
1992 1318 2048 1374 in
2149 1317 2316 1381 ciant,
2343 1324 2398 1370 et
2427 1324 2810 1371 testamentum
2833 1322 3005 1370 morte
3027 1315 3314 1371 conﬁrmat
3341 1329 3355 1368 :
3386 1315 3460 1369 ita
3483 1314 3764 1371 Christus

473 1414 579 1468 alia
623 1415 732 1469 vita
776 1433 793 1465 ι
831 1414 1025 1469 delicta
1071 1413 1369 1483 juventutis
1401 1427 1556 1478 meae,
1587 1431 1605 1464 ι
1640 1413 1692 1468 id
1725 1420 1832 1477 est,
1865 1412 2051 1467 levita-
2149 1412 2518 1467 haereditatem
2547 1411 2814 1480 promittit
2841 1410 2893 1464 in
2921 1409 3228 1480 Evangelio,
3259 1417 3314 1464 et
3338 1409 3429 1464 dat
3456 1409 3574 1465 suis
3603 1425 3762 1479 pre-

469 1507 539 1560 tis
566 1519 716 1560 mere.
751 1505 863 1559 Non
900 1506 1030 1560 dicit
1072 1504 1372 1575 juventutis
1409 1513 1666 1575 quantum
1707 1507 1774 1560 ad
1815 1514 2046 1577 tempus,
2150 1510 2306 1571 cepta
2339 1501 2574 1566 vivendi,
2606 1509 2661 1555 et
2699 1508 2874 1554 morte
2917 1508 3303 1556 testamentum
3344 1515 3504 1555 suum
3541 1500 3760 1555 conﬁr-

471 1598 598 1668 quia
636 1599 752 1652 haec
771 1597 1026 1668 juventus
1051 1607 1229 1668 potest
1263 1598 1425 1652 etiam
1450 1613 1571 1652 esse
1617 1598 1670 1652 in
1701 1597 1942 1663 senibus,
1992 1597 2048 1653 in
2150 1603 2282 1648 mat.
2335 1593 2439 1648 Per
2485 1591 2794 1648 testimonia
2837 1593 2953 1662 ejus
2995 1591 3307 1662 Scripturas
3345 1592 3759 1662 prophetarum

471 1689 874 1758 quibuslevitas
901 1699 1002 1754 est,
1034 1697 1318 1760 propterea
1347 1706 1446 1760 per
1475 1689 1817 1758 juventutem
1841 1690 2046 1760 accipi-
2153 1686 2448 1756 accipimus
2484 1702 2496 1737 :
2527 1685 2804 1756 prophetae
2840 1683 2986 1740 enim
3017 1693 3187 1739 testes
3236 1684 3457 1739 fuerunt
3504 1685 3760 1754 promis-

472 1794 592 1834 mus
616 1779 908 1846 levitatem,
929 1780 1054 1850 quia
1078 1777 1425 1846 injuventute
1455 1779 1645 1834 levitas
1666 1788 1766 1834 est.
1785 1778 2047 1833 Delictum
2152 1777 2365 1831 sionum
2402 1791 2521 1844 quac
2552 1776 2606 1828 in
2630 1774 2849 1830 Christo
2875 1775 3156 1845 completa:
3193 1784 3338 1830 sunt.

473 1878 590 1935 est,
639 1871 853 1941 quando
903 1873 1043 1942 quod
1088 1871 1397 1941 praecipitur
1447 1870 1562 1924 ﬁeri
1614 1870 2044 1940 derelinqnitur:
2077 1856 2124 1914 Β
2222 1868 2357 1935 Quia
2391 1887 2408 1918 ‹
2435 1868 2606 1922 dulcis
2633 1876 2687 1922 et
2726 1876 2946 1922 rectus»
2981 1883 3060 1933 es,
3091 1883 3314 1924 securus
3335 1883 3459 1923 sum
3498 1869 3649 1938 quod
3693 1877 3756 1923 tu

478 1977 496 2012 ι
534 1970 590 2016 et
609 1961 934 2030 ignorantias
961 1978 1129 2028 meas,
1166 1983 1183 2014 ι
1219 1963 1272 2017 id
1293 1971 1395 2028 est,
1424 1978 1486 2016 ca
1517 1972 1739 2032 peccata
1761 1979 1880 2033 qua:
1903 1963 2053 2034 igno-
2157 1978 2176 2012 ι
2221 1959 2600 2029 propitiaberis
2626 1968 2848 2030 peccato
2878 1975 2999 2015 meo
3038 1980 3055 2012 ι
3088 1960 3444 2016 condonando
3479 1959 3613 2015 illud
3633 2001 3648 2026 ,
3695 1968 3758 2016 et

473 2067 558 2119 ro,
582 2061 642 2107 ut
665 2055 970 2124 originalia,
1002 2055 1084 2109 vel
1115 2070 1179 2110 ea
1209 2069 1328 2124 quae
1352 2054 1404 2108 in
1429 2053 1662 2123 pueritia
1687 2053 1812 2109 feci.
2152 2067 2260 2107 non
2295 2061 2516 2122 propter
2552 2052 2805 2106 meritum
2834 2065 3034 2116 meum,
3082 2052 3175 2107 sed
3211 2070 3228 2102 ι
3274 2060 3501 2120 propter
3543 2066 3755 2106 nomen

550 2161 568 2196 ι
602 2143 805 2200 Delicta
828 2161 897 2201 ne
924 2146 1258 2210 memineris,
1282 2165 1301 2197 ›
1327 2146 1420 2200 sed
1438 2147 1616 2216 potius
1650 2163 1668 2196 ι
1691 2153 1769 2211 ιιι,
1802 2145 2048 2210 Domine,
2153 2152 2324 2208 tuum,
2367 2163 2385 2195 ι
2413 2143 2538 2212 quia
2561 2150 2614 2196 tu
2639 2157 2697 2197 es
2723 2141 2898 2206 Jesus,
2939 2143 2992 2198 id
3011 2152 3114 2208 est,
3141 2142 3405 2198 Salvator.
3427 2142 3579 2197 Bene
3600 2143 3752 2209 dico,

473 2243 746 2290 memento
792 2237 918 2302 mei,
973 2255 990 2286 ι
1031 2235 1082 2290 id
1131 2244 1234 2301 est,
1270 2251 1400 2290 mea:
1442 2245 1650 2290 natura:
1679 2234 1899 2306 fragilis,
1941 2249 2051 2290 non
2157 2253 2174 2288 ‹
2203 2246 2424 2306 propter
2453 2249 2646 2289 nomen
2673 2243 2846 2296 tuum,
2870 2255 2888 2287 ι
2918 2236 3043 2305 quia
3066 2244 3289 2307 pr0pter
3314 2243 3607 2306 peccatum
3638 2252 3750 2292 non

475 2329 770 2384 secundum
800 2329 1133 2383 altitudinem
1159 2327 1436 2392 tuam,sed
1467 2348 1483 2379 ‹
1512 2329 1808 2384 secundum
1837 2327 2052 2382 miseri-
2157 2346 2176 2380 ι
2213 2327 2441 2382 multum
2466 2328 2610 2382 enim
2636 2335 2937 2397 peccatum.
2975 2347 2993 2378 ι

473 2418 712 2476 cordiam
761 2429 928 2483 tuam,
959 2438 978 2469 ι
1015 2418 1108 2473 sed
1124 2419 1660 2474 necmisericordiam
1680 2419 1851 2475 audeo
1865 2430 2052 2490 petere
2223 2416 2321 2472 Hic
2369 2418 2560 2478 incinit
2587 2419 2652 2472 de
2688 2419 2844 2472 tertia
2874 2427 3048 2489 parte,
3095 2417 3408 2475 describens
3445 2415 3667 2488 justum
3693 2427 3751 2475 et

471 2509 762 2564 secundum
811 2509 1086 2575 meritum,
1130 2513 1224 2566 sed
1254 2529 1273 2562 ι
1306 2519 1524 2582 propter
1567 2513 1862 2568 bonitatem
1903 2521 2050 2568 tuam
2151 2509 2268 2580 ejus
2285 2494 2661 2579 prmmium,et
2687 2511 2915 2566 similem
2939 2511 2987 2566 ei
3017 2526 3076 2566 se
3091 2510 3329 2567 futurum
3356 2513 3580 2567 asserit.
3604 2512 3749 2568 Con-

474 2611 746 2655 memento
771 2601 897 2666 mei,
935 2620 954 2654 »
988 2602 1112 2670 quia
1145 2609 1200 2656 tu
1227 2601 1374 2657 solus
1397 2617 1457 2656 es
1480 2603 1672 2658 bonus.
2155 2602 2413 2656 tinuatio:
2435 2621 2454 2652 ‹
2477 2601 2864 2671 Pr0pitiaberis
2887 2621 2904 2654 ι
2932 2602 3063 2657 mihi
3085 2604 3176 2674 qui
3199 2618 3316 2657 sum
3343 2603 3747 2674 peccator,sed

539 2691 684 2748 Bene
714 2694 834 2749 dico
878 2694 1078 2749 bonum
1103 2710 1222 2750 esse
1253 2697 1562 2762 Dominum,
1587 2696 1710 2766 quia
1741 2697 1854 2767 ipse
1885 2714 1903 2747 ι
1930 2697 2048 2752 dul-
2158 2711 2176 2744 ι
2204 2691 2327 2761 quis
2357 2711 2376 2744 ι
2426 2692 2638 2762 justus?
2664 2693 2731 2746 Et
2761 2693 2863 2747 hoc
2889 2701 3006 2759 est,
3060 2712 3079 2744 ‹
3116 2693 3279 2748 homo
3320 2693 3414 2762 qui
3448 2693 3615 2748 timet
3640 2693 3745 2748 Do-

469 2785 550 2841 cis
576 2805 594 2836 ι
621 2785 778 2840 alicui
805 2787 1175 2857 cognoscenti,
1206 2788 1347 2844 sicut
1371 2789 1527 2844 cibus
1555 2791 1824 2860 gustanti:
1858 2798 1912 2844 et
1934 2791 2050 2846 haec
2157 2802 2176 2836 ‹
2198 2786 2404 2839 minum
2443 2805 2460 2836 ι
2493 2785 2640 2840 iiiiali
2678 2787 2871 2841 timore
2897 2787 3020 2857 quis
3047 2787 3174 2842 est?
3217 2785 3316 2842 Hic
3345 2787 3560 2844 scilicet
3595 2806 3615 2840 ι
3651 2787 3743 2859 qui

471 2875 699 2932 dulcedo
728 2886 811 2933 est
850 2879 1143 2934 secundum
1192 2880 1647 2948 misericordiam,
1696 2900 1714 2932 ι
1773 2890 1826 2936 ει
1870 2890 2048 2937 rectus
2151 2876 2313 2947 elegit
2339 2877 2440 2932 sibi
2465 2877 2625 2942 viam.
2649 2896 2669 2930 ι
2711 2877 2763 2932 id
2784 2886 2888 2943 est.
2927 2879 3041 2933 Sive
3079 2879 3311 2933 activam
3341 2877 3458 2934 Sive
3497 2888 3744 2934 εοηιθιηο

471 2966 747 3032 Dominus,
782 2988 799 3020 ›
846 2970 1140 3025 secundum
1191 2971 1455 3041 justitiam
1491 2991 1502 3025 :
1545 2993 1560 3023 ι
1601 2982 1822 3043 propter
1862 2974 1984 3040 hoc,
2024 2993 2040 3025 ι
2151 2968 2410 3038 plativam
2442 2969 2629 3023 vitam.
2660 2967 2899 3024 Dicendo
2927 2969 3108 3042 elegit,
3139 2979 3292 3025 notat
3318 2971 3444 3037 duo,
3498 2980 3554 3026 et
3594 2972 3742 3041 quod

469 3061 596 3129 quia
627 3081 647 3112 ι
686 3062 857 3121 dulcis
877 3071 943 3118 et.
960 3071 1142 3118 rectus
1170 3063 1320 3118 dabit
1344 3065 1777 3133 delinquentibus
1800 3066 1852 3120 in
1879 3067 1987 3132 via,
2021 3086 2039 3118 ι
2151 3077 2215 3117 ex
2252 3061 2364 3117 sola
2403 3061 2679 3115 voluntate
2708 3060 2856 3126 fecit,
2881 3070 2935 3116 et
2961 3061 3103 3131 quod
3129 3077 3247 3116 eam
3274 3060 3341 3115 ab
3366 3062 3489 3118 aliis
3519 3077 3743 3132 separa-

471 3150 527 3205 id
553 3159 654 3215 est,
687 3151 740 3205 in
772 3153 872 3208 hac
915 3154 1023 3207 vita
1059 3173 1077 3205 ι
1110 3153 1304 3223 legem,
1339 3174 1358 3207 ι
1396 3155 1448 3210 id
1493 3165 1593 3221 est,
1631 3157 2041 3212 correctionem.
2077 3208 2117 3225 Α
2151 3156 2267 3209 vit:
2308 3155 2488 3223 inqua
2515 3154 2600 3208 via
2637 3173 2654 3203 ‹
2698 3155 2886 3208 statuit
2914 3154 2962 3208 ei
2993 3173 3011 3204 ι
3045 3153 3306 3209 Dominus
3340 3173 3357 3205 ‹
3389 3154 3589 3225 legem,
3631 3175 3650 3208 ι
3688 3155 3742 3210 id

470 3241 578 3298 Per
620 3243 789 3314 legem
821 3245 942 3300 ideo
967 3247 1358 3302 correctionem
1405 3248 1721 3318 accipimus,
1751 3250 1874 3319 quia
1907 3251 2048 3306 sicut
2073 3208 2119 3273 C
2152 3256 2253 3312 εει,
2287 3254 2550 3317 praecepta
2580 3245 2875 3300 secundum
2900 3261 3020 3315 qua:
3054 3247 3276 3312 viveret,
3309 3247 3540 3312 scilicet,
3557 3246 3740 3316 justus

469 3331 553 3388 lex
582 3342 637 3388 et
667 3334 913 3390 timorem
943 3337 1171 3402 incutit,
1206 3349 1260 3392 et
1300 3354 1330 3392 a
1359 3339 1500 3394 malo
1531 3355 1745 3396 cessare
1776 3339 1904 3396 facit
1924 3384 1937 3404 ,
1971 3343 2047 3398 ita
2149 3350 2234 3394 est
2265 3339 2373 3404 ille,
2400 3340 2490 3408 qui
2527 3347 2582 3394 et
2604 3338 2773 3393 vitam
2802 3347 2857 3393 et
2896 3338 2951 3394 in
2977 3354 3042 3395 ea
3084 3340 3383 3396 secundum
3406 3340 3585 3412 legem
3621 3343 3734 3398 Do-

471 3440 685 3496 quoque
707 3429 991 3484 correctio.
1010 3428 1100 3485 Vel
1125 3446 1221 3500 per
1243 3434 1385 3486 viam
1414 3433 1666 3487 mandata
1693 3433 1900 3488 Domini
1924 3449 2046 3503 pos-
2149 3432 2278 3486 mini
2308 3432 2529 3486 incedit.

469 3532 658 3573 sumus
679 3520 956 3589 accipere;
979 3523 1070 3590 qui
1093 3531 1273 3578 autem
1297 3532 1451 3577 extra
1472 3523 1609 3578 hanc
1629 3523 1770 3578 viam
1799 3533 1943 3591 sunt,
1963 3525 2047 3580 bis
2220 3523 2286 3577 Et
2306 3523 2457 3593 ponit
2477 3522 2608 3592 justi
2632 3523 2913 3593 praemium
2939 3538 3062 3578 cum
3094 3523 3256 3577 dicit:
3279 3542 3297 3574 ι
3320 3520 3516 3577 Anima
3545 3521 3682 3593 ejus,
3707 3543 3727 3576 ι

472 3610 618 3666 Deus
651 3610 850 3666 nullam
877 3611 1045 3684 legem
1071 3614 1184 3668 dat.
1212 3613 1344 3669 Cum
1370 3616 1511 3670 Deus
1529 3615 1682 3684 punit
1708 3624 2041 3685 peccatores,
2141 3617 2297 3690 justi,
2339 3637 2356 3669 ‹
2397 3615 2770 3672 demorabitur
2808 3617 2860 3670 in
2889 3615 3044 3672 bonis
3079 3634 3096 3668 ι
3132 3615 3265 3670 locis
3294 3625 3422 3669 ante
3441 3613 3732 3683 judicium,

462 3697 610 3769 iuste
631 3701 739 3771 agit
769 3717 781 3754 :
815 3703 956 3770 quod
1005 3706 1196 3772 punire
1239 3705 1498 3760 habemus
1541 3719 1663 3760 cum
1706 3706 1837 3761 dicit
1872 3705 2045 3777 legem
2153 3730 2171 3762 ι
2206 3720 2260 3765 ει
2292 3723 2474 3765 semen
2501 3707 2634 3776 ejus,
2675 3729 2693 3760 ι
2721 3708 2773 3763 id
2803 3715 2904 3772 est,
2930 3709 3071 3763 bona
3096 3722 3256 3778 opera
3281 3706 3421 3778 ejus,
3452 3727 3468 3759 ι
3501 3706 3736 3762 haeredi-

469 3791 581 3846 dat.
627 3790 778 3858 Quod
817 3791 952 3848 facit
997 3795 1099 3851 hoc
1134 3795 1188 3850 in
1229 3796 1347 3860 via,
1388 3795 1440 3851 id
1493 3805 1598 3862 est,
1649 3797 1704 3850 in
1747 3797 1852 3852 hac
1911 3798 2041 3862 vita,

2154 3804 2299 3865 tabit,
2332 3822 2349 3853 ι
2387 3801 2442 3856 id
2480 3809 2588 3866 εει,
2615 3799 2776 3855 faciet
2801 3815 2924 3855 eum
2954 3800 3276 3856 hzereditare
3304 3818 3321 3850 ι
3354 3807 3548 3854 terram
3578 3817 3599 3850 ι
3645 3798 3727 3851 vi-

469 3885 662 3940 merito
712 3887 822 3958 agit
858 3905 871 3941 :
912 3888 1037 3956 quia
1082 3889 1134 3944 in
1166 3889 1270 3944 hac
1295 3889 1407 3943 vita
1434 3888 1549 3944 sola
1583 3899 1666 3944 est
1691 3889 1841 3946 locus
1863 3905 2046 3946 corre-
2150 3895 2413 3960 ventium,
2432 3901 2486 3947 et
2506 3895 2610 3948 hoc
2639 3893 2743 3948 erit
2767 3893 2821 3947 in
2848 3893 3120 3948 communi
3142 3891 3554 3947 resurrectione.
3574 3887 3720 3943 Con-

468 3977 685 4033 ctionis.
716 3978 858 4032 Bene
898 3980 1052 4048 ponit
1075 3979 1254 4045 simul,
1290 3999 1310 4031 c
1333 3979 1508 4035 dulcis
1551 3987 1607 4034 et
1633 3989 1834 4046 rectus,
1865 4002 1884 4034 ι
1919 3982 2044 4052 quia
2146 3993 2231 4040 tra
2270 3986 2372 4040 hoc
2404 3983 2547 4055 quod
2576 3983 2771 4054 aliquis
2805 3983 3027 4050 diceret,
3062 3983 3332 4039 neminem
3366 3997 3521 4053 posse
3540 3996 3729 4052 perse-

468 4064 700 4122 alterum
730 4074 992 4138 temperat
1019 4068 1265 4123 alterum.
1312 4069 1545 4126 Dulcedo
1568 4071 1713 4126 enim
1745 4071 1812 4127 de
1834 4073 2045 4129 miseri-
2145 4093 2334 4134 verare
2361 4077 2414 4132 in
2437 4078 2581 4134 bono
2617 4085 2844 4148 propter
2874 4077 3227 4133 mobilitatem
3261 4085 3491 4142 natura,
3522 4083 3578 4132 et
3603 4074 3730 4130 ideo

469 4160 650 4214 cordia
679 4159 776 4215 Dei
804 4176 909 4215 non
933 4161 1224 4232 desperare
1257 4177 1358 4218 nos
1383 4162 1658 4230 admonet,
1681 4165 1889 4236 justitia
1915 4181 2046 4223 vero
2145 4172 2397 4227 amittere
2428 4169 2557 4226 illud
2585 4170 2786 4226 bonum
2821 4169 2981 4225 dicit:

473 4249 853 4320 negligentiam
880 4251 1074 4307 aufert.
2222 4283 2240 4316 ι
2276 4263 2534 4318 Dominus
2589 4271 2673 4317 est
2719 4261 3152 4328 ﬁrmamentum,
3193 4279 3210 4313 ι
3253 4261 3306 4316 id
3341 4267 3446 4326 est,
3501 4258 3731 4314 firmans

503 4391 508 4397 .
548 4359 564 4389 σ
590 4339 846 4395 Dominus
870 4341 1017 4396 dabit
1038 4341 1234 4412 legem,
1253 4363 1274 4394 ι
1305 4352 1360 4399 et
1383 4359 1481 4414 per
1503 4345 1642 4401 hanc
1665 4345 1836 4419 legem
1866 4367 1884 4399 ε
1913 4348 2043 4403 diri-
2137 4355 2314 4427 justos
2336 4355 2390 4409 in
2412 4354 2554 4410 bono
2568 4353 2621 4408 in
2634 4353 2738 4408 hac
2755 4353 2886 4416 vita,
2912 4367 3016 4407 non
3039 4352 3306 4422 superbis,
3330 4350 3422 4406 sed
3449 4369 3467 4402 ι
3490 4349 3732 4404 timenti-

469 4437 561 4501 get
587 4442 914 4496 mansuezos,
929 4453 945 4486 ι
967 4433 1020 4488 id
1045 4443 1151 4496 est,
1169 4431 1288 4488 illos
1311 4434 1404 4504 qui
1426 4434 1576 4504 prius
1596 4444 1752 4490 erant
1771 4437 2040 4504 indomiti,

2155 4448 2245 4502 bus
2271 4446 2461 4510 Deum,
2484 4464 2501 4496 ι
2524 4444 2646 4514 quia
2675 4443 2836 4497 timor
2862 4443 3075 4497 Domini
3101 4443 3404 4498 contrarius
3425 4450 3508 4498 est
3531 4442 3728 4496 huma-

466 4529 525 4579 et
581 4537 722 4576 nunc
770 4522 896 4577 facti
949 4535 1077 4582 sunt
1129 4525 1437 4582 tractabiles
1471 4535 1527 4582 et
1581 4528 1627 4582 si
1665 4529 2039 4598 percutiuntur

2155 4554 2214 4595 no
2245 4539 2442 4594 timori.
2475 4536 2754 4592 Humanus
2778 4536 2923 4591 enim
2948 4536 3108 4591 timor
3124 4534 3471 4591 difﬁdentiam
3509 4535 3728 4601 tribuit,

466 4625 574 4668 non
619 4614 1006 4682 repercutiunt,
1039 4617 1083 4669 si
1125 4615 1520 4673 maledicuntur
1541 4633 1647 4673 non
1677 4619 2034 4675 maledicunt:
2064 4614 2113 4630 ”
2143 4629 2360 4684 divinus
2386 4636 2565 4682 autem
2593 4626 2992 4683 ﬁrmamentum
3020 4627 3154 4698 spei.
3189 4627 3259 4682 Et
3281 4627 3443 4682 etiam
3478 4628 3734 4698 promisit

473 4718 494 4754 ι
533 4702 582 4756 in
607 4702 831 4773 jUdiCiO,
873 4724 890 4755 ι
927 4705 977 4759 id
1015 4715 1120 4771 est,
1150 4707 1203 4760 in
1248 4709 1573 4764 discretione
1621 4709 1748 4764 boni
1790 4718 1846 4765 et
1893 4711 2038 4766 mali.
2146 4723 2283 4787 suis,
2307 4722 2450 4793 quod
2477 4721 2712 4791 seipsum
2743 4721 3116 4776 manifestare;
3158 4721 3258 4786 eis,
3289 4729 3345 4775 ει
3367 4721 3470 4775 hoc
3493 4726 3575 4775 est
3608 4739 3625 4770 ι
3646 4729 3732 4775 ιθ-

471 4810 492 4844 ι
526 4793 620 4848 Vel
654 4793 706 4847 in
730 4795 966 4864 judicio,
996 4817 1012 4848 ι
1048 4798 1099 4852 id
1124 4808 1228 4864 est,
1270 4800 1322 4854 in
1350 4801 1688 4856 correctione
1726 4802 1842 4871 ipsa
1879 4818 2041 4872 quam

2156 4824 2474 4872 stamentnm
2503 4815 2694 4884 ipsius,
2738 4835 2757 4868 ›
2791 4814 2844 4869 id
2875 4821 2976 4880 est,
3003 4813 3293 4885 promissio
3324 4813 3493 4884 ipsius
3513 4823 3598 4867 est
3624 4812 3729 4867 hu-

470 4883 612 4939 Deus
640 4884 767 4940 fecit
794 4887 948 4956 ipsis,
967 4890 1159 4959 diriget
1179 4905 1273 4946 eos
1298 4901 1606 4947 mansuetos
1629 4893 1697 4947 ad
1724 4894 1866 4946 viam
1893 4895 2039 4950 vitae.

2148 4906 2378 4979 jusmodi
2424 4923 2442 4956 ‹
2473 4913 2534 4959 ιιι
2569 4925 2587 4958 ι
2643 4905 2759 4975 ipse
2790 4883 3047 4959 Dominus
3072 4921 3092 4955 ‹
3125 4883 3503 4958 manifestetur
3530 4903 3658 4958 illis.
3701 4923 3721 4954 ι

466 4971 583 5042 Ipsa
633 4991 866 5046 namque
913 4980 1180 5068 correctio
1213 4991 1296 5036 est
1325 4981 1552 5036 ἀει-θοιίο
1585 4981 1738 5051 eius.
1774 4982 1900 5052 quia
1943 4998 2040 5053 per
2138 4971 2246 5056 ’νει
2273 5017 2292 5050 ‹
2330 4971 2730 5063 testamentum,
2779 5017 2796 5048 ι
2839 4996 2893 5052 id
2941 5005 3042 5060 est,
3089 4995 3437 5068 Evangelium
3485 5003 3569 5049 est
3617 4993 3729 5049 tale

465 5077 586 5116 eam
628 5073 684 5120 et
727 5076 948 5135 peccata
985 5066 1256 5133 laxantur,
1297 5077 1352 5124 et
1402 5069 1630 5123 virtutes
1668 5070 2038 5139 conferuntur,

2150 5110 2170 5144 ι
2205 5097 2264 5146 ιιι
2291 5090 2670 5144 manifestetur
2696 5087 2821 5154 illis,
2851 5106 2870 5139 ι
2906 5087 2957 5141 id
2989 5096 3092 5144 est.
3139 5096 3198 5141 ut
3233 5066 3465 5142 habeant
3504 5084 3723 5142 intelle-

473 5172 493 5205 ‹
526 5162 581 5210 ει
607 5155 787 5253 mites,
826 5179 844 5212 ›
881 5160 934 5215 id
963 5169 1065 5224 est,
1087 5161 1214 5253 illos
1241 5162 1332 5230 qui
1364 5162 1416 5215 in
1448 5171 1641 5217 natura
1682 5175 1808 5220 sunt
1827 5166 2039 5237 simpli-
2141 5189 2289 5238 ctum
2321 5179 2798 5253 ipsiusEvangelii,

467 5262 580 5314 ces,
597 5256 652 5303 et
671 5251 762 5320 qui
784 5267 1056 5323 nunquam
1074 5252 1172 5309 feri
1196 5252 1410 5309 fuerunt
1437 5271 1456 5306 ι
1479 5255 1692 5312 docebit
1708 5258 1827 5315 vias
1847 5275 1989 5316 suas.
2014 5281 2033 5314 ι
2215 5251 2361 5341 ρυίεζ
2393 5271 2574 5343 justus
2593 5251 2731 5327 'mtis
2759 5277 2864 5336 est,
2903 5277 2956 5325 et
3003 5268 3108 5324 tale
3137 5267 3416 5338 przemium
3451 5275 3536 5323 est
3560 5266 3722 5337 justi,

513 5377 563 5410 ·‹
597 5359 819 5415 Docebit
838 5361 954 5417 vias
981 5380 1000 5414 υ
1025 5375 1145 5432 qua:
1166 5379 1270 5418 non
1302 5371 1426 5417 sunt
1450 5367 1881 5435 contemnendae,
1911 5370 2037 5438 quia
2141 5366 2262 5422 ideo
2288 5363 2547 5436 quidquid
2583 5363 2673 5417 alii
2723 5361 2945 5425 faciant,
2981 5375 3079 5431 ego
3119 5359 3352 5414 similem
3397 5373 3482 5413 me
3523 5357 3724 5413 faciam

474 5467 496 5506 ι
529 5452 796 5509 universa:
817 5454 919 5509 via:
943 5473 961 5506 ι
989 5454 1155 5522 illius,
1187 5475 1206 5506 ‹
1231 5456 1460 5523 Domini,
1483 5477 1500 5509 ι
1529 5457 1825 5515 suntvalde
1844 5461 2034 5532 dignae,
2135 5457 2306 5532 justo,
2336 5466 2391 5511 et
2423 5455 2528 5510 hoc
2551 5462 2657 5519 est,
2693 5473 2712 5505 ‹
2744 5451 2888 5508 oculi
2925 5451 3052 5516 mei,
3087 5470 3105 5500 ›
3151 5450 3202 5506 id
3232 5458 3346 5516 est,
3389 5450 3725 5506 intentiones

464 5541 679 5599 ecﬂicet
715 5563 736 5596 ι
777 5554 903 5601 sunt
943 5546 1314 5601 misericordia
1362 5553 1416 5602 et
1454 5548 1674 5604 veritas.
1715 5569 1732 5602 ι
1770 5549 2040 5622 Quidquid
2141 5565 2294 5611 meae,
2329 5567 2346 5599 ι
2380 5561 2590 5616 semper
2619 5545 2686 5600 ad
2722 5541 3032 5608 Dominum,
3070 5561 3087 5595 ι
3119 5543 3238 5598 ideo
3279 5541 3574 5614 «quoniam
3606 5542 3725 5612 ipse

469 5636 616 5690 enim
655 5636 795 5693 Deus
819 5639 973 5694 nobis
997 5637 1150 5704 facit,
1181 5639 1265 5694 vel
1293 5655 1389 5710 per
1416 5641 1844 5696 misericordiam
1893 5641 2036 5709 facit,
2141 5642 2334 5700 evellet
2384 5641 2549 5710 pedes
2607 5654 2772 5705 meos,
2812 5659 2830 5692 ι
2865 5640 2918 5695 id
2947 5647 3052 5704 est,
3081 5637 3391 5694 affectiones
3413 5653 3582 5702 meas,
3615 5656 3634 5688 ι
3658 5637 3726 5693 de

471 5726 556 5781 vel
599 5742 696 5796 per
745 5731 1027 5784 veritatem
1063 5737 1079 5785 ξ
1121 5730 1203 5786 vel
1235 5747 1333 5802 per
1359 5733 1713 5803 quodcunque
1742 5734 2042 5792 incedimus
2142 5735 2354 5805 laqueo,
2387 5755 2403 5783 ι
2432 5733 2482 5788 id
2527 5741 2629 5799 est,
2674 5733 2740 5788 de
2778 5731 3166 5788 tentationibus
3201 5732 3401 5788 diaboli
3424 5731 3497 5796 ,id
3521 5738 3626 5797 est,
3656 5747 3725 5786 ne

473 5819 544 5875 at!
567 5838 712 5890 eum,
741 5820 1109 5879 misericordia
1138 5823 1220 5880 vel
1248 5824 1446 5881 veritas
1475 5835 1574 5882 est.
1609 5824 1664 5881 Si
1687 5827 1829 5882 cnim
1859 5846 2041 5886 eamus
2145 5831 2250 5887 illis
2275 5825 2482 5882 valeam
2512 5825 2731 5881 irretiri.
2757 5824 2860 5880 Alii
2904 5824 2950 5881 si
2992 5823 3216 5881 elevatis
3248 5825 3419 5882 oculis
3444 5819 3718 5892 incedant,
