3984 6484
470 472 575 528 279

542 579 898 639 Circumdaho
927 579 994 634 ad
1034 579 1138 633 hoc
1184 595 1202 627 ε
1226 583 1285 630 ιιι
1328 574 1564 640 audiam,
1588 592 1606 624 ι
1640 573 1693 629 id
1720 581 1825 636 est,
1856 567 2049 625 intelli-
2075 566 2129 627 Δ

473 690 596 748 gam
626 693 645 726 ι
663 687 874 736 vocem,
900 689 919 723 ι
948 670 1001 725 id
1026 676 1125 733 est,
1154 665 1642 722 manifestationem
1665 681 1684 715 r
1703 662 1880 719 laudis
1901 669 2006 716 tuae
2024 679 2044 714 ο

472 774 529 820 et
570 771 757 834 postea
809 778 827 813 ι
850 774 1095 815 enarrem
1127 757 1377 813 universa
1430 753 1697 810 mirabilia
1736 761 1849 819 tua,
1879 773 1899 806 ι
1941 766 2051 808 non

474 854 621 925 quod
656 852 833 907 omnia
868 858 1104 913 enarret,
1147 847 1240 903 sed
1280 860 1612 917 quaecunque
1638 852 1856 900 enarret
1881 844 2051 899 mira-

472 947 601 1001 bilia
627 951 770 1001 sunt.
820 942 973 1010 Quod
999 942 1179 1011 justus
1213 954 1273 995 se
1308 939 1439 995 dicit
1476 936 1817 994 circumdare
1856 935 2049 1002 altare,

474 1044 529 1090 rt
558 1037 802 1091 universa
825 1032 1093 1088 mirabilia
1121 1044 1362 1096 narrare,
1393 1045 1492 1100 per
1518 1028 1692 1083 simile
1720 1028 1919 1084 dictum
1946 1034 2048 1082 est.

477 1123 629 1181 Sicut
655 1123 892 1195 pontifex
923 1123 977 1177 in
1018 1121 1201 1177 Veteri
1226 1120 1569 1175 Testamento
1593 1118 1848 1173 introibat
1877 1117 1945 1171 ad
1974 1115 2054 1171 al-

472 1224 592 1273 tare
621 1219 675 1272 in
701 1217 900 1272 Sancta
921 1222 1253 1278 sanctorum,
1279 1219 1335 1267 et
1365 1210 1549 1266 audito
1570 1210 1750 1265 divino
1770 1224 2048 1279 responso,

471 1312 670 1385 populo
705 1310 974 1365 referebat
1004 1326 1018 1362 :
1047 1307 1187 1363 sicut
1215 1305 1384 1361 lsaias
1413 1303 1619 1359 audivit
1650 1318 1841 1358 voces:
1875 1322 1893 1353 ‹
1916 1301 2054 1357 San-

472 1410 613 1467 ctus,
638 1407 879 1465 sanctus,
911 1404 1133 1453 sanctus
1159 1393 1417 1450 Dominus
1441 1392 1583 1448 Deus
1615 1390 1875 1457 Sabaoth,
1906 1390 2052 1461 pleni

472 1502 601 1549 sunt
649 1491 771 1547 οωιί
817 1499 873 1546 et
919 1497 1066 1544 terra
1105 1487 1275 1560 gloria
1309 1493 1400 1540 tua
1435 1482 1570 1556 (Ira.
1599 1481 1708 1555 vt),
1739 1503 1757 1534 ι
1786 1492 1843 1537 et
1869 1482 2055 1538 retulit

474 1598 660 1639 coram
684 1580 899 1652 populo.
932 1578 1113 1648 Usque
1135 1576 1294 1632 modo
1317 1573 1568 1630 tractavit
1586 1574 1651 1628 de
1666 1570 1886 1643 judicio,
1909 1573 2052 1643 quod

473 1674 611 1742 petit
641 1672 709 1727 de
748 1686 806 1729 se
845 1670 962 1725 ﬁeri
987 1669 1165 1738 justus
1202 1668 1257 1723 in
1293 1668 1396 1722 hac
1434 1665 1545 1720 vita
1575 1683 1588 1719 :
1621 1666 1781 1720 modo
1818 1667 2056 1723 ostendit

468 1765 733 1837 judicium
781 1763 925 1835 quod
954 1761 1092 1833 petit
1118 1760 1185 1816 de
1219 1774 1279 1815 se
1316 1757 1437 1815 ﬁeri
1470 1758 1528 1814 in
1554 1756 1659 1814 alia
1691 1758 1821 1813 vita.
1864 1756 2051 1814 Conti-

476 1856 663 1912 nuatio
697 1873 710 1911 :
801 1854 804 1863 ’

935 461 1288 522 HAYMONIS
1326 442 1805 517 HALBERSﬂT.
1848 452 2065 512 EPISC.
2107 445 2260 507 OPP.
2296 444 2484 501 PARS
2518 445 2564 501 l.
2601 474 2670 485 —
2700 441 3057 501 COMMENT.
3097 441 3271 498 BlBL.

3629 436 3740 491 280

2609 554 2677 611 1N
2715 553 3046 612 PSALMUM
3074 550 3262 610 XXVI.
3752 558 3755 561 ’

2247 670 2503 726 Trwws.
2539 666 2609 722 In
2642 667 2801 738 ﬁirem
2814 667 3057 750 psalmus
3086 666 3288 733 David,
3331 666 3649 737 priusqan

2827 748 3069 793 iniretur.

2229 849 2248 883 ι
2266 829 2530 887 Dominus
2556 827 2898 884 illuminatio.
2924 847 2943 881 ι
2974 827 3139 883 David
3160 826 3393 897 primam
3419 825 3747 881 unctionem

2152 921 2342 978 habuit
2364 921 2420 977 in
2447 920 2869 992 designationem
2895 919 3068 991 regni,
3089 918 3382 975 secundam
3405 917 3458 974 in
3482 933 3742 989 regnum.

2155 1013 2261 1070 Sed
2289 1014 2602 1084 priusquam
2636 1014 2847 1069 veniret
2873 1013 2942 1069 ad
2971 1028 3220 1085 regnum,
3250 1011 3420 1067 multa
3453 1012 3600 1066 mala
3646 1011 3750 1066 ha-

2153 1103 2293 1171 buit,
2331 1112 2383 1159 et
2413 1104 2596 1159 hostes
2629 1122 2642 1158 :
2676 1104 2756 1159 sic
2794 1113 2849 1159 et
2877 1102 3124 1159 Christus
3156 1103 3386 1173 primam
3423 1103 3749 1159 unctionem

2154 1195 2341 1250 habuit
2360 1209 2427 1249 ex
2452 1202 2607 1250 utero
2622 1193 2877 1263 Virginis,
2903 1194 3195 1249 secundam
3222 1194 3278 1249 in
3299 1194 3709 1251 resurrectione
3724 1210 3742 1247 :

2153 1293 2209 1341 et
2262 1285 2404 1339 inter
2456 1293 2758 1355 utramque,
2812 1283 2951 1339 mala
3002 1292 3059 1339 et
3100 1283 3306 1340 hostes.
3340 1283 3435 1340 Sic
3468 1292 3525 1340 et
3565 1283 3749 1341 ﬁdelis

2154 1376 2332 1431 anima
2366 1376 2600 1446 primam
2629 1375 2941 1431 unctionem
2969 1376 3135 1431 habet
3185 1376 3239 1430 in
3289 1375 3595 1445 baptismo,
3647 1376 3749 1431 sed

2153 1477 2280 1524 ante
2331 1467 2641 1532 secundam,
2702 1482 2822 1537 quae
2871 1467 2977 1522 erit
3028 1466 3085 1521 in
3135 1466 3565 1532 resurrectione,
3594 1464 3748 1520 mala

2154 1558 2383 1613 sustinet
2410 1566 2465 1612 et
2487 1558 2646 1612 bona.
2670 1555 2729 1611 In
2755 1557 2916 1611 ﬁnem
2950 1553 3189 1627 psalmus
3208 1555 3397 1618 David,
3421 1556 3749 1626 priusquam

2152 1648 2425 1712 liniretur,
2456 1646 2509 1701 id
2537 1654 2640 1711 est,
2670 1645 3021 1717 inungeretur
3044 1644 3099 1699 in
3126 1660 3372 1716 regnum.
3405 1642 3581 1699 David
3610 1644 3749 1698 fecit

2154 1738 2299 1795 hunc
2330 1736 2620 1808 psalmum,
2670 1736 2983 1806 priusquam
3029 1734 3280 1790 liniretur
3329 1733 3571 1790 secunda
3620 1733 3750 1789 lini.

2154 1832 2321 1887 tione.
2352 1831 2495 1886 Ante
2531 1827 2764 1897 primam
2812 1825 2959 1880 enim
3003 1824 3301 1880 linitionem
3343 1823 3553 1879 nullum
3599 1824 3753 1895 psal-

552 1970 570 2000 ι
600 1948 817 2004 Lavabo
840 1948 983 2003 inter
1005 1947 1318 2002 innocentes
1345 1958 1540 2000 manus
1565 1957 1715 1999 meas
1733 1983 1748 2009 ,
1777 1961 1796 1995 ›
1828 1951 1882 1997 et
1908 1942 2048 2009 ideo,

2170 1937 2305 1977 mum
2358 1936 2581 1992 prorsus
2630 1919 2950 1991 composuit.
3006 1918 3223 1974 lnunxit
3270 1927 3451 1974 autem
3479 1933 3610 1974 eum
3642 1917 3749 1973 Sa-

477 2051 556 2109 tu,
580 2041 823 2112 Domine,
854 2059 873 2092 ε
894 2056 962 2096 ne
990 2039 1185 2111 perdas
1220 2037 1455 2091 animam
1478 2050 1655 2091 meam
1676 2050 1798 2091 cum
1826 2035 2002 2100 malis,
2026 2053 2045 2087 ι

477 2141 534 2187 et
558 2131 821 2187 malorum
851 2130 1004 2201 ponit
1030 2129 1164 2185 duas
1191 2135 1394 2199 partes,
1441 2126 1635 2197 impios
1675 2125 1900 2193 etviros
1929 2140 2052 2181 san-

476 2222 719 2293 guinum.
776 2220 882 2276 Per
933 2218 1128 2290 impios
1177 2216 1471 2288 accipimus
1518 2222 1572 2270 et
1620 2216 1900 2272 haereticos
1927 2256 1942 2282 ,
2000 2223 2057 2271 et

476 2326 665 2366 omnes
716 2309 808 2380 qui
855 2318 1045 2364 contra
1091 2307 1331 2363 divinam
1388 2305 1705 2378 religionem
1753 2306 1998 2361 nituntur
2038 2324 2051 2362 :

476 2420 578 2474 per
611 2402 756 2458 viros
795 2402 1137 2474 sanguinum,
1178 2399 1509 2456 homicidam
1548 2400 1635 2456 vel
1667 2399 1815 2456 viros
1841 2400 2058 2471 sangui-

478 2511 607 2548 num
645 2501 819 2560 vocat,
859 2493 951 2563 qui
989 2492 1282 2548 carnaliter
1316 2490 1539 2558 vivunt,
1576 2492 1642 2547 de
1678 2491 1874 2561 quibus
1911 2491 2056 2561 Apo-

477 2588 645 2643 stolus
680 2589 796 2643 ait:
828 2608 847 2640 ‹
874 2586 1013 2643 Caro
1050 2596 1106 2641 et
1141 2587 1359 2657 sanguis
1398 2601 1626 2658 regnum
1665 2587 1759 2642 Dei
1794 2600 1901 2642 non
1938 2602 2061 2657 pos-

477 2684 729 2738 sidebunt
772 2681 844 2751 (1
895 2682 1017 2736 Cor.
1066 2680 1187 2752 xv).
1239 2701 1258 2732 ι
1311 2680 1463 2737 Juste
1508 2691 1706 2753 rogat,
1766 2697 1833 2738 ne
1880 2684 2059 2739 anima

479 2774 648 2843 ipsius
681 2781 874 2843 pereat
917 2773 972 2827 in
998 2771 1203 2841 judicio
1237 2813 1252 2839 ,
1288 2788 1411 2828 cum
1453 2772 1649 2843 quibus
1688 2773 1778 2830 hic
1815 2789 1924 2830 non
1959 2773 2062 2830 fuit

479 2868 660 2936 aliqua
697 2865 927 2920 actionis
964 2866 1290 2922 communio.
1333 2866 1592 2935 Dicendo,
1635 2886 1654 2920 ι
1680 2883 1749 2923 ne
1785 2869 2005 2940 perdas,
2036 2889 2055 2921 ι

480 2968 690 3013 tantum
731 2956 877 3013 valet
907 2998 922 3025 ,
959 2973 1025 3013 ac
1062 2959 1107 3013 si
1147 2957 1442 3015 aﬁirmaret
1484 2975 1554 3016 ne
1590 2962 1786 3031 perdes
1826 2976 1841 3016 :
1878 2970 1933 3018 et
1966 2978 2066 3032 per

478 3055 585 3109 hoc
630 3052 865 3107 maxime
922 3051 1172 3107 hortatur
1240 3060 1300 3106 ut
1358 3066 1678 3123 separemur
1724 3054 1792 3109 ab
1837 3054 2016 3124 impiis
2044 3094 2061 3121 ,

476 3142 868 3213 praemittitque
900 3155 1113 3206 causas,
1156 3140 1361 3197 dicens.
1409 3140 1516 3198 Per
1548 3142 1715 3198 vitam
1743 3143 1885 3199 idem
1925 3145 2066 3199 acci-

479 3236 656 3305 pimus
692 3234 836 3305 quod
863 3249 960 3305 per
994 3232 1249 3289 animam.

556 3366 574 3399 r
594 3345 838 3410 Domine,
862 3343 1025 3400 dilexi
1048 3343 1300 3399 decorem
1320 3343 1514 3400 domus
1541 3352 1664 3400 tuae.
1688 3363 1708 3399 ι
1741 3364 1759 3397 ι
1784 3344 2010 3402 Domum
2035 3366 2056 3400 ι

479 3446 639 3494 vocat
674 3450 1025 3507 quoscunque
1061 3434 1240 3505 justos
1284 3435 1342 3490 in
1380 3436 1576 3505 quibus
1618 3437 1759 3491 Deus
1800 3436 2006 3492 habitat
2044 3455 2058 3492 :

488 3550 505 3579 ι
526 3530 777 3584 decorem
807 3528 997 3583 domus
1015 3546 1033 3577 ι
1074 3526 1217 3582 illius
1247 3527 1442 3598 accipit
1468 3528 1694 3582 virtutes
1716 3526 1911 3598 quibus
1931 3528 2062 3597 justi

481 3624 746 3673 ornantur
783 3634 797 3671 :
831 3626 886 3671 et
941 3614 1134 3681 dilexi,
1196 3634 1214 3668 ι
1252 3615 1428 3671 locum
1479 3616 1827 3671 habitationis
1880 3616 2065 3688 glorias

487 3728 505 3760 ι
539 3718 662 3775 tute,
692 3730 710 3761 ι
740 3709 792 3765 id
814 3717 919 3775 est,
948 3708 1248 3765 divinitatis
1281 3717 1384 3765 tuae
1409 3728 1421 3763 :
1446 3708 1622 3765 locum
1646 3709 1700 3763 in
1723 3724 1831 3780 quo
1857 3709 2066 3767 habitat

370 3814 383 3826 °
482 3800 756 3867 divinitas,
796 3800 1093 3872 accipimus
1123 3798 1546 3871 perfectissimos
1571 3799 1769 3869 justos,
1807 3800 1901 3871 qui
1942 3816 2062 3857 ma-

481 3907 643 3963 gnam
671 3901 727 3949 et
754 3893 1023 3963 egregiam
1053 3892 1121 3947 de
1149 3892 1260 3947 Deo
1284 3892 1486 3947 habent
1509 3892 1893 3964 cognitionem.

562 4025 580 4058 ι
598 4004 676 4060 Ne
700 4004 916 4075 perdas,
941 4023 959 4056 ι
988 4003 1123 4069 dixi,
1158 4020 1177 4054 ι
1199 4017 1323 4057 cum
1348 4001 1530 4071 impiis
1552 4002 1788 4058 animam
1818 4018 2017 4072 meam,
2039 4021 2061 4059 ι

486 4100 578 4170 qui
610 4113 641 4151 a
664 4111 752 4151 me
786 4095 943 4150 valde
981 4093 1270 4151 dissimiles
1323 4101 1470 4158 sunt,
1513 4093 1639 4163 quia
1669 4113 1687 4146 ι
1710 4094 1765 4149 in
1815 4094 2067 4151 manibus

486 4205 699 4254 eorum,
722 4207 740 4240 ι
763 4188 817 4242 id
842 4194 945 4253 est,
972 4187 1029 4242 in
1056 4186 1309 4257 operibus
1331 4200 1518 4242 eorum
1539 4206 1558 4239 ‹
1577 4194 1703 4243 sunt
1730 4187 2065 4259 iniquitates,

489 4283 713 4338 dextera
739 4294 948 4345 eorum,
977 4297 996 4331 ι
1036 4278 1091 4334 id
1128 4286 1233 4346 est,
1272 4281 1412 4335 bona
1440 4293 1605 4351 opera
1641 4295 1852 4350 eorum,
1886 4282 1933 4338 si
1963 4282 2064 4339 ali—

490 4388 653 4445 quam
690 4371 893 4427 faciunt
914 4368 1203 4439 justitiam,
1232 4390 1251 4424 r
1276 4370 1480 4442 repleta
1521 4380 1608 4428 est
1653 4375 2007 4431 muneribus:
2039 4392 2060 4428 ι

491 4464 546 4517 in
576 4477 683 4532 quo
712 4460 943 4516 maxime
964 4459 1174 4532 judices
1203 4461 1593 4534 intelliguntur,
1619 4463 1711 4534 qui
1735 4479 1837 4537 pro
1856 4463 2067 4536 justitia

490 4554 738 4609 facienda
766 4552 1049 4623 pecuniam
1085 4552 1376 4624 accipiunt.

2154 2014 2299 2071 muel
2340 2013 2436 2086 (II
2481 2012 2611 2084 Reg.
2652 2028 2728 2080 ης
2774 2011 2843 2082 v)
2888 2010 3065 2081 primo
3103 2010 3159 2066 in
3200 2010 3360 2067 domo
3416 2010 3593 2082 patris
3638 2009 3745 2075 sui,

2156 2104 2212 2160 in
2278 2118 2387 2174 qua
2455 2102 2703 2159 linitione
2769 2100 3033 2157 intellexit
3094 2100 3506 2171 promissionem
3589 2100 3748 2171 regni

2155 2203 2213 2252 et
2270 2209 2369 2265 per
2427 2208 2589 2265 quam
2646 2206 2868 2248 securus
2906 2190 3028 2258 fuit,
3088 2206 3197 2247 non
3245 2206 3403 2263 posse
3463 2189 3608 2248 efﬁci
3642 2191 3749 2245 ali-

2157 2299 2264 2355 quo
2309 2284 2471 2340 modo
2510 2283 2639 2354 quin
2691 2298 2917 2353 regnum
2965 2291 3021 2339 et
3066 2284 3359 2339 secundam
3413 2282 3745 2349 linitionem,

2160 2375 2301 2431 sicut
2360 2375 2414 2429 in
2470 2374 2647 2445 prima
2698 2372 2943 2429 linitione
2988 2372 3333 2429 intellexerat
3379 2374 3749 2443 promissum,

2159 2465 2449 2521 obtineret.
2499 2464 2632 2520 Cum
2680 2479 2809 2519 vero
2862 2462 3080 2520 fecisset
3126 2464 3270 2519 hunc
3307 2463 3603 2535 psalmum,
3642 2481 3753 2522 non

2161 2556 2290 2611 fecit
2318 2555 2385 2609 de
2415 2554 2682 2625 corporali
2713 2553 2979 2621 linitione,
3011 2553 3095 2609 vel
3122 2555 3187 2609 de
3211 2554 3435 2610 obtentu
3456 2556 3615 2626 regni
3640 2564 3752 2610 ter-

2161 2648 2369 2713 restris,
2393 2646 2487 2702 sed
2513 2647 2579 2701 de
2604 2646 2849 2702 linitione
2878 2642 3131 2716 spiritali,
3148 2653 3203 2701 et
3229 2645 3296 2701 de
3318 2659 3485 2715 regno
3517 2646 3751 2702 caelesti.

2162 2737 2537 2796 Consideravit
2571 2736 2717 2791 enim
2756 2735 2897 2792 ﬁlios
2934 2735 3187 2792 Ecclesia:
3215 2737 3566 2792 securitatem
3594 2752 3755 2809 posse

2162 2831 2368 2888 habere
2394 2829 2461 2885 de
2499 2828 2733 2884 secunda
2760 2825 3026 2893 linitione,
3058 2826 3112 2882 id
3149 2834 3251 2892 est,
3282 2827 3350 2882 de
3394 2826 3753 2897 impassibili-

2163 2930 2276 2978 tate
2305 2928 2362 2977 et
2401 2918 2827 2984 immortalitate,
2865 2933 2963 2989 per
3001 2918 3231 2990 primam
3257 2917 3563 2975 linitionem
3587 2934 3753 2990 quam

2164 3012 2220 3068 in
2245 3010 2348 3067 hac
2382 3010 2494 3066 vita
2545 3009 2832 3079 recipiunt,
2863 3008 3067 3065 scilicet
3096 3008 3471 3065 remissionem
3500 3020 3754 3081 peccato-

2166 3120 2286 3160 rum
2312 3144 2328 3170 ,
2379 3110 2434 3159 et
2482 3100 2935 3158 confortationem
2988 3101 3057 3156 ad
3111 3101 3250 3157 bene
3298 3102 3639 3173 Operandum
3699 3104 3753 3159 in

2167 3195 2515 3265 baptismate.
2546 3191 2701 3249 Sicut
2725 3201 2904 3247 autem
2951 3191 3122 3247 David
3168 3191 3403 3263 primam
3450 3191 3754 3248 ﬁnitionem

2092 3298 2138 3362 C
2172 3288 2227 3343 in
2258 3289 2419 3344 domo
2448 3286 2621 3358 patris
2664 3285 2748 3342 sui
2791 3284 3048 3356 suscepit,
3078 3284 3155 3339 ita
3184 3284 3558 3356 unusquisque
3585 3283 3755 3341 ﬁdelis

2173 3380 2228 3435 in
2276 3378 2438 3435 domo
2482 3377 2653 3448 patris
2692 3378 2796 3443 sui,
2831 3377 2885 3432 id
2928 3385 3028 3444 est,
3066 3376 3286 3443 diaboli,
3326 3378 3417 3448 qui
3449 3377 3575 3433 ideo
3602 3386 3756 3449 pater

2172 3468 2390 3534 dicitur,
2418 3468 2546 3539 quia
2570 3481 2669 3539 per
2694 3483 2819 3524 eum
2841 3483 3030 3524 omnes
3057 3476 3358 3525 nascuntur
3384 3470 3439 3525 in
3479 3471 3749 3541 peccatis,

2174 3560 2398 3632 suscipit
2432 3561 2662 3632 primam
2701 3560 3021 3616 linitionem.
3059 3560 3261 3618 Domus
3296 3562 3497 3618 diaboli
3529 3573 3755 3620 vocatur

2173 3652 2406 3707 mundus
2434 3650 2558 3717 iste,
2607 3650 2664 3705 in
2703 3666 2866 3721 quam
2916 3652 3064 3707 venit
3090 3651 3361 3720 Christus,
3397 3662 3456 3709 et
3483 3654 3538 3709 in
3575 3668 3637 3709 ea
3669 3670 3756 3712 as-

2174 3743 2406 3814 sumpsit
2466 3744 2729 3814 quosdam
2788 3743 2854 3798 de
2907 3752 3176 3813 potestate
3226 3744 3443 3801 diaboli.
3494 3746 3641 3803 Unde
3696 3748 3756 3802 in

2172 3835 2465 3906 Evangelia
2511 3852 2525 3889 :
2569 3852 2588 3885 ‹
2625 3834 2786 3891 Venit
2823 3832 2980 3891 Jesus
3024 3838 3079 3890 in
3130 3836 3349 3892 domum
3390 3835 3616 3892 Simonis
3661 3836 3751 3893 le-

2173 3928 2319 3999 prosi
2350 3926 2563 3999 (Matth.
2588 3941 2716 3983 xxv:
2736 3945 2750 3994 ;
2774 3928 2943 3984 Marc.
2976 3930 3113 3998 xtv),
3143 3950 3162 3983 ι
3198 3930 3250 3985 id
3277 3938 3385 3997 est,
3411 3930 3619 3986 diaboli.
3637 3928 3756 3986 Ma-

2176 4020 2315 4075 teria
2333 4029 2416 4076 est
2440 4019 2618 4090 prima
2642 4028 2699 4076 et
2723 4023 2961 4079 secunda
2990 4021 3187 4079 linitio.
3212 4023 3289 4079 De
3311 4024 3484 4096 prima
3506 4024 3584 4080 sic
3608 4025 3753 4095 agit:

2172 4113 2327 4185 ponit
2379 4129 2499 4169 eam
2548 4115 2927 4171 certitudinem
2972 4117 3241 4173 secnndae.
3293 4117 3367 4174 De
3400 4117 3635 4173 secunda
3675 4118 3758 4173 sic

2177 4205 2290 4277 agit
2319 4219 2333 4259 :
2364 4205 2517 4275 ponit
2545 4204 2858 4276 frequentes
2882 4207 3172 4277 petitiones
3200 4208 3345 4264 illius
3366 4249 3382 4276 ,
3428 4216 3487 4263 et
3525 4206 3760 4265 allii-mat

2178 4310 2239 4352 se
2290 4295 2617 4351 habiturum.
2669 4296 2903 4353 lntendit
2950 4314 3049 4353 nos
3099 4307 3277 4355 certos
3316 4299 3567 4366 reddere,
3612 4300 3761 4370 quod

2175 4387 2360 4444 habita
2384 4388 2559 4459 prima
2588 4387 2855 4454 linitione,
2886 4375 3177 4445 secundam
3208 4391 3479 4462 possimus
3527 4391 3759 4447 habere.

2178 4475 2393 4533 Titulus
2420 4477 2500 4534 sic
2526 4477 2812 4549 exponitur
2843 4495 2857 4532 :
2888 4476 3135 4535 Psalmus
3156 4480 3259 4538 iste
3287 4480 3541 4538 convenit
3566 4481 3761 4548 David,

2177 4570 2491 4641 prophetae,
2535 4570 2623 4627 vel
2663 4570 2965 4642 cuicunque
3012 4572 3160 4644 justo
3209 4574 3274 4630 de
3323 4573 3490 4644 priori
3538 4573 3763 4644 populo.

571 4682 589 4715 ‹
611 4664 669 4718 1η
690 4663 939 4719 manibus
959 4682 980 4716 ι
1005 4677 1222 4730 eorum;
1247 4671 1373 4720 sunt
1393 4664 1710 4736 iniquitates
1736 4684 1755 4719 ι
1775 4680 1876 4739 ego
1894 4674 2076 4724 autem
2098 4639 2154 4701 D
2180 4639 2293 4731 Qui
2310 4661 2490 4732 justus
2528 4663 2583 4719 in
2615 4664 2719 4721 hoc
2760 4639 3240 4736 loquitur'psalmo
3268 4639 3352 4722 vel
3377 4639 3557 4722 David
3578 4686 3593 4720 :
3612 4639 3768 4736 psal-

493 4769 613 4809 sum
646 4755 919 4827 ingressus
970 4773 989 4807 ι
1034 4756 1102 4810 ad
1143 4754 1342 4810 bonum
1391 4773 1411 4808 ι
1470 4756 1775 4812 innocentia
1802 4776 1823 4809 ι
1854 4771 1994 4824 mea,
2018 4766 2080 4815 ut

495 4860 683 4915 supra,
704 4852 760 4899 et
785 4853 863 4910 tu,
893 4844 1141 4911 Domine,
1175 4863 1194 4897 ‹
1223 4846 1427 4902 redime
1467 4862 1555 4902 me
1576 4865 1595 4899 ι
1628 4862 1728 4918 per
1760 4848 2078 4917 sanguinem

492 4932 619 4993 Filii
658 4936 733 4991 tui
767 4953 781 4991 :
817 4944 874 4992 et
910 4936 1037 5007 quia
1069 4936 1379 5007 redemptus
1403 4952 1501 5007 per
1528 4954 1682 4994 suam
1712 4939 2079 4996 innocentiam

496 5025 741 5083 suﬁicere
768 5041 876 5083 non
899 5026 1063 5092 valet,
1093 5026 1231 5097 petit
1251 5028 1682 5085 misericordiam
1706 5028 1824 5097 Dei,
1858 5030 2077 5088 dicens:

504 5138 524 5172 ι
551 5128 606 5175 et
640 5120 899 5174 miserere
929 5117 1056 5173 mei.
1087 5136 1107 5169 ι

570 5211 673 5278 Qui
701 5212 837 5266 bene
863 5226 981 5266 sum
1001 5216 1159 5280 aptus
1175 5207 1328 5278 cujus
1352 5209 1686 5279 miserearis,
1713 5213 1839 5283 quia
1874 5231 1894 5265 r
1923 5227 2078 5270 meus

498 5319 616 5373 pes,
660 5322 679 5354 ι
707 5301 760 5356 id
795 5308 898 5367 est,
928 5299 1145 5357 aﬁlictio
1170 5314 1291 5356 mea
1316 5318 1334 5351 ι
1365 5302 1537 5367 stetit,
1586 5322 1605 5355 ι
1636 5303 1690 5358 id
1715 5312 1819 5370 est,
1848 5303 2078 5360 ﬁrmiter

498 5394 795 5466 permansit
828 5410 846 5445 ι
875 5394 931 5448 in
965 5393 1195 5460 directo,
1224 5411 1243 5444 ι
1273 5393 1329 5448 id
1353 5401 1459 5460 est,
1489 5393 1545 5449 in
1580 5394 1690 5451 alto
1717 5395 1835 5452 loco
1862 5414 1875 5451 :
1900 5396 1980 5452 vel
2017 5396 2075 5453 in

499 5488 725 5552 directo,
760 5489 813 5543 id
846 5495 949 5552 est,
988 5487 1043 5543 in
1073 5486 1308 5544 Christo.
1351 5487 1472 5543 Alia
1511 5490 1654 5544 enim
1700 5492 1981 5547 translatio
2020 5493 2075 5550 in

501 5576 589 5630 via
614 5576 1050 5631 recta:Christus
1072 5576 1215 5630 enim
1240 5577 1399 5630 dicit:
1420 5597 1436 5627 ι
1464 5577 1575 5646 Ego
1595 5593 1716 5633 sum
1738 5580 2081 5647 via,veritas,

502 5675 557 5721 et
608 5666 716 5720 vita
765 5665 960 5737 (Joan.
989 5665 1132 5738 xtv).
1184 5686 1202 5718 ι
1248 5667 1341 5723 Vel
1369 5687 1386 5719 ι
1422 5669 1475 5723 in
1499 5670 1719 5736 directo,
1743 5690 1764 5724 ι
1796 5672 1849 5727 id
1895 5682 1997 5736 est,
2028 5674 2084 5728 in

2184 4771 2327 4821 mus,
2350 4755 2493 4824 dico,
2525 4754 2744 4823 habitus
2764 4756 3080 4826 priusquam
3108 4756 3358 4812 liniretur
3382 4758 3621 4813 secunda
3646 4757 3769 4813 ﬁnio

2185 4844 2331 4899 tione
2372 4862 2386 4898 :
2427 4844 2687 4914 psalmus,
2718 4846 2862 4913 dico,
2889 4846 3127 4915 dirigens
3146 4862 3246 4903 nos
3268 4848 3325 4903 in
3357 4846 3545 4915 ﬁnem,
3574 4848 3634 4905 id
3662 4858 3767 4915 est,

2183 4933 2238 4988 in
2265 4931 2559 4988 Christum.
2590 4933 2657 4988 Et
2677 4949 2707 4988 a
2727 4935 2901 5006 prima
2937 4934 3182 4991 linitione
3219 4935 3412 5007 incipit
3438 4936 3538 5003 ita,
3590 4946 3652 4992 et
3700 4938 3771 4995 ad

2183 5024 2432 5080 secundae
2452 5025 2797 5081 securitatem
2822 5026 2895 5081 ita
2917 5040 3016 5083 nos
3038 5029 3312 5083 admonet.

2253 5113 2522 5171 Conﬁdite
2548 5122 2606 5170 et
2648 5116 2784 5171 certi
2829 5115 2949 5171 sitis
2978 5116 3046 5172 de
3072 5117 3308 5173 secunda
3332 5116 3603 5185 linitione,
3632 5133 3769 5178 cono

2177 5207 2480 5264 siderantes
2517 5222 2627 5275 me,
2671 5208 2800 5280 quia
2849 5226 2868 5261 ι
2898 5208 3159 5265 Dominus
3202 5209 3527 5267 illuminatio
3568 5226 3717 5278 mea,
3744 5231 3767 5267 ο

2178 5301 2233 5357 id
2256 5307 2358 5365 est,
2387 5299 2699 5356 illuminans
2745 5312 2854 5366 me,
2898 5288 2977 5355 ut'
2997 5298 3161 5355 velim
3189 5300 3451 5356 accedere
3485 5301 3554 5356 ad
3581 5301 3774 5369 ﬁdem,

2177 5399 2233 5448 et
2277 5391 2380 5447 hoc
2420 5399 2506 5448 est
2546 5398 2672 5447 ante
2701 5391 3028 5460 baptismum
3061 5408 3079 5443 ‹
3113 5400 3170 5445 et
3200 5391 3366 5446 etiam
3393 5391 3541 5447 salus
3570 5408 3718 5459 mea,
3747 5414 3770 5446 ι

2188 5479 2377 5557 id'est,
2401 5489 2653 5545 remissio
2684 5495 3033 5559 peccatorum
3064 5501 3186 5557 quas
3217 5485 3280 5543 ﬁt
3300 5487 3354 5543 in
3389 5487 3687 5557 baptismo,
3719 5497 3776 5546 et

2189 5580 2514 5638 confortatio
2553 5580 2619 5636 ad
2661 5581 2798 5635 bene
2836 5580 3207 5650 operandum,
3236 5579 3380 5648 quod
3428 5580 3490 5634 ﬁt
3541 5580 3597 5634 in
3638 5595 3777 5637 con-

2191 5674 2497 5730 ﬁrmatione
2543 5691 2555 5726 :
2597 5679 2653 5727 et
2690 5671 2819 5741 quid
2865 5670 2969 5725 hoc
3013 5669 3130 5726 est?
3174 5687 3193 5721 ι
3239 5684 3400 5739 quem
3456 5690 3475 5724 ι
3517 5671 3777 5741 deinceps

501 5757 691 5815 ordine
711 5758 995 5825 catholico,
1013 5761 1397 5829 etrteetiam,
1421 5762 2001 5829 Domine,benedicam
2029 5766 2087 5823 in
2156 5757 2219 5817 ἰ
2265 5764 2507 5821 timebo?
2564 5783 2583 5818 ›
2644 5762 2860 5818 Nullum
2899 5762 3147 5829 scilicet,
3200 5761 3328 5832 quia
3380 5777 3557 5833 neque
3604 5762 3772 5829 Saul,

510 5868 532 5908 ι
569 5848 845 5907 ccclesiis»
883 5850 1107 5921 scilicet,
1146 5853 1395 5911 habitans
1425 5854 1480 5911 in
1521 5856 1795 5915 consortio
1824 5856 2082 5916 ﬁdelium.

2194 5856 2249 5913 id
2296 5866 2417 5926 est,
2457 5855 2733 5924 diabolus,
2772 5869 2877 5912 nec
2922 5853 3118 5926 aliquis
3164 5852 3418 5914 inimicus
3443 5856 3644 5929 poterit
3687 5868 3772 5915 me
