3984 6460
249 449 353 508 281

1417 447 1854 508 EXPLANATIO
1893 447 1959 504 IN
1996 448 2331 507 PSALMOS.

3397 453 3500 512 982

253 562 515 633 impedire
546 561 676 633 quin
715 562 986 620 obtineam
1022 579 1251 636 regnum
1298 565 1443 636 quod
1475 565 1816 635 exspectabo.
1846 565 1895 626 Α
1921 567 2156 635 protexit
2199 582 2316 633 me,
2357 585 2375 619 ι
2409 567 2462 622 id
2503 577 2587 623 est
2615 569 2667 623 in
2700 569 2822 625 ﬁde.
2880 569 3032 628 Unde
3082 581 3168 629 est
3216 589 3229 627 :
3271 591 3291 627 ι
3325 572 3501 632 Corde

324 652 585 709 Dominus
611 651 705 707 dat
742 653 992 721 salutem,
1013 665 1067 711 et
1105 654 1218 726 ipse
1249 674 1268 708 ι
1299 655 1560 713 Dominus
1588 663 1670 711 est
1694 670 1822 726 pro-

254 751 441 807 tector,
498 761 518 796 ι
574 744 626 798 id
661 752 773 810 εει,
808 743 1078 814 defensor,
1112 763 1180 804 ne
1231 750 1458 804 sentiam
1493 749 1595 804 tela
1626 748 1822 804 diaboli

255 854 276 889 ι
301 837 427 891 vita:
447 851 600 902 meae,
634 856 653 890 ι
690 837 742 916 id
769 846 873 904 εει,
893 838 1092 911 salutis
1139 855 1291 907 meae,
1341 841 1424 897 vel
1473 842 1727 896 virtutum
1767 841 1822 896 in

249 926 450 998 quibus
469 927 616 1000 degit
640 928 812 985 ﬁdelis
841 932 1042 997 anima,
1063 945 1190 1002 ergo
1218 951 1236 983 ι
1257 947 1285 986 a
1317 948 1423 1003 quo
1453 933 1777 1002 trepidabo?
1798 951 1818 985 ι

321 1017 586 1084 Quoniam
605 1019 730 1074 dum
757 1039 775 1072 ι
797 1020 1056 1078 Dominus
1080 1033 1354 1094 protector
1375 1044 1393 1076 ι
1423 1033 1526 1090 εει,
1554 1034 1608 1080 ει
1627 1041 1734 1098 non
1757 1025 1826 1080 ti-

247 1111 428 1178 mebo,
462 1111 582 1167 ideo
611 1113 736 1182 quia
774 1115 852 1168 illi
879 1116 967 1184 qui
991 1116 1177 1172 volunt
1203 1117 1334 1172 mihi
1357 1133 1573 1184 nocere,
1602 1118 1836 1184 cadunt,’

246 1202 431 1258 ethoc
459 1213 543 1258 est
575 1224 595 1257 ‹
623 1205 750 1260 dum
795 1215 1051 1262 nocentes
1090 1209 1410 1280 appropiant
1453 1209 1583 1264 mihi
1618 1229 1639 1263 ι
1663 1224 1819 1266 acce-

245 1291 398 1377 dunt.
418 1293 591 1365 magis
641 1302 697 1349 et
740 1296 911 1366 magis
954 1299 1228 1362 tentando,
1275 1306 1525 1367 putantes
1557 1314 1616 1354 se
1644 1297 1822 1354 facere

251 1399 271 1433 ι
302 1399 464 1454 super
485 1399 572 1439 me
599 1403 618 1435 ι
645 1388 1100 1457 appr0piantdico
1120 1389 1184 1443 ad
1206 1390 1308 1444 hoc
1326 1409 1344 1440 ι
1364 1397 1424 1444 ιιι
1443 1389 1606 1444 edant
1627 1404 1820 1445 carnes

243 1489 419 1540 meas,
441 1493 462 1527 ι
491 1475 546 1529 id
566 1483 670 1541 est,
692 1475 1026 1532 delectentur
1047 1478 1101 1533 in
1126 1479 1472 1536 tribulatione
1499 1494 1618 1535 mea
1643 1497 1657 1533 :
1682 1479 1823 1535 sicut

240 1563 318 1618 illi
346 1565 436 1634 qui
464 1565 628 1621 edunt
651 1582 862 1634 carnes,
892 1568 1227 1625 delectantur
1246 1570 1300 1626 in
1321 1585 1415 1626 esu
1441 1571 1708 1626 carnium.

321 1674 338 1705 ι
367 1655 625 1711 lnﬁrmati
657 1666 784 1712 sunt
812 1667 866 1713 et
899 1659 1232 1728 ceciderunt,
1265 1680 1285 1714 ι
1313 1660 1366 1716 id
1389 1667 1490 1727 est,
1515 1660 1820 1715 inﬁrmatur

239 1746 508 1814 diabolus,
541 1763 662 1803 cum
697 1749 933 1820 aliquem
973 1751 1229 1807 tentando
1277 1767 1384 1808 non
1435 1760 1614 1823 potest
1658 1751 1818 1821 perﬁ-

236 1853 364 1894 cere
407 1855 432 1894 :
479 1839 623 1894 cadit
674 1854 797 1895 cum
838 1840 1017 1911 justus
1053 1838 1401 1898 conﬁrmatus
1430 1843 1638 1909 estsic,
1673 1840 1816 1912 quod

236 1943 342 1983 nec
371 1928 534 1985 etiam
563 1930 724 1985 audet
751 1943 874 1984 eum
904 1932 1120 2002 aggredi
1159 1949 1172 1986 :
1200 1940 1256 1988 et
1291 1934 1524 1988 maxime
1559 1951 1577 1985 ι
1612 1931 1815 1987 inimici
1841 1913 1891 1974 Β

236 2019 347 2073 ιιιεί
395 2020 485 2088 qui
535 2034 622 2074 me
664 2019 944 2076 tribulant.
978 2040 996 2073 ι
1028 2021 1125 2077 Vel
1153 2022 1256 2077 ita:
1288 2044 1306 2075 ι
1335 2023 1469 2079 Dum
1495 2023 1595 2093 ipsi
1619 2038 1818 2094 appro-

234 2111 394 2179 piant
431 2125 590 2181 super
628 2126 716 2168 me
765 2131 784 2164 ι
824 2112 890 2167 ad
911 2113 1015 2169 hoc
1047 2122 1108 2168 ut
1155 2122 1388 2170 noceant
1417 2114 1558 2170 sicut
1584 2123 1812 2186 putant:

235 2215 417 2260 tamen
449 2205 502 2259 in
533 2205 760 2262 veritate
805 2205 879 2260 ita
923 2208 1263 2278 appropiant,
1301 2225 1320 2259 ι
1345 2215 1404 2263 ιιι
1428 2207 1589 2262 edant
1625 2221 1818 2263 carnes

232 2310 404 2360 meas,
438 2315 466 2372 ιγ
510 2296 565 2351 id
615 2305 700 2352 est
738 2307 1061 2352 consumant
1089 2298 1432 2354 carnalitates
1458 2313 1640 2364 meas,
1663 2308 1718 2353 et
1739 2297 1816 2354 illi

229 2387 326 2458 qui
359 2387 436 2442 sic
456 2388 664 2443 edendo
698 2406 717 2439 ι
755 2387 1015 2445 tribulant
1047 2405 1133 2446 me
1163 2389 1368 2446 inimici
1399 2390 1529 2457 mei,
1557 2389 1816 2446 inﬁrmati

228 2487 360 2536 sunt
386 2488 441 2535 et
468 2480 799 2536 ceciderunt.
834 2489 878 2548 η

301 2571 370 2626 Ει
396 2573 523 2642 quia
551 2572 871 2630 tribulantes
900 2589 986 2630 me
1012 2575 1234 2643 cadunt,
1262 2574 1382 2631 ideo
1417 2593 1436 2627 ε
1490 2575 1534 2630 si
1559 2585 1756 2638 castra,
1787 2594 1808 2629 ι

227 2665 284 2722 id
318 2675 421 2732 est,
453 2666 496 2721 si
549 2666 828 2722 molimina
871 2667 1230 2725 multitudinis
1279 2687 1299 2720 ι
1337 2669 1659 2735 consistant,
1702 2689 1721 2721 ι
1760 2668 1816 2724 id

225 2765 315 2813 est
341 2757 699 2812 immorentur
744 2779 762 2810 ‹
816 2760 1098 2815 adversum
1139 2774 1226 2816 me
1261 2780 1280 2812 ι
1326 2760 1613 2827 moliendo,
1657 2779 1676 2812 ι
1704 2775 1813 2817 ιιοιι

224 2847 446 2902 timebit
493 2863 588 2904 eor
640 2863 842 2915 meum,
876 2869 894 2902 ι
929 2851 1021 2921 qui
1057 2867 1174 2906 sum
1199 2852 1352 2922 quasi
1375 2861 1613 2908 castrum
1637 2853 1814 2908 muni-

225 2950 386 2995 tum:
418 2940 542 3010 quia
577 2942 674 2996 etsi
726 2956 852 2997 caro
895 2942 1286 3014 aliquantulum
1312 2943 1596 3012 formidet,
1631 2953 1810 3006 tamen

223 3048 348 3099 cor,
379 3033 434 3088 id
453 3043 536 3090 est
555 3034 785 3092 interior
807 3036 1010 3104 anima,
1042 3051 1147 3092 non
1185 3037 1415 3093 timebit.

297 3125 368 3180 Et
395 3126 558 3182 etiam
588 3145 606 3179 ι
627 3142 676 3183 ει
695 3127 962 3198 praelium,
984 3149 1001 3180 ι
1022 3128 1076 3185 id
1100 3137 1183 3186 est
1212 3129 1496 3186 manifesta
1529 3129 1809 3201 impugna-

223 3216 326 3283 tio,
359 3235 378 3269 ‹
409 3226 685 3289 exsurgat,
718 3237 736 3270 ι
765 3218 819 3274 id
845 3227 929 3274 est
951 3227 1252 3286 excrescat,
1279 3219 1352 3274 ita
1375 3221 1518 3291 quod
1539 3220 1804 3291 fragilitas

220 3306 464 3363 humana
503 3309 753 3364 videatur
777 3307 922 3366 ferre
957 3325 1064 3365 non
1094 3325 1271 3381 posse,
1310 3311 1534 3366 tendens
1564 3329 1582 3362 ι
1613 3311 1825 3388 adver—_

220 3413 345 3454 sum
393 3415 480 3455 me
521 3400 577 3454 in
612 3401 716 3455 hoc
753 3420 771 3452 ι
803 3400 1022 3469 praelio,
1072 3420 1090 3452 ‹
1150 3416 1249 3474 ego
1297 3403 1546 3472 sperabo,
1581 3421 1616 3454 »ι
1640 3402 1692 3457 id
1719 3409 1804 3459 est

219 3488 372 3544 istud
428 3489 534 3542 erit
574 3489 708 3543 mihi
756 3504 920 3544 causa
952 3489 1065 3560 spei
1108 3507 1120 3542 :
1162 3489 1247 3544 vel
1278 3509 1296 3541 ι
1333 3491 1386 3545 in
1413 3492 1536 3557 hoc,
1577 3512 1596 3544 ›
1625 3492 1679 3547 id
1720 3500 1805 3548 est

220 3579 282 3634 in
317 3577 547 3634 Domino
573 3579 854 3649 «sperabo
890 3598 908 3629 ι
939 3578 1224 3633 victoriam
1251 3579 1392 3634 illius
1416 3581 1607 3650 prtelii.

303 3687 322 3720 ‹
345 3669 603 3724 Dominus
622 3687 641 3721 ι
673 3677 755 3723 εει
789 3687 807 3719 ι
829 3668 974 3724 salus
990 3683 1132 3735 mea,
1148 3689 1168 3721 ι
1191 3669 1384 3725 cadent
1401 3672 1495 3741 qui
1524 3686 1610 3726 me
1637 3671 1805 3727 tribu-

221 3760 354 3822 lant,
374 3768 430 3815 et
453 3760 660 3830 perhos
686 3779 706 3812 ι
724 3760 856 3833 petii
876 3775 906 3814 a
932 3761 1158 3815 Domino
1185 3777 1364 3817 unam.
1390 3780 1409 3814 ι
1430 3761 1603 3819 Unam
1619 3763 1804 3818 est-hic

220 3850 414 3916 fixum,
436 3861 492 3906 et
521 3868 540 3902 ι
575 3849 714 3905 hanc
741 3870 760 3902 ι
790 3866 951 3904 unam
985 3869 1003 3902 ι
1036 3851 1308 3920 requiram
1337 3853 1588 3908 omnibus
1612 3853 1802 3909 diebus

217 3945 347 4001 vitae
394 3959 562 4010 meae,
597 3964 617 3997 ι
661 3944 799 3999 hanc
850 3943 1056 3999 scilicet
1116 3959 1276 3998 unam
1300 3956 1329 3996 ἰ
1364 3952 1424 3998 ιιι
1449 3945 1744 4000 inhabitem
1775 3963 1794 3998 ι

220 4035 446 4091 tendere
488 4035 544 4089 in
590 4033 696 4089 alia
735 4034 845 4088 vita
876 4053 894 4085 ι
929 4033 982 4088 in
1027 4033 1187 4088 domo
1225 4033 1456 4088 Domini.
1486 4053 1505 4085 ι
1544 4031 1642 4088 γει
1679 4034 1796 4090 sic:

225 4143 247 4178 ι
285 4124 438 4182 Hanc
463 4126 739 4196 requiram
772 4134 834 4181 ut
860 4124 1156 4181 inhabitem
1187 4145 1206 4178 ι
1234 4125 1288 4180 in
1320 4126 1420 4181 hac
1462 4126 1572 4181 vita
1619 4135 1801 4182 mente

224 4234 246 4270 ι
280 4217 336 4272 in
375 4217 534 4273 domo
565 4216 777 4274 Domini
812 4236 832 4268 ι
865 4225 921 4271 ει
950 4231 1056 4272 non
1100 4215 1156 4271 in
1201 4232 1372 4288 parvo
1411 4227 1672 4288 tempore,
1702 4217 1799 4275 sed
1827 4227 1831 4232 ‘

224 4332 244 4364 ι
277 4312 333 4366 in
365 4310 619 4368 omnibus
647 4310 834 4366 diebus
863 4310 988 4365 vita:
1014 4324 1167 4364 mete.
1206 4327 1225 4362 ι

292 4403 544 4459 ﬂabilem
575 4403 629 4458 in
659 4403 819 4459 domo
847 4403 914 4457 ad
953 4403 1057 4457 hoc
1088 4419 1106 4452 ι
1142 4411 1204 4456 ιιι
1229 4401 1440 4457 videam
1469 4401 1798 4457 voluntatem

215 4495 454 4561 Domini,
495 4515 514 4546 ι
549 4495 603 4550 id
626 4502 707 4550 est
733 4495 863 4564 quid
901 4493 1043 4551 Deus
1063 4493 1192 4548 velit
1216 4508 1302 4548 me
1323 4492 1526 4558 facere,
1553 4512 1571 4544 ι
1597 4501 1652 4547 ει
1671 4493 1799 4548 visi-

1925 658 2164 713 creditur
2187 659 2252 714 ad
2275 657 2539 727 justitiam
2563 659 2734 731 (Rom.
2767 661 2842 734 x).
2870 681 2889 715 ι

1993 748 2062 803 Ει
2102 765 2208 803 non
2248 757 2454 804 tantum
2503 752 2735 822 protexit
2773 761 2827 808 et
2868 754 3182 822 abscondit,
3209 755 3304 812 sed
3329 755 3497 812 etiam

1931 857 1950 891 ι
1979 839 2234 895 exaltavit
2268 860 2287 894 δ
2328 842 2505 896 dando
2531 843 2776 910 virtutes,
2816 862 2834 894 ‹
2868 845 2922 900 in
2961 853 3136 916 petra,
3167 866 3185 899 ι
3225 847 3281 902 id
3321 856 3406 903 est
3443 848 3497 902 in

1923 931 2136 990 Christo
2160 974 2175 999 ,
2207 934 2299 1004 qui
2343 935 2504 990 totius
2527 933 2751 1003 justitia:
2794 946 2877 993 est
2918 937 3341 994 fundamentum.
3385 959 3405 992 ι
3439 939 3496 995 1η

1921 1035 2074 1098 petra
2117 1027 2394 1094 exaltavit,
2433 1047 2450 1079 ι
2483 1027 2535 1082 id
2564 1037 2648 1083 est
2684 1029 2736 1083 in
2775 1029 3111 1086 confessione
3137 1031 3267 1086 oris.
3301 1031 3494 1087 Unde:

1929 1135 1948 1169 ι
1984 1118 2088 1174 Ore
2115 1126 2292 1173 autem
2319 1118 2588 1174 confessio
2611 1120 2671 1174 ﬁt
2695 1120 2761 1173 ad
2791 1120 3017 1175 salutem
3043 1121 3251 1194 (Ibid.).
3283 1141 3301 1174 ›
3331 1121 3494 1176 Simi-

1922 1209 2048 1266 liter
2074 1210 2242 1266 David
2273 1211 2326 1266 in
2357 1219 2510 1282 petra
2539 1219 2592 1266 et
2632 1211 2686 1266 in
2735 1213 3007 1267 montibus
3049 1213 3283 1282 ponebat
3321 1213 3498 1268 muni-

1921 1301 2114 1357 tiones.
2144 1301 2413 1356 Exaltatio
2436 1316 2598 1371 quam
2622 1301 2869 1372 promisit
2893 1302 2944 1356 in
2973 1310 3127 1372 petra
3157 1301 3333 1357 futura
3381 1310 3498 1358 erat

1922 1394 1996 1450 illi
2016 1395 2183 1464 justo,
2216 1395 2342 1464 quia
2387 1394 2603 1450 Christo
2647 1393 2880 1449 nondum
2920 1401 3038 1448 erat
3068 1407 3084 1448 :
3115 1393 3496 1450 exaltationcm

1918 1499 2050 1541 vero
2078 1500 2197 1556 quae
2227 1485 2476 1554 sequitur
2499 1483 2613 1554 jam
2647 1492 2776 1540 tunc
2804 1483 3055 1539 habebat.

1989 1574 2286 1630 Abscondit
2315 1575 2368 1629 in
2400 1574 2782 1641 tabernaculo,
2821 1594 2840 1626 ι
2860 1574 3114 1630 exaltavit
3143 1574 3199 1630 in
3235 1583 3412 1644 petra,
3446 1583 3500 1628 et

1912 1670 2026 1741 jam
2065 1679 2192 1726 tunc
2245 1670 2504 1725 exaltavit
2557 1678 2718 1741 caput
2755 1685 2952 1734 meum,
2991 1689 3008 1720 ι
3044 1668 3099 1723 id
3133 1676 3218 1724 est
3260 1677 3494 1723 mentem

1919 1777 2116 1825 meam,
2155 1780 2173 1813 ι
2210 1777 2374 1831 super
2408 1760 2660 1816 inimicos
2708 1775 2879 1826 meos,
2903 1780 2921 1812 ι
2955 1759 3094 1831 quod
3120 1760 3231 1830 jam
3279 1775 3384 1813 non
3433 1759 3496 1811 li-

1919 1869 2094 1909 meam
2119 1855 2186 1909 ab
2213 1856 2292 1909 eis
2325 1853 2569 1923 impediri
2612 1853 2741 1924 quin
2771 1866 2991 1922 regnum
3013 1851 3306 1906 obtineam.
3333 1849 3492 1904 Post-

1918 1958 2081 2014 quam
2118 1943 2357 1999 ostendit
2395 1958 2491 2014 per
2525 1943 2759 2013 primam
2799 1941 3100 1996 linitionem
3144 1954 3203 1995 se
3245 1954 3491 1994 securum

1917 2050 2037 2091 esse
2066 2036 2136 2091 de
2161 2036 2271 2089 vita
2296 2043 2522 2101 aeterna,
2548 2034 2700 2104 ponit
2725 2033 2849 2089 inde
2861 2032 3149 2103 quamdam
3175 2030 3492 2086 exsultatio-

1917 2139 2061 2180 nem.
2093 2125 2472 2181 Continuatio:

1979 2231 2008 2266 ιι
2040 2215 2312 2270 Exaltavit
2337 2229 2496 2284 super
2522 2215 2766 2270 inimicos
2797 2228 2945 2270 meos
2971 2222 3135 2284 caput
3159 2227 3358 2274 meum,
3385 2229 3402 2262 ι
3436 2216 3494 2264 ει

1917 2303 2039 2359 ideo
2080 2305 2260 2360 omnia
2293 2323 2312 2355 ι
2356 2283 2578 2360 circuivi
2613 2324 2630 2356 ι
2668 2313 2728 2359 ιιι
2756 2304 2872 2358 laus
2914 2283 3052 2358 ideo,
3073 2283 3274 2359 dicitur
3315 2302 3490 2357 hostia

1916 2393 2212 2460 immolata,
2246 2395 2372 2465 quia
2403 2395 2543 2451 sicut
2570 2395 2748 2449 hostia
2788 2394 3060 2450 immolata
3099 2393 3348 2464 placebat
3382 2394 3491 2447 Deo

1915 2500 2038 2542 cum
2077 2494 2275 2540 statum
2317 2486 2578 2550 habebat,
2612 2485 2844 2542 italaus
2890 2484 2994 2540 ista
3035 2493 3184 2556 grata
3225 2493 3310 2540 est
3355 2485 3489 2538 Deo.

1920 2595 1939 2629 ι
1973 2576 2236 2643 Hostiam,
2258 2577 2401 2642 dico,
2426 2577 2845 2640 vociferationis,
2873 2596 2891 2628 ι
2919 2577 2971 2631 id
2995 2585 3080 2632 est
3116 2590 3322 2648 magnae
3364 2574 3493 2629 aﬂ‘c-

1915 2669 2131 2725 ctionis.
2161 2669 2279 2724 Alia
2331 2669 2614 2724 translatio
2653 2668 2818 2723 habet
2842 2667 3179 2736 jubilationis
3202 2708 3218 2734 ,
3263 2676 3318 2722 et
3364 2676 3492 2722 tunc

1913 2760 2113 2816 dicitur
2157 2759 2361 2830 jubilus
2389 2801 2405 2828 ,
2461 2761 2674 2830 quando
2735 2768 2942 2814 tantum
2998 2759 3250 2830 gaudium
3306 2768 3486 2814 mente

1912 2851 2278 2920 concipimus,
2330 2852 2397 2906 ad
2437 2850 2581 2922 quod
2631 2851 3041 2921 exprimendum
3090 2865 3195 2906 vox
3250 2849 3489 2904 humana

1911 2956 2016 2998 non
2056 2941 2272 2998 sufﬁcit.
2321 2940 2472 2998 Unde
2519 2941 2682 2996 etiam
2734 2948 3130 2997 consueverunt
3168 2939 3488 3010 praedicato-

1911 3045 2000 3087 res
2039 3031 2296 3087 Ecclesia:
2347 3039 2408 3086 ut
2460 3040 2746 3103 postquam
2797 3030 3132 3086 laudaverint
3183 3029 3350 3084 Deum
3403 3030 3486 3083 in-

1912 3124 2192 3195 telligibili,
2223 3134 2580 3195 prorumpunt
2626 3124 2696 3179 in.
2721 3123 2974 3194 jubilum,
3002 3123 3206 3179 scilicet
3248 3123 3304 3178 in
3338 3123 3514 3194 intel-V

1909 3213 2165 3285 ligibilem
2191 3230 2400 3281 vocem,
2431 3230 2528 3286 per
2557 3214 3008 3285 multiplicitatem
3030 3220 3190 3278 notat,
3217 3227 3314 3282 per
3342 3213 3486 3282 quod

1905 3306 2196 3361 ostendunt
2218 3305 2420 3360 nullam
2442 3321 2630 3361 vocem
2657 3303 3042 3376 intelligibilem
3065 3302 3130 3356 ad
3155 3303 3365 3358 laudem
3388 3303 3486 3358 Dei

1899 3411 2059 3468 posse
2090 3395 2357 3453 sufﬁcere.
2392 3396 2669 3453 lmmolavi
2701 3397 2953 3463 hostiam,
2983 3403 3038 3460 et
3079 3395 3333 3465 deinceps
3363 3393 3483 3449 lau-

1901 3491 2068 3557 dabo,
2118 3499 2173 3546 et
2211 3491 2314 3545 hoc
2360 3499 2445 3545 est
2488 3490 2631 3562 quod
2684 3491 2814 3546 dicit
2856 3511 2875 3542 ι
2916 3490 3164 3556 cantabo,
3201 3509 3219 3544 ι
3255 3488 3481 3553 scilicet,

1900 3573 2033 3635 voce
2053 3587 2107 3635 et
2130 3581 2315 3644 corde,
2337 3580 2478 3649 quod
2497 3580 2730 3650 pertinet
2754 3580 2821 3634 ad
2843 3580 3294 3649 contemplativos
3323 3596 3335 3632 :
3370 3597 3388 3629 ι
3425 3587 3481 3632 ει

1908 3689 1926 3721 ι
1951 3669 2217 3739 psalmum
2238 3669 2414 3724 dicam
2426 3670 2650 3724 Domino
2678 3688 2696 3719 ι
2720 3668 2859 3723 bene
2878 3669 3170 3738 operando,
3186 3670 3329 3738 quod
3350 3683 3476 3738 per-

1904 3759 2040 3815 tinet
2067 3757 2135 3813 ad
2174 3759 2396 3813 activos.
2423 3758 2518 3814 Vel
2547 3758 2592 3813 si
2643 3757 2906 3812 habeatur
2936 3774 2956 3807 ι
2989 3755 3248 3819 circuibo,
3281 3775 3299 3807 ι
3335 3756 3478 3824 quod

1901 3849 2238 3921 frequentius
2262 3857 2467 3920 ponunt
2485 3857 2752 3914 auctores,
2774 3847 2854 3901 sic
2887 3845 3154 3901 dicemus:
3179 3864 3197 3894 ι
3218 3844 3479 3899 Dominus

1900 3944 2157 4000 exaltavit
2177 3951 2340 4013 caput
2385 3957 2562 3998 meum
2593 3961 2639 4008 ι,
2668 3949 2723 3996 ει
2743 3939 2862 3994 ideo
2889 3957 2908 3990 ι
2941 3936 3181 3994 circuibo
3203 3944 3258 3991 et
3280 3937 3476 3993 immo-

1899 4034 2042 4100 labo,
2091 4053 2110 4087 ι
2139 4033 2347 4089 scilicet
2373 4032 2602 4088 cantabo
2634 4049 2653 4082 ι
2690 4039 2745 4085 ει
2773 4029 3038 4101 psalmum
3069 4028 3266 4084 dicam.
3312 4047 3330 4080 ι
3358 4025 3482 4082 Cir-

1898 4127 2234 4195 cuibo,dico,
2257 4145 2275 4179 ι
2300 4127 2354 4182 in
2386 4125 2732 4182 tabernaculo
2752 4117 2890 4194 ej'us,
2918 4144 2937 4176 ι
2964 4124 3018 4180 id
3043 4133 3131 4179 est
3153 4124 3207 4179 in
3234 4121 3478 4179 Christo.

1897 4220 2192 4292 Postquam
2231 4220 2488 4299 tractavit
2532 4219 2599 4274 de
2643 4219 2817 4289 prima
2857 4217 3132 4282 liuitione,
3163 4215 3398 4272 ostendit
3424 4231 3483 4272 se

1898 4328 2151 4370 securum
2178 4328 2298 4368 esse
2338 4313 2405 4368 de
2438 4311 2656 4376 futura,
2685 4325 2781 4381 per
2811 4309 3159 4366 eam'transit
3194 4308 3262 4362 ad
3291 4321 3483 4362 secun-

1899 4404 2043 4470 dam,
2074 4411 2130 4460 et
2150 4404 2284 4473 petit
2309 4419 2430 4459 eam
2457 4403 2727 4474 frequenti
2745 4395 3024 4456 oratione.
3054 4399 3432 4456 Continuatio:

1974 4513 1993 4545 ι
2014 4493 2263 4550 Circuibo
2277 4492 2652 4557 etimmolabo,
2675 4510 2696 4546 ι
2721 4491 2950 4548 cantabo
2975 4501 3032 4546 et
3049 4490 3293 4561 psallam,
3327 4489 3476 4543 ideo-

215 4597 334 4646 tem
381 4588 639 4659 templum
677 4587 817 4656 ejus,
847 4607 866 4640 ι
900 4588 954 4642 id
979 4596 1064 4643 est
1077 4587 1390 4658 frequenter
1412 4587 1685 4642 memoria
1706 4602 1796 4642 re-
1821 4599 1876 4662 ι)
1900 4599 2005 4656 que
2029 4594 2104 4649 tu,
2134 4605 2152 4636 ι
2179 4584 2426 4650 Domine,
2458 4582 2653 4638 exaudi
2683 4597 2885 4646 vocem,
2909 4581 3011 4654 {id
3038 4589 3122 4636 est
3161 4579 3478 4651 petitionem

215 4680 414 4738 ducam
454 4679 845 4755 humanitatem
885 4664 1109 4744 Christi,
1150 4685 1211 4733 ut
1241 4679 1341 4734 sim
1382 4677 1668 4734 corformis
1703 4678 1794 4733 ei:

219 4789 244 4827 ι
274 4771 362 4827 vel
378 4771 590 4827 visitem
619 4769 898 4840 templum,
922 4789 941 4823 ι
970 4770 1025 4824 id
1048 4777 1132 4826 est
1148 4769 1214 4826 ad
1235 4767 1509 4826 Christum
1535 4784 1632 4840 per
1656 4769 1824 4825 bona

213 4877 385 4937 opera
410 4862 745 4933 perveniam.

290 4955 424 5011 Dico
445 4954 690 5018 visitem,
731 4961 788 5008 et
822 4967 950 5008 vere
997 4951 1121 5008 inde
1155 4965 1379 5006 securus
1416 4966 1534 5006 sum
1563 4970 1583 5002 σ
1619 4950 1744 5021 quia
1774 4968 1794 5002 ι

209 5045 328 5118 jam
353 5046 481 5101 fecit
502 5046 635 5101 mihi
663 5046 798 5112 haec,
823 5045 1049 5108 scilicet,
1077 5061 1097 5094 ι
1127 5042 1407 5098 abscondit
1436 5056 1523 5097 me
1550 5062 1568 5096 ι
1600 5057 1668 5096 ne
1694 5043 1800 5097 im-

215 5147 523 5210 pugnarent
552 5137 758 5194 inimici
790 5156 808 5189 ι
845 5139 898 5192 in
943 5135 1288 5192 tabernaculo
1325 5150 1446 5200 suo,
1476 5155 1494 5186 ι
1529 5135 1582 5190 id
1611 5143 1696 5191 est
1741 5134 1800 5192 in

216 5231 557 5287 humanitate
597 5229 718 5285 Filii
761 5229 880 5296 sui,
908 5229 1060 5300 cujus
1086 5229 1386 5283 membrum
1418 5243 1505 5282 me
1532 5227 1659 5306 fecit
1688 5247 1708 5280 ι
1743 5230 1799 5284 in

218 5322 309 5378 die
359 5321 648 5389 malorum,
698 5340 717 5374 ι
769 5321 824 5377 id
857 5329 941 5377 est
966 5321 1020 5375 in
1049 5321 1154 5375 hac
1173 5320 1304 5386 vita,
1337 5320 1390 5375 in
1421 5335 1524 5389 qua
1550 5319 1672 5373 mali
1698 5334 1802 5388 po.

216 5422 474 5470 testatem
513 5423 768 5472 exercent
799 5433 812 5469 :
845 5433 864 5466 ι
894 5413 1033 5470 sicut
1065 5414 1233 5469 David
1267 5414 1612 5468 absconditus
1636 5423 1719 5468 est
1743 5414 1798 5468 in

217 5507 493 5572 cavernis,
509 5521 633 5562 cum
654 5522 778 5562 eum
793 5506 922 5562 Saul
944 5513 1356 5573 persequeretur
1376 5503 1430 5577 (1
1444 5503 1567 5576 Reg.
1587 5503 1755 5574 xxiv),
1771 5524 1790 5558 ι
1853 5531 1856 5535 ·

218 5604 278 5650 et
324 5611 430 5650 non
463 5605 670 5651 tantum
698 5596 1001 5660 abscondit,
1028 5595 1123 5650 sed
1150 5595 1314 5650 etiam
1343 5612 1363 5646 ι
1395 5596 1628 5666 protexit
1655 5611 1740 5651 me
1769 5614 1789 5650 ι

218 5701 291 5741 ne
321 5687 580 5743 sentirem
621 5689 843 5744 vulnera
891 5687 1316 5758 impugnantium
1343 5705 1360 5738 ι
1399 5687 1451 5741 in
1481 5687 1795 5744 abscondito

130 5825 134 5828 .
219 5777 553 5834 tabernaculi
596 5780 716 5846 sui,
757 5799 774 5833 ι
818 5780 870 5834 id
915 5788 997 5834 est
1034 5779 1089 5833 in
1135 5777 1334 5832 deitate
1379 5792 1499 5847 quae
1534 5777 1692 5842 latet,
1739 5786 1796 5834 et

220 5867 538 5929 abscondita
559 5877 645 5928 est
665 5870 720 5932 in
746 5870 1079 5928 humanitate
1097 5866 1320 5927 Christi.
1341 5885 1362 5924 ι
1390 5867 1450 5927 ιιι
1477 5868 1794 5927 abscondito

1906 4689 2081 4730 meam
2108 4682 2199 4739 ;et
2226 4673 2376 4744 ponit
2411 4687 2629 4728 causam
2674 4685 2841 4740 quare
2866 4669 2955 4725 illa
2982 4669 3172 4740 petitio
3214 4669 3286 4723 sit
3322 4668 3482 4738 digna

1905 4764 2267 4830 exauditione,
2301 4765 2426 4833 quia
2456 4771 2539 4817 est
2577 4776 2698 4816 cum
2728 4761 2984 4825 clamore,
3014 4759 3068 4814 id
3093 4767 3175 4814 est
3200 4774 3322 4813 cum
3360 4774 3495 4817 ma-.

1907 4872 2011 4929 gna
2055 4855 2236 4912 cordis
2280 4854 2564 4928 aﬂ‘ectione
2592 4867 2608 4906 :
2637 4863 2692 4909 et
2719 4853 2821 4908 hoc
2845 4860 2930 4908 est
2958 4868 2978 4902 ι
3007 4850 3134 4921 quia
3162 4849 3386 4905 clamavi
3414 4849 3480 4903 ad

1907 4959 1981 5017 te,
2019 4969 2038 5003 ι
2072 4949 2245 5004 solum
2283 4943 2651 5006 obtinendum,
2693 4950 2749 4996 et
2782 4957 2890 4996 non
2934 4949 3141 4996 tantum
3177 4941 3298 4995 dico
3338 4938 3479 5008 quod

1906 5057 2092 5098 vocem
2112 5040 2391 5103 exaudias,
2409 5040 2503 5094 sed
2518 5039 2679 5094 etiam
2695 5039 2965 5110 propriam
2983 5049 3263 5108 personam
3281 5049 3474 5098 meam,

1825 5131 1827 5136 “
1903 5133 2128 5197 scilicet,
2143 5131 2424 5187 considera
2451 5130 2706 5185 miserum
2731 5145 2834 5196 me,
2850 5137 2904 5184 ει
2928 5143 3025 5198 per
3052 5124 3475 5181 misericordiam

1906 5223 2120 5288 exaudi,
2151 5230 2207 5277 et
2232 5222 2336 5277 hoc
2360 5229 2446 5276 est
2469 5220 2611 5291 quod
2640 5221 2771 5276 dicit
2805 5261 2816 5272 .
2851 5238 2869 5270 ‹
2907 5218 3163 5273 miserere
3191 5215 3314 5278 mei,
3356 5232 3377 5267 ι
3419 5210 3476 5266 id

1903 5322 1988 5369 est
2011 5311 2380 5367 misericordia
2410 5325 2571 5381 super
2591 5325 2676 5364 me
2699 5308 2986 5371 movearis,
3015 5314 3068 5362 et
3088 5320 3184 5378 per
3205 5291 3346 5360 illam
3375 5301 3470 5355 mi-

1906 5405 2257 5462 sericordiam
2291 5423 2309 5455 ι
2345 5395 2537 5458 exaudi
2563 5417 2668 5458 me.
2701 5421 2720 5455 ι
2747 5402 2838 5457 Bis
2860 5400 3008 5472 ponit
3031 5399 3245 5464 exaudi,
3269 5409 3325 5452 et
3342 5396 3476 5454 duas

1903 5513 2115 5562 causas,
2141 5513 2261 5568 quae
2277 5496 2501 5552 clamavi
2527 5505 2581 5550 et
2610 5495 2886 5552 miserere.
2910 5494 3122 5550 Clamor
3146 5494 3232 5548 hic
3252 5492 3475 5548 merito-

1902 5605 2024 5645 rum
2053 5603 2215 5644 causa
2245 5597 2331 5643 est
2360 5589 2414 5643 in
2461 5588 2678 5644 homine
2705 5603 2719 5642 :
2749 5585 3114 5642 Misericordia
3138 5587 3272 5656 qua:
3311 5593 3393 5642 est
3423 5587 3477 5641 in

1902 5681 2034 5748 Deo,
2062 5696 2227 5738 causa
2254 5688 2338 5735 est
2366 5681 2420 5735 in
2443 5680 2554 5736 Deo
2588 5688 2647 5733 ut
2673 5680 2834 5734 homo
2856 5676 3194 5731 exaudiatur.

1971 5776 2122 5842 Dico,
2151 5793 2171 5828 ι
2191 5775 2404 5836 exaudi,
2429 5793 2448 5826 ›
2472 5782 2526 5827 ει
2547 5775 2681 5827 bene
2707 5773 2868 5825 debes
2895 5768 3170 5834 exaudire,
3195 5769 3320 5840 quia
3345 5787 3363 5822 ι
3381 5783 3480 5825 cor

1899 5883 2100 5940 meum,
2131 5887 2153 5922 ι
2186 5867 2242 5925 id
2261 5875 2347 5925 est
2373 5864 2602 5924 intentio
2644 5863 2822 5923 cordis
2853 5861 2982 5934 mei,
3015 5860 3204 5937 edixit
3226 5861 3344 5931 tibi,
3375 5878 3396 5914 ι
3423 5865 3481 5924 ει
