3984 6450
514 389 621 447 285

974 390 1327 448 HAYMONIS
1363 392 1836 449 HALBERSTAT.
1880 392 2093 448 EPISC.
2135 390 2283 448 OPP.
2324 392 2504 450 PARS
2542 395 2582 449 Ι.
2619 427 2688 435 —
2720 397 3070 453 COMMENT.
3112 400 3279 455 BIBL.

3656 404 3769 460 284

514 521 611 578 per
659 509 838 563 dicere
885 511 1064 565 cordis
1103 521 1321 565 notatur
1347 527 1538 582 magna
1568 513 1791 567 intentio
1825 527 1838 565 :
1873 532 1891 562 ι
1924 511 2089 569 facies
2114 514 2163 569 Α
2260 511 2363 580 lpsi
2409 513 2512 568 hoc
2558 514 2741 568 dicunt
2779 534 2790 567 :
2835 516 2964 582 Quis
3007 517 3139 569 vidit
3180 517 3279 570 hoc
3320 517 3582 585 regnum?
3618 518 3772 584 Quis

515 613 656 665 mea,
687 619 704 652 ι
730 602 782 655 id
814 611 895 656 est
938 603 1277 672 pulchritudo
1308 620 1425 659 mea
1449 646 1463 668 ,
1515 621 1610 675 per
1637 622 1794 675 quam
1822 608 2085 663 discretus

514 705 639 746 sum
662 691 730 746 ab
754 693 874 747 aliis
908 712 927 743 ‹
968 693 1275 761 exquisivit,
1310 714 1327 745 ι
1359 695 1411 749 id
1439 705 1522 750 est
1559 706 1712 751 extra
1758 698 1938 752 omnia
1979 698 2082 753 alia

514 784 782 852 quaesivit,
812 783 863 839 id
893 793 994 849 est,
1024 787 1333 854 postpositis
1378 786 1497 842 aliis
1547 790 1793 843 omnibus
1830 791 2078 856 terrenis,

510 882 567 929 te
589 875 758 932 solum
783 876 1354 947 intueri,prtesentiam
1378 891 1523 936 tuam
1547 898 1867 954 cognoscere
1881 887 2078 941 studui.

512 968 699 1025 Facies
719 971 872 1041 justi,
899 982 978 1028 est
1003 974 1174 1030 virtus
1200 975 1285 1030 illa
1314 992 1411 1047 per
1436 993 1594 1045 quam
1624 980 1886 1035 discretus
1913 998 2078 1052 appa-

512 1073 592 1118 ret
629 1065 697 1119 ab
728 1066 976 1121 omnibus
1003 1068 1124 1125 aliis
1155 1087 1168 1122 ε
1199 1070 1337 1124 sicut
1368 1069 1467 1125 fuit
1500 1072 1550 1125 in
1578 1072 1679 1127 Job
1715 1075 1990 1142 patientia,
2025 1076 2077 1131 in

510 1154 677 1209 David
732 1155 1029 1222 humilitas,
1071 1168 1126 1214 et
1156 1159 1210 1213 in
1241 1159 1360 1216 aliis
1389 1161 1636 1217 similiter
1667 1181 1678 1215 :
1720 1181 1739 1215 ι
1771 1166 1988 1233 quaesivi
2023 1174 2078 1219 et

508 1247 813 1314 requiram,
844 1249 1089 1317 Domine,
1120 1251 1327 1307 faciem
1378 1262 1547 1320 tuam,
1579 1275 1596 1306 ι
1631 1256 1681 1310 id
1710 1258 2077 1328 estcognitio-

504 1354 628 1393 nem
657 1348 805 1396 tuam
829 1356 925 1412 per
945 1343 1085 1398 bona
1112 1359 1295 1414 opera.

577 1429 646 1484 Et
685 1430 803 1486 ideo
829 1450 849 1483 ι
878 1448 945 1487 ne
980 1443 1191 1490 avertas
1222 1435 1418 1491 faciem
1451 1444 1616 1500 tuam,
1650 1458 1667 1489 ι
1706 1438 1755 1491 id
1783 1448 1865 1493 est
1895 1441 2073 1510 cogni-

506 1521 706 1577 tionem
727 1532 897 1591 tuam,
917 1544 936 1579 ι
956 1542 987 1581 a
1008 1542 1114 1590 me,
1138 1548 1156 1581 ι
1183 1530 1310 1598 quin
1335 1530 1654 1599 quandoque
1678 1531 1902 1585 habeam
1929 1533 2074 1587 illam

506 1613 887 1682 cognitionem,
912 1633 1032 1688 quae
1054 1620 1286 1690 cognitio
1317 1629 1520 1676 tantum
1547 1623 1602 1677 in
1637 1623 1723 1677 illa
1764 1623 1869 1677 vita
1912 1624 2076 1678 habe-

506 1709 592 1756 tur
619 1720 632 1756 :
665 1722 683 1754 ι
711 1720 779 1760 ne
803 1706 1039 1765 declines
1061 1724 1091 1763 a
1121 1726 1276 1766 servo
1312 1720 1422 1777 tuo,
1454 1733 1472 1765 ι
1503 1713 1555 1767 id
1579 1722 1662 1768 est
1697 1729 1764 1768 ne
1794 1715 2074 1784 permittas

504 1792 743 1849 incidere
768 1811 985 1852 servum
1015 1808 1163 1856 tuum
1200 1802 1252 1856 in
1282 1813 1561 1872 peccatum
1594 1821 1606 1856 :
1633 1812 1687 1860 et
1710 1806 1753 1859 si
1783 1806 2072 1875 aliquando

499 1883 780 1952 permittas
807 1889 1019 1956 cadere,
1044 1891 1148 1947 hoc
1168 1869 1466 1949 non—facias
1497 1913 1515 1945 ι
1551 1897 1602 1949 in
1627 1896 1703 1950 ira
1732 1904 1840 1950 tua.
1922 1897 2075 1955 Tune
2102 1869 2150 1928 Β

502 1973 555 2027 in
590 1974 668 2029 ira
697 1977 930 2034 declinat
955 1996 985 2034 a
1009 1997 1187 2049 servo,
1224 1986 1438 2054 quando
1462 1987 1723 2055 permittit
1751 2004 1872 2043 eum
1903 2006 2074 2061 usque

501 2065 557 2121 in
604 2070 808 2138 peccati
853 2074 1203 2143 praecipitium
1254 2080 1553 2146 pervenire,
1595 2082 1820 2151 gratiam
1860 2085 2074 2138 subtra-

501 2157 715 2216 hendo:
743 2169 799 2216 et
823 2163 927 2219 hoc
950 2164 1082 2219 dicit
1118 2182 1213 2236 per
1250 2168 1425 2224 simile
1451 2184 1467 2223 :
1500 2170 1639 2225 sicut
1671 2171 1864 2242 aliquis
1893 2175 2071 2229 Domi-

499 2268 602 2308 nus
635 2254 921 2311 declinata
954 2273 1109 2315 servo
1136 2261 1322 2328 iratus,
1352 2265 1566 2333 quando
1602 2281 1708 2321 non
1736 2266 1849 2322 vult
1882 2268 2067 2339 hospi-

498 2343 600 2397 tari
634 2360 756 2400 cum
787 2361 872 2402 eo.

566 2434 681 2491 Non
713 2437 968 2503 declines,
1001 2440 1094 2496 sed
1124 2443 1302 2512 potius
1333 2465 1351 2497 ι
1384 2454 1503 2501 esto
1530 2447 1743 2517 adjutor
1774 2464 1923 2505 meus
1948 2470 1966 2504 ι
2001 2451 2068 2507 ad

494 2527 632 2584 bene
655 2533 987 2600 operandum
1021 2553 1034 2589 :
1065 2544 1123 2589 et
1143 2537 1266 2605 quia
1288 2547 1469 2607 posset
1486 2540 1681 2609 juvare
1714 2541 1768 2597 in
1802 2543 2068 2614 principio

493 2627 548 2673 et
574 2622 843 2688 recedere,
885 2624 1007 2681 ideo
1057 2628 1308 2695 supponit
1336 2648 1355 2679 ι
1392 2645 1497 2685 non
1534 2631 1875 2703 derelinquas
1903 2650 2011 2701 me,
2041 2657 2060 2689 ι

494 2711 622 2779 quin
652 2728 866 2782 semper
892 2716 1138 2787 porrigas
1167 2733 1383 2773 manum
1414 2738 1428 2774 :
1454 2731 1507 2776 et
1533 2721 1658 2791 quia
1687 2738 1743 2779 se
1769 2739 1889 2779 esse
1916 2725 2065 2781 vide-

493 2801 587 2856 bat
610 2803 770 2859 vilem
792 2816 848 2861 et
873 2806 1278 2877 despicabilem,
1301 2812 1439 2881 quod
1464 2813 1737 2869 videretur
1758 2831 1876 2872 esse
1901 2833 2066 2874 causa

494 2907 663 2961 quare
702 2894 843 2950 Deus
879 2912 1001 2952 eum
1041 2898 1394 2969 delinqueret,
1427 2912 1679 2972 precatur
1720 2907 1883 2961 Deum
1921 2910 2063 2964 nein

493 2987 609 3056 ipso
630 3003 848 3045 causam
878 2991 1022 3047 illam
1050 2996 1538 3061 attendat,dieens:
1564 3018 1581 3050 ι
1607 3016 1779 3069 neque
1801 3002 2065 3073 despicias

492 3095 599 3147 me,
632 3101 651 3134 ι
688 3082 743 3138 id
765 3090 849 3139 est
873 3099 979 3139 non
1005 3086 1106 3141 sim
1135 3088 1227 3142 tibi
1251 3089 1389 3154 vilis,
1416 3100 1526 3145 tum
1547 3092 1669 3161 quia
1698 3112 1716 3143 ι
1739 3094 1879 3149 Deus
1898 3115 1916 3146 ›
1950 3104 2062 3150 tum

492 3175 616 3244 quia
644 3193 664 3227 ε
683 3175 955 3244 salutaris,
984 3197 1002 3231 ι
1028 3181 1152 3249 quia
1173 3181 1560 3253 qualiscunque
1590 3186 1690 3239 sim
1720 3205 1738 3237 ι
1758 3194 1812 3239 tu
1836 3202 1896 3241 es
1922 3188 2062 3243 Deus
2087 3222 2133 3287 Ο

489 3279 663 3333 meus,
710 3285 727 3320 υ
764 3268 816 3322 id
838 3277 920 3338 est
963 3267 1189 3325 Creator
1221 3287 1391 3341 meus,
1426 3294 1443 3325 ι
1472 3285 1525 3330 et
1546 3274 1812 3332 Salutaris
1838 3294 2008 3343 meus,
2034 3301 2053 3333 ο

488 3354 545 3412 id
590 3364 673 3413 est
698 3356 948 3414 Salvator
989 3374 1141 3415 meus
1170 3379 1182 3415 :
1210 3363 1336 3432 quia
1377 3378 1474 3434 per
1509 3366 1898 3424 humanitatem
1934 3369 2056 3425 Filii

488 3446 651 3503 debes
676 3462 763 3503 me
782 3449 1013 3505 salvare.

558 3538 627 3592 Et
652 3540 774 3594 ideo
799 3555 907 3596 non
936 3541 1099 3598 debes
1133 3558 1218 3598 me
1245 3544 1536 3615 despicere,
1572 3549 1698 3618 quia
1740 3564 1858 3605 mea
1900 3552 2057 3623 culpa

487 3644 593 3685 non
615 3632 865 3702 estquod
893 3633 1013 3688 talis
1041 3649 1180 3699 sum,
1219 3653 1237 3687 ι
1276 3639 1529 3706 quoniam
1565 3649 1717 3710 pater
1742 3657 1914 3704 meus.
1949 3663 1967 3696 ι
2004 3644 2055 3697 id

486 3731 569 3778 est
593 3722 782 3788 Adam,
814 3742 833 3775 ι
867 3732 924 3779 et
951 3734 1124 3780 mater
1150 3742 1293 3793 mea,
1322 3748 1341 3780 ι
1377 3728 1429 3783 id
1455 3738 1538 3785 est
1580 3730 1713 3796 Eva,
1759 3731 2059 3802 derelique-

486 3823 613 3869 runt
632 3830 738 3878 me,
762 3815 816 3869 in
844 3816 1097 3884 periculis
1122 3819 1273 3887 quasi
1299 3834 1521 3889 puerum
1549 3824 1884 3892 expositum:
1908 3842 1927 3874 ι
1955 3823 2057 3877 Do-

485 3905 664 3960 minus
693 3913 871 3962 autem
895 3908 1187 3976 assumpsit
1209 3924 1315 3973 me,
1360 3930 1381 3963 ›
1419 3911 1470 3965 id
1497 3920 1582 3966 est
1612 3927 1785 3967 meam
1810 3912 2057 3966 humani-

484 4001 649 4048 tatem
694 3994 797 4050 sibi
844 3996 1037 4061 univit,
1075 4013 1174 4067 per
1208 3999 1349 4068 quod
1381 4010 1600 4072 apparet
1639 4003 1871 4058 maxime
1912 4002 2055 4072 quod

485 4086 647 4142 homo
669 4088 781 4157 jam
807 4103 914 4143 non
938 4089 1011 4144 sit
1031 4089 1423 4161 despiciendus.

561 4198 580 4230 ι
611 4178 870 4235 Dominus
896 4181 1182 4251 assumpsit
1214 4199 1321 4249 me,
1350 4202 1368 4234 ι
1395 4193 1453 4239 et
1479 4194 1558 4250 tu,
1599 4205 1617 4236 ι
1640 4185 1887 4250 Domine,
1916 4200 2055 4256 pone

483 4269 615 4324 mihi
637 4268 827 4341 legem,
853 4290 872 4324 ι
900 4271 953 4327 id
971 4280 1055 4328 est
1076 4273 1305 4343 aliquam
1330 4276 1718 4332 correctionem
1744 4276 2050 4344 mihi,dico,

482 4361 589 4417 sito
610 4362 663 4417 in
697 4380 715 4413 ι
744 4361 830 4417 via
853 4370 966 4428 tua,
994 4384 1013 4416 ›
1048 4362 1100 4419 id
1125 4374 1207 4420 est
1229 4365 1283 4420 in
1312 4365 1417 4421 ﬁde
1443 4376 1499 4422 et
1521 4366 1573 4421 in
1600 4367 1754 4423 bonis
1778 4368 2049 4439 operibus,

481 4453 678 4522 quibus
715 4454 1025 4522 pervenitur
1061 4456 1126 4511 ad
1167 4463 1260 4511 te:
1302 4474 1322 4507 ι
1356 4465 1413 4511 et
1443 4456 1613 4527 dirige
1638 4472 1725 4512 me
1767 4456 1821 4511 in
1861 4458 2053 4513 semita

2188 602 2380 658 deinde
2402 605 2585 681 venit?
2613 604 2716 660 Sed
2740 607 2996 677 quidquid
3038 608 3112 662 illi
3139 609 3323 662 dicant
3354 625 3368 660 :
3395 608 3506 678 Ego
3544 628 3563 660 ι
3595 611 3768 665 credo

2186 701 2365 751 tamen
2391 696 2573 752 videre
2604 697 2743 752 bona
2771 700 3001 765 Domini,
3025 720 3043 752 ι
3071 716 3191 769 qua:
3218 720 3235 751 ι
3258 716 3356 755 nec
3381 700 3573 755 oculus
3601 703 3767 769 vidit,

2185 801 2285 841 nec
2305 788 2451 841 auris
2472 788 2695 853 audivit,
2725 804 2823 843 nec
2848 791 2899 843 in
2922 806 3016 845 cor
3036 792 3270 847 hominis
3290 787 3607 865 ascendit'(1
3633 796 3764 849 Cor.

2185 878 2267 947 ιι),
2306 897 2324 929 ›
2357 899 2375 930 ‹
2406 879 2459 934 in
2510 890 2649 935 terra
2686 881 3015 947 viventium,
3060 902 3078 934 ι
3111 884 3162 937 id
3211 894 3295 939 est
3337 886 3391 939 in
3445 885 3620 951 coelo,
3666 888 3765 941 ubi

2183 969 2355 1023 sancti
2388 970 2633 1025 habitant
2662 980 2717 1026 et
2754 988 2879 1028 vera
2917 974 3025 1028 vita
3054 974 3259 1029 vivunt.
3295 976 3501 1031 Caelum
3530 986 3768 1033 vocatur

2181 1066 2324 1112 terra
2352 1068 2573 1127 propter
2601 1060 2969 1126 stabilitatem,
3000 1063 3123 1131 quia
3155 1074 3281 1119 tunc
3304 1066 3495 1119 stabile
3524 1067 3653 1120 erit.

2249 1145 2690 1217 Quandoquidem
2711 1151 2861 1206 vides
2886 1167 2972 1206 me
3002 1161 3205 1207 eertum
3228 1156 3369 1223 quod
3391 1156 3585 1211 videbo
3615 1157 3763 1212 bona

2179 1237 2407 1300 Domini,
2424 1253 2552 1306 ergo
2571 1240 2876 1311 quicunque
2901 1242 3073 1298 ﬁdelis
3101 1262 3118 1294 ι
3141 1254 3393 1313 exspecta
3416 1245 3713 1301 Dominum
3736 1268 3757 1301 ι

2176 1344 2276 1398 per
2304 1329 2782 1399 longanimitatem,
2813 1342 2867 1389 et
2889 1337 3252 1403 exspectando
3281 1357 3301 1388 ‹
3330 1337 3560 1392 viriliter
3583 1355 3709 1410 age,
3736 1360 3756 1392 ι

2178 1422 2231 1476 id
2261 1430 2345 1476 est
2369 1424 2556 1477 insiste
2582 1426 2870 1481 virtutibus
2896 1443 2909 1480 :
2940 1437 2995 1482 et
3023 1429 3068 1482 si
3096 1445 3286 1484 manus
3331 1430 3649 1500 fatigentur,
3677 1442 3764 1486 ta-

2176 1527 2300 1567 men
2335 1531 2351 1563 ι
2386 1527 2483 1568 cor
2510 1524 2658 1568 tuum
2683 1517 3017 1572 confortetur
3041 1538 3059 1570 ι
3089 1530 3143 1573 et
3170 1520 3250 1575 sic
3281 1539 3299 1571 ‹
3336 1522 3543 1576 sustine
3566 1522 3762 1577 Domi-

2176 1617 2324 1666 num,
2368 1622 2385 1653 ι
2419 1603 2471 1657 id
2497 1614 2581 1659 est
2605 1605 2731 1661 licet
2761 1608 3055 1675 tribuleris,
3090 1616 3270 1664 tamen
3308 1609 3599 1667 Dominum
3629 1611 3761 1668 cum

2175 1695 2434 1763 patientia
2461 1704 2739 1767 exspecta.

2620 1816 2689 1885 iN
2726 1831 3056 1890 PSALMUM
3089 1834 3300 1889 xxvn.

2492 1942 2749 2000 Tn‘uws.
2784 1942 3032 1999 Psalmus
3057 1946 3220 2017 ipsius
3246 1946 3438 2003 David.

2244 2094 2264 2128 ι
2296 2075 2378 2130 Ad
2409 2083 2481 2140 te,
2510 2076 2754 2139 Domine,
2786 2077 3032 2133 clamavi.
3065 2098 3084 2131 ι
3118 2077 3353 2135 Verbum
3381 2080 3478 2136 Dei
3504 2081 3754 2151 loquitur

2168 2167 2477 2225 hominibus
2492 2170 2554 2222 de
2571 2169 2679 2225 Deo
2697 2187 2711 2223 :
2726 2168 2902 2240 ipsum
2917 2170 3059 2226 enim
3074 2181 3157 2227 est
3169 2174 3406 2228 ostensio
3421 2172 3539 2229 Dei.
3560 2174 3750 2232 Unde:

2174 2275 2195 2308 ί
2214 2258 2384 2313 Nemo
2412 2259 2562 2314 novit
2583 2258 2796 2315 Patrem
2813 2261 2911 2316 nisi
2942 2260 3128 2328 Filius,
3142 2270 3197 2317 et
3219 2263 3303 2317 cui
3326 2262 3495 2320 Filius
3517 2264 3755 2323 voluerit

2168 2351 2407 2407 revelare
2430 2352 2645 2422 (Matth.
2677 2351 2784 2423 x1);
2812 2372 2832 2404 ι
2860 2362 2915 2408 et
2941 2354 3083 2411 sicut
3131 2366 3243 2410 tota
3271 2356 3510 2412 humana
3551 2370 3749 2415 natura

2166 2444 2371 2499 habens
2399 2445 2763 2515 cognitionem
2786 2445 2851 2499 de
2874 2446 3005 2510 Deo,
3038 2447 3143 2503 hoc
3173 2447 3334 2502 habet
3366 2464 3463 2519 per
3498 2450 3746 2516 verbum,

2167 2532 2240 2588 ita
2272 2534 2503 2589 humana
2541 2542 2729 2589 natura
2756 2533 2956 2590 Christi
2987 2553 3001 2589 τ
3035 2545 3090 2592 et
3123 2536 3170 2591 si
3195 2536 3350 2592 alicui
3384 2539 3593 2593 homini
3630 2555 3749 2594 ver-

2166 2624 2291 2680 bum
2319 2625 2461 2689 silet,
2486 2634 2546 2681 ut
2563 2625 2688 2680 fecit
2709 2627 2855 2691 Adae,
2884 2625 3163 2682 descendit
3188 2628 3242 2682 in
3269 2628 3463 2683 lacum.
3483 2626 3623 2684 Cum
3651 2631 3750 2684 hu-

2165 2730 2321 2770 mana
2364 2723 2555 2769 natura
2599 2714 2748 2770 unita
2795 2715 2960 2771 verbo
2988 2717 3105 2782 Dei,
3146 2732 3252 2772 non
3280 2717 3506 2773 conﬁdit
3547 2721 3617 2775 de
3663 2735 3745 2785 se,

2165 2804 2334 2859 multo
2359 2806 2535 2861 minus
2560 2806 3042 2862 caeteri.'Psalmus
3087 2807 3213 2863 huic
3267 2806 3454 2863 David.
3492 2808 3747 2866 Psalmus

2164 2893 2269 2950 iste
2313 2895 2629 2951 attribuitur
2674 2897 2872 2963 David,
2912 2879 3073 2954 idest
3102 2898 3333 2963 Christo,
3366 2900 3457 2969 qui
3490 2897 3746 2956 Chris'us

2163 2986 2250 3041 hic
2270 2976 2528 3055 loquitur.
2578 2988 2729 3056 Quod
2779 2990 2910 3044 dicit
2952 2990 3098 3055 huic,
3130 2991 3214 3045 vel
3245 2991 3311 3044 ad
3343 2990 3740 3058 differentiam,

2163 3076 2246 3131 vel
2288 3076 2355 3131 ad
2402 3077 2773 3133 excellentiam
2816 3087 2993 3149 potest
3027 3080 3198 3148 accipi
3234 3094 3249 3134 :
3289 3081 3444 3149 quasi
3482 3080 3736 3137 diceret:

2164 3166 2301 3223 Huic
2344 3185 2449 3223 non
2492 3169 2697 3225 carnali
2742 3172 2874 3242 regi,
2899 3171 2991 3226 sed
3020 3171 3253 3241 spiritali
3284 3172 3415 3242 Regi
3443 3188 3654 3242 regum,
3686 3173 3741 3228 id

2164 3269 2245 3315 est
2272 3260 2490 3316 Christo
2517 3261 2583 3315 ad
2612 3262 2985 3318 excellentiam
3014 3281 3027 3317 :
3060 3265 3184 3332 quia
3218 3264 3464 3332 quadam
3494 3266 3659 3322 verba
3687 3266 3742 3321 in

2162 3352 2264 3407 hoc
2313 3351 2545 3423 psalmo,
2594 3367 2699 3420 que
2749 3353 2879 3408 nulli
2925 3352 3015 3408 alii
3061 3362 3285 3420 possunt
3324 3354 3597 3423 adaptari,
3640 3356 3739 3410 nisi

2160 3440 2374 3497 Christo
2404 3441 2521 3507 soli,
2550 3450 2607 3496 ut
2633 3452 2716 3497 est
2744 3458 2759 3496 :
2795 3462 2813 3494 ι
2845 3442 3104 3498 Rclloruit
3134 3458 3262 3499 caro
3286 3460 3427 3499 mea.
3456 3464 3476 3497 ι
3512 3444 3735 3500 Materia
3809 3498 3819 3505 .

2159 3541 2245 3587 est
2261 3533 2373 3602 ipse
2399 3533 2666 3589 Christus.
2683 3533 2835 3589 Deeo
2856 3534 2935 3590 sic
2958 3536 3370 3604 agittdescribit
3392 3551 3518 3593 eum
3547 3546 3733 3606 pet-mo

2159 3632 2267 3680 tem
2298 3632 2354 3678 et
2382 3623 2482 3680 sibi
2511 3633 2568 3680 et
2598 3633 2782 3679 contra
2824 3624 3101 3688 inimicos,
3137 3636 3385 3697 agentem
3416 3627 3585 3682 etiam
3611 3642 3736 3699 gra-

2160 3717 2265 3771 tias
2297 3716 2363 3771 de
2400 3717 2778 3787 impetratione
2816 3734 2926 3772 sua:
2968 3718 3275 3788 petitionis,
3305 3729 3361 3773 et
3389 3720 3506 3774 haec
3530 3729 3613 3776 est
3641 3735 3735 3776 se-

2159 3808 2328 3863 cunda
2368 3825 2491 3879 pars
2516 3809 2721 3879 psalmi.
2758 3809 2815 3863 In
2847 3810 3002 3865 tertia
3025 3819 3179 3880 parte
3205 3812 3444 3865 ostendit
3493 3812 3628 3881 quod
3658 3826 3728 3866 ea

2157 3913 2278 3968 quae
2316 3898 2457 3954 facta
2504 3907 2629 3954 sunt
2658 3899 2727 3954 de
2768 3899 3013 3966 Christo,
3051 3902 3209 3957 sicuti
3247 3902 3429 3972 passio
3455 3911 3507 3957 et
3540 3916 3725 3956 resur-

2158 3989 2351 4062 rectio,
2369 3998 2426 4044 et
2448 3989 2666 4055 similia,
2690 3990 2803 4045 suis
2824 3990 2986 4045 etiam
3011 3991 3077 4046 ad
3103 3991 3487 4047 exaltationem
3513 3991 3732 4060 profue-

2156 4088 2300 4135 runt.
2342 4080 2574 4135 Intentio
2615 4090 2700 4135 est
2748 4088 2807 4135 ut
2835 4082 3153 4151 persuadeat
3178 4096 3284 4136 non
3312 4096 3430 4137 esse
3458 4080 3734 4137 conﬁden-

2155 4172 2284 4228 dum
2342 4172 2396 4227 in
2448 4172 2684 4239 homine,
2743 4173 2836 4228 sed
2885 4174 2936 4227 in
2983 4173 3098 4228 solo
3146 4174 3288 4238 Deo,
3320 4188 3441 4229 eum
3495 4171 3739 4227 ostendit

2154 4262 2430 4319 Christum
2459 4263 2910 4333 perfectissimum
2938 4263 3140 4330 justum
3168 4263 3221 4317 in
3257 4263 3402 4318 nullo
3430 4262 3735 4328 conﬁdere,

2153 4354 2258 4411 nisi
2286 4355 2341 4410 in
2370 4355 2484 4411 solo
2510 4354 2637 4409 Deo.
2665 4355 2719 4408 In
2748 4356 2855 4409 ﬁne
2880 4355 3042 4409 etiam
3064 4355 3153 4409 ubi
3177 4354 3432 4419 ostendit,
3456 4354 3599 4424 quod
3634 4368 3739 4423 po-

2153 4446 2309 4516 pulus
2333 4446 2568 4502 salvatus
2599 4461 2693 4516 per
2717 4444 2989 4501 Christum
3047 4462 3151 4501 non
3178 4447 3340 4501 habet
3368 4443 3736 4500 salvationem

486 4553 601 4611 tua,
629 4565 648 4598 ι
684 4546 739 4601 id
766 4554 850 4602 est
894 4546 949 4601 in
998 4549 1322 4619 pretioribus
1354 4550 1640 4619 praeceptis
1687 4550 1795 4605 tuis
1822 4568 1835 4603 :
1862 4558 1916 4604 et
1948 4551 2051 4607 hoc

2167 4537 2259 4593 nisi
2289 4538 2343 4592 in
2383 4538 2498 4593 so'o
2530 4538 2669 4598 Deo,
2702 4537 2877 4592 innuit
2921 4538 3081 4607 plane
3122 4552 3335 4592 omnem
3373 4537 3738 4591 salvatioiiem

483 4639 569 4693 fac
588 4648 808 4710 propter
833 4639 1080 4696 inimicos
1113 4657 1280 4708 meos,
1318 4641 1370 4695 id
1390 4649 1475 4696 est
1503 4642 1809 4707 haereticos,
1836 4642 1930 4711 qui
1955 4658 2049 4699 vo-

481 4728 599 4785 lunt
621 4731 948 4785 intellectum
979 4731 1377 4802 Scripturarum
1409 4742 1737 4801 pervertere.

553 4820 665 4892 Ego
690 4821 813 4877 dico
831 4830 1051 4892 propter
1073 4822 1319 4876 inimicos
1343 4836 1511 4886 meos,
1536 4837 1634 4876 nec
1656 4830 1836 4880 tamen
1857 4838 2050 4894 precor

478 4920 539 4967 ut
567 4928 671 4968 non
694 4912 877 4967 tradas
901 4926 986 4967 me
1011 4914 1065 4967 in
1091 4912 1338 4966 manibus
1359 4926 1568 4975 eorum,
1600 4911 1694 4966 sed
1728 4930 1745 4964 ι
1781 4927 1850 4966 ne
1882 4913 2046 4968 tradi-

479 5003 625 5058 deris
668 5017 757 5057 me
802 5003 855 5057 in
903 5002 1111 5057 animas
1141 5021 1160 5052 ι
1196 5016 1405 5065 eorum,
1442 5000 1495 5054 id
1522 5009 1606 5056 est
1647 5001 1701 5056 in
1744 5002 2046 5060 voluntates

481 5095 849 5150 tribulantium
908 5109 1028 5159 me,
1086 5113 1106 5147 ι
1135 5101 1192 5147 ut
1219 5108 1325 5148 non
1348 5092 1554 5163 possint
1584 5093 1843 5149 devorare
1870 5110 1955 5149 me
1988 5104 2049 5151 ut

386 5196 395 5201 ’
479 5184 685 5239 volunt.
718 5184 826 5239 Nec
848 5184 1011 5240 debes
1048 5183 1279 5248 tradere,
1313 5183 1568 5252 quoniam
1602 5192 1657 5238 et
1693 5185 1862 5254 iniqui
1899 5194 2044 5253 sunt,

475 5282 535 5328 et
577 5274 859 5344 insurgunt
897 5282 953 5327 et
992 5272 1285 5327 metiuntur
1316 5290 1329 5327 :
1355 5282 1411 5328 et
1437 5273 1536 5329 hoc
1571 5283 1653 5330 est
1684 5294 1701 5326 ι
1731 5274 2041 5330 insurrexe-

478 5371 625 5428 mnt,
671 5382 689 5413 ι
717 5362 768 5416 id
795 5368 879 5416 est
901 5370 1189 5417 erexerunt
1219 5382 1237 5414 ι
1280 5365 1334 5418 in
1362 5380 1469 5429 me,
1499 5384 1516 5414 ι
1550 5365 1601 5419 id
1622 5372 1706 5419 est
1723 5374 1909 5419 contra
1936 5380 2043 5431 me,

482 5473 503 5508 ι
540 5463 709 5512 testes
746 5453 939 5523 iniqui,
976 5474 994 5504 ›
1022 5454 1075 5509 id
1116 5464 1200 5511 est
1228 5464 1503 5512 testantes
1542 5457 1722 5526 iniqua
1755 5475 1768 5510 :
1807 5458 1930 5527 quia
1978 5473 2043 5512 ea

479 5565 600 5620 qua:
638 5548 728 5603 alii
772 5546 892 5601 falsi
940 5546 1205 5612 dixerant,
1241 5548 1327 5603 isti
1358 5548 1772 5609 conﬁrmabant.
1804 5548 2046 5604 dicentes

479 5657 586 5696 non
613 5655 731 5695 esse
781 5639 1016 5693 futuram
1045 5640 1204 5695 aliam
1226 5640 1390 5695 vitam
1413 5650 1609 5710 praeter
1635 5641 1798 5705 hanc,
1827 5650 1881 5694 et
1902 5640 2046 5695 simi-

481 5730 550 5784 lia
589 5748 601 5783 :
642 5749 660 5783 ι
697 5739 753 5786 et
794 5731 1046 5802 iniquitas
1083 5741 1165 5787 est
1211 5732 1456 5797 mentita,
1490 5751 1507 5783 ι
1537 5732 1588 5785 id
1615 5739 1698 5786 est
1735 5731 1835 5801 ipsi
1874 5731 2043 5800 iniqui

489 5834 615 5886 sum
636 5824 848 5883 mentiti
875 5844 893 5879 ι
925 5825 1046 5893 sibi,
1076 5845 1096 5879 ι
1128 5825 1181 5883 id
1206 5833 1293 5883 est
1318 5825 1387 5882 ad
1407 5825 1661 5881 damnum
1685 5837 1863 5881 suum.

1906 5966 1931 6024 ι,

2155 4645 2273 4685 esse
2292 4645 2321 4683 a
2352 4630 2483 4695 Deo,
2514 4640 2569 4684 et
2592 4645 2695 4682 non
2724 4628 2792 4683 ab
2814 4630 3029 4684 homine
3056 4646 3070 4682 :
3094 4635 3149 4683 et
3169 4628 3308 4682 sicut
3338 4628 3391 4682 in
3420 4628 3738 4699 prteceden-

2154 4720 2297 4777 tibus
2335 4719 2655 4790 quibusdam
2694 4718 2918 4788 psalmis
2952 4719 3186 4774 breviter
3222 4717 3395 4789 tangit
3420 4717 3736 4788 passionem

2152 4817 2207 4863 et
2230 4809 2699 4874 resurrectionem,
2725 4808 2798 4862 ita
2826 4815 2881 4861 et
2908 4807 3016 4862 hic.

2226 4897 2289 4951 Et
2317 4897 2395 4952 sic
2424 4897 2611 4966 incipit
2638 4897 2877 4952 invitatis
2906 4896 3026 4951 aliis
3052 4896 3119 4951 ad
3148 4896 3478 4965 petitionem,
3511 4906 3571 4950 ut
3591 4912 3738 4953 con-

2152 4989 2321 5045 ﬁdant
2360 4998 2416 5044 et
2455 4989 2687 5045 clament
2717 4989 2782 5043 ad
2810 4988 3096 5045 Dominum
3128 4991 3206 5045 sic
3237 5008 3250 5045 :
3281 4990 3433 5060 quasi
3473 4990 3682 5047 diceret
3718 5011 3735 5047 ε

2149 5082 2387 5137 Clamate
2408 5090 2463 5137 et
2494 5081 2747 5137 conﬁdite
2773 5080 2823 5135 in
2862 5082 3106 5148 Domino,
3137 5082 3386 5153 exemplo
3423 5082 3550 5147 mei,
3596 5083 3738 5152 quia

2148 5189 2246 5245 ego
2267 5172 2497 5228 clamavi
2525 5181 2579 5226 et
2611 5191 2629 5222 ‹
2664 5170 2907 5226 clamabo
2934 5171 3000 5225 ad
3029 5180 3098 5235 te,
3123 5170 3349 5227 Domine
3377 5191 3395 5224 ι
3416 5171 3609 5245 ‘Pater,
3632 5175 3739 5242 qui

2148 5264 2295 5319 solus
2322 5271 2472 5333 potes
2494 5262 2770 5317 exaudire.
2797 5263 2919 5316 Ideo
2949 5262 3101 5330 ponit
3125 5262 3386 5327 futurum,
3409 5271 3469 5316 ut
3496 5278 3591 5332 per
3620 5262 3739 5320 hoc

2146 5367 2297 5413 notet
2319 5371 2376 5412 se
2406 5358 2739 5410 incessanter
2772 5354 3006 5410 clamare
3040 5354 3108 5409 ad
3150 5355 3317 5410 Deum
3344 5363 3457 5409 toto
3480 5362 3739 5425 tempore

2145 5471 2257 5511 sua:
2305 5452 2621 5507 obedientiae
2663 5464 2677 5503 :
2727 5459 2781 5504 et
2814 5460 2900 5514 tu,
2944 5468 2964 5500 ι
3002 5449 3143 5505 Deus
3172 5464 3359 5513 meus,
3386 5464 3454 5503 ne
3480 5447 3665 5513 sileas,
3706 5469 3729 5502 ι

2144 5548 2271 5619 quin
2294 5544 2514 5600 elamori
2537 5558 2657 5598 meo
2674 5542 3016 5611 respondeas,
3046 5540 3253 5597 scilicet
3273 5539 3562 5596 exaudias:
3592 5539 3734 5609 quia

2146 5641 2191 5694 si
2232 5639 2442 5702 sileres,
2476 5644 2604 5690 tunc
2636 5650 2783 5691 esses
2820 5640 3057 5688 remotus
3088 5653 3105 5685 ι
3133 5649 3160 5687 a
3193 5649 3297 5689 me.
3335 5652 3353 5684 ι
3385 5630 3521 5686 Cum
3565 5631 3729 5699 dicit,

2150 5749 2168 5782 ι
2190 5729 2456 5790 clamabo,
2481 5747 2498 5779 ι
2525 5736 2580 5782 et
2605 5725 2879 5797 subjungit
2903 5744 2920 5776 ι
2950 5740 3015 5779 ne
3036 5725 3217 5790 sileas,
3245 5743 3265 5776 ι
3294 5732 3446 5780 notat
3472 5721 3731 5778 affectio-

2145 5837 2269 5879 nem
2292 5820 2436 5891 piam
2457 5820 2600 5881 inter
2619 5820 2791 5876 Deum
2806 5825 2863 5874 et
2877 5817 3173 5886 hominem,
3188 5817 3315 5889 quia
3336 5832 3402 5873 ex
3424 5831 3535 5891 quo
3552 5814 3733 5876 homo
