3984 6442
204 389 316 451 388

1378 392 1816 451 EXPLANATIO
1849 393 1915 448 IN
1954 394 2291 452 PSALMOb.

3345 396 3451 453 286

202 504 447 561 clamare
470 501 678 575 incipit,
705 502 847 559 Deus
875 502 1115 558 exaudit.
1150 501 1414 560 Hebraica
1440 505 1640 561 veritas
1661 519 1768 560 non
1797 508 1844 569 Α
1872 506 1965 560 sed
1994 520 2060 561 ne
2090 508 2397 563 consentias
2438 517 2560 564 voto
2604 509 2842 578 ipsorum
2870 526 2883 562 :
2917 517 2973 565 et
2999 509 3101 565 hoc
3131 518 3241 575 est,
3272 510 3454 567 tradas

204 594 371 653 habet
389 594 520 652 hoc:
541 613 559 645 ι
573 609 640 650 ne
664 595 877 667 quando
901 603 1083 653 taceas
1100 612 1131 651 a
1154 612 1241 652 me
1258 614 1304 652 ε»
1325 597 1419 654 sed
1437 599 1774 668 septuaginta

160 686 531 770 ..Snterpretes
558 687 894 752 addiderunt,
938 703 1039 743 nec
1084 697 1267 744 tamen
1310 689 1427 744 sine
1461 704 1647 754 causa,
1681 687 1773 744 sed

200 792 297 853 per
311 777 416 833 hoc
433 777 568 833 dant
584 776 741 834 nobis
765 776 1062 849 intelligere
1088 794 1211 835 eum
1237 778 1502 835 clamasse
1517 778 1585 834 de
1602 778 1775 849 prima

200 878 256 928 et
281 869 514 927 secunda
555 868 962 934 clariﬁcatione.
993 870 1176 928 Prima
1199 871 1518 928 clariﬁcatio
1543 880 1627 927 est
1651 879 1777 927 ante

202 959 678 1026 resurrectionem,
708 975 832 1015 cum
860 958 962 1015 fuit
985 961 1241 1017 immunis
1268 962 1336 1016 ab
1357 962 1503 1017 omni
1531 968 1772 1031 peccato,

199 1059 256 1107 et
282 1065 381 1121 per
408 1065 532 1107 eum
556 1050 699 1106 Deus
728 1050 988 1107 miracula
1010 1050 1155 1115 fecit,
1195 1066 1314 1120 quae
1341 1067 1500 1108 nemo
1529 1052 1667 1107 alius
1692 1050 1773 1106 la-

198 1155 325 1197 cere
343 1140 539 1212 potuit.
564 1138 812 1197 Secunda
835 1141 1220 1198 clariﬁcatioin
1238 1144 1631 1199 resurrectione
1654 1142 1774 1210 fuit,

199 1232 325 1302 quia
361 1230 478 1301 ejus
516 1233 826 1289 humanitas
859 1233 1346 1304 impassibilitatem
1371 1242 1427 1290 et
1453 1234 1774 1291 immortali-

199 1334 368 1386 tatem
397 1326 654 1396 suscepit.
685 1326 819 1383 Cum
849 1327 999 1391 dicit,
1041 1346 1058 1380 ι
1079 1342 1148 1383 ne
1174 1328 1355 1392 sileas,
1381 1348 1399 1381 ι
1432 1328 1777 1398 intelligimus

198 1434 325 1474 eum
352 1418 591 1475 clamare
618 1419 685 1474 de
719 1421 951 1475 secunda
975 1420 1360 1477 clariﬁcatione
1384 1437 1397 1475 :
1421 1430 1478 1476 et
1497 1421 1624 1491 quia
1654 1436 1778 1490 pos.

199 1518 284 1565 set
321 1509 388 1565 de
429 1509 518 1564 illa
562 1509 798 1566 secunda
830 1526 936 1568 non
983 1511 1174 1579 silere,
1204 1521 1260 1567 et
1290 1521 1469 1568 tamen
1497 1513 1562 1568 de
1600 1512 1776 1582 prima

200 1616 312 1656 non
352 1601 609 1657 exaudire
649 1617 806 1669 eum,
836 1603 1026 1658 addit:
1066 1614 1122 1659 et
1149 1605 1310 1660 etiam
1342 1625 1361 1657 ‹
1398 1621 1467 1662 ne
1513 1613 1717 1672 taceas,
1752 1624 1771 1658 ι

200 1691 335 1760 quin
362 1692 620 1757 exaudias
649 1708 737 1749 me
763 1694 831 1748 de
855 1695 1029 1765 prima
1069 1695 1454 1752 clariﬁcatione
1493 1715 1505 1751 :
1537 1698 1692 1768 quin,
1722 1698 1777 1753 id

198 1792 285 1837 est
311 1783 452 1852 quod
479 1783 561 1837 vel
593 1800 695 1838 una
720 1784 850 1841 hora
877 1787 1161 1856 permittas
1189 1802 1275 1843 me
1295 1804 1402 1843 non
1427 1790 1771 1844 exauditum:

1878 615 1965 653 me
1989 600 2206 669 quidem
2229 616 2350 655 cum
2377 602 2770 671 peccatoribus,
2797 602 2889 657 sed
2918 616 2985 655 ne
3014 602 3197 656 tradas
3219 603 3292 657 ita
3310 600 3455 672 quod

1877 692 1954 747 sis
1981 691 2189 757 similis,
2221 693 2276 747 id
2300 700 2402 757 est,
2430 694 2483 747 in
2514 694 3068 750 eademintentatione
3080 709 3201 748 cum
3217 694 3376 763 ipsis:
3396 699 3460 750 ut

1877 782 2016 837 sicut
2041 782 2139 853 ipsi
2161 783 2302 838 malo
2332 792 2456 838 voto
2482 800 2569 839 me
2603 786 2854 852 tradunt,
2886 785 2962 839 ita
2992 792 3046 838 tu
3069 798 3283 854 quoque
3312 781 3456 837 malo

1877 882 2002 928 voto
2023 888 2112 927 me
2140 874 2322 928 tradas
2353 889 2367 927 :
2403 882 2457 929 et
2492 892 2560 930 ne
2590 877 2871 945 permittas
2911 876 3143 930 animam
3175 890 3349 930 meam
3380 882 3459 929 te-

1876 961 1995 1017 neri
2031 962 2083 1015 in
2114 960 2323 1017 inferno
2351 978 2474 1017 cum
2503 965 2851 1033 operantibus
2882 965 3242 1036 iniquitatem,
3269 965 3320 1019 id
3349 971 3456 1029 est,

1878 1052 2083 1108 habens
2109 1052 2250 1109 idem
2276 1065 2461 1109 votum
2486 1070 2611 1109 cum
2641 1054 2743 1111 illis
2772 1056 2865 1126 qui
2896 1057 3030 1111 mihi
3078 1056 3461 1111 machinantur

1877 1141 2126 1196 exitium.

1949 1231 2048 1299 Qui
2071 1231 2294 1299 scilicet,
2323 1241 2611 1304 operantes
2634 1233 2973 1303 iniquitatem
3006 1254 3023 1285 ι
3051 1235 3345 1306 loquuntur
3365 1250 3461 1306 pa-

1877 1338 2034 1388 cem,
2086 1344 2105 1375 ι
2150 1322 2339 1388 idest,
2390 1326 2617 1395 pacifica
2654 1325 2814 1380 verba
2860 1343 2874 1379 :
2922 1334 2977 1381 et
3026 1326 3113 1382 hic
3157 1326 3463 1396 specialiter

1877 1416 2117 1485 nequitia
2144 1414 2449 1471 Judteorum
2479 1426 2699 1472 notatur
2729 1432 2742 1470 :
2775 1432 2963 1487 pacem
2989 1417 3109 1473 dico
3137 1437 3155 1469 ε
3185 1434 3306 1473 cum
3333 1434 3462 1489 pro-

1879 1507 2023 1561 ximo
2058 1522 2155 1562 suo
2183 1527 2201 1560 ι
2245 1508 2454 1563 scilicet
2493 1524 2597 1563 me.
2631 1508 2880 1564 Christus
2920 1510 3065 1564 enim
3116 1508 3314 1564 dicitur
3361 1508 3461 1563 .lu-

1878 1601 2114 1655 daeorum
2146 1603 2422 1671 proximus
2447 1604 2738 1658 secundum
2770 1618 2990 1659 carnem
3013 1645 3028 1668 ,
3059 1602 3187 1673 quia
3219 1603 3285 1657 de
3312 1601 3462 1672 geni-

1879 1694 2022 1749 mine
2068 1710 2255 1750 eorum
2300 1694 2401 1749 fuit
2432 1714 2445 1749 :
2474 1703 2528 1750 et
2566 1697 2860 1752 secundum
2887 1694 3028 1766 quod
3054 1694 3135 1751 eis
3161 1693 3341 1749 facere
3363 1694 3465 1749 mi-

1879 1784 2228 1840 sericordiam
2278 1792 2518 1839 venerat.
2578 1784 2740 1840 Juxta
2798 1786 2940 1856 quod
2993 1785 3060 1841 de
3117 1782 3466 1840 Samaritana

148 1924 157 1931 .
197 1884 252 1930 et
274 1877 318 1931 si
336 1877 496 1932 sileas
522 1887 764 1934 remotus
786 1894 815 1933 a
838 1892 944 1946 me,
976 1888 1106 1936 tunc
1135 1901 1155 1933 ι
1189 1882 1530 1938 assimilabor
1558 1884 1775 1938 descen.
1802 1863 1850 1923 Β
1876 1876 2073 1946 legitur
2102 1876 2153 1930 in
2184 1876 2496 1948 Evangelio,
2525 1878 2615 1947 qui
2641 1878 2919 1947 proximus
2953 1876 3147 1932 dicitur
3182 1875 3255 1929 illi
3284 1875 3375 1945 qui
3407 1876 3465 1930 in

196 1964 452 2033 dentibus
478 1966 532 2020 in
555 1966 756 2034 lacum,
790 1967 843 2023 id
879 1978 962 2024 est
997 1970 1050 2024 in
1080 1971 1353 2026 miseriam
1380 1971 1539 2041 hujus
1565 1974 1771 2039 mundi,

196 2073 322 2128 quae
352 2059 470 2113 ideo
497 2058 644 2114 lacus
684 2059 904 2126 dicitur,
935 2062 1062 2131 quia
1091 2063 1231 2118 sicut
1287 2062 1440 2118 fovea
1469 2063 1623 2133 cujus
1651 2065 1773 2120 fun-

197 2147 303 2203 dus
334 2148 629 2220 ignoratur,
656 2149 803 2207 lacus
848 2152 1063 2217 dicitur,
1098 2152 1176 2208 sic
1202 2155 1437 2210 mundus
1462 2155 1612 2211 lacus
1646 2157 1778 2213 dici-

199 2246 317 2305 tur,
350 2238 502 2309 cujus
542 2240 885 2298 miseriarum
923 2244 1342 2315 prolunditatem
1374 2262 1480 2302 non
1511 2247 1774 2303 videmus.

197 2328 257 2384 Si
286 2332 429 2387 enim
451 2331 541 2388 ille
575 2334 737 2389 homo
758 2335 1068 2391 Dontinicus
1099 2353 1129 2391 a
1157 2337 1409 2408 praesidio
1436 2339 1603 2394 divini
1628 2340 1779 2395 verbi

195 2422 301 2478 sibi
328 2425 467 2480 uniti
496 2425 856 2495 desereretur,
895 2428 1089 2484 similis
1127 2429 1312 2499 utique
1343 2430 1653 2486 hominibus
1697 2431 1774 2485 in.

195 2517 495 2573 veniretur.
524 2517 620 2575 Vel
646 2538 664 2571 ς
691 2520 745 2574 in
776 2520 975 2587 lacum,
1005 2540 1023 2571 ι
1054 2521 1105 2576 id
1139 2530 1221 2578 est
1251 2522 1305 2577 in
1333 2523 1774 2592 corruptionem:

194 2627 332 2669 caro
360 2614 504 2669 enim
536 2615 814 2671 Dominica
851 2615 904 2670 in
928 2615 1176 2685 sepulcro
1209 2626 1648 2687 corrumperetur
1675 2616 1777 2672 nisi

190 2718 318 2760 eam
332 2706 587 2762 divinitas
601 2709 904 2764 suscitaret.
920 2708 1064 2764 Bene
1079 2708 1259 2772 dicit,c
1271 2708 1741 2773 descendentibus,
1754 2728 1772 2759 ι

190 2800 325 2870 quia
352 2801 622 2857 maximus
644 2802 934 2857 descensus
964 2810 1049 2857 est
1087 2816 1120 2855 a
1146 2802 1256 2857 Deo
1280 2801 1517 2866 deviare,
1547 2808 1602 2856 et
1623 2815 1682 2855 se
1711 2799 1780 2855 ad

193 2892 360 2963 hujus
386 2893 573 2949 mundi
608 2893 859 2950 miserias
886 2894 1186 2950 inclinare:
1221 2908 1477 2949 ascensus
1509 2908 1659 2959 vero,
1694 2908 1779 2948 re-

190 2984 343 3042 lictis
372 2985 457 3042 his
482 2986 735 3054 miseriis,
769 2987 835 3042 ad
859 2989 998 3044 bona
1027 2995 1284 3059 perpetua
1311 2985 1589 3042 festinare.

271 3075 402 3132 Dico
418 3095 439 3129 (
458 3093 526 3133 ne
546 3077 707 3135 sileas
728 3100 746 3132 ι
768 3079 1015 3145 Domine,
1029 3080 1123 3135 sed
1143 3080 1319 3149 potius
1338 3099 1357 3131 ί
1378 3079 1575 3134 exaudi
1589 3094 1780 3135 vocem

190 3168 593 3239 deprecationis
615 3186 750 3227 mea:
775 3192 794 3225 ι
840 3173 906 3229 de
940 3172 1280 3227 removendis
1301 3171 1457 3227 malis
1478 3186 1493 3225 :
1517 3180 1570 3227 et
1600 3171 1781 3227 subdit

192 3277 417 3319 causam
463 3277 631 3332 quare
672 3263 866 3319 debeat
917 3264 1160 3318 exaudiri
1201 3263 1294 3333 qui
1349 3272 1471 3319 orat
1509 3264 1576 3318 ad
1605 3278 1728 3318 eum
1763 3279 1777 3316 :

191 3355 325 3425 quia
376 3355 587 3412 extollit
626 3372 819 3411 manus
859 3371 986 3411 suas
1028 3356 1096 3411 ad
1140 3357 1314 3425 ipsum
1352 3364 1451 3410 :et
1500 3356 1604 3410 hoc
1647 3362 1731 3410 est
1763 3368 1780 3409 :

199 3465 225 3498 ι
249 3448 398 3513 dum,
422 3468 441 3500 ι
491 3447 546 3502 id
590 3455 695 3511 est,
738 3447 864 3516 quia
903 3466 922 3498 ι
941 3461 1041 3501 oro
1075 3447 1141 3501 ad
1172 3454 1248 3511 te,
1275 3455 1332 3501 et
1361 3445 1561 3501 extollo
1587 3459 1780 3500 manus

195 3552 371 3602 meas,
399 3557 417 3588 ι
447 3546 501 3592 ει
524 3536 638 3591 Ιιεεε
663 3535 858 3591 levatio
880 3551 1135 3590 manuum
1147 3536 1345 3591 Christi
1374 3536 1547 3591 fuitin
1575 3549 1777 3590 cruce:

204 3649 225 3681 ι
256 3629 327 3683 ad
366 3628 623 3699 templum
671 3637 919 3684 sanctum
978 3636 1150 3693 tuum,
1179 3647 1198 3679 ι
1253 3627 1308 3682 id
1343 3635 1448 3691 est,
1489 3626 1785 3681 Ecclesiam

196 3721 655 3776 constituendam.
707 3723 785 3777 Ex
809 3724 1064 3793 passione
1097 3722 1243 3778 enim
1284 3720 1481 3798 Christi
1520 3720 1789 3792 processit

198 3811 458 3866 Ecclesiae
486 3812 814 3868 constitutio.
869 3811 965 3869 Vel
1009 3827 1300 3875 «manus,»
1349 3812 1401 3866 id
1439 3818 1543 3876 est,
1585 3825 1782 3879 opera-

196 3903 379 3959 tiones
404 3919 553 3960 meas
580 3921 601 3956 ι
618 3903 818 3960 extollo
846 3905 913 3959 ad
943 3904 1240 3960 Ecclesiam
1264 3923 1283 3956 ι
1320 3904 1778 3960 constituendam.

199 3992 299 4049 Vel
323 4014 341 4047 ι
362 3995 428 4051 ad
449 3995 705 4066 templum
729 4004 973 4052 sanctum
997 4004 1170 4062 tuum,
1192 4015 1212 4049 ι
1238 3995 1292 4051 id
1312 4004 1413 4061 est,
1437 3996 1503 4051 ad
1527 3995 1781 4065 teipsum,

198 4086 259 4142 in
297 4086 472 4141 locum
506 4101 667 4156 quem
705 4086 820 4143 scio
854 4095 908 4142 te
944 4086 1210 4142 habitare.
1248 4085 1349 4141 Hic
1380 4086 1546 4140 mittit
1580 4100 1679 4139 nos
1714 4083 1783 4139 ad

196 4177 643 4234 consuetudinem
673 4176 967 4241 orantium,
995 4176 1086 4246 qui
1113 4174 1327 4231 elevant
1350 4190 1543 4230 manus
1569 4189 1695 4229 suas
1728 4174 1782 4228 in

196 4272 422 4338 cerium,
456 4272 547 4327 ubi
575 4271 744 4327 Deum
773 4269 1078 4340 specialiter
1100 4269 1331 4325 credunt
1360 4268 1606 4323 habitare
1631 4286 1644 4320 :
1671 4266 1781 4323 sic-

198 4371 262 4418 ut
280 4373 338 4419 et
360 4362 526 4418 Judaei
553 4361 841 4427 faciebant,
872 4360 965 4432 qui
991 4359 1296 4430 ubicunque
1322 4365 1590 4414 terrarum
1619 4358 1780 4413 deve-

197 4454 404 4519 nirent,
444 4468 634 4509 versus
672 4454 931 4524 templum
977 4450 1119 4522 quod
1168 4459 1285 4506 erat
1332 4449 1689 4515 Hierusalem,
1729 4449 1782 4503 in

196 4560 311 4616 quo
359 4544 529 4602 Deum
583 4544 936 4617 spiritualiter
981 4543 1227 4599 habitare
1276 4542 1607 4607 credebant,
1652 4556 1778 4595 ora.

199 4634 353 4691 bant.

274 4726 532 4782 Exaudivi
568 4741 756 4782 vocem
790 4724 1188 4797 deprecationis
1218 4721 1401 4793 hujus,
1430 4721 1637 4777 scilicet
1666 4739 1684 4773 ι
1715 4736 1783 4777 ηε

201 4817 388 4873 tradas
428 4832 514 4872 me
557 4832 678 4872 cum
702 4815 1093 4887 peccatoribus,
1120 4833 1135 4866 ι
1167 4814 1220 4869 id
1239 4822 1341 4880 est,
1366 4829 1487 4868 cum
1507 4812 1782 4868 Abraham

199 4919 258 4965 et
286 4909 410 4966 aliis
428 4907 593 4978 justis
620 4906 1041 4977 praecessoribus
1067 4903 1268 4959 Christi
1294 4920 1310 4959 :
1333 4918 1471 4973 quos
1504 4903 1626 4958 ideo
1662 4916 1784 4973 pec-

156 5054 168 5066 ,
200 5010 416 5058 catores
428 5008 603 5065 vocat,
631 4998 756 5069 quia
782 5012 1055 5067 nunquam
1089 4993 1353 5066 originale
1379 4992 1479 5048 fuit
1502 4992 1783 5064 peccatum

203 5094 259 5148 in
294 5092 377 5149 eis
405 5091 636 5148 deletum
661 5103 911 5162 prorsus,
940 5087 1042 5142 nisi
1070 5102 1169 5158 per
1193 5086 1508 5156 sanguinem
1535 5082 1735 5140 Christi
1765 5101 1778 5137 :

207 5184 277 5240 'ta
304 5185 447 5250 dico,
471 5199 538 5240 ne
560 5183 743 5238 tradas
768 5182 913 5252 quod
945 5200 962 5233 ι
994 5179 1152 5236 simul
1179 5198 1197 5231 ι
1226 5179 1329 5234 sim
1355 5194 1478 5235 cum
1504 5180 1582 5231 eis
1612 5186 1787 5232 reten-

207 5283 295 5329 tus
335 5274 388 5328 in
431 5272 666 5329 tenebris
698 5272 840 5327 sicut
878 5270 975 5326 illi.
1025 5270 1159 5326 Cum
1202 5269 1308 5325 illis
1353 5269 1497 5324 enim
1538 5266 1785 5322 Christus

206 5365 327 5429 fuit,
359 5365 575 5437 quando
592 5380 688 5421 eos
714 5364 781 5419 ab
811 5362 1000 5419 inferis
1021 5362 1290 5418 liberavit.
1324 5359 1496 5415 Simul
1524 5374 1630 5413 non
1658 5357 1782 5426 fuit,

205 5459 332 5530 quia
374 5458 625 5515 tenebras
660 5471 799 5527 quas
841 5455 917 5510 illi
953 5455 1299 5524 patiebantur
1338 5468 1445 5509 non
1485 5451 1781 5507 sustinuit:

144 5592 153 5599 .
214 5566 233 5600 ι
257 5556 315 5605 ει
343 5563 411 5603 ne
441 5548 657 5619 perdas,
680 5566 700 5600 ι
735 5546 789 5603 id
815 5554 920 5612 est,
946 5561 1013 5601 ne
1042 5545 1367 5601 condemnes
1400 5558 1485 5598 me
1514 5557 1637 5598 cum
1671 5557 1787 5595 ma-

207 5639 277 5697 lis
304 5658 319 5695 l
345 5647 403 5696 et
431 5640 536 5696 hoc
558 5647 642 5695 est
665 5639 807 5710 quod
829 5638 983 5704 dicit,
1012 5657 1030 5689 ι
1060 5652 1181 5692 cum
1206 5634 1553 5705 operantibus
1584 5653 1601 5685 ι
1634 5632 1751 5689 scili
1770 5665 1783 5674 -

211 5738 296 5787 cet
319 5728 520 5787 ludatis
546 5748 566 5782 ι
595 5728 949 5798 iniquitatem.
986 5747 1004 5777 ι
1064 5723 1158 5780 Vel
1186 5725 1342 5779 aliter
1368 5742 1380 5777 :
1404 5723 1666 5778 Exaulivi
1695 5722 1787 5776 de-

211 5823 608 5900 precationem.
651 5837 749 5885 nec
792 5821 1049 5893 deprecor
1077 5820 1206 5888 quin
1252 5818 1433 5873 tradas
1474 5833 1558 5873 mc
1602 5817 1784 5872 morti.

1874 1970 2113 2025 latrones
2140 1970 2347 2035 incidit,
2377 1988 2393 2020 ι
2416 1969 2541 2039 quia
2566 1970 2989 2023 miscricordiam
3014 1968 3061 2022 ei
3086 1966 3233 2021 fecit.
3260 1987 3278 2018 ι
3308 1965 3460 2038 (Luc.

1876 2061 1954 2133 ι.)
2008 2062 2073 2116 Εῑ
2112 2062 2354 2131 quamvis
2392 2062 2614 2131 paciﬁce
2646 2062 2993 2131 loquerentur
3022 2075 3144 2114 cum
3174 2060 3459 2115 dicerent:

1883 2169 1901 2203 ι
1943 2151 2214 2222 Magister,
2254 2153 2453 2208 scimus
2480 2153 2604 2222 quia
2643 2167 2805 2208 verax
2846 2166 2905 2206 es
2944 2150 3159 2219 (Matth.
3210 2149 3347 2222 χχιι)
3378 2191 3392 2214 ,
3437 2166 3459 2203 ι

1879 2255 1933 2298 ει
1979 2245 2171 2299 similia
2202 2286 2217 2311 ,
2260 2255 2437 2299 tamen
2483 2265 2501 2300 ε
2537 2244 2675 2300 mala
2714 2253 2869 2299 erant
2907 2245 2961 2299 in
3010 2243 3263 2300 cordibus
3292 2282 3309 2309 ,
3346 2261 3366 2297 ι
3406 2241 3464 2299 id

1878 2344 1980 2401 est,
2021 2337 2079 2393 in
2110 2336 2477 2391 voluntatibus
2519 2354 2539 2387 ι
2569 2351 2777 2391 eorum.
2811 2357 2830 2388 ι

1949 2430 2052 2499 Ipsi
2091 2438 2386 2499 operantur
2424 2429 2788 2499 iniquitatem,
2829 2432 2923 2484 sed
2952 2437 3027 2493 tu,
3065 2427 3311 2495 Domine,
3346 2447 3366 2481 ι
3396 2429 3463 2483 da

1880 2520 1985 2577 illis
2024 2521 2315 2577 secundum
2355 2536 2519 2591 opera
2569 2521 2836 2590 ipsorum,
2870 2541 2890 2574 ι
2930 2520 2983 2575 id
3012 2529 3126 2586 est,
3166 2521 3462 2587 secundum

1880 2612 2076 2669 malam
2112 2613 2278 2667 vitam
2315 2627 2501 2667 eorum
2537 2629 2549 2665 :
2584 2630 2602 2663 ι
2631 2618 2686 2665 ει
2722 2612 3016 2667 secundum
3050 2612 3344 2682 nequitiam
3376 2611 3465 2665 ad-

1881 2704 2248 2758 inventionum
2301 2702 2561 2771 ipsorum,
2594 2721 2610 2751 ι
2644 2700 2697 2755 id
2723 2709 2823 2767 est,
2852 2702 3147 2755 secundum
3194 2700 3462 2755 adiuven-

1883 2795 2055 2849 tioncs
2102 2808 2246 2847 suas.
2300 2791 2724 2846 Adinventiones
2774 2790 2895 2845 ideo
2944 2790 3117 2854 dicit,
3168 2789 3294 2858 quia
3334 2788 3462 2843 licet

1881 2886 1948 2939 de
1978 2900 2043 2940 eo
2082 2884 2281 2953 aliquid
2322 2883 2447 2937 mali
2486 2882 2804 2947 nesciretur,
2838 2890 3015 2936 tamen
3044 2880 3312 2937 vocabant
3340 2895 3463 2936 eum

1881 2983 2239 3045 peccatorem,
2272 2972 2522 3027 dicebant
2548 2986 2669 3025 eum
2699 2971 2899 3027 habere
2925 2971 3246 3027 dmmonium
3277 2969 3460 3043 (Joan.

1882 3082 2002 3132 vm,
2044 3064 2143 3136 ix).

1953 3157 2020 3213 Et
2063 3172 2167 3212 non
2214 3163 2425 3211 tantum
2469 3155 2762 3211 secundum
2813 3162 3025 3225 turpem
3060 3153 3226 3208 vitam
3261 3153 3462 3218 tribue,

1807 3230 1853 3294 C
1884 3251 1977 3306 sed
2015 3251 2177 3305 etiam
2216 3269 2234 3299 ‹
2263 3248 2558 3304 secundum
2593 3263 2756 3318 opera
2791 3263 3045 3301 manuum
3069 3248 3332 3317 ipsorum,
3356 3265 3375 3298 ι
3412 3247 3464 3302 id

1880 3351 2003 3406 est,
2060 3341 2353 3419 secundum
2411 3338 2849 3396 excellentiorcm
2901 3339 3045 3393 illam
3099 3338 3463 3409 iniquitatem,

1882 3448 2045 3503 quam
2082 3431 2327 3487 fecerunt
2365 3433 2418 3485 in
2457 3439 2628 3485 morte
2667 3430 2900 3485 Domini.
2940 3429 3074 3486 Cum
3104 3430 3323 3501 apponit
3353 3445 3468 3485 ma-

1885 3537 2049 3576 nuum
2097 3531 2219 3591 post
2266 3536 2428 3590 opera
2458 3561 2471 3585 ,
2525 3522 2761 3575 ostendit
2804 3536 2896 3576 eos
2936 3536 3189 3590 magnum
3227 3520 3466 3575 studium

1884 3621 1940 3667 et
1986 3611 2320 3689 affectionem
2357 3612 2423 3666 ad
2461 3611 2594 3665 illud
2632 3626 2770 3680 opus
2808 3612 3081 3667 habuisse.
3117 3611 3271 3678 Quod
3310 3610 3465 3678 dicit,

1884 3717 2018 3772 opus
2056 3717 2361 3766 manuum,
2401 3708 2634 3756 tractum
2682 3710 2765 3755 est
2810 3704 2878 3757 ab
2927 3703 3133 3757 artiﬁce
3164 3743 3178 3765 ,
3237 3704 3327 3771 qui
3378 3702 3468 3759 illa

1884 3793 1999 3847 vult
2025 3792 2132 3848 dici
2170 3807 2331 3862 opera
2367 3807 2622 3846 manuum
2660 3807 2878 3847 suarum
2911 3833 2925 3859 ,
2965 3808 3084 3862 qum
3115 3792 3353 3848 studiose
3388 3793 3468 3848 fe-

1884 3886 2001 3941 cit:
2039 3904 2058 3936 ι
2089 3884 2267 3939 tribue
2301 3882 2435 3948 illis,
2467 3903 2485 3935 ι
2527 3892 2583 3938 ει
2620 3883 2746 3952 quia
2785 3899 2881 3954 per
2915 3882 3030 3938 hzec
3068 3883 3321 3953 praedicta
3360 3899 3465 3938 non

1883 3976 2262 4034 determinavit
2300 3974 2615 4046 qualitatem
2663 3976 3035 4031 retributionis
3061 4018 3077 4043 ,
3114 3977 3228 4031 sive
3264 3977 3466 4032 bonum

1881 4087 1981 4142 pro
2020 4070 2182 4135 malo,
2223 4069 2333 4125 sive
2368 4070 2567 4124 malum
2605 4085 2704 4141 pro
2741 4070 2882 4126 bono
2922 4070 3256 4136 redderetur,
3288 4072 3466 4126 deter-

1882 4162 2051 4215 minat
2084 4159 2227 4229 quod
2266 4158 2464 4214 malum
2503 4168 2753 4229 precetur
2792 4160 3014 4216 retribui
3051 4162 3132 4216 eis
3161 4201 3177 4227 ,
3218 4176 3341 4216 cum
3386 4161 3466 4216 di-

1880 4256 1974 4319 cit,
2014 4272 2032 4304 ‹
2063 4254 2469 4310 retributionem
2494 4269 2705 4320 eorum,
2734 4275 2753 4307 ι
2790 4254 2842 4310 id
2867 4263 2982 4321 est,
3014 4256 3154 4310 sicut
3178 4254 3278 4325 ipsi
3307 4256 3449 4311 retri-

1882 4345 2119 4401 bucbant
2151 4346 2282 4402 mihi
2311 4346 2448 4400 mala
2483 4365 2501 4398 ι
2526 4347 2691 4403 redde
2723 4346 2851 4417 ipsis
2873 4366 2891 4398 ι
2921 4346 3187 4402 similiter.
3212 4345 3467 4402 Retribu-

1884 4438 2081 4493 tionem
2125 4438 2264 4493 bene
2307 4437 2439 4493 dicit
2467 4455 2479 4491 :
2509 4452 2630 4492 cum
2662 4438 2805 4492 enim
2834 4436 3081 4493 Christus
3114 4438 3195 4493 eis
3222 4440 3361 4494 bona
3390 4438 3489 4520 fe-'

1885 4527 2070 4593 cisset,
2097 4527 2195 4596 ipsi
2226 4527 2276 4581 ei
2300 4527 2501 4581 malum
2531 4525 2916 4582 retribucbant.

1952 4621 2076 4677 Ideo
2110 4620 2231 4675 dico
2274 4619 2457 4685 redde,
2509 4638 2527 4670 ι
2558 4620 2812 4690 quoniam
2853 4620 2950 4689 ipsi
2983 4639 3001 4671 ι
3053 4634 3158 4674 ηοη
3206 4620 3259 4674 in
3299 4634 3466 4690 opera

1886 4715 2096 4770 Domini
2139 4714 2369 4780 occulta,
2423 4713 2646 4778 scilicet,
2692 4712 2758 4767 ad
2808 4714 3201 4783 reparationem
3243 4715 3465 4771 humani

1885 4807 2099 4876 generis
2126 4821 2249 4861 eum
2277 4820 2396 4860 esse
2422 4804 2615 4859 Filium
2647 4804 2739 4859 Dei
2774 4822 2787 4858 :
2814 4812 2869 4859 et
2895 4805 3020 4859 talia
3046 4806 3210 4860 etiam
3244 4821 3312 4861 ne
3348 4806 3464 4861 vel-

1884 4896 1997 4951 lent
2019 4911 2075 4953 se
2103 4910 2381 4961 excusare,
2411 4895 2536 4964 quia
2565 4893 2772 4949 occulta
2801 4894 2890 4949 illa
2924 4911 3031 4950 non
3054 4904 3274 4966 possent
3300 4911 3465 4967 agno-

1886 5002 2056 5052 scere,
2086 4986 2321 5041 ostendit
2354 5000 2448 5039 eos
2478 4985 2886 5048 inexcusabiles,
2928 4986 3114 5042 dicens
3153 5001 3248 5041 eos
3286 4986 3463 5041 mani-

1884 5076 2019 5131 festa
2048 5092 2212 5146 opera
2249 5074 2445 5131 Christi
2489 5076 2875 5139 considerasse,
2915 5076 2967 5129 in
3014 5076 3208 5144 quibus
3244 5075 3332 5133 illa
3371 5090 3463 5130 oc-

1885 5168 2026 5224 culta
2061 5166 2359 5236 potuissent
2385 5181 2708 5236 cognoscere
2736 5186 2747 5220 :
2771 5168 2950 5221 ethoc
2980 5174 3082 5231 est,
3109 5175 3165 5221 et
3195 5186 3213 5218 ι
3239 5182 3345 5220 non
3374 5167 3462 5221 in-

1884 5260 2206 5316 tellexerunt
2231 5258 2285 5313 in
2324 5274 2485 5330 opera
2509 5274 2759 5313 manuum
2782 5257 2928 5326 ejus,
2958 5278 2975 5309 ι
3010 5258 3064 5313 id
3088 5267 3189 5324 est,
3210 5257 3463 5329 potentiae

1884 5350 2018 5420 ejus.
2059 5350 2191 5405 Cum
2214 5350 2343 5405 dicit
2372 5370 2389 5402 ι
2415 5352 2466 5404 in
2486 5366 2670 5421 opera,
2698 5358 2885 5404 motat
2906 5351 3047 5419 quod
3083 5350 3138 5405 in
3160 5347 3465 5405 manifestis

1885 5443 2137 5513 Operiths
2161 5458 2263 5496 non
2286 5441 2660 5496 intellexerunt
2688 5441 2776 5495 illa
2803 5439 3032 5495 occulta.
3084 5439 3141 5493 Si
3167 5439 3309 5493 enim
3333 5454 3464 5494 con-

1887 5538 2184 5594 siderarent
2206 5538 2346 5606 quod
2372 5536 2623 5590 immunis
2648 5543 2764 5590 erat
2788 5534 2855 5589 ab
2877 5534 3022 5589 omni
3038 5540 3278 5603 peccato,
3297 5532 3462 5586 mira-

1888 5632 2008 5688 cula
2040 5648 2160 5702 qua:
2199 5632 2309 5701 ipse
2345 5630 2596 5694 faciebat,
2638 5646 2759 5685 eum
2800 5645 2904 5684 non
2945 5628 3115 5683 solum
3163 5627 3457 5694 hominem,

1891 5724 1981 5779 sel
2026 5724 2113 5777 Dei
2157 5723 2371 5786 Filium,
2418 5722 2707 5791 mundique
2734 5719 3141 5788 Rcdemptorem
3173 5732 3462 5788 cognosce-

1893 5826 2029 5868 γυειε.
2103 5804 2383 5868 Hebraeum
2436 5813 2591 5868 habet
2647 5830 2659 5842 -
2713 5826 2819 5866 non
2875 5810 3354 5866 consideraverunt
3403 5808 3460 5872 in
