3984 6474
491 409 594 464 287

945 401 1306 460 HAYMONIS
1343 397 1823 456 HALBERSTAT.
1861 397 2074 454 EPISC.
2116 395 2267 453 OPP.
2310 395 2486 451 PARS
2525 395 2566 452 I.
2607 426 2674 436 ——
2712 394 3066 451 COMMENT.
3105 394 3273 450 BIBL.

3648 393 3758 449 288

487 507 652 589 Opera
698 529 952 570 manuum
995 515 1131 586 ejus.
1181 512 1293 568 Hoc
1334 503 1476 583 quod
1517 528 1623 567 non
1666 511 2067 575 intellexerunt,
2097 512 2146 572 Α
2174 510 2414 578 listhteis,
2445 520 2499 566 et
2528 511 2745 566 reducta
2774 509 3129 577 Hierusalem,
3165 527 3286 566 cum
3309 512 3696 582 prohiberetur
3725 531 3764 571 ι

489 609 590 664 fuit
642 623 825 675 causa,
881 622 1048 677 quare
1100 604 1241 660 mala
1282 604 1347 658 de
1394 602 1612 660 Christo
1657 604 2066 667 adinvenerunt,

489 716 658 772 quare
699 708 754 757 et
801 697 1038 755 damnati
1079 705 1205 753 sunt
1237 695 1390 766 juxta
1434 699 1576 767 quod
1621 696 1801 752 subdit
1827 713 1840 750 :
1865 703 1918 752 et
1949 694 2069 750 ideo

497 811 516 846 ι
547 793 673 864 quia
720 806 826 848 non
872 789 1268 855 intellexerunt,
1319 796 1376 842 tu
1431 790 1675 845 destrues
1711 803 1804 844 eos
1833 808 1852 840 ι
1908 787 2068 857 spiri-

492 882 710 939 tualiter
747 889 801 935 et
837 880 1191 949 corporaliter
1237 899 1250 934 :
1296 881 1435 937 sicut
1475 881 1578 938 fuit
1613 883 1668 937 in
1704 881 2072 938 destructione

493 973 598 1028 Titi
648 982 703 1027 et
749 971 1064 1040 Vespasiani
1111 989 1123 1025 :
1163 979 1220 1027 et
1269 973 1530 1042 propheta
1581 973 1880 1044 praevidens
1927 972 2072 1028 illam

494 1061 918 1117 destructionem
955 1074 1074 1116 esse
1110 1061 1514 1132 irreparabilem
1545 1063 1655 1117 ait:
1689 1083 1707 1114 ‹
1730 1072 1784 1118 et
1809 1079 1914 1119 non
1945 1062 2075 1118 tedi-

500 1150 687 1206 ficabis
713 1166 807 1206 eos
846 1170 863 1202 ι
910 1150 1138 1206 ulterius
1165 1192 1180 1218 ,
1221 1161 1279 1207 ut
1315 1153 1369 1206 in
1410 1153 1860 1209 destructionibus
1894 1155 2072 1226 Baby-

491 1241 670 1308 loniae,
709 1250 764 1297 et
800 1242 854 1296 in
893 1243 1204 1314 captivitate
1242 1244 1478 1316 Egypti,
1519 1254 1573 1300 et
1610 1245 1728 1301 aliis
1754 1247 2075 1302 destructio-

498 1335 657 1390 nibus
709 1336 983 1406 reparavit
1032 1352 1126 1392 eos
1162 1337 1321 1393 Deus.
1376 1337 1473 1394 Vel
1521 1339 1684 1394 etiam
1732 1339 1776 1394 si
1824 1340 2075 1410 spiritua-

490 1423 618 1480 liter
671 1436 854 1480 essent
896 1425 1192 1491 destructi,
1239 1436 1298 1482 ut
1342 1429 1385 1484 si
1427 1429 1524 1484 sub
1573 1429 1753 1500 aliquo
1800 1431 1936 1487 duce
1984 1447 2072 1488 es-

495 1523 616 1570 sent
656 1515 981 1582 idololatraa,
1017 1532 1115 1586 per
1150 1518 1311 1572 alium
1352 1519 1540 1575 ducem
1574 1521 1715 1575 Deus
1748 1521 1816 1574 ab
1857 1521 2074 1577 idolola-

500 1604 600 1658 tria
630 1617 724 1658 eos
751 1603 1016 1659 liberavit.
1056 1607 1130 1661 De
1161 1607 1264 1662 hac
1294 1615 1473 1662 autem
1509 1609 1798 1664 novissima
1833 1623 2074 1666 excaeca-

499 1695 643 1750 tione
688 1696 971 1767 spirituali,
1020 1713 1124 1752 non
1168 1700 1562 1768 reparabuntur
1603 1716 1772 1771 usque
1807 1701 1860 1756 in
1891 1702 2072 1771 finem,

499 1787 714 1856 quando
758 1803 944 1843 eorum
987 1788 1242 1860 reliquis:
1275 1791 1626 1847 salvabuntur
1662 1807 1676 1846 :
1724 1796 2076 1865 corporaliter

498 1890 628 1931 vero
683 1893 957 1948 nunquam
1000 1881 1371 1936 restituentur.

573 1965 653 2020 llli
687 1967 1050 2033 destruentur,
1089 1970 1182 2024 sed
1217 1989 1236 2020 ι
1261 1970 1519 2025 Dominus
1539 1971 1609 2026 sit
1634 1971 1949 2027 benedictus
1978 1991 1996 2023 ι
2028 1979 2083 2027 et

501 2061 757 2129 supponit
776 2077 1018 2126 causam,
1043 2077 1209 2132 quare
1229 2063 1512 2118 Dominum
1537 2064 1840 2129 benedicat,
1864 2065 2076 2120 dicens:

509 2168 528 2202 ι
559 2151 814 2219 quoniam
865 2153 1139 2208 exaudivit
1191 2169 1376 2210 vocem
1431 2156 1824 2226 deprecationis
1868 2172 2021 2222 meae,
2056 2176 2075 2208 ι

502 2241 742 2309 scilicet,
782 2243 848 2298 de
886 2244 1226 2300 removendis
1261 2247 1496 2302 miseriis
1535 2265 1548 2300 :
1590 2255 1644 2302 et
1679 2249 1746 2302 ab
1783 2249 1885 2304 hoc
1922 2264 2080 2304 versu

501 2331 693 2403 incipit
741 2349 904 2405 agere
948 2336 1149 2406 gratias
1195 2338 1260 2392 de
1297 2338 1673 2407 impetratione
1713 2355 1822 2395 suae
1858 2340 2078 2410 petitio-

503 2437 608 2477 nis.
677 2466 680 2468 η
939 2488 941 2490 η

571 2514 689 2571 Νοη
735 2526 944 2572 tantum
991 2518 1265 2574 exaudivit
1296 2520 1362 2574 de
1401 2520 1744 2575 removendis
1773 2520 1959 2584 malis,
1989 2518 2081 2575 sed

500 2605 665 2660 etiam
711 2625 729 2656 ι
759 2606 1017 2662 Dominus
1057 2607 1270 2678 adjutor
1305 2622 1455 2662 meus
1485 2628 1502 2660 ι
1540 2609 1838 2672 adbonum
1864 2623 2086 2678 operan-

503 2697 631 2752 dum
678 2716 697 2748 ‹
723 2706 779 2751 et
817 2707 1092 2766 protector
1123 2713 1274 2752 meus
1302 2718 1321 2750 ›
1374 2714 1442 2753 ne
1490 2698 1654 2754 laedar
1689 2713 1721 2752 a
1758 2697 1878 2754 telis
1901 2714 2085 2769 perse-

504 2791 781 2860 quentium
816 2810 828 2845 :
866 2813 884 2844 ι
934 2801 987 2847 et
1026 2808 1120 2847 cor
1153 2807 1355 2858 meum,
1389 2813 1408 2846 ι
1455 2794 1509 2848 id
1555 2803 1654 2858 est,
1701 2794 1928 2848 intentio
1965 2809 2084 2849 mea

511 2901 530 2932 ι
561 2883 797 2953 speravit
843 2882 895 2938 in
943 2884 1078 2954 ipso,
1109 2904 1128 2937 ι
1178 2883 1416 2951 scilicet,
1456 2885 1523 2940 de
1563 2887 1958 2942 resurrectione
1987 2900 2002 2939 :
2031 2892 2086 2941 et

508 2973 633 3043 quia
660 2974 892 3044 speravi,
922 2974 1042 3029 ideo
1068 2976 1283 3046 adjutus
1308 2992 1427 3031 sum
1456 2994 1470 3031 :

507 3080 512 3089 '
579 3065 648 3120 Et
676 3067 910 3122 ostendit
939 3068 991 3122 in
1019 3084 1126 3138 quo
1155 3069 1365 3138 adjutus
1395 3071 1496 3135 sit,
1531 3070 1714 3126 dicens
1742 3085 1756 3124 :
1789 3090 1807 3122 ι
1837 3071 1905 3127 Et
1929 3071 2086 3128 reﬂo-

511 3158 618 3212 ruit
653 3174 779 3214 caro
828 3176 968 3226 mea,
1014 3181 1031 3212 ι
1064 3170 1189 3217 ante
1232 3161 1413 3218 ﬂoruit
1440 3162 1640 3219 Christi
1663 3180 1813 3232 caro,
1838 3182 1962 3222 cum
1983 3167 2085 3222 fuit

2168 601 2402 668 Nathan,
2435 617 2500 658 ne
2523 601 2725 658 faceret
2747 603 2963 658 domum
2991 603 3224 670 Domini,
3260 604 3386 674 quia
3417 605 3502 659 vir
3533 606 3766 676 sangui-

2171 708 2298 747 num
2327 701 2446 746 erat
2477 690 2571 761 (Il
2607 691 2735 763 Reg.
2767 692 2864 764 vn)
2886 735 2900 758 ,
2927 693 3019 762 qui
3040 693 3113 748 ita
3141 709 3171 748 a
3193 693 3384 763 spiritu
3416 695 3765 765 prophetam

2169 781 2338 837 David
2363 783 2631 838 facturum
2672 783 2931 854 templum
2975 785 3202 840 Domino
3223 785 3575 855 praedixerat.
3602 773 3766 842 Feéit

2171 872 2337 944 igitur
2368 873 2539 929 David
2572 873 2978 930 tabernaculum
3009 875 3075 931 de
3123 864 3390 946 tenturiis,
3433 876 3486 931 in
3526 892 3640 947 quo
3673 891 3768 931 re-

2171 974 2398 1035 poneret
2428 980 2611 1020 arcam
2649 965 2862 1020 Domini
2896 982 2910 1019 :
2941 981 3050 1036 quo
3099 974 3498 1033 consummato,
3553 967 3762 1021 invita-

2173 1057 2250 1111 vit
2284 1055 2480 1112 multos
2512 1064 2572 1112 ut
2603 1058 2670 1112 ad
2717 1057 2847 1112 illud
2874 1057 3131 1128 templum
3157 1075 3262 1114 non
3285 1058 3472 1116 vacuis
3504 1059 3766 1113 manibus

2173 1150 2438 1215 venirent,
2466 1151 2560 1204 sed
2605 1150 2678 1204 ibi
2724 1151 2983 1205 adductas
3033 1150 3236 1206 hostias
3271 1150 3617 1205 immolarent
3656 1151 3768 1204 Βο-⁵

2174 1240 2322 1296 mino
2351 1255 2365 1293 :
2391 1249 2445 1297 et
2469 1249 2590 1312 post
2618 1241 2760 1296 hanc
2787 1241 3303 1296 consummationem
3349 1241 3573 1310 scripsit
3613 1239 3756 1310 psal-

2175 1346 2324 1384 mum
2379 1331 2539 1386 istum
2579 1349 2591 1384 :
2641 1346 2746 1386 non
2791 1331 2934 1401 quod
2990 1330 3056 1386 de
3109 1330 3374 1386 historiali
3414 1346 3765 1386 consumma-

2178 1421 2323 1476 tione
2375 1422 2683 1488 scriberet,
2729 1423 2826 1477 sed
2877 1421 3032 1476 nobis
3084 1423 3606 1477 consummationem
3659 1423 3764 1476 Ec-

2177 1511 2354 1567 clesiae
2403 1511 2638 1568 futuram
2676 1529 2772 1583 per
2801 1512 3062 1584 Spiritum
3091 1523 3332 1569 sanctum
3363 1515 3721 1586 prophetaret
3745 1556 3762 1580 ,

2177 1604 2329 1674 cujus
2375 1606 2768 1660 consummatio
2817 1605 2958 1661 illius
3009 1607 3344 1664 tabernaculi
3399 1607 3577 1679 ﬁgura
3599 1618 3761 1673 erat,

2177 1699 2320 1767 quod
2346 1699 2526 1754 sciens
2548 1699 2752 1754 Esdras
2792 1699 3050 1770 propheta
3096 1700 3263 1755 David
3299 1700 3658 1767 intellexisse,
3685 1703 3764 1756 sic

2178 1791 2490 1856 intitulavit,
2512 1791 2602 1862 qui
2637 1791 2823 1846 titulus
2851 1793 2929 1847 sic
2951 1792 3145 1864 legitur
3179 1812 3191 1845 :
3223 1792 3470 1848 Psalmus
3508 1794 3613 1849 iste
3637 1809 3765 1848 con-

2106 1873 2154 1933 B
2182 1884 2327 1939 venit
2354 1885 2629 1955 propheta:
2655 1885 2747 1954 qui
2788 1885 2876 1939 hic
2905 1884 3161 1954 loquitur,
3201 1885 3441 1955 psalmus
3487 1885 3635 1950 dico,
3668 1888 3768 1940 ha-

2181 1977 2324 2032 bitus
2351 1977 2401 2031 in
2423 1977 2883 2032 consummatione
2925 1976 3278 2043 tabernaculi,
3307 1978 3359 2032 id
3383 1985 3489 2043 est,
3530 1979 3589 2032 in
3639 1994 3767 2033 con-

2182 2071 2505 2127 sideratione
2525 2070 3004 2126 consummationis
3041 2070 3312 2126 Ecclesiae.
3339 2069 3396 2125 In
3423 2072 3528 2127 hoc
3555 2071 3767 2141 psalmo

2182 2173 2384 2234 septem
2425 2164 2560 2219 dona
2609 2161 2844 2234 Spiritus
2890 2163 3064 2219 sancti
3112 2164 3479 2231 continentur,
3517 2179 3621 2234 per
3649 2180 3766 2234 qua:

2182 2263 2294 2309 tota
2323 2254 2566 2310 Ecclesia
2616 2263 3038 2310 consummatur.
3071 2253 3196 2310 Haec
3238 2264 3416 2310 autem
3467 2256 3613 2310 dona
3663 2270 3764 2309 non

2183 2343 2305 2399 ideo
2333 2344 2585 2398 dicuntur
2627 2345 2764 2400 dona
2811 2343 3046 2415 Spiritus
3085 2345 3299 2409 sancti,
3351 2345 3494 2414 quod
3533 2344 3766 2416 Spiritus

2183 2441 2402 2489 sanctus
2425 2434 2604 2503 potius
2624 2449 2686 2488 ea
2718 2434 2811 2490 dat
2845 2449 3006 2504 quam
3043 2433 3212 2489 Pater
3250 2441 3304 2489 et
3325 2433 3516 2500 Filius,
3546 2437 3676 2505 quia
3703 2435 3768 2490 si-

2184 2524 2295 2598 mul
2342 2531 2452 2578 tota
2481 2523 2720 2581 Trinitas
2767 2532 3025 2595 Operatur
3057 2525 3189 2580 :sed
3237 2525 3361 2595 quia
3410 2526 3516 2582 hoc
3571 2543 3764 2582 nomen

2187 2615 2419 2685 Spiritus
2448 2624 2668 2670 sanctus
2693 2615 3002 2684 impositum
3023 2624 3106 2672 est
3135 2617 3199 2670 ad
3234 2615 3355 2680 hoc,
3386 2625 3446 2670 ut
3493 2617 3766 2686 significa-

2186 2715 2268 2760 ret
2296 2721 2534 2762 amorem
2567 2714 2622 2760 et
2651 2705 3036 2776 benignitatem
3067 2707 3180 2772 Dei,
3215 2722 3282 2762 ex
3308 2722 3412 2776 qua
3432 2707 3766 2778 benignitate

2187 2798 2280 2852 Dei
2321 2798 2499 2852 omnia
2529 2797 2684 2852 nobis
2710 2798 2977 2853 donantur
3003 2795 3162 2862 bona,
3187 2797 3306 2852 ideo
3333 2796 3560 2868 Spiritui
3582 2806 3766 2852 sancto

2185 2889 2363 2958 potius
2405 2887 2792 2943 attribuuntur.
2821 2887 3063 2942 Ecclesia
3089 2901 3327 2958 praesens
3356 2887 3764 2943 tabernaculum

2187 2977 2500 3048 appellatur,
2531 2979 2656 3049 quia
2687 2979 2742 3033 in
2790 2993 2856 3035 eo
2900 2979 3126 3034 Domino
3177 2979 3490 3046 militamus,
3527 2980 3671 3035 sicut
3715 2985 3766 3035 in

2189 3069 2549 3125 tabernaculis
2585 3070 2867 3125 militatur.
2915 3068 3136 3126 Materia
3171 3071 3227 3125 in
3273 3070 3378 3127 hoc
3421 3071 3637 3141 psalmo
3690 3079 3768 3128 est

2190 3159 2423 3231 Spiritus
2466 3149 2705 3227 sanctus,
2737 3160 2821 3215 vel
2864 3159 3103 3216 Ecclesia
3153 3159 3354 3231 Spiritu
3407 3170 3600 3218 sancto
3646 3178 3769 3217 con-

509 3250 766 3308 immunis
796 3254 864 3308 ab
894 3255 1039 3309 omni
1064 3264 1286 3324 peccato
1315 3275 1327 3310 :
1358 3256 1618 3325 reﬂoruit,
1651 3261 1865 3329 quando
1893 3261 2082 3330 impas-

2190 3227 2474 3308 summata.
2502 3250 2656 3306 Hanc
2677 3261 2855 3306 autem
2889 3252 2992 3308 hoc
3020 3251 3178 3330 modo
3195 3227 3547 3324 exsequitur,
3579 3255 3770 3310 invitat

507 3343 818 3401 sibilitatem
867 3355 922 3402 et
970 3347 1431 3405 immortalitatem
1475 3351 1711 3422 suscepit
1751 3352 1806 3406 in
1846 3367 2087 3409 resurre-

508 3436 707 3492 ctione.
740 3437 837 3492 Vel
878 3439 951 3492 ita
985 3457 998 3493 :
1032 3459 1050 3490 ‹
1071 3438 1278 3494 Floruit
1315 3455 1444 3496 caro
1468 3460 1486 3493 ι
1527 3441 1760 3496 humana
1799 3442 1854 3497 in
1892 3443 2081 3507 Adam,

509 3529 601 3597 qui
640 3531 963 3586 constitutus
999 3530 1101 3586 fuit
1139 3533 1196 3587 in
1233 3533 1382 3588 omni
1415 3532 1748 3603 perfectione
1788 3553 1801 3589 :
1839 3533 2089 3590 deﬂoruit

509 3633 612 3690 per
646 3617 885 3688 ejusdem
925 3621 1342 3678 inobedientiam
1375 3642 1388 3677 :
1423 3623 1686 3690 reﬂoruit,
1729 3634 1947 3700 accepta
1988 3625 2088 3680 im-

511 3711 866 3782 passibilitate
889 3712 941 3768 in
969 3715 1367 3770 resurrectione
1392 3714 1592 3770 Christi
1623 3735 1636 3769 :
1664 3724 1720 3772 et
1753 3717 1872 3772 ideo
1905 3736 1921 3767 ‹
1953 3731 2085 3771 con-

510 3802 702 3860 ﬁtebor
733 3805 850 3872 tibi,
887 3826 904 3858 ι
941 3807 993 3862 id
1027 3816 1130 3875 est,
1158 3807 1386 3865 laudabo
1406 3824 1528 3864 eum
1554 3825 1619 3863 ex
1646 3809 1920 3864 voluntate
1945 3825 2087 3877 mea,

511 3898 716 3955 scilicet
746 3900 799 3954 in
827 3902 1105 3967 membris,
1123 3903 1279 3957 ethic
1305 3902 1494 3972 incipit
1517 3903 1583 3957 de
1609 3903 1765 3957 tertia
1793 3903 2092 3980 parte,_sci-

509 3987 635 4044 licet
663 3991 805 4059 quod
825 4003 886 4043 ea
911 4005 1032 4059 quae
1057 3989 1199 4046 facta
1226 3999 1352 4046 sunt
1374 3991 1438 4046 de
1463 3991 1699 4058 Christo,
1723 3991 1834 4047 suis
1855 3991 1923 4047 ad
1945 3991 2093 4046 exal-

510 4079 769 4134 tationem
799 4081 950 4134 utilia
973 4088 1118 4136 sunt.

581 4171 647 4225 Et
668 4171 756 4226 ille
795 4190 814 4222 ι
852 4173 1132 4239 Dominus,
1167 4193 1186 4227 ι
1227 4175 1319 4245 qui
1345 4172 1474 4230 fecit
1504 4189 1590 4229 me
1619 4174 1980 4242 reﬂorescere,
2007 4184 2093 4233 est

519 4281 536 4313 ι
565 4260 824 4318 fortitudo
861 4263 1030 4334 plebis
1061 4280 1200 4331 suae,
1238 4285 1256 4317 ›
1297 4266 1352 4322 id
1388 4273 1492 4333 est,
1520 4266 1620 4321 sibi
1660 4267 1882 4322 devotte.
1913 4267 2092 4324 Forti-

515 4358 646 4412 tudo
672 4358 777 4414 Dei.
803 4368 886 4415 est
921 4360 975 4415 in
1016 4376 1098 4425 eo,
1138 4362 1281 4432 quod
1325 4362 1571 4418 homines
1616 4363 1681 4418 de
1719 4364 1916 4420 diaboli
1958 4365 2091 4437 jugo

512 4450 690 4520 eripit,
714 4460 768 4506 et
805 4468 932 4509 suos
957 4453 1123 4509 facit:
1151 4463 1205 4510 et
1228 4456 1341 4525 ipse
1375 4465 1459 4511 est
1487 4477 1504 4508 ‹
1546 4467 1820 4527 protector
1838 4459 2092 4515 salvatio-

514 4558 641 4596 num
687 4541 887 4598 Christi
943 4545 1060 4610 sui,
1094 4566 1112 4597 ι
1143 4546 1194 4600 id
1233 4557 1336 4612 est,
1368 4547 1576 4602 illorum
1614 4549 1706 4618 qui
1745 4549 1934 4605 salvati
1965 4559 2090 4606 sunt

449 4642 456 4647 ‘
511 4648 610 4703 per
635 4633 908 4689 Christum
938 4654 950 4689 :
995 4644 1051 4691 et
1080 4637 1167 4692 hic
1194 4635 1478 4692 manifeste
1505 4646 1672 4704 notat,
1701 4639 1844 4708 quod
1887 4647 2088 4711 myste-

514 4717 593 4778 ria
624 4725 822 4781 Christi
848 4727 1099 4782 omnibus
1125 4729 1332 4798 prosint
1354 4728 1421 4781 ad
1448 4727 1698 4783 salutem.

585 4816 650 4870 Et
675 4817 800 4886 quia
846 4818 1106 4876 Dominus
1133 4829 1216 4876 est
1246 4819 1505 4876 fortitudo
1529 4822 1724 4892 plebis,
1759 4835 1888 4891 ergo
1919 4840 1938 4872 t
1976 4822 2088 4877 Do-

514 4907 676 4970 mine,
707 4906 794 4962 fac
828 4928 847 4961 ι
890 4909 1034 4978 quod
1060 4917 1208 4964 tuum
1232 4920 1336 4976 est,
1363 4911 1573 4967 scilicet
1602 4928 1620 4961 ι
1652 4902 1859 4966 salvum
1888 4908 1972 4964 fac
1993 4924 2089 4980 po-

513 4999 695 5068 pulum
738 5012 886 5056 tuum
920 5021 937 5054 ι
971 5002 1248 5074 eripiendo
1291 5005 1356 5059 de
1412 5004 1750 5058 inimicorum
1797 5009 2082 5071 potestate,

514 5091 794 5162 dirigendo
829 5094 895 5148 ad
933 5093 1093 5150 fidem
1126 5113 1138 5149 :
1171 5101 1226 5150 et
1275 5095 1504 5150 benedic
1556 5093 1734 5148 dando
1783 5093 2087 5149 incremen-

517 5191 629 5237 tum
688 5185 945 5240 virtutum
1014 5185 1114 5255 ipsi
1174 5185 1318 5240 facto
1387 5205 1406 5236 ‹
1463 5183 1767 5240 ιιιιξιιράἱωιί
1833 5192 1988 5239 tum:
2035 5193 2090 5241 et

515 5288 642 5344 rege
695 5289 788 5329 eos
833 5293 850 5324 ι
901 5290 969 5330 ne
1023 5275 1274 5330 deficiant
1326 5274 1380 5328 in
1430 5274 1631 5329 virtute
1682 5292 1695 5327 :
1745 5291 1764 5324 ι
1807 5283 1862 5329 et
1895 5274 2089 5331 extolle

517 5376 612 5418 eos
646 5383 666 5416 ι
701 5365 942 5420 ducendo
974 5387 991 5416 ι
1024 5380 1196 5434 usque
1220 5363 1275 5418 in
1290 5373 1553 5419 aeternum
1598 5384 1618 5418 ›
1639 5363 1691 5419 id
1717 5374 1820 5431 est,
1853 5365 1909 5421 in
1933 5375 2090 5422 aeter-

517 5454 764 5512 nitatem.

940 5567 1007 5622 IN
1057 5565 1388 5622 PSALMUM
1428 5564 1660 5620 XXVIII.

519 5656 773 5716 Tl'ruws.
827 5657 1071 5713 Psalmus
1109 5657 1281 5710 David
1322 5657 1386 5780 2'?
1422 5653 1865 5712 Consummatione
1910 5659 2085 5713 taber-

1211 5744 1342 5780 nacu
1369 5745 1407 5780 ι.

1211 5744 1407 5781 nacuu.

592 5840 612 5876 ι
647 5821 848 5878 Aﬂ'erte
884 5820 1132 5878 Domino.
1178 5840 1198 5874 ι
1241 5819 1486 5878 Remissa
1513 5835 1639 5878 arca
1664 5822 1875 5880 Domini
1900 5840 1930 5880 a
1955 5823 2086 5882 Phi-

2187 3339 2437 3396 homines
2463 3341 2528 3394 ad
2570 3340 2941 3397 honorandum
2979 3327 3238 3412 Spiritum
3279 3352 3550 3410 sanctum,
3579 3352 3635 3400 et
3657 3345 3769 3400 haec

2189 3438 2272 3485 est
2296 3430 2522 3485 intentio
2548 3445 2665 3486 sua.
2688 3429 2943 3487 vaidit
2980 3432 3123 3487 enim
3150 3433 3412 3502 quosdam
3435 3439 3439 3444 ‘
3460 3449 3680 3491 errores
3703 3435 3767 3490 de

2190 3520 2394 3592 Spiritu
2421 3530 2608 3578 sancto
2630 3521 2842 3578 futuros
2863 3523 2918 3577 in
2955 3523 3220 3590 Ecclesia,
3243 3524 3468 3590 scilicet,
3500 3527 3646 3597 quod
3673 3542 3768 3596 pu—

2191 3619 2397 3668 taretur
2433 3627 2554 3669 esse
2588 3613 2764 3669 minor
2787 3613 2947 3669 Patre
2978 3624 3032 3670 et
3072 3615 3248 3672 Filio:
3275 3625 3330 3672 et
3370 3617 3490 3672 ideo
3520 3618 3664 3673 sicut
3710 3619 3763 3673 in

2188 3701 2461 3773 plerisque
2490 3702 2611 3759 aliis
2652 3703 2876 3775 psalmis
2905 3713 3092 3760 contra
3122 3705 3259 3762 alios
3285 3721 3501 3763 errores
3528 3722 3624 3762 nos
3653 3722 3771 3761 ωας

2190 3792 2292 3858 nit,
2323 3792 2402 3849 sic
2431 3793 2597 3848 etiam
2652 3795 2707 3848 in
2753 3793 2893 3862 isto,
2945 3796 3234 3851 ostendens
3277 3795 3452 3866 ipsum
3505 3795 3768 3866 Spiritum

2192 3894 2438 3940 sanctum
2470 3900 2591 3942 esse
2611 3886 2874 3958 aequalem
2905 3887 3053 3942 Patri
3082 3897 3138 3944 et
3159 3887 3316 3955 Filio,
3343 3890 3503 3944 etiam
3538 3902 3629 3957 per
3653 3886 3766 3943 hoc

2191 3977 2333 4045 quod
2361 3978 2596 4034 ostendit
2643 3979 2924 4050 cooperari
2953 3995 3079 4036 eum
3120 3979 3269 4035 Patri
3315 3988 3373 4035 et
3408 3979 3562 4035 Filio.
3593 3979 3650 4034 ln
3682 3993 3771 4035 se-

2191 4068 2364 4124 cunda
2393 4078 2547 4140 parte
2576 4070 2728 4140 ponit
2757 4085 2969 4138 causas,
3003 4086 3174 4143 quare
3211 4071 3473 4143 Spiritum
3520 4078 3769 4127 sanctum

2191 4161 2460 4216 honorare
2493 4161 2801 4226 debeamus,
2831 4161 3056 4239 scilicet,
3082 4162 3209 4234 quia
3245 4162 3362 4234 ipse
3401 4160 3635 4233 Spiritus
3677 4160 3772 4215 dat

2190 4249 2328 4306 dona
2357 4267 2456 4323 per
2493 4267 2613 4323 qua:
2643 4261 2753 4307 tota
2790 4252 3029 4308 Ecclesia
3061 4261 3488 4308 consummatur.
3520 4250 3576 4305 In
3609 4251 3771 4305 tertia

2189 4352 2373 4413 parte,
2413 4358 2532 4413 quae
2576 4352 2661 4398 est
2702 4344 2756 4398 in
2789 4343 2915 4410 fine,
2944 4345 3180 4400 ostendit
3225 4343 3490 4415 Spiritum
3519 4350 3770 4398 sanetum

2191 4435 2469 4506 cooperari
2492 4450 2614 4490 cum
2634 4434 2795 4491 Patre
2823 4445 2878 4492 et
2904 4435 3067 4491 Filio:
3091 4436 3234 4492 etab
3258 4436 3374 4506 ipsa
3405 4435 3772 4491 admonitione

2193 4526 2272 4581 sic
2308 4525 2516 4596 incipit.

2271 4649 2288 4682 ι
2324 4629 2432 4685 Vos
2467 4629 2561 4684 filii
2598 4629 2693 4686 Dei
2739 4650 2758 4684 ι
2793 4630 2886 4701 qui
2916 4631 3178 4688 hactenus
3221 4629 3401 4687 fuistis
3429 4629 3524 4686 filii
3543 4629 3770 4698 diaboli,

2194 4719 2428 4776 etmodo
2455 4735 2552 4790 per
2578 4719 2838 4791 Spiritum
2889 4729 3133 4777 sanctum
3171 4721 3300 4778 facti
3337 4723 3469 4777 estis
3505 4721 3599 4777 filii
3650 4721 3772 4788 Dei,

2195 4821 2518 4884 quapropter
2565 4813 2772 4869 debetis
2808 4828 2932 4870 eum
2981 4815 3286 4870 honorare:
3327 4835 3344 4867 ‹
3379 4814 3568 4870 aﬂertc
3603 4835 3620 4866 ι
3663 4815 3776 4870 huc

2202 4923 2219 4955 ‹
2250 4903 2510 4971 Domino,
2546 4924 2566 4958 ι
2597 4905 2650 4960 id
2681 4915 2784 4973 est,
2827 4905 3050 4977 Spiritui
3079 4916 3288 4964 sancto.
3341 4907 3444 4964 Per
3483 4906 3770 4962 Dominuu

2195 4997 2285 5052 hic
2331 4997 2687 5054 determinate
2727 4998 2988 5069 Spiritum
3021 5008 3270 5055 sanctum
3299 4999 3596 5068 accipimus
3646 5013 3769 5068 pro-

2189 5094 2308 5154 pter
2334 5085 2436 5140 hoc
2460 5087 2602 5156 quod
2631 5088 2684 5142 in
2714 5088 2962 5160 sequenti
2987 5089 3132 5145 dicet
3160 5107 3174 5144 z
3215 5089 3330 5147 Vox
3367 5088 3582 5143 Domini
3609 5101 3774 5158 super

2190 5167 2389 5245 aquas,
2419 5177 2563 5246 quod
2587 5177 2810 5247 Spiritui
2836 5190 3025 5236 sancto
3071 5181 3288 5251 proprie
3325 5181 3575 5235 convenit
3601 5221 3616 5245 ,
3645 5196 3774 5234 .non

2190 5267 2514 5322 determinat
2571 5267 2701 5339 quid
2742 5268 2988 5335 aﬂ‘erant,
3025 5269 3121 5326 sed
3163 5265 3440 5325 debemus
3471 5269 3776 5341 intelligere

2192 5361 2398 5429 scipsos
2427 5375 2521 5430 per
2564 5377 2754 5431 puram
2793 5363 3206 5430 conscientiam,
3235 5373 3290 5419 et
3316 5379 3508 5436 puram
3550 5365 3724 5420 vitam
3755 5381 3770 5419 :

2192 5461 2248 5511 et
2285 5469 2392 5508 non
2441 5462 2652 5510 tantum
2701 5471 2894 5512 moneo
2923 5471 3018 5512 vos
3072 5463 3133 5511 ut
3179 5455 3416 5512 aﬂ‘eratis
3466 5454 3611 5512 ﬂlios
3651 5458 3775 5524 Dei,

2189 5547 2284 5602 sed
2315 5548 2480 5605 etiam
2512 5548 2558 5603 si
2596 5563 2729 5619 Opus
2756 5549 2844 5616 sit,
2875 5548 3116 5606 aﬂeratis
3163 5566 3260 5607 vos
3313 5571 3331 5604 ‹
3363 5549 3503 5606 filios
3537 5551 3774 5607 arietum

2195 5658 2213 5690 ι
2245 5638 2500 5702 Domino,
2536 5659 2554 5691 ι
2585 5640 2637 5694 id
2678 5648 2790 5705 est,
2837 5641 3136 5697 imitatores
3178 5642 3544 5713 apostolorum
3570 5680 3585 5705 ,
3629 5659 3776 5711 prae-

2187 5730 2375 5786 bentes
2407 5730 2657 5787 Ecclesia:
2688 5732 2804 5797 Dei,
2831 5733 2874 5787 si
2897 5749 3032 5803 opus
3052 5734 3145 5798 sit,
3169 5733 3532 5789 defensionem
3561 5734 3648 5788 vel
3677 5735 3780 5789 du-

2189 5831 2389 5882 catum.
2437 5821 2542 5879 Per
2571 5822 2769 5881 arietes
2795 5823 3025 5896 apostoli
3052 5825 3405 5896 designantur
3434 5844 3447 5879 :
3475 5825 3602 5893 quia
3630 5825 3782 5885 sicut
