3984 6450
1398 416 1836 478 EXPLANATIO
1868 419 1938 477 ΙΝ
1972 419 2307 481 PSALMOS.

3365 430 3470 486 290

220 529 368 584 aries
395 527 642 600 praebens
672 527 920 585 ducatum
951 529 1096 602 gregi
1120 529 1278 596 forte,
1319 538 1376 586 et
1405 531 1642 588 defendit
1679 548 1799 589 cor-
1825 541 1876 599 Α
1901 543 1986 590 εει
2019 553 2038 586 ι
2069 537 2123 590 in
2164 539 2581 609 magniﬁcentia,
2613 562 2632 596 ι
2668 543 2722 600 id
2751 551 2854 611 est,
2899 544 3104 602 faciens
3133 546 3467 618 magniﬁcos,

221 623 402 688 nibus,
445 622 524 677 sic
551 622 778 693 apostoli
811 631 867 679 et
888 626 1128 693 praabent
1153 626 1403 679 ducatum
1435 623 1709 689 Ecclesiae,
1741 630 1799 679 et

219 731 343 772 eam
371 715 643 782 cornibus,
668 717 720 772 id
746 725 848 783 est,
882 717 1061 773 Veteri
1091 726 1147 774 et
1165 718 1312 775 Novo
1335 718 1678 774 Testamento
1703 716 1796 772 de-

222 807 473 862 fendunt.

301 917 319 950 ι
346 898 548 954 Aﬁ‘crte
584 918 604 952 ο
639 900 802 955 etiam
833 901 928 957 ﬁlii
961 919 980 953 ‹
1011 901 1257 969 Domino,
1290 923 1310 956 ι
1356 903 1408 958 id
1437 911 1539 970 est,
1572 903 1794 974 Spiritui

221 1000 412 1046 sancto
443 1008 462 1042 ι
498 990 721 1061 gloriam
741 1031 757 1058 ,
794 1011 812 1043 ι
846 993 898 1048 id
921 1003 1024 1060 est,
1055 993 1246 1050 discite
1272 1004 1327 1050 et
1365 995 1644 1067 intelligite
1669 1011 1794 1052 eum

222 1081 515 1149 gloriosum
542 1121 558 1146 ,
609 1081 814 1138 scilicet
862 1083 1323 1154 omnipotentem,
1377 1086 1636 1157 aequalem
1685 1087 1796 1142 Deo

221 1172 404 1238 Patri,
441 1191 460 1224 ‹
492 1182 548 1228 ει
595 1175 759 1228 etiam
811 1175 1096 1241 honorem,
1128 1195 1148 1228 ›
1198 1176 1251 1230 id
1297 1185 1410 1243 est,
1442 1178 1641 1250 vosipsi
1678 1194 1795 1234 ser-

221 1264 334 1319 vite
363 1265 432 1328 ei,
475 1272 531 1320 et
554 1265 688 1320 alios
717 1266 938 1322 invitate
967 1275 1026 1321 ut
1047 1268 1301 1335 serviant,
1341 1289 1358 1320 ‹
1387 1278 1441 1324 ει
1465 1268 1653 1326 afferte
1680 1271 1793 1340 glo-

223 1354 363 1408 riam
399 1353 604 1409 nomini
649 1354 787 1425 ejus,
818 1375 836 1406 ι
887 1357 941 1411 id
967 1364 1070 1423 est,
1099 1372 1198 1427 per
1229 1358 1424 1414 multas
1454 1369 1640 1432 gentes
1666 1360 1798 1416 dila-

223 1453 338 1500 tate
390 1461 585 1501 nomen
639 1447 756 1518 ejus
799 1456 855 1504 et
897 1449 1366 1506 honoriﬁcentiam
1406 1453 1594 1522 ipsius.
1648 1453 1799 1510 Tunc

224 1538 370 1593 enim
406 1554 511 1593 non
543 1548 688 1594 esset
712 1555 906 1596 nomen
931 1541 1047 1610 ejus
1076 1543 1390 1614 gloriosum,
1417 1545 1462 1599 si
1500 1545 1642 1600 inter
1665 1562 1799 1618 pau-

225 1646 320 1686 cas
365 1641 554 1702 gentes
599 1641 999 1700 coarctaretur,
1032 1642 1087 1689 et
1125 1636 1203 1691 sic
1247 1635 1530 1693 afferentes
1573 1638 1798 1709 gloriam

225 1723 432 1778 nomini
459 1721 594 1791 ejus,
622 1722 860 1781 afl‘eretis
886 1727 1111 1796 gloriam
1143 1728 1244 1800 ipsi
1271 1730 1519 1798 Domino,
1558 1742 1612 1788 et
1635 1733 1798 1790 etiam

230 1833 251 1864 ι
298 1814 541 1878 adorate,
579 1833 596 1866 ι
626 1813 678 1869 id
697 1823 801 1881 est,
829 1817 1159 1872 veneramini
1188 1836 1206 1869 ι
1230 1819 1537 1887 Dominum,
1568 1840 1585 1873 ι
1621 1821 1674 1878 id
1694 1831 1798 1889 est,

1896 626 1988 696 qui
2009 626 2101 681 dat
2133 629 2288 684 nobis
2316 632 2580 688 rationem
2603 650 2722 704 quae
2747 636 2985 692 facienda
3007 638 3118 692 sint
3135 645 3189 694 et
3216 655 3341 694 non.
3364 639 3465 707 Qui

1897 725 2078 772 autem
2113 716 2242 774 facit
2269 721 2408 777 bona
2438 732 2493 778 et
2516 725 2740 781 dimittit
2769 728 2938 794 mala,
2991 731 3305 802 magniﬁcus
3337 741 3419 788 est
3452 750 3466 788 :

1897 815 1952 862 et
1979 807 2066 862 hic
2091 817 2311 865 notatur
2337 809 2570 881 Spiritus
2605 817 2834 872 consilii.

1975 915 1994 948 ‹
2033 897 2148 953 Vox
2182 918 2200 951 ι
2247 901 2410 956 etiam
2453 903 2592 961 illius
2623 924 2641 958 ι
2673 906 2903 977 Domini,
2955 930 2974 962 ι
3022 910 3073 965 id
3102 920 3206 978 est,
3234 911 3472 983 Spiritus

1899 992 2101 1046 sancti:
2125 1010 2144 1043 ε
2166 992 2376 1049 Domini
2396 1015 2414 1048 ι
2435 996 2556 1052 dico
2585 1018 2603 1050 ς
2623 1001 3030 1073 confringentis,
3051 1025 3069 1058 ι
3096 1007 3148 1062 id
3169 1018 3272 1073 est,
3290 1009 3468 1064 humi-

1898 1080 2079 1138 liantis
2105 1089 2123 1134 ι
2151 1085 2360 1151 cedros,
2399 1105 2418 1138 ι
2463 1087 2516 1142 id
2541 1097 2648 1156 est,
2670 1094 2946 1161 superbos.
2976 1095 3079 1152 Per
3105 1099 3325 1155 cedrum
3347 1100 3468 1156 ideo

1897 1175 2186 1244 superbum
2219 1177 2533 1248 accipimus,
2580 1183 2706 1252 quia
2755 1187 2948 1242 cedrus
2997 1197 3080 1244 est
3113 1191 3275 1246 arbor
3323 1192 3465 1248 elata

1897 1280 2059 1335 super
2085 1265 2218 1322 alias
2243 1269 2466 1324 arbores
2490 1288 2502 1324 :
2538 1279 2593 1326 et
2623 1272 2738 1343 ipse
2760 1292 2778 1326 ι
2817 1276 3071 1334 Dominus
3099 1280 3421 1354 confringet,
3443 1301 3464 1337 ι

1898 1356 1952 1410 id
1984 1366 2094 1424 est,
2117 1358 2424 1415 humiliabit
2450 1380 2469 1413 ι
2503 1362 2695 1419 cedros
2722 1363 2934 1433 Libani,
2971 1387 2989 1420 ι
3024 1369 3078 1424 id
3108 1381 3211 1436 est,
3238 1371 3470 1442 majores

1899 1446 2068 1502 elatos
2088 1448 2142 1502 in
2170 1451 2423 1520 superbia
2450 1454 2659 1521 mundi,
2682 1454 2823 1510 sicut
2851 1467 2974 1513 sunt
3003 1473 3158 1531 reges
3184 1470 3239 1516 et
3263 1464 3464 1533 princi-

1899 1552 2016 1608 pes.
2063 1538 2304 1596 Libanus
2338 1535 2585 1613 namque
2612 1547 2919 1603 candidatio
2964 1551 3373 1622 interpretatur,
3417 1561 3475 1610 et

1899 1629 2020 1684 ideo
2047 1644 2143 1700 per
2165 1630 2432 1688 Libanum
2463 1636 2660 1705 accipit
2697 1637 2836 1706 illos,
2858 1640 2951 1710 qui
2993 1641 3045 1696 in
3079 1643 3312 1699 candore
3339 1645 3472 1700 divi-

1900 1722 2097 1776 tiarum
2124 1723 2244 1794 plus
2285 1725 2579 1784 confidunt.
2624 1729 2748 1786 Ideo
2767 1746 2866 1802 per
2896 1734 3086 1790 cedros
3112 1734 3303 1792 Libani
3335 1738 3476 1794 acci-

1900 1813 2080 1884 pimus
2115 1818 2450 1886 potentiores
2489 1820 2692 1889 elatos,
2734 1825 2861 1894 quia
2907 1827 3010 1883 illae
3037 1829 3185 1884 cedri
3218 1845 3336 1900 quae
3364 1846 3480 1889 cre-

227 1904 495 1975 spiriwm
541 1925 559 1958 ε
605 1907 658 1962 in
687 1909 830 1964 ειτίο
857 1920 1046 1966 sancto
1068 1911 1184 1982 eius
1206 1953 1221 1978 ,
1259 1931 1278 1962 ι
1328 1913 1381 1968 id
1409 1921 1515 1980 εει,
1541 1914 1596 1970 in
1638 1917 1802 1974 corde
1827 1898 1874 1958 B
1903 1914 2062 1960 scunt
2087 1905 2143 1961 in
2170 1907 2377 1965 Libano
2407 1921 2762 1977 monte,.sunt
2788 1917 3040 1973 omnibus
3079 1918 3200 1975 aliis
3231 1898 3476 1977 altiores.

223 2005 408 2051 vestro
448 1998 634 2067 :quod
672 2007 892 2069 propter
938 2000 1274 2057 latitudinem
1320 2004 1517 2059 atrium
1568 2006 1800 2077 appella-

226 2097 338 2154 tur,
385 2097 441 2143 et
490 2090 615 2158 quia
671 2091 833 2148 nullis
879 2094 1082 2149 arctari
1130 2095 1290 2150 debet
1346 2097 1797 2157 tribulationibus.

222 2178 346 2234 Alia
395 2181 674 2238 translatio
734 2183 936 2239 habet:
1005 2185 1059 2240 in
1115 2186 1235 2242 aula
1280 2199 1466 2243 sancta
1514 2189 1672 2260 ejus;
1747 2199 1803 2247 et

225 2278 359 2326 tunc
391 2271 641 2328 similiter
664 2288 764 2343 per
787 2273 964 2329 aulam
991 2290 1086 2330 eor
1128 2276 1285 2332 ﬁdele
1308 2279 1603 2349 accipimus
1626 2320 1642 2346 ,
1673 2281 1801 2350 quia

223 2361 366 2417 sicut
398 2363 520 2418 aula
567 2365 714 2436 regia
767 2366 957 2422 domus
997 2375 1100 2433 est,
1133 2369 1212 2424 sic
1259 2377 1313 2425 et
1362 2370 1596 2425 ﬁdelium
1636 2372 1801 2428 corda

223 2451 428 2508 Christi
455 2452 576 2508 aula
606 2461 752 2521 sunt,
780 2454 832 2510 in
855 2457 1052 2528 quibus
1075 2457 1282 2514 habitat
1301 2460 1442 2516 sicut
1468 2476 1561 2516 rex
1592 2462 1648 2517 in
1677 2463 1801 2520 aula

227 2558 346 2598 sua.
836 2565 846 2575 ⁸

296 2635 394 2692 Hic
439 2645 643 2708 septem
676 2641 815 2694 dona
865 2642 1037 2697 sancti
1087 2641 1322 2714 Spiritus
1360 2646 1550 2718 incipit
1596 2647 1800 2704 descri-

225 2727 374 2794 bere,
402 2737 459 2783 et
495 2729 694 2798 septies
728 2732 978 2801 ponendo
996 2747 1098 2788 vox
1140 2733 1372 2802 Domini,
1407 2746 1612 2808 septem
1641 2741 1799 2796 nobis

225 2817 364 2871 dona
417 2816 650 2888 Spiritus
696 2821 868 2876 sancti
903 2822 1096 2892 ponit:
1129 2832 1185 2880 et
1229 2826 1419 2882 eodem
1469 2827 1657 2884 ordine
1706 2829 1798 2886 illa

223 2905 365 2962 dona
391 2908 602 2965 diversa
629 2921 930 2979 enumerat,
959 2929 1067 2985 quo
1117 2917 1281 2972 etiam
1312 2916 1478 2974 Isaias
1525 2919 1659 2991 (cap.
1693 2920 1794 2993 χι).

225 2997 382 3054 Prius
429 3001 584 3070 ponit
626 3003 824 3059 donum
881 3007 1178 3077 sapientiae,
1225 3010 1419 3068 deinde
1469 3011 1796 3083 intellectus,

224 3093 563 3159 postmodum
588 3097 820 3164 consilii,
852 3098 973 3155 inde
999 3099 1357 3172 fortitudinis,
1398 3115 1585 3177 postea
1629 3110 1800 3166 scien-

226 3183 334 3246 tiae,
384 3184 510 3240 inde
543 3187 800 3256 pietatis,
851 3191 918 3246 ad
951 3191 1199 3248 ultimum
1229 3234 1243 3260 ,
1303 3196 1513 3254 timoris
1559 3198 1792 3256 Domini.

221 3253 566 3333 Continuatio
596 3296 609 3332 :
640 3253 790 3336 Bene
807 3282 1011 3340 debetis
1030 3287 1173 3340 hunc
1197 3286 1480 3343 Dominum
1508 3289 1797 3358 honorare,
1825 3253 1872 3320 C

223 3369 349 3438 quia
381 3388 398 3420 ι
436 3385 573 3434 vox,
619 3388 636 3422 ι
687 3371 741 3426 id
788 3382 909 3439 est,
954 3375 1238 3446 inspiratio
1287 3377 1443 3434 istius
1476 3397 1496 3430 ‹
1532 3379 1742 3436 Ι)οωὶιί
1775 3400 1794 3434 ι

224 3461 434 3517 scilicet
473 3461 706 3530 Spiritus
746 3467 915 3519 sancti
945 3475 1028 3522 est
1058 3487 1074 3519 ε
1110 3482 1274 3540 super
1313 3486 1503 3541 aquas,
1549 3491 1568 3524 ι
1609 3474 1662 3529 id
1695 3483 1798 3542 est,

224 3569 388 3623 super
432 3552 658 3622 populos
704 3553 897 3621 :juxta
940 3555 1203 3613 Joannem
1250 3575 1402 3631 aqua:
1451 3562 1632 3619 multae
1676 3573 1806 3620 sunt

227 3643 412 3714 populi
438 3643 612 3698 multi.
643 3663 661 3696 ι
689 3644 884 3716 Super,
912 3667 930 3700 ι
957 3651 1174 3721 proprie
1207 3651 1357 3718 dicit,
1387 3654 1513 3724 quia
1546 3655 1805 3725 aspiratio

228 3735 410 3789 divina
433 3735 740 3794 dominatur
779 3739 1004 3806 homini,
1027 3750 1082 3797 et
1123 3745 1416 3800 secundum
1443 3761 1500 3802 se
1525 3745 1657 3802 facit
1677 3763 1804 3820 ope-

224 3827 336 3882 rari
369 3828 659 3884 hominem.
706 3831 810 3887 Per
835 3847 1022 3889 vocem
1075 3837 1461 3906 aspirationem
1502 3840 1624 3896 ideo
1652 3842 1806 3898 intel-

223 3918 458 3988 ligimus,
495 3920 641 3990 quia,
665 3921 805 3978 sicut
828 3938 932 3978 vox
962 3925 1118 3980 docet
1161 3928 1455 3996 hominem,
1480 3939 1536 3986 et
1564 3934 1804 3990 ostendit

220 4013 556 4070 voluntatem
598 4016 844 4090 alicujus,
895 4021 1280 4094 sicinspiratio
1329 4027 1510 4084 divina
1555 4031 1800 4088 volunta-

225 4114 334 4161 tem
385 4106 499 4163 Dei.
534 4108 633 4165 Hic
663 4111 988 4168 determinat
1017 4114 1170 4186 cujus
1205 4119 1417 4175 Domini
1456 4121 1527 4177 sit
1553 4139 1657 4178 vox
1687 4123 1796 4191 illa,

220 4208 278 4254 et
306 4200 603 4271 cujusmodi
629 4218 730 4258 vox
760 4203 848 4259 illa
875 4207 964 4272 sit,
989 4223 1111 4262 cum
1135 4208 1301 4264 dicit:
1335 4231 1353 4261 ι
1383 4213 1524 4268 Deus
1551 4212 1798 4283 majesta-

224 4289 293 4343 tis
334 4308 352 4342 ι
383 4305 635 4361 magnum
656 4295 778 4348 eum
807 4301 862 4349 et
892 4303 1162 4366 potentem
1185 4301 1420 4356 ostendit
1458 4319 1581 4358 cum
1624 4305 1792 4362 dicit:

228 4395 249 4429 ι
287 4379 537 4446 intonuit,
560 4400 580 4434 ι
607 4395 794 4438 vocem
817 4398 936 4441 esse
964 4387 1257 4444 terribilem
1278 4392 1530 4448 ostendit.
1557 4393 1799 4451 Terribi-

218 4473 290 4530 lis
326 4482 409 4530 εει
433 4477 576 4530 enim
625 4477 715 4534 illa
745 4494 870 4546 vox,
909 4496 1028 4551 qua:
1069 4497 1287 4554 pinnam
1316 4487 1558 4543 minatur
1578 4488 1791 4560 judicii.

1902 1995 1998 2050 Vel
2041 2015 2058 2048 ‹
2094 1997 2482 2071 confringentis
2526 2003 2720 2061 cedros
2767 2025 2788 2060 ι
2828 2008 3110 2078 gentilium
3161 2013 3421 2083 superbos
3462 2030 3477 2068 :

1900 2085 1985 2142 vel
2013 2105 2032 2138 ι
2067 2088 2276 2156 cedros,
2307 2108 2325 2141 ι
2359 2090 2413 2146 id
2450 2101 2552 2160 est,
2588 2093 2834 2164 Iudaeos,
2864 2115 3000 2170 quos
3029 2100 3150 2156 ideo
3171 2117 3271 2173 per
3289 2103 3481 2162 cedros

1900 2177 2091 2233 Libani
2142 2181 2436 2252 accipimus
2460 2224 2475 2250 ,
2528 2185 2656 2256 quia
2685 2188 2742 2242 in
2786 2198 2931 2246 terra
2980 2206 3166 2248 eorum
3204 2203 3286 2250 est
3317 2193 3480 2251 Liba-

1900 2285 2002 2326 nus
2030 2285 2045 2325 :
2084 2289 2103 2323 ι
2131 2273 2474 2348 confringent
2497 2298 2516 2330 ι
2534 2281 2678 2350 quod
2700 2282 2835 2338 bene
2855 2299 2954 2355 per
2981 2285 3220 2342 futurum
3244 2305 3481 2360 pronun-

1901 2361 2033 2429 tiat,
2065 2364 2192 2434 quia
2222 2367 2398 2423 adhuc
2435 2369 2600 2426 etiam
2629 2372 2731 2428 hoc
2774 2372 3014 2432 futurum
3057 2388 3140 2434 est
3168 2380 3224 2435 in
3251 2382 3481 2438 novissi-

1899 2450 2002 2508 mis
2035 2458 2394 2526 temporibus,
2429 2462 2642 2530 quando
2682 2465 2915 2524 tiliorum
2960 2469 3123 2528 Israel
3160 2473 3322 2530 salva:
3349 2476 3478 2532 ﬁent

1899 2545 2160 2617 reliquiae.

1974 2655 1994 2689 ε
2022 2638 2088 2694 Ει
2114 2642 2278 2698 etiam
2302 2645 2632 2704 comminuet
2655 2665 2748 2706 eos
2770 2671 2814 2719 ι,
2847 2654 2898 2709 id
2917 2664 3018 2724 est,
3047 2673 3145 2729 per
3173 2660 3318 2719 illam
3350 2681 3480 2722 con-

1899 2726 2219 2788 fractionem
2263 2735 2329 2790 ad
2363 2745 2566 2793 tantam
2601 2740 2961 2802 humilitatem
3000 2726 3222 2808 reducet
3250 2767 3342 2812 eos
3377 2776 3389 2811 :
3425 2770 3481 2814 et

1899 2827 2026 2876 tunc
2055 2823 2277 2893 respicit
2313 2827 2384 2881 ad
2421 2828 2876 2900 signiﬁcationem
2903 2856 2916 2891 :
2941 2837 3025 2895 vel
3072 2860 3091 2893 ι
3113 2857 3207 2898 eas
3232 2864 3250 2897 ι
3285 2849 3478 2906 cedros

1902 2921 2211 2986 «tanquam
2251 2918 2480 2975 vitulum
2515 2921 2703 2981 Libani
2725 2947 2771 2993 ι,
2804 2928 2858 2985 id
2890 2939 2992 2997 est,
3029 2942 3084 2988 ut
3122 2936 3231 2992 sint
3259 2939 3333 2993 ita
3364 2941 3479 3011 pla-

1897 3017 2083 3065 centes
2113 3010 2248 3078 Deo,
2284 3019 2536 3084 tanquam
2565 3018 2761 3076 vitulus
2784 3022 2975 3082 Libani
3002 3027 3311 3088 immolatus
3342 3010 3479 3090 :SJu-

1897 3104 2136 3160 daaorum
2162 3106 2309 3161 enim
2348 3113 2684 3170 consuetudo
2717 3126 2857 3185 erat,
2889 3127 2950 3174 ut
2979 3117 3175 3179 vitulos
3205 3141 3340 3195 quos
3374 3127 3478 3183 Do-

1901 3195 2049 3251 mino
2070 3197 2398 3256 immolaturi
2431 3212 2607 3272 erant,
2633 3206 2686 3261 in
2722 3209 3010 3268 uberrimis
3034 3218 3252 3284 pascuis
3283 3218 3476 3276 Libani

1904 3286 2342 3360 impinguarent:
2383 3301 2439 3349 et
2479 3311 2587 3366 quo
2616 3300 2789 3369 magis
2823 3315 2916 3358 eos
2951 3304 3366 3378 impinguarent,
3410 3328 3476 3368 eo

1902 3378 2077 3449 magis
2110 3379 2222 3436 Deo
2277 3387 2640 3455 acceptabiles
2687 3389 2803 3446 fore
2832 3394 3145 3463 credebant,
3175 3407 3230 3453 et
3266 3400 3354 3456 hic
3379 3417 3478 3458 no-

1903 3474 2049 3522 tatur
2077 3470 2300 3540 spiritus
2324 3472 2674 3534 fortitudinis.
2710 3479 2899 3554 Magna
2927 3486 3069 3542 enim
3096 3487 3190 3544 Dei
3219 3489 3476 3551 fortitudo

1903 3566 2006 3624 est,
2041 3574 2164 3614 cum
2192 3562 2355 3618 homo
2381 3569 2690 3636 superbiam
2731 3588 2884 3628 suam
2919 3585 3095 3646 potest
3121 3579 3388 3653 frangere,
3422 3595 3478 3643 et
3566 3629 3572 3634 ι

1901 3663 2004 3720 per
2045 3654 2528 3713 comminutionem
2580 3675 2734 3716 suam
2783 3665 3017 3736 seipsum
3051 3671 3351 3740 placentem
3385 3677 3481 3732 ho-

1903 3741 2066 3796 stiam
2108 3741 2410 3801 immolare.
2442 3746 2575 3804 Cum
2609 3751 2699 3806 illa
2738 3755 3017 3824 superiora
3051 3759 3192 3814 bona
3227 3764 3477 3822 videntur

1902 3832 2067 3900 bona,
2092 3833 2321 3904 scilicet,
2355 3840 2497 3909 quod
2534 3857 2637 3897 vox
2672 3843 2883 3901 Domini
2913 3857 2998 3903 est
3022 3849 3076 3904 in
3100 3851 3299 3909 virtute
3337 3865 3392 3910 et
3419 3858 3474 3913 in

1901 3925 2323 3996 magniﬁcentia,
2369 3945 2436 3985 ne
2471 3931 2634 3999 istud,
2679 3934 2884 3991 scilicet
2912 3939 3101 3996 cedros
3136 3943 3477 4017 confringere

1900 4015 2102 4071 malum
2132 4017 2428 4086 videretur,
2451 4024 2687 4079 ostendit
2721 4026 2885 4081 etiam
2912 4029 3130 4086 unicum
3161 4032 3255 4089 Dei
3280 4015 3474 4093 Filium

1899 4109 2290 4166 comminutum
2317 4127 2456 4179 esse,
2507 4131 2574 4171 ne
2619 4116 2709 4172 alii
2740 4118 2831 4174 tali
2873 4120 2990 4192 iege
3034 4126 3476 4187 comminutionis

1899 4199 2240 4257 condoleant.
2276 4202 2615 4262 Comminuet
2651 4209 2875 4279 cedros,
2903 4222 2958 4268 et
2987 4231 3092 4270 non
3131 4217 3338 4274 debetis
3373 4222 3474 4274 mi-

1898 4295 2032 4361 rari,
2069 4296 2194 4365 quia
2238 4314 2257 4348 ι
2285 4298 2447 4354 etiam
2496 4300 2786 4370 dilectus»,
2828 4303 2884 4359 id
2928 4313 3033 4373 est,
3079 4309 3270 4366 unicus
3308 4311 3477 4370 Filius

1897 4385 1994 4440 Dei
2039 4388 2440 4446 comminuetur
2469 4409 2482 4445 :
2511 4400 2566 4447 et
2592 4393 2682 4448 hic
2722 4395 2956 4451 ostendit
2988 4400 3251 4470 propheta
3283 4417 3476 4459 secun-

1897 4477 2024 4532 dum
2051 4494 2213 4550 quam
2242 4489 2492 4537 naturam
2519 4485 2620 4540 hoc
2644 4485 2755 4552 ﬁat,
2790 4488 3020 4558 scilicet,
3050 4495 3343 4549 secundum
3375 4496 3478 4551 hu-

219 4567 350 4623 Vult
369 4577 548 4624 autem
578 4571 718 4628 Deus
757 4589 883 4629 suos
912 4575 967 4629 in
997 4583 1206 4632 terrore
1231 4578 1458 4645 nutrire,
1491 4587 1551 4634 ut
1595 4580 1680 4636 vel
1715 4582 1794 4638 sic

1903 4583 2114 4624 manam
2149 4589 2161 4624 :
2210 4574 2606 4630 comminuetur
2640 4577 2760 4634 dico
2817 4599 2836 4630 «
2865 4583 3316 4652 quemadmodum
3356 4589 3476 4658 (ιυί-

219 4660 462 4714 serviant
482 4660 785 4718 voluntate:
814 4673 868 4719 et
898 4665 984 4720 ille
1014 4665 1270 4722 Dominus
1291 4683 1395 4723 non
1419 4677 1624 4724 tantum
1655 4670 1794 4727 into-

219 4748 340 4805 nuit
369 4771 386 4800 ‹
414 4766 576 4822 super
595 4768 778 4823 aquas,
806 4773 824 4806 ›
853 4755 907 4809 id
940 4764 1044 4823 est,
1070 4772 1231 4828 super
1256 4755 1491 4826 Iudaeos,
1520 4761 1612 4816 sed
1633 4762 1798 4818 etiam

223 4860 244 4893 ι
281 4858 443 4913 super
470 4858 638 4914 aquas
680 4845 898 4908 multas,
927 4865 946 4897 ι
977 4847 1030 4902 id
1077 4856 1184 4914 est,
1220 4863 1382 4919 super
1421 4852 1666 4922 gentiles,
1705 4854 1798 4925 qui

219 4933 389 4988 multo
413 4933 593 5003 plures
617 4935 834 4992 fuerunt
866 4953 1026 5007 quam
1052 4937 1220 4995 Judaei
1251 4957 1266 4995 :
1293 4951 1347 4996 et
1379 4942 1482 4999 hoc
1509 4958 1670 4999 versu
1703 4961 1798 5001 no-

219 5033 398 5080 tamus
427 5027 673 5097 spiritum
698 5029 995 5100 sapientiae,
1023 5031 1151 5102 quia
1173 5031 1353 5088 divina
1381 5033 1667 5105 inspiratio
1695 5051 1794 5094 nos

149 5142 160 5152 ε
216 5113 379 5171 docet
403 5113 501 5171 Dei
538 5119 924 5189 cognitionem.

295 5224 315 5256 ι
351 5207 466 5262 Vox
493 5208 655 5263 etiam
691 5208 938 5278 Domini,
969 5232 987 5266 ι
1029 5211 1083 5268 id
1105 5221 1211 5280 est,
1235 5212 1473 5285 Spiritus
1493 5217 1690 5285 sancti,
1711 5229 1796 5274 est

223 5317 244 5352 ι
275 5299 331 5355 in
357 5300 578 5368 virtute,
617 5321 635 5354 ›
683 5303 735 5358 id
759 5313 862 5370 est,
891 5304 1098 5360 confert
1124 5307 1277 5362 nobis
1302 5308 1576 5373 virtutem,
1612 5311 1665 5366 id
1691 5320 1794 5378 est,

220 5391 550 5447 intellectum
580 5394 645 5449 de
671 5395 786 5466 lege
832 5405 887 5450 et
935 5397 1164 5452 aliarum
1221 5398 1620 5470 Scripturarum
1647 5443 1662 5468 ,
1701 5420 1797 5474 per

220 5497 381 5553 quem
427 5483 747 5554 franguntur
783 5489 1148 5558 oppositiones
1187 5491 1584 5558 hmreticorum,
1615 5504 1671 5551 et
1707 5497 1793 5552 cui

220 5589 383 5631 nemo
414 5577 583 5648 possit
634 5579 906 5636 resistere.
946 5580 1101 5637 Unde
1137 5590 1192 5636 et
1221 5584 1288 5640 de
1324 5584 1486 5641 beato
1518 5583 1794 5658 Stephano

220 5665 457 5737 legitur:
497 5688 516 5720 ‹
546 5668 715 5726 Nemo
749 5679 960 5742 poterat
997 5673 1249 5728 resistere
1276 5676 1550 5746 sapientiae
1585 5687 1638 5733 et
1686 5680 1794 5748 spi-

219 5755 351 5813 ritui
399 5759 491 5829 qui
560 5761 876 5831 loquebatur
920 5763 1056 5836 (Act.
1088 5768 1202 5836 Vl):
1261 5787 1279 5819 ι
1327 5776 1382 5822 ει
1411 5769 1497 5824 hic
1545 5779 1794 5827 notamus

208 5847 469 5919 'spiritum
502 5850 821 5909 intellectus.
859 5873 877 5905 ι
907 5856 1019 5912 Vox
1059 5876 1076 5909 ι
1110 5856 1274 5913 etiam
1298 5857 1438 5915 illius
1471 5879 1488 5912 ‹
1521 5862 1786 5935 Domini)

1905 4679 1923 4709 ‹
1950 4659 2080 4716 libet
2125 4661 2267 4718 ﬁlius
2294 4664 2637 4722 unicornium
2667 4688 2714 4735 ι,
2751 4669 2806 4726 id
2837 4679 2951 4739 est,
2994 4671 3334 4744 Iudaeorum,
3381 4679 3476 4749 qui

1895 4752 2016 4808 ideo
2062 4756 2350 4814 unicornes
2381 4759 2656 4827 dicuntur,
2684 4763 2811 4832 quia
2846 4780 2954 4822 uno
2981 4767 3096 4824 solo
3128 4769 3476 4830 Testamento

1895 4848 2230 4916 superbiunt.

1970 4957 1989 4989 ι
2025 4939 2178 4995 Vox»
2216 4941 2358 4998 illius
2396 4962 2414 4996 ‹
2448 4944 2659 5002 Domini
2684 4967 2702 5001 ι
2741 4957 2825 5006 εει
2853 4948 3065 5007 Domini
3111 4953 3475 5010 «interciden-

1896 5031 1967 5088 tis
2010 5052 2027 5084 ι
2049 5073 2064 5100 ,
2116 5034 2170 5089 id
2214 5044 2318 5102 est,
2351 5037 2727 5108 discernentis,
2759 5060 2776 5093 ι
2810 5041 3083 5098 flammam
3119 5044 3260 5117 ignis
3297 5066 3341 5102 ι.
3373 5046 3476 5102 Ρει·

1897 5126 2074 5198 ignem
2101 5127 2222 5183 illos
2248 5130 2563 5200 accipimus,
2599 5133 2690 5204 qui
2718 5132 2927 5190 fervent
2951 5150 3137 5191 amore
3172 5137 3302 5193 mali
3334 5139 3473 5195 desi-

1898 5219 2034 5275 derii
2055 5234 2152 5290 per
2173 5219 2469 5289 ﬂammam,
2512 5222 2752 5281 furorem
2778 5227 3042 5282 malorum
3066 5239 3307 5297 actuum,
3337 5247 3473 5301 quos

1898 5311 1953 5366 in
1980 5320 2199 5367 sanctos
2225 5321 2499 5368 exercent.
2536 5313 2686 5371 Hanc
2728 5317 2906 5372 divina
2944 5317 3224 5388 inspiratio
3264 5321 3474 5376 interci-

1899 5401 1998 5466 dit,
2027 5402 2240 5472 quando
2269 5403 2450 5475 justus
2477 5405 2564 5461 ille
2589 5406 2677 5461 cui
2708 5407 2797 5462 illa
2819 5407 3033 5463 ﬂamma
3075 5411 3337 5476 infertur,
3369 5413 3474 5468 dis-

1901 5496 2077 5550 cernit
2103 5511 2220 5551 eam
2264 5513 2368 5552 non
2393 5499 2493 5554 sibi
2522 5500 2588 5554 ad
2630 5500 2883 5555 damnum
2914 5518 3052 5567 esse,
3099 5503 3194 5558 sed
3229 5506 3474 5561 eamdem

1901 5587 2003 5642 sibi
2049 5587 2102 5641 in
2143 5589 2343 5644 bonum
2387 5591 2620 5645 aestimat
2665 5593 2992 5661 provenire:
3022 5601 3077 5647 et
3120 5592 3208 5648 hic
3258 5602 3476 5652 notatur

1901 5678 2125 5748 spiritus
2161 5681 2419 5737 scientiae.
2470 5681 2658 5755 Magna
2710 5684 2854 5738 enim
2900 5683 3127 5760 scientia
3172 5685 3266 5741 Dei
3317 5687 3476 5744 datur

1902 5771 2128 5837 homini,
2168 5789 2291 5830 cum
2335 5790 2396 5830 ea
2441 5790 2560 5846 quae
2589 5775 2709 5832 aliis
2749 5775 2888 5831 mala
2919 5776 3168 5842 videntur
3196 5780 3336 5847 bona
3370 5782 3474 5847 sibi

1902 5862 2198 5931 cognoscit.
