3984 6486
453 466 559 530 29f

920 458 1276 521 HAYMONIS
1314 421 1797 513 HACBERSTAT.
1838 445 2051 504 EPISC.
2092 440 2242 500 OPP.
2282 440 2462 498 PARS
2497 427 2647 497 1.’-
2677 434 3033 496 COMMENT.
3071 403 3245 491 BIBL.

3603 426 3739 485 εει

536 603 556 636 ι
585 580 704 637 Vox
731 597 751 631 ι
799 576 962 633 etiam
1004 575 1151 630 illius
1201 591 1220 623 ι
1256 569 1467 625 Domini
1507 587 1525 619 ι
1556 574 1639 621 est
1676 581 1780 619 vox
1824 559 2033 617 Domini
2061 559 2110 619 Α
2138 550 2313 610 Patris
2357 563 2415 611 et
2460 553 2697 624 Spiritus
2747 552 2919 608 sancti
2966 549 3276 622 cooperatio
3324 544 3732 619 cognoscitur:

456 695 488 730 ι
527 670 889 732 concutientis
934 668 1202 722 desertum
1236 682 1278 727 ι,
1310 662 1362 716 id
1390 669 1496 725 est,
1546 658 1794 714 homines
1822 671 1852 710 a
1887 653 2034 709 cultu

462 769 559 826 Dei
588 779 809 827 vacuos,
853 770 907 816 et
932 755 1323 829 priussteriles
1357 753 1483 807 facit
1519 747 1852 813 fructiferas,
1899 747 2039 802 sicut

463 858 663 928 aliquis
684 866 880 910 terram
901 850 1049 921 prius
1078 849 1345 904 desertam
1369 843 1724 899 concutiendo
1747 848 1800 895 ct
1815 836 2037 894 colendo

464 950 598 1005 facit
632 962 751 1002 eam
792 939 1128 997 fructiferam
1165 955 1177 991 :
1213 957 1231 988 ε
1265 946 1321 991 ει
1353 956 1371 988 ι
1411 933 1768 990 concutiendo
1791 928 2039 985 homines

463 1044 617 1114 prius
640 1041 881 1095 desertos
917 1052 936 1085 ε
973 1030 1334 1089 commovebit
1354 1028 1615 1083 Dominus
1637 1026 1909 1081 desertum
1940 1021 2039 1075 Ca-

465 1133 560 1187 des
605 1149 650 1196 ι,
700 1127 752 1182 id
789 1133 891 1192 est,
933 1123 1173 1192 implebit
1215 1120 1343 1174 illud
1390 1118 1533 1189 quod
1600 1117 1700 1170 fuit
1755 1115 2038 1195 ﬁguratum

461 1238 560 1294 per
601 1218 927 1275 miraculum
956 1216 1157 1270 factum
1204 1212 1258 1267 in
1300 1212 1512 1267 deserto
1539 1208 1727 1263 Cades.
1758 1206 1931 1261 Cades
1959 1210 2042 1259 est

463 1315 737 1370 desertum
773 1310 865 1365 ubi
903 1321 1058 1363 mons
1086 1305 1216 1360 Sina
1260 1309 1363 1367 est,
1406 1302 1458 1354 in
1486 1316 1593 1370 quo
1628 1299 1840 1353 deserto
1867 1295 2045 1351 Domi-

446 1394 567 1460 ‘nus
594 1418 694 1473 per
716 1402 935 1473 Moysen
964 1412 1157 1467 aquam
1186 1396 1251 1450 de
1275 1402 1427 1463 petra
1449 1391 1634 1446 eduxit
1655 1387 1848 1461 (Exod.
1873 1402 1980 1441 xvn
1997 1384 2039 1455 ),

466 1513 588 1568 qua:
618 1496 946 1565 sequebatur
974 1492 1112 1546 ﬁlios
1146 1489 1308 1544 Israel
1336 1503 1434 1558 per
1463 1487 1733 1540 desertum
1767 1502 1779 1536 :
1810 1491 1863 1536 ct
1902 1481 2043 1568 quod

467 1589 615 1644 Deus
637 1599 839 1642 terram
884 1585 1028 1639 illam
1072 1583 1223 1654 prius
1262 1581 1469 1635 aridam
1503 1576 1936 1645 fccitirriguam,
1981 1558 2047 1627 si-

471 1696 636 1750 gnum
675 1679 776 1733 fuit
814 1678 956 1747 quod
1004 1676 1269 1738 homines,
1310 1672 1403 1742 qui
1432 1671 1580 1741 prius
1622 1668 1758 1723 aridi
1792 1674 1949 1722 erant
1994 1674 2049 1720 et

474 1770 710 1835 steriles,
744 1770 976 1840 irriguos
1004 1774 1058 1823 et
1085 1764 1392 1820 fructiferos
1416 1762 1638 1817 faceret.
1672 1759 1767 1813 Vel
1804 1778 1822 1809 ‹
1857 1774 2049 1814 concu-

476 1860 659 1915 tientis
693 1861 963 1915 desertum
996 1877 1016 1909 )
1037 1898 1054 1923 ,
1085 1856 1137 1911 id
1159 1864 1261 1920 εει,
1284 1853 1512 1926 gentiles
1555 1850 1649 1920 qui
1699 1849 1849 1919 prius
1894 1855 2049 1902 erant

2124 643 2190 702 et
2216 649 2329 717 ipse
2363 646 2663 701 «Dominus
2699 663 2716 695 ι
2761 653 2847 699 ter
2880 643 3075 707 dictus,
3115 640 3165 695 id
3205 648 3311 707 est,
3355 639 3577 693 trinitas
3609 642 3739 693 tota

2143 761 2163 794 ‹
2199 740 2394 811 populo
2423 754 2522 794 suo
2558 757 2577 790 ι
2627 737 2921 793 constituto
2952 754 2970 787 ς
3000 734 3053 788 in
3092 747 3224 805 pace
3251 753 3298 799 ι,
3330 730 3384 787 id
3421 738 3533 796 est,
3562 738 3715 786 mter

2138 833 2308 887 nitate
2344 849 2362 880 α
2392 830 2673 885 benedicet
2713 847 2731 879 ‹
2767 828 2943 883 dando
2965 826 3149 898 gloria:
3179 826 3599 880 incrementum.

2600 938 2670 995 IN
2705 937 3036 994 PSALMUM
3066 935 3253 991 XXIX.

2468 1031 2715 1087 Psalmus
2777 1030 2969 1084 cantici
3034 1032 3090 1083 in
3147 1027 3477 1083 dedicatione
3535 1026 3739 1082 domu

2833 1099 3024 1155 David.

2220 1236 2237 1269 ε
2273 1215 2534 1271 Exaltabo
2563 1223 2634 1280 te,
2657 1212 2903 1269 Domine.
2928 1232 2948 1264 ι
2983 1210 3227 1266 Psalmus
3251 1210 3355 1266 iste
3389 1217 3477 1265 est
3502 1207 3739 1273 cantici,

2143 1310 2198 1366 id
2233 1317 2337 1373 est,
2380 1306 2777 1372 exsultationis,
2823 1304 3019 1360 habitae
3066 1303 3120 1357 in
3173 1302 3510 1358 dedicatione
3537 1302 3743 1359 domus

2143 1401 2339 1465 David,
2372 1399 2424 1453 id
2454 1406 2555 1462 est,
2583 1397 2636 1452 in
2667 1396 3101 1451 consideratione
3128 1392 3507 1459 dedicationis,
3539 1392 3592 1447 id
3627 1402 3739 1458 est,

2151 1490 2583 1548 conﬁrmationis
2632 1490 2822 1544 domus
2848 1487 3038 1553 David,
3071 1487 3122 1541 id
3154 1493 3236 1541 est
3261 1486 3509 1557 corporis
3542 1504 3554 1538 :
3587 1485 3740 1559 quod

2150 1602 2350 1656 corpus
2392 1583 2490 1637 fuit
2524 1583 2715 1638 domus
2743 1581 2967 1645 Christi,
2998 1582 3292 1637 secundum
3319 1580 3617 1635 deitatem:
3653 1580 3739 1634 vel

2150 1678 2251 1732 fuit
2277 1677 2470 1731 domus
2498 1675 2772 1745 propheta:
2804 1673 2971 1729 David
2990 1714 3004 1738 ,
3033 1673 3159 1747 quia
3189 1671 3289 1727 fuit
3310 1672 3376 1727 de
3400 1672 3613 1727 semine
3640 1671 3742 1726 Da»

2153 1773 2244 1828 vid
2275 1791 2287 1825 :
2318 1780 2373 1826 et
2399 1769 2559 1839 hujus
2593 1770 2784 1823 domus
2820 1767 3103 1822 fabricatio
3133 1765 3234 1820 fuit
3268 1765 3322 1819 in
3350 1764 3736 1835 conceptione,

2158 1861 2422 1917 dedicatio
2453 1861 2506 1915 in
2540 1859 2955 1915 resurrectione.
3000 1855 3154 1911 Sicut
3189 1856 3330 1911 enim
3370 1854 3567 1909 domus
3594 1855 3741 1911 cele-

2141 1033 2398 1090 Ttrcws.

474 1951 675 2006 deserti
703 1966 734 2004 a
758 1950 904 2006 cultu
930 1949 1026 2004 Dei
1057 1967 1070 2001 :
1100 1956 1156 2004 et
1180 1949 1293 2017 ipse
1319 1945 1576 1999 Dominus
1612 1960 1629 1992 ι
1654 1939 2043 1996 εοηιιῐιονεὺὶι»
2078 1940 2126 2001 Β
2151 1954 2267 2009 bris
2312 1953 2372 2007 ίη
2417 1953 2470 2007 in
2520 1951 2887 2016 dedicatione,
2935 1949 3016 2005 sic
3054 1948 3303 2005 Chrisms
3337 1947 3611 2003 celebrior
3656 1958 3741 2003 εει

475 2042 531 2097 in
567 2041 749 2097 futuro
790 2060 807 2092 ι
844 2042 1117 2096 desertum
1161 2038 1335 2093 Cades
1370 2056 1387 2087 ι
1413 2076 1427 2101 ,
1458 2035 1511 2089 id
1551 2042 1654 2099 est,
1700 2031 1913 2087 JUdtBOS
1959 2031 2050 2100 qui

476 2132 676 2187 deserti
719 2140 875 2187 erant
930 2146 961 2185 a
998 2138 1186 2185 sancto
1246 2127 1399 2199 legis.
1449 2124 1620 2180 Cades
1674 2137 1889 2193 nanque
1929 2137 2052 2176 san-

476 2234 626 2281 ctum
673 2225 808 2296 legis
856 2225 1288 2292 interpretatur:
1330 2230 1385 2275 et
1423 2220 1537 2274 haec
1590 2217 1880 2273 commotio
1920 2215 2051 2283 ﬁet,

479 2315 698 2383 quando
724 2314 962 2383 reliquiae
984 2313 1211 2369 ﬁliorum
1234 2310 1400 2365 Israel
1423 2309 1582 2364 salva:
1602 2307 1764 2362 ﬁent:
1782 2316 1837 2363 et
1857 2309 1925 2362 ab
1949 2308 2052 2363 hoc

480 2417 668 2464 sancto
706 2408 870 2477 legis,
902 2407 954 2462 id
980 2415 1080 2472 est,
1114 2404 1377 2475 spirituali
1411 2402 1684 2458 intellectu
1708 2408 1833 2456 sunt
1863 2401 2054 2455 remoti

477 2498 672 2565 Judaei,
717 2499 808 2569 qui
845 2514 952 2554 non
1001 2496 1333 2553 solummodo
1380 2493 1676 2564 spiritalem
1726 2490 2055 2545 intellectum

481 2600 780 2661 sequuntur
812 2610 823 2644 :
855 2600 905 2645 et
940 2590 1028 2645 hic
1050 2598 1266 2644 notatur
1287 2588 1509 2658 spiritus
1535 2585 1773 2657 pietatis.

556 2705 575 2737 ι
606 2685 724 2741 Vox
761 2706 779 2738 ι
825 2684 970 2740 illius
1007 2684 1169 2738 etiam
1221 2702 1239 2733 ι
1276 2681 1489 2736 Domini
1525 2700 1542 2732 ι
1585 2689 1669 2735 εει
1704 2693 1805 2733 vox
1846 2677 2057 2731 Domini

488 2797 506 2828 ς
539 2777 895 2848 ρναξρετεηιίε
948 2789 1139 2831 cervos
1165 2795 1211 2842 ι,
1266 2774 1318 2829 id
1368 2783 1472 2839 est,
1524 2772 1784 2827 Dominus
1830 2770 1918 2825 ille
1965 2783 2059 2840 per

483 2869 893 2939 inspirationem
922 2883 1073 2924 suam
1120 2875 1389 2937 praeparat
1425 2880 1636 2930 cervos,
1668 2864 1721 2919 id
1759 2871 1859 2927 est,
1897 2877 2059 2933 quos-

486 2960 610 3014 dam
657 2967 716 3013 ut
764 2958 898 3012 ﬁant
947 2958 1150 3013 similes
1200 2960 1395 3024 cervis,
1424 2958 1631 3013 scilicet
1666 2956 1889 3026 pavidos
1922 2956 2059 3010 bono

484 3048 682 3104 timore
700 3055 756 3102 et
777 3047 1087 3102 haurientes
1103 3062 1306 3102 venena
1330 3046 1488 3115 hujus
1512 3046 1719 3109 mundi,
1742 3045 1815 3099 ita
1842 3043 2059 3113 quidem

486 3138 632 3209 quod
664 3137 753 3192 illa
782 3138 975 3192 hausta
1014 3152 1120 3191 non
1162 3145 1393 3191 noceant
1421 3136 1543 3190 illis.
1589 3133 1872 3189 Sustinent
1918 3135 2060 3188 enim

486 3226 891 3300 persecutiones
941 3234 996 3282 et
1033 3224 1366 3293 obiectiones
1424 3225 1824 3291 htereticorum,
1867 3224 2061 3293 quibus

488 3331 667 3378 tamen
719 3336 827 3375 non
879 3320 1165 3376 lteduntur.
1231 3317 1526 3373 Cervorum
1580 3330 1814 3385 namque
1871 3322 2058 3367 natura

488 3422 576 3469 est
605 3421 664 3467 ut
688 3412 872 3483 pavidi
896 3412 1025 3477 sint,
1050 3424 1256 3465 venena
1276 3408 1551 3472 hauriunt,
1580 3422 1699 3476 quae
1728 3417 1902 3462 tamen
1931 3404 2061 3459 nihil

427 3556 444 3574 ,
488 3503 569 3558 eis
594 3511 808 3566 nocent,
836 3510 891 3557 et
916 3502 1006 3557 hic
1023 3508 1237 3556 notatur
1258 3500 1479 3570 spiritus
1507 3496 1735 3562 timoris,
1762 3504 1817 3552 et
1841 3497 1955 3551 haec
1985 3495 2064 3549 in-

491 3595 714 3666 spiratio
756 3593 968 3648 timoris
1004 3612 1023 3644 ‹
1059 3590 1321 3647 revelabit
1357 3590 1624 3645 condensa
1660 3607 1678 3638 ι
1699 3628 1713 3651 ,
1748 3586 1800 3641 id
1836 3593 1938 3651 est,
1968 3600 2062 3640 oc-

480 3683 636 3747 ‘cnlta
664 3683 1093 3754 Scripturarum.
1126 3680 1278 3737 Sicut
1297 3681 1442 3735 enim
1470 3693 1663 3734 cervus
1686 3692 1785 3748 per
1814 3678 2065 3731 timorem

492 3777 811 3832 transcurrit
845 3777 1113 3832 condensa
1145 3776 1445 3847 spinarum,
1470 3775 1549 3829 sic
1577 3773 1745 3845 gratia
1773 3772 1869 3828 Dei
1896 3771 2066 3826 Deum

492 3870 807 3927 timentibus
842 3871 1014 3940 aperit
1039 3869 1248 3925 occulta
1275 3868 1677 3938 Scripturarum
1705 3883 1717 3918 :
1742 3874 1796 3920 et
1821 3865 1945 3934 quia
1972 3879 2069 3935 per

494 3963 611 4017 haec
642 3962 782 4017 dona
817 3969 1159 4017 consummat
1200 3959 1521 4023 Ecclesiam,
1568 3959 1688 4012 ideo
1717 3977 1736 4008 ‹
1777 3972 1974 4011 omnes
1996 3956 2072 4012 di-

496 4060 623 4108 cent
649 4052 876 4123 gloriam
918 4051 968 4106 ei
1000 4070 1017 4101 ι
1037 4092 1052 4115 ,
1086 4051 1138 4105 id
1171 4059 1282 4112 est,
1326 4048 1694 4120 praedicabunt
1727 4061 1850 4101 eum
1882 4048 2072 4117 glorio-

496 4157 617 4197 sum
645 4161 663 4192 ι
691 4155 917 4195 omnes:
950 4160 967 4191 ι
999 4141 1119 4195 dico
1149 4140 1456 4208 quicunque
1479 4138 1722 4192 habitant
1751 4156 1768 4187 ι
1800 4137 1852 4191 in
1876 4137 2072 4207 templo

494 4232 611 4300 ejus
640 4253 699 4299 ι,
751 4232 804 4286 id
846 4240 948 4295 est,
985 4232 1038 4286 in
1084 4239 1268 4287 sancta
1302 4230 1575 4294 Ecclesia,
1627 4244 1747 4300 quae
1794 4243 1890 4299 per
1949 4228 2065 4298 ipsa

498 4325 636 4382 dona
667 4332 1092 4379 consummatur.
1124 4322 1225 4385 llic
1247 4330 1465 4379 notatur
1487 4337 1613 4393 pars
1636 4322 1814 4387 tertia,
1842 4321 2070 4385 scilicet,

498 4416 566 4472 de
591 4415 968 4483 cooperatione
998 4415 1175 4470 Patris
1205 4423 1259 4470 et
1296 4413 1418 4468 Filii
1450 4427 1572 4467 cum
1615 4411 1815 4482 Spiritu
1862 4420 2069 4469 sancto.

498 4502 884 4561 Coutinuatio:
920 4503 1155 4575 Spiritus
1210 4513 1429 4560 sanctus
1479 4503 1690 4558 confert
1738 4503 1851 4557 haec
1892 4502 2073 4557 omnia

500 4597 639 4652 dona
673 4613 687 4650 :
719 4596 830 4665 ipse
865 4596 1027 4651 etiam
1057 4595 1198 4652 idem
1227 4613 1246 4648 ι
1284 4596 1543 4652 Dominus
1573 4594 1701 4649 facit
1733 4596 1895 4649 etiam
1923 4594 2074 4649 inha-

504 4685 679 4740 bitare
712 4684 969 4741 diluvium
1000 4705 1017 4736 ι
1054 4727 1071 4753 ,
1105 4686 1157 4741 id
1191 4696 1275 4742 est
1298 4701 1424 4741 suos
1455 4685 1639 4740 ﬁdeles
1674 4684 1803 4740 facit
1832 4686 2076 4741 habitare

502 4776 850 4846 baptismum.
896 4777 1097 4832 Vivunt
1144 4777 1288 4830 enim
1332 4776 1465 4845 justi
1513 4776 1568 4830 in
1613 4776 1935 4845 baptismate
1982 4776 2075 4830 ubi

502 4866 733 4921 crimina
760 4866 944 4920 mundi
972 4866 1301 4929 moriuntur,
1334 4867 1478 4935 quod
1506 4865 1864 4936 signiﬁcatum
1891 4863 1991 4918 fuit
2020 4866 2074 4920 in

501 4956 724 5022 diluvio,
755 4956 809 5011 in
830 4970 936 5026 quo
970 4955 1083 5010 Noe
1109 4966 1329 5027 propter
1356 4972 1508 5012 suam
1543 4955 1809 5025 justitiam
1854 4971 2076 5011 securus

501 5050 788 5117 habitavit,
816 5057 871 5105 et
904 5050 1179 5105 criminosi
1227 5048 1423 5104 mortui
1455 5057 1579 5103 sunt
1624 5045 1777 5118 (Gen.
1810 5045 1929 5117 vn).
1957 5045 2080 5116 Spi-

502 5144 642 5200 ritus
686 5152 908 5199 sanctus
935 5153 1127 5214 purgat
1162 5158 1259 5199 eos
1299 5158 1395 5213 per
1435 5141 1690 5197 diluvium
1720 5140 2075 5209 baptismatis;

512 5253 529 5286 ι
558 5246 610 5289 ct
632 5220 916 5301 Dominus,
938 5254 957 5287 ι
991 5234 1160 5289 Filius
1186 5233 1411 5297 scilicet,
1443 5253 1461 5285 ι
1487 5231 1693 5287 sedebit
1725 5246 1816 5285 rex
1849 5249 1868 5281 ι
1895 5230 2078 5284 1)οωί-

506 5346 610 5385 nus
642 5328 694 5383 in
737 5327 816 5383 eis
857 5328 1107 5399 judicans
1140 5345 1152 5381 :
1182 5334 1234 5381 et
1277 5326 1331 5379 in
1359 5326 1438 5380 eis
1476 5323 1686 5379 sedebit
1724 5338 1833 5376 non
1873 5330 2081 5375 tantum

506 5437 677 5492 usque
708 5422 761 5476 in
793 5421 954 5477 ﬁnem
983 5420 1189 5483 mundi,
1220 5420 1313 5475 sed
1348 5436 1366 5470 ι
1404 5419 1456 5472 in
1487 5428 1768 5472 aetenmm.
1792 5437 1811 5469 ι

581 5510 647 5565 Et
671 5510 747 5565 illi
776 5530 794 5562 ι
825 5509 1024 5582 popqu
1068 5524 1165 5565 suo
1197 5528 1216 5560 ι
1259 5516 1369 5562 tam
1416 5513 1643 5576 purgato
1683 5519 1780 5576 per
1820 5504 2081 5576 Spiritum

511 5611 755 5658 sanctum
791 5620 805 5657 :
834 5611 888 5658 et
914 5603 988 5657 ita
1013 5602 1311 5673 gubernato
1338 5612 1433 5669 per
1454 5597 1646 5653 Filium
1676 5598 1823 5654 dabit
1856 5619 1872 5649 ι
1908 5598 2084 5653 1)οωί-

512 5709 616 5747 nus
650 5713 667 5744 ι
719 5694 881 5750 Pater
920 5714 939 5746 ‹
994 5693 1246 5747 virtutem
1301 5711 1319 5743 ι
1351 5732 1365 5757 ,
1422 5691 1476 5746 id
1526 5699 1644 5757 est,
1693 5692 2081 5747 incrementum

512 5782 796 5851 bonorum,
843 5793 897 5840 et
926 5764 1087 5860 etiam
1138 5783 1317 5839 omnia
1369 5785 1505 5840 bona
1557 5784 1861 5854 supradicta
1904 5797 2080 5853 quam

515 5884 704 5932 sancto
742 5875 943 5946 Spiritu
974 5876 1279 5944 specialiter
1323 5877 1439 5933 dari
1467 5877 1747 5941 dicuntur,
1788 5876 1838 5930 in
1878 5890 1980 5945 qua
2024 5890 2081 5931 re

2100 4646 2153 4709 D

2152 2046 2329 2102 factus
2357 2046 2410 2101 in
2441 2044 2858 2108 resurrectione,
2900 2050 3180 2112 assumpta
3220 2040 3658 2112 impassibilitate
3686 2050 3741 2097 et

2153 2136 2585 2193 immortalitate.
2617 2134 2864 2191 Christus
2884 2143 2969 2190 est
2996 2133 3243 2198 materia,
3275 2148 3437 2203 quam
3459 2133 3542 2188 sic
3563 2133 3743 2204 dispo-

2153 2232 2253 2287 nit.
2297 2230 2354 2285 ln
2400 2230 2574 2301 prima
2604 2238 2757 2299 parte
2792 2227 2987 2298 psalmi
3024 2234 3109 2283 est
3148 2225 3445 2298 gratiarum
3479 2225 3628 2281 actio
3673 2225 3741 2281 de

2152 2325 2426 2389 libertate,
2459 2322 2512 2376 in
2539 2336 2645 2392 qua
2668 2320 2833 2374 etiam
2890 2319 3140 2374 hortatur
3179 2325 3394 2373 sanctos
3433 2325 3496 2372 ut
3521 2332 3627 2389 pro
3654 2331 3744 2373 ea-

2156 2417 2277 2472 dem
2325 2413 2552 2469 Domino
2595 2411 2825 2467 reddant
2851 2418 3054 2480 grates,
3085 2424 3204 2481 qua:
3233 2408 3486 2464 liberatio
3524 2407 3741 2463 illorum

2156 2508 2348 2578 estqui
2381 2523 2478 2577 per
2507 2521 2629 2561 eam
2670 2503 2885 2559 liberati
2916 2510 3063 2558 sunt.
3096 2502 3154 2558 ln
3185 2500 3418 2557 secunda
3459 2509 3625 2571 parte
3659 2514 3743 2557 οερ

2161 2602 2394 2657 tenditur
2431 2600 2701 2663 meritum,
2749 2612 2920 2667 quare
2960 2595 3059 2651 fuit
3106 2595 3327 2667 dignum
3358 2603 3419 2651 ut
3443 2594 3740 2652 liberaren-

2159 2703 2265 2748 tur.
2293 2691 2349 2745 ln
2377 2690 2531 2746 tertia
2558 2697 2713 2760 parte
2749 2688 2895 2743 circa
2938 2684 3100 2741 ﬁnem
3130 2683 3416 2740 manifeste
3456 2685 3617 2754 ponit
3654 2699 3739 2740 re-

2160 2782 2568 2839 surrectionem.
2606 2777 2837 2834 Intentio
2868 2785 2953 2833 est
3006 2775 3216 2832 hortari
3249 2774 3501 2832 homines
3531 2776 3606 2830 ad
3631 2776 3745 2833 lau-

2162 2874 2283 2929 dem
2310 2872 2400 2925 Dei
2431 2872 2497 2925 de
2527 2884 2623 2924 sua
2653 2867 2975 2931 substantia,
3005 2881 3125 2936 quae
3150 2874 3205 2920 et
3233 2864 3451 2920 illorum
3471 2872 3558 2920 est
3585 2881 3600 2916 :
3625 2880 3743 2936 qua

2162 2971 2381 3017 notatur
2402 2959 2489 3014 ubi
2522 2959 2722 3014 dicitur
2752 2973 2767 3012 :
2798 2977 2816 3009 ι
2837 2954 3056 3012 Psallite
3085 2956 3335 3022 Domino,
3364 2955 3539 3012 sancti
3559 2955 3699 3027 ejus,
3718 2974 3737 3008 ι

2163 3062 2218 3108 ει
2240 3059 2433 3107 thlera
2472 3070 2484 3105 :
2513 3059 2567 3107 et
2598 3067 2627 3105 a
2651 3049 2948 3123 gratiarum
2978 3048 3191 3104 actione
3212 3048 3278 3104 de
3308 3062 3410 3104 sua
3430 3047 3746 3103 liberatione

2166 3144 2243 3199 sic
2276 3141 2465 3212 incipit
2496 3160 2507 3193 :

2237 3236 2350 3290 Vox
2383 3231 2584 3288 Christi
2618 3250 2635 3282 ι
2664 3230 2891 3285 Domine
2922 3227 3088 3294 Deus,
3113 3228 3360 3284 exaltabo
3392 3236 3445 3284 te
3477 3248 3526 3295 ι,
3554 3228 3607 3284 id
3644 3238 3743 3294 est,

2167 3324 2434 3396 ampliabo
2455 3337 2648 3377 nomen
2679 3329 2830 3375 tuum
2856 3335 2954 3391 per
2996 3320 3193 3381 multas
3218 3326 3407 3397 gentes
3436 3336 3449 3373 :
3476 3327 3533 3374 et
3557 3333 3626 3375 ne
3644 3318 3746 3375 hoc

2163 3419 2437 3473 videretur
2463 3415 2679 3479 mirum,
2721 3412 2864 3484 quod
2902 3411 3123 3468 humilis
3153 3420 3277 3469 tam.
3303 3411 3477 3467 altum
3526 3411 3743 3467 deberet

2163 3522 2230 3564 ex
2267 3508 2457 3570 altare,
2504 3505 2742 3561 ostendit
2772 3503 2914 3574 quod
2952 3503 3123 3574 possit
3159 3510 3214 3556 et
3254 3500 3466 3567 debeat,
3514 3502 3695 3558 dicens
3723 3520 3740 3554 :

2164 3599 2288 3657 Ideo
2335 3614 2554 3670 possum
2602 3605 2657 3653 et
2701 3596 2890 3662 debeo,
2924 3612 2943 3645 ι
2982 3582 3237 3664 quoniam
3282 3593 3572 3664 suscepisti
3608 3608 3689 3648 me
3716 3612 3734 3644 ι

2165 3691 2401 3749 uniendo
2432 3690 2666 3747 Verbum
2696 3697 2847 3744 tuum
2888 3702 3021 3743 mea:
3048 3685 3372 3742 humanitati
3405 3704 3419 3740 :
3453 3695 3506 3742 et
3531 3692 3746 3756 propter

2165 3785 2269 3841 hoc
2299 3782 2462 3838 etiam
2494 3781 2635 3851 quod
2686 3800 2703 3831 ί
2735 3793 2835 3835 nec
2864 3777 3140 3835 delectasti
3176 3797 3194 3828 ι
3222 3818 3239 3846 ,
3270 3777 3325 3833 id
3354 3785 3458 3843 est,
3491 3775 3743 3831 delectari

2168 3874 2342 3930 fecisti
2374 3892 2392 3924 ι
2424 3873 2674 3927 inimicos
2717 3880 2867 3927 meas
2901 3889 2919 3922 ι
2951 3870 3237 3941 quoslibet,
3288 3870 3363 3924 ita
3400 3869 3534 3939 quod
3562 3876 3746 3923 essent

2175 3984 2193 4017 ι
2227 3979 2387 4034 super
2409 3977 2494 4017 me
2532 3982 2550 4014 ι
2586 3978 2645 4017 εε
2686 3977 2807 4017 esse
2846 3962 2899 4016 in
2926 3960 3196 4031 passione,
3237 3969 3420 4016 tamen
3450 3958 3577 4014 illud
3610 3974 3749 4031 gau-

2170 4055 2319 4110 dium
2345 4069 2556 4109 versum
2582 4062 2667 4109 est
2694 4052 2751 4107 in
2783 4052 3081 4107 tristitiam.

2244 4145 2310 4199 Et
2351 4145 2469 4199 ideo
2506 4144 2670 4198 etiam
2706 4162 2723 4193 ‹
2745 4141 2996 4197 exaltabo
3023 4150 3076 4197 te
3103 4160 3121 4194 ι
3149 4141 3276 4214 quia
3310 4158 3329 4192 t
3364 4141 3572 4197 sanasti
3611 4156 3699 4197 me
3729 4160 3747 4194 ι

2171 4237 2414 4291 etiamin
2438 4235 2571 4289 meis
2590 4275 2604 4299 ,
2635 4249 2723 4288 me
2752 4233 3000 4289 faciendo
3030 4233 3415 4304 impassibilem
3441 4244 3497 4289 et
3535 4234 3755 4299 immor-

2174 4327 2336 4382 talem
2365 4326 2418 4379 in
2447 4326 2604 4390 meis,
2636 4324 2911 4379 liberando
2932 4337 3025 4379 eos
3054 4339 3085 4377 a
3119 4324 3381 4394 peccatis,
3417 4335 3475 4381 et
3507 4325 3759 4383 faciendo

2167 4417 2344 4488 justos
2383 4436 2395 4471 :
2426 4424 2479 4471 et
2513 4424 2597 4470 est
2616 4416 2893 4486 prmmissa
2937 4429 3132 4480 causa,
3167 4417 3311 4484 quod
3345 4416 3539 4487 dignus
3581 4416 3758 4473 salva-

2175 4510 2321 4565 tione
2345 4509 2436 4575 sit,
2465 4523 2589 4563 cum
2633 4506 2765 4561 dicit
2797 4525 2810 4559 :
2839 4525 2858 4556 ι
2890 4504 3117 4562 Domine
3162 4506 3303 4563 Deus
3325 4523 3497 4575 meus,
3531 4510 3756 4566 clamavi

2177 4602 2244 4657 ad
2275 4610 2350 4656 te.
2387 4620 2406 4653 ι

2253 4693 2319 4748 Ει
2345 4692 2466 4748 ideo
2493 4710 2512 4744 ι
2539 4689 2789 4745 exaltabo
2814 4698 2885 4755 te,
2917 4709 2935 4743 ι
2964 4690 3089 4760 quia
3118 4697 3193 4755 tu,
3216 4709 3235 4740 ‹
3256 4689 3504 4757 Domine,
3527 4689 3760 4746 eduxisti

2180 4786 2415 4840 animam
2461 4798 2638 4838 meam
2670 4784 2738 4838 ab
2763 4780 2975 4837 inferno
3009 4801 3027 4834 ι
3071 4790 3125 4837 ει
3163 4782 3242 4837 sic
3280 4800 3300 4832 «
3350 4780 3570 4836 salvasti
3599 4797 3629 4836 a
3666 4782 3761 4836 de-

2180 4875 2561 4929 scendentibus
2590 4873 2644 4927 in
2674 4873 2849 4927 lacum
2887 4892 2932 4939 ι,
2977 4872 3032 4927 id
3064 4880 3182 4938 est,
3227 4887 3257 4926 a
3284 4870 3486 4927 Iudaeis
3523 4871 3780 4926 salvatus

2180 4961 2298 5027 fuit,
2327 4964 2543 5032 quando
2566 4976 2631 5017 eo
2658 4960 2805 5017 facto
2832 4962 3120 5017 immortali
3157 4970 3214 5018 et
3241 4960 3581 5032 impassibili,
3616 4962 3758 5018 nulla

2179 5052 2321 5107 mala
2343 5051 2542 5106 inferre
2566 5059 2815 5122 poterant
2836 5051 2906 5107 ei.

2253 5144 2320 5199 Et
2348 5144 2468 5198 ideo
2509 5146 2632 5214 quia
2679 5145 2757 5200 sic
2795 5159 2881 5199 me
2919 5142 3176 5199 Dominus
3204 5143 3487 5211 liberavit,
3528 5158 3628 5199 vos
3664 5159 3766 5213 per

2184 5248 2358 5291 meam
2405 5235 2787 5290 liberationem
2831 5233 2958 5288 facti
3005 5235 3177 5290 sancti
3232 5233 3392 5303 ejus:
3430 5253 3449 5286 ι
3485 5233 3703 5304 psallite
3738 5254 3759 5286 ι

2185 5326 2324 5381 bene
2360 5324 2631 5395 operando
2678 5324 2803 5379 huic
2841 5341 2860 5374 ¢
2895 5323 3121 5380 Domino
3154 5342 3173 5375 ι
3220 5341 3239 5373 ι
3272 5333 3328 5379 ει
3368 5323 3705 5379 conﬁtemini
3738 5345 3760 5375 ι

2190 5431 2285 5471 ore
2330 5424 2386 5469 et
2432 5414 2593 5468 corde
2634 5432 2652 5465 ο
2681 5413 2954 5469 memoriae
2990 5433 3009 5466 ι
3042 5454 3057 5479 ,
3102 5414 3155 5468 id
3189 5423 3300 5478 est,
3346 5413 3473 5469 huic
3506 5415 3764 5485 Domino,

2187 5506 2312 5576 quia
2329 5518 2535 5558 memor
2558 5504 2754 5558 vestri:
2776 5525 2793 5557 ι
2816 5504 3087 5561 memoria:
3107 5525 3126 5558 ι
3152 5505 3291 5571 dico,
3307 5520 3413 5561 non
3436 5506 3769 5577 procedente

2188 5615 2255 5656 ex
2288 5605 2474 5652 nostro
2496 5596 2711 5663 merito,
2743 5597 2835 5653 sed
2882 5615 2900 5648 ‹
2929 5597 3233 5652 sanctitatis
3259 5598 3375 5669 ejus
3404 5617 3448 5666 ι,
3478 5598 3531 5653 id
3556 5605 3662 5665 est,
3690 5612 3769 5653 ex

2190 5706 2286 5747 sua
2318 5688 2428 5745 sola
2455 5689 2760 5744 sanctitate.
2793 5688 2886 5745 Vel
2924 5708 2943 5741 ‹
2972 5690 3246 5746 memoriae
3279 5691 3580 5747 sanctitatis
3611 5710 3630 5744 ι
3660 5731 3676 5757 ,
3707 5691 3767 5748 id

2189 5791 2293 5845 est,
2341 5796 2443 5851 qua
2474 5780 2771 5836 sanctiﬁcat
2800 5779 2935 5835 alios
2967 5798 2981 5835 :
3013 5783 3318 5839 sanctitatis
3348 5784 3468 5839 dico
3503 5801 3523 5834 α
3560 5781 3676 5854 ejus
3709 5801 3763 5849 ι,

2188 5875 2243 5930 id
2268 5882 2367 5939 est,
2398 5888 2516 5944 quae
2546 5873 2614 5929 ab
2637 5874 2752 5943 ipso
2773 5873 3027 5943 procedit.
