3984 6446
213 405 330 465 293

1374 391 1815 455 EX‘PLANATIO
1854 389 1927 459 IN,
1962 387 2294 443 PSALMOS.

3379 349 3499 440 294.

258 579 262 583 .
294 526 366 586 Et
397 525 538 582 bene
577 519 837 579 debemus
863 516 1140 583 conﬁteri,
1178 532 1198 567 ι
1230 513 1489 584 quoniam
1534 513 1614 567 ira
1643 511 1696 566 in
1728 509 1808 564 in—
1834 511 1888 572 Α
1912 505 2097 561 fusus?
2124 505 2182 560 Si
2213 506 2432 578 sanguis
2462 504 2605 576 justi
2626 503 2956 571 effundatur,
2987 501 3147 559 debet
3174 501 3437 574 proﬁcere
3466 520 3480 556 :

223 618 538 692 dignatione
578 614 699 684 ejus
732 632 778 677 ι,
827 611 879 666 id
918 618 1024 675 est,
1055 608 1273 679 quando
1300 621 1358 662 se
1386 606 1582 661 avertit
1610 604 1677 658 ab
1706 602 1807 657 ali-

221 730 355 786 quo,
388 719 472 767 est
500 722 663 779 poena
688 706 739 761 ei
773 720 804 759 a
829 720 937 774 quo
966 718 1025 758 se
1053 702 1252 757 avertit
1283 716 1298 756 :
1326 721 1345 751 ‹
1375 698 1505 755 etin
1532 698 1810 755 voluntate

223 804 346 874 ejus
389 821 443 867 ι,
503 799 554 854 id
606 806 722 863 est,
768 796 822 850 in
874 792 1212 865 beneplacito
1255 790 1402 862 ejus,
1462 797 1546 845 est
1586 808 1605 840 ι
1638 787 1748 841 vita
1786 807 1804 840 ι

223 912 350 968 qua:
380 892 570 963 incipit
603 892 657 945 in
682 891 784 945 hac
806 888 916 942 vita
945 901 1053 961 pet;
1064 885 1355 956 justitiam,
1385 891 1441 937 et
1476 882 1625 937 ducit
1650 881 1707 936 in
1731 879 1813 934 vi-

228 999 340 1044 tam
370 994 649 1041 aeternam.
682 981 750 1036 Et
776 980 864 1034 hic
900 978 1074 1032 innuit
1096 976 1237 1045 quod
1279 990 1382 1030 non
1415 982 1622 1028 tantum
1649 972 1813 1027 debe-

225 1094 352 1134 mus
377 1075 605 1130 Domino
632 1069 879 1127 conﬁteri
906 1067 1030 1137 quia
1058 1067 1150 1121 dat
1171 1065 1333 1130 bona,
1365 1063 1460 1118 sed
1495 1062 1622 1131 quia
1647 1061 1811 1115 etiam

226 1169 373 1225 mala
399 1172 663 1230 removet,
693 1163 747 1217 in
776 1159 972 1232 quibus
997 1157 1143 1227 juste
1174 1156 1513 1213 tenebamur.

303 1277 449 1331 Dixit
487 1274 631 1345 quod
662 1273 742 1327 ira
782 1280 863 1327 est
904 1270 959 1324 in
986 1268 1385 1339 indignatione,
1421 1274 1475 1321 et
1504 1266 1613 1321 vita
1642 1267 1696 1321 in
1722 1280 1816 1320 vo-

225 1367 440 1423 luntate
472 1384 485 1419 :
516 1378 659 1420 nunc
707 1361 944 1418 ostendit
994 1375 1092 1430 per
1136 1374 1295 1428 quem
1339 1357 1410 1413 sit
1465 1358 1565 1424 ira,
1608 1357 1817 1413 scilicet

228 1476 330 1531 per
357 1458 528 1514 Adam
564 1476 577 1511 :
606 1465 661 1512 et
688 1455 919 1525 quibus?
962 1452 1171 1508 scilicet
1208 1451 1573 1506 imitatoribus
1598 1450 1766 1521 ipsius
1796 1465 1811 1503 :

230 1542 297 1607 et~
317 1564 413 1622 per
433 1564 595 1619 quem
624 1547 695 1603 sit
722 1547 855 1611 vita,
877 1546 1100 1608 scilicet,
1132 1559 1227 1614 per
1255 1542 1529 1599 Christum
1563 1561 1575 1596 :
1608 1550 1664 1598 et
1698 1543 1817 1613 qui-

232 1641 371 1696 bus?
394 1638 601 1694 scilicet
632 1635 994 1691 imitatoribus
1018 1633 1239 1689 Christi.
1271 1632 1618 1687 Comi-nuntio
1644 1650 1656 1686 :
1696 1631 1816 1687 Vita

231 1743 319 1788 est
344 1732 397 1787 in
419 1730 714 1794 voluntate,
761 1729 854 1783 sed
881 1742 987 1782 non
1017 1727 1268 1781 omnibus
1297 1743 1308 1777 :
1344 1726 1470 1796 quia
1516 1725 1816 1796 respicien-

236 1827 381 1881 tibus
431 1822 548 1877 tad
586 1834 867 1892 vesperum
904 1838 946 1883 ι,
992 1817 1045 1873 id
1088 1826 1205 1881 est,
1259 1816 1595 1871 imitantibus
1627 1831 1812 1871 casum

233 1916 385 1971 Adze.
414 1914 512 1969 Rci
539 1913 681 1968 enim
725 1911 927 1966 veritas
959 1916 1062 1973 εει,
1096 1909 1239 1977 quod
1266 1907 1436 1961 Adam
1473 1908 1525 1962 in
1568 1921 1809 1977 vespera,

236 2006 294 2061 id
321 2014 423 2071 est,
451 2012 576 2074 post
603 2001 883 2057 meridiem
914 1999 1219 2055 declinante
1242 1997 1354 2052 sole
1385 1996 1545 2066 fregit
1567 1997 1820 2052 obedien-

238 2094 394 2149 tiam.
443 2094 578 2147 Dum
622 2091 768 2146 enim
816 2089 917 2144 fuit
944 2088 1115 2143 Adam
1148 2089 1200 2142 in
1231 2088 1476 2150 meridie,
1525 2087 1576 2141 id
1614 2095 1716 2151 εει,
1764 2086 1818 2141 in

238 2184 461 2237 fervore
508 2180 845 2244 dilectionis,
892 2178 1254 2234 obedientiam
1300 2178 1525 2231 viriliter
1563 2176 1817 2231 servavit.

236 2272 534 2343 Postquam
564 2286 694 2326 vero
719 2270 959 2326 charitas
988 2269 1041 2323 in
1073 2284 1138 2322 eo
1167 2267 1397 2334 refrixit,
1431 2276 1482 2323 et
1516 2275 1639 2338 post
1658 2267 1823 2321 meri-

240 2366 409 2428 diem,
458 2364 510 2418 id
558 2370 661 2427 est,
712 2368 835 2431 post
877 2361 1196 2415 charitatem
1237 2359 1353 2423 fuit,
1408 2360 1475 2414 ab
1516 2358 1821 2413 obedientia

241 2454 499 2511 discessit
530 2467 546 2506 :
581 2451 734 2521 cujus
781 2450 1081 2505 imitatores
1127 2448 1201 2503 illi
1253 2458 1376 2503 esse
1422 2448 1713 2511 dicuntur,
1767 2448 1820 2500 in

240 2546 442 2616 quibus
467 2560 573 2599 non
604 2542 759 2597 ardet
798 2541 1059 2605 Charitas,
1088 2549 1143 2594 et
1180 2538 1285 2594 illis
1319 2537 1730 2609 respicientibus
1755 2537 1824 2590 ad

242 2651 528 2707 vesperum
577 2652 595 2685 ε
624 2632 995 2689 demorabitur
1027 2630 1180 2686 ﬂetus
1208 2652 1226 2683 ι
1253 2673 1268 2690 ,
1299 2630 1352 2684 id
1381 2641 1482 2695 est,
1523 2628 1827 2684 remanebit

243 2727 446 2782 fletus:
481 2723 894 2795 respicientibus
942 2737 1070 2777 vero
1121 2741 1138 2773 ‹
1177 2722 1242 2776 ad
1294 2720 1614 2775 matutinum
1648 2739 1666 2772 ι
1702 2760 1717 2785 ,
1773 2719 1825 2774 id

244 2828 353 2884 εει,
390 2818 456 2872 ad
498 2816 948 2872 resurrectionem
978 2814 1177 2869 Christi
1217 2812 1412 2868 factam
1454 2814 1508 2867 in
1548 2827 1726 2877 mane,
1770 2812 1824 2866 id

245 2919 354 2976 est,
385 2910 749 2965 imitatoribus
775 2907 891 2979 ejus
930 2925 950 2957 ι
988 2906 1171 2989 laetitia
1201 2925 1245 2959 ι.

321 3022 419 3078 llic
445 3020 680 3077 ostendit
706 3030 763 3075 et
789 3034 1007 3075 causam
1037 3026 1091 3073 et
1113 3018 1365 3073 meritum
1407 3031 1516 3072 suae
1546 3016 1823 3071 liberatio-

248 3117 359 3182 nis,
401 3126 453 3171 et
495 3114 732 3172 ostendit
778 3128 899 3168 eum
944 3111 1278 3168 contrarium
1324 3123 1444 3166 esse
1489 3109 1619 3164 Adm
1650 3128 1662 3163 :
1697 3109 1824 3179 quia

248 3222 371 3265 eum
400 3208 568 3263 Adam
596 3215 741 3263 esset
776 3204 1045 3276 perfectus
1072 3211 1124 3258 ει
1156 3203 1209 3257 in
1232 3201 1559 3256 abundantia
1592 3200 1822 3270 positus,
1854 3225 1901 3289 ο

248 3316 357 3354 non
384 3299 628 3363 attendit,
654 3298 761 3352 imo
784 3296 1026 3351 recessit.
1051 3294 1299 3350 Ostendit
1328 3302 1507 3347 autem
1530 3292 1673 3361 quod
1702 3307 1825 3347 cum

248 3389 499 3445 Christus
528 3397 673 3444 esset
700 3387 903 3457 positus
939 3385 992 3439 in
1016 3382 1365 3448 abundantia,
1412 3382 1561 3437 nulla
1599 3381 1826 3436 tribula-

252 3481 398 3535 tione
443 3479 510 3532 ab
538 3477 844 3532 obedientia
889 3475 1064 3544 potuit
1103 3474 1387 3528 removeri.
1437 3472 1825 3536 Continuatio‘:

250 3571 365 3626 lllis
414 3567 826 3637 respicientibus
871 3566 941 3621 ad
981 3579 1286 3633 vesperum,
1318 3563 1423 3618 erit
1450 3563 1626 3616 ﬂetus.
1665 3579 1684 3613 ι
1719 3562 1832 3631 Ego

259 3666 439 3713 autem
470 3677 488 3709 ι
545 3672 650 3711 non
698 3670 817 3709 sum
868 3656 933 3711 de
980 3654 1106 3719 illis,
1152 3652 1398 3717 scilicet,
1447 3651 1687 3705 existens
1725 3668 1742 3700 ι
1778 3651 1833 3704 in

259 3751 595 3807 abundantia
635 3764 755 3804 mea
804 3767 859 3816 ι,
908 3748 959 3803 id
1006 3755 1092 3802 est
1128 3747 1181 3801 in
1218 3744 1548 3817 perfectione
1595 3745 1836 3799 scientia:

253 3851 312 3897 et
335 3842 574 3897 omnium
602 3841 859 3894 virtutum
893 3856 912 3890 ι
949 3838 1056 3893 dixi
1088 3856 1134 3903 ι,
1186 3836 1240 3891 id
1269 3845 1371 3899 est,
1406 3834 1698 3889 deliberavi
1734 3851 1747 3887 :
1778 3834 1833 3888 in

254 3933 374 4004 ipsa
422 3931 499 3987 rei
544 3930 871 3986 exhibitione
915 3930 1019 3984 hoc
1059 3927 1337 3984 ostendit:
1376 3945 1395 3978 ‹
1421 3942 1528 3982 non
1578 3928 1835 3982 movebor

256 4022 327 4078 ab
348 4023 438 4076 illa
464 4019 796 4077 abundantia
825 4040 845 4073 ι
885 4038 904 4071 ι
934 4020 987 4074 in
1016 4012 1300 4075 :eternum.
1334 4037 1352 4069 ι

328 4135 475 4191 Dixit
503 4135 646 4206 quod
674 4132 820 4189 illam
846 4133 1230 4189 abundantiam
1255 4132 1577 4199 custodiret,
1607 4141 1662 4187 et
1690 4147 1836 4189 nunc

254 4227 497 4282 ostendit
534 4225 678 4296 quod
711 4224 857 4279 illam
887 4223 1276 4280 abundantiam
1316 4240 1423 4279 non
1463 4225 1627 4279 habet
1655 4240 1722 4281 ex
1750 4240 1832 4290 se,

255 4320 355 4373 sed
383 4332 449 4371 ex
471 4315 586 4372 solo
614 4317 741 4383 Deo,
768 4324 821 4371 et
849 4316 951 4371 hoc
975 4324 1082 4383 est,
1111 4334 1129 4367 ι
1150 4316 1394 4382 Domine,
1421 4316 1602 4371 decori
1632 4332 1752 4372 meo
1786 4337 1834 4384 ι,

256 4409 311 4465 id
338 4418 441 4474 est,
485 4406 826 4464 abundantia:
856 4407 931 4462 illi
960 4422 1094 4462 mea:
1129 4426 1145 4458 ι
1175 4407 1471 4478 praestitisti
1508 4408 1781 4474 virtutem,
1811 4427 1830 4461 ι

255 4500 311 4555 id
358 4506 471 4565 est,
509 4499 886 4564 constantiam,
917 4506 972 4554 ει
1001 4500 1103 4555 hoc
1132 4516 1238 4555 non
1259 4516 1325 4555 ex
1354 4499 1546 4554 merito
1570 4516 1712 4565 meo,
1740 4500 1836 4555 sed

155 4639 177 4660 ,
255 4604 327 4644 ex
354 4589 465 4644 sola
497 4597 585 4643 tua
612 4588 906 4643 voluntate.

337 4702 354 4733 ι
376 4681 680 4738 Prmstitisti
696 4681 972 4749 virtutem,
994 4702 1013 4735 ι
1033 4683 1125 4738 sed
1143 4692 1323 4738 tamen
1338 4683 1626 4754 aliquando
1647 4704 1663 4735 ι
1684 4700 1839 4741 aver-

255 4773 375 4830 tisti
417 4771 609 4827 faciem
653 4782 800 4827 tuam
839 4787 870 4827 a
910 4788 995 4827 me
1053 4792 1100 4839 ι,
1149 4772 1201 4827 id
1252 4782 1364 4838 est,
1412 4775 1707 4845 permisisti
1749 4792 1836 4832 me

253 4864 509 4921 tribulari
541 4884 553 4919 :
586 4873 641 4919 et
670 4860 796 4921 tunc
846 4883 865 4916 ι
899 4880 997 4936 ego
1033 4886 1051 4917 ι
1079 4865 1242 4921 homo
1291 4886 1308 4917 ι
1338 4865 1514 4923 factus
1543 4884 1659 4923 sum
1708 4884 1837 4924 con-

255 4957 512 5029 turbatus
539 4977 557 5010 ι
586 4966 641 5012 ει
666 4958 758 5013 hic
784 4973 1034 5028 magnum
1066 4959 1320 5013 meritum
1349 4938 1586 5015 ostendit
1611 4959 1833 5030 Christi,

253 5051 354 5122 qui
388 5066 489 5105 nec
512 5051 590 5105 sic
616 5052 899 5122 probatus,
941 5050 1007 5105 ab
1038 5051 1340 5107 obedientia
1375 5053 1624 5108 cessavit.

333 5164 449 5234 Ego
502 5166 826 5233 conturbor,
881 5164 977 5220 sed
1030 5165 1084 5219 in
1128 5165 1242 5238 ipsa
1295 5167 1704 5222 conturbatione
1753 5186 1772 5219 ι
1805 5184 1840 5225 0

256 5255 508 5319 Domine,
555 5256 802 5312 clamabo
851 5255 917 5311 ad
970 5265 1022 5311 te
1082 5275 1099 5306 ι
1146 5257 1212 5310 de
1282 5257 1590 5313 obtinendis
1641 5259 1836 5315 bonis:

263 5365 286 5400 ι
325 5356 383 5403 et
399 5347 731 5421 deprecabor
755 5348 821 5402 ad
852 5355 903 5403 te
928 5346 1097 5403 Deum
1131 5363 1308 5403 meum
1338 5368 1355 5400 ι
1393 5351 1459 5404 de
1494 5351 1837 5407 removendis

212 5450 227 5455 ‘
256 5437 441 5496 malis.

344 5546 363 5580 ι
382 5530 466 5586 Ad
489 5540 541 5586 te
569 5530 837 5599 clamabo,
865 5552 883 5583 ι
902 5531 980 5586 sic
1005 5531 1190 5587 dicens
1219 5550 1230 5585 :
1255 5550 1274 5584 ι
1297 5532 1421 5587 dum
1457 5552 1502 5597 ι,
1528 5532 1578 5588 id
1609 5544 1713 5599 est,
1745 5554 1762 5586 ι
1793 5535 1839 5591 si

266 5641 292 5676 ι
314 5622 647 5681 descendero
677 5625 731 5679 in
760 5624 1162 5695 corruptionem
1189 5644 1236 5690 ι,
1270 5626 1320 5680 id
1352 5634 1454 5691 est,
1480 5628 1521 5681 si
1553 5627 1766 5698 redigor
1786 5629 1839 5683 in

262 5716 565 5787 pulverem,
601 5737 618 5769 ι
649 5734 768 5788 quae
807 5716 1009 5772 utilitas
1049 5723 1175 5771 tunc
1216 5717 1269 5771 in
1308 5718 1569 5787 sanguine
1621 5735 1740 5775 meo
1770 5741 1787 5771 ι
1818 5721 1840 5774 ?

263 5809 322 5867 id
345 5817 448 5875 est,
479 5810 606 5881 quid
634 5809 880 5881 proﬁciet
923 5807 1053 5871 mihi
1084 5807 1164 5865 vel
1188 5808 1310 5864 aliis
1336 5811 1555 5881 sanguis
1586 5828 1735 5867 meus
1761 5812 1840 5867 ef-

1866 4583 1919 4644 D

1913 600 1960 654 si
1985 599 2208 669 sanguis
2237 598 2409 668 impii,
2437 598 2582 653 nulla
2609 597 2816 652 utilitas
2835 596 2994 652 debet
3021 594 3208 665 quaeri.
3494 664 3501 669 _

1985 692 2043 748 Si
2084 692 2300 763 redigar
2333 691 2389 744 in
2428 689 2723 760 pulverem,
2755 686 2900 744 nulla
2945 686 3153 742 utilitas
3194 701 3488 757 conseque-

1914 793 2038 838 tur:
2068 782 2193 851 quia
2238 795 2411 850 neque
2456 779 2743 843 confessio,
2792 792 2966 848 neque
2991 778 3237 833 veritatis
3280 793 3488 833 annun-

1913 876 2088 940 tlatio,
2121 874 2189 930 ad
2218 888 2348 947 quae
2373 872 2615 927 facienda
2645 870 2974 926 resurrectio
3008 869 3213 925 Christi
3241 885 3502 937 necessae

1917 967 2001 1021 ria
2030 966 2151 1020 fuit.
2177 964 2556 1021 Continuatio:
2587 963 2735 1028 Dico,
2753 963 2797 1018 si
2821 963 3088 1019 descendo
3110 962 3164 1017 in
3195 961 3486 1029 infernum,

1915 1058 2061 1114 nulla
2082 1058 2187 1112 erit
2236 1048 2459 1117 utilitas,
2504 1055 2629 1124 quia
2658 1072 2677 1105 ι
2706 1053 2946 1123 nunquid
2993 1053 3170 1125 pulvis
3197 1073 3247 1120 ι,
3295 1054 3348 1109 id
3380 1062 3488 1120 est,

1916 1166 2046 1207 caro
2077 1151 2290 1205 redacta
2338 1150 2393 1203 in
2438 1148 2714 1218 pulverem
2762 1166 2781 1198 ι
2811 1148 3156 1203 conﬁtebitur
3201 1148 3343 1205 tibi?
3370 1169 3388 1201 ι
3436 1149 3492 1205 id

1916 1252 2023 1308 est,
2050 1243 2154 1298 erit
2180 1257 2340 1296 causa
2368 1240 2743 1305 confessionis,
2774 1239 2828 1299 id
2865 1250 2970 1305 est,
3000 1240 3174 1296 laudis
3199 1250 3322 1308 tuae,
3360 1261 3378 1295 ι
3400 1251 3496 1298 aut

1918 1334 2258 1390 annuntiabit
2300 1333 2587 1390 veritatem
2654 1342 2801 1389 tuam
2835 1351 2855 1385 ο
2907 1331 2997 1386 ille
3042 1332 3251 1401 pulvis,
3296 1334 3348 1389 id
3386 1344 3494 1402 est,

1918 1429 2025 1483 erit
2052 1442 2218 1483 causa
2253 1442 2421 1496 quare
2463 1441 2628 1481 causa
2664 1433 2754 1479 tua
2802 1425 3152 1479 annuntietur
3183 1425 3250 1479 de
3278 1440 3496 1494 repara-

1919 1519 2066 1574 tione
2092 1518 2314 1573 humani
2360 1517 2591 1587 generis,
2623 1530 2785 1584 quam
2808 1522 2868 1569 tu
2892 1528 2988 1585 per
3016 1529 3105 1568 me
3130 1512 3371 1569 facturus
3401 1515 3498 1570 cs?

1918 1607 2035 1663 Non
2058 1608 2263 1678 utique,
2290 1608 2411 1662 ideo
2433 1606 2557 1661 nolo
2587 1614 2645 1660 ut
2674 1603 2959 1677 permittas
2984 1620 3070 1659 me
3103 1604 3273 1675 redigi
3298 1605 3351 1659 in
3376 1603 3498 1675 pul-

1918 1714 2120 1765 verem,
2148 1696 2241 1753 sed
2267 1697 2375 1752 cito
2402 1695 2682 1751 resuscita.

1989 1789 2102 1860 Ego
2132 1788 2412 1854 clamabo,
2448 1795 2502 1843 et
2549 1787 2807 1843 Dominus
2845 1787 3097 1843 exaudiet
3125 1802 3235 1853 me,
3277 1795 3500 1859 propter

1843 1871 1891 1932 B
1915 1880 2168 1934 meritum
2200 1879 2453 1933 clamoris
2477 1918 2491 1941 ,
2537 1887 2591 1932 et
2614 1877 2776 1933 etiam
2801 1886 3021 1949 propter
3047 1876 3497 1943 misericordiam,

1920 1979 1975 2026 et
2002 1971 2104 2026 hoc
2145 1978 2250 2035 est,
2283 1989 2301 2021 ‹
2329 1971 2584 2025 misertus
2624 1978 2708 2024 est
2739 1969 2844 2024 mei
2879 1990 2898 2021 ι
2937 1975 2993 2024 ει
3029 1968 3145 2039 ipse
3176 1968 3320 2024 idem
3350 1986 3369 2020 ι
3401 1969 3501 2047 Do-

1921 2061 2100 2115 minus
2146 2070 2232 2116 est
2281 2059 2453 2115 factus
2492 2060 2707 2131 adjutor
2759 2074 2912 2115 meus
2960 2079 2979 2112 ι
3041 2060 3250 2114 scilicet
3303 2080 3321 2111 ‹
3350 2060 3503 2131 plan-

1922 2163 2070 2209 ctum
2098 2143 2276 2209 meum
2306 2172 2323 2204 ι
2350 2194 2364 2219 ,
2406 2154 2460 2208 id
2486 2160 2591 2219 est,
2608 2152 2848 2208 dolorem
2871 2151 3209 2207 convertitin
3225 2152 3500 2223 gaudium,

1923 2249 2017 2303 sed
2050 2264 2113 2301 ex
2144 2246 2512 2301 familiaritate
2551 2243 2818 2299 convertit
2845 2259 2903 2299 se
2937 2244 3003 2299 ad
3032 2244 3205 2315 ipsum
3226 2284 3242 2310 ,
3271 2259 3395 2299 cum
3424 2244 3504 2299 di-

1924 2340 2014 2398 cit,
2070 2358 2088 2390 ι
2124 2336 2438 2392 convertisti
2474 2356 2519 2388 ι.
2561 2334 2724 2391 Dolor
2777 2335 2922 2391 enim
2960 2335 3152 2389 mortis
3204 2349 3505 2391 conversus

1924 2439 2010 2482 est
2053 2427 2105 2480 in
2128 2426 2382 2497 gaudium
2407 2441 2503 2496 per
2525 2425 2750 2496 gloriam
2772 2424 3204 2489 resurrectionis,
3235 2444 3251 2476 ι
3283 2440 3504 2481 conver-

1925 2521 2038 2576 tisti
2072 2541 2089 2573 ι
2117 2520 2237 2575 dico
2267 2537 2285 2569 ‹
2318 2518 2447 2572 mihi
2479 2538 2521 2580 ι,
2552 2520 2603 2573 id
2625 2526 2728 2585 est,
2750 2519 2819 2572 ad
2840 2518 3128 2573 utilitatem
3154 2518 3257 2572 mei
3282 2526 3336 2573 ει
3365 2534 3504 2574 meo-

1927 2629 2048 2670 rum
2089 2612 2400 2668 conscidisti
2458 2627 2679 2680 saccum
2732 2607 2914 2665 nicum
2943 2651 2959 2677 ,
3004 2611 3060 2666 id
3106 2618 3232 2676 est,
3286 2626 3505 2667 carnem

1926 2723 2123 2763 meam.
2174 2705 2406 2763 Carnem
2459 2706 2663 2762 Christi
2712 2704 2831 2761 ideo
2869 2721 3087 2762 saccum
3136 2718 3324 2774 vocat,
3377 2708 3505 2778 quia

1928 2799 2069 2854 sicut
2114 2812 2304 2853 saccus
2327 2798 2494 2853 vestis
2523 2797 2912 2868 pwnitentialis
2935 2806 3040 2865 est,
3083 2799 3163 2855 sic
3197 2814 3328 2856 caro
3355 2799 3507 2855 Chri-

1930 2889 1998 2943 sti
2021 2888 2185 2943 vestis
2227 2888 2614 2958 pmnitentialis
2658 2897 2770 2954 est,
2812 2903 2919 2943 non
2955 2889 3102 2959 quod
3141 2904 3237 2945 sua
3281 2899 3505 2961 peccata

1928 2989 2201 3053 portaret,
2259 2982 2352 3037 sed
2404 2981 2653 3037 aliorum.
2713 2981 2864 3039 Unde
2913 2982 3158 3039 dicitur:
3213 3004 3231 3037 ι
3278 2984 3507 3041 Peccata

1932 3081 2119 3129 nostra
2162 3072 2278 3143 ipse
2332 3073 2567 3143 portavit
2606 3072 2763 3144 (Ira.
2794 3089 2924 3139 un;
2960 3073 2985 3127 Ι
3017 3074 3163 3130 Petr.
3196 3075 3279 3148 ιι).
3319 3096 3338 3129 ι
3374 3076 3510 3133 Con-

1929 3164 2096 3221 fessio
2121 3165 2237 3235 ipsa
2258 3164 2401 3221 facta
2426 3163 2527 3220 fuit
2558 3166 2611 3220 in
2642 3165 2758 3236 ipsa
2780 3166 3030 3236 passione
3062 3184 3074 3220 :
3101 3173 3153 3222 et
3184 3176 3372 3237 postea
3395 3168 3509 3238 ipsa,

1932 3257 2333 3313 resurrectione
2381 3275 2400 3309 ι
2434 3257 2838 3313 circumdedisti
2869 3270 2957 3315 me
2997 3248 3182 3312 ltetitia
3213 3277 3232 3311 ι
3263 3298 3278 3324 ,
3306 3257 3361 3313 id
3403 3266 3508 3325 est,

1930 3348 2367 3419 impassibilitate
2422 3356 2477 3404 et
2525 3349 2953 3415 immortalitate,
3000 3359 3055 3404 et
3101 3350 3169 3405 ab
3213 3351 3318 3405 hoc
3351 3365 3517 3415 versu

1930 3440 2217 3496 manifeste
2243 3440 2434 3511 incipit
2462 3442 2747 3497 ostendere
2782 3440 2848 3497 de
2877 3442 3292 3499 resurrectione.

2010 3553 2027 3584 ι
2056 3531 2469 3589 Circumdedisti
2499 3542 2559 3587 ut
2585 3533 2696 3603 ipsa
2719 3532 2889 3605 gloria
2916 3548 3036 3588 mea
3064 3552 3112 3599 ι,
3141 3533 3197 3588 id
3225 3541 3308 3589 est
3334 3548 3510 3589 resur-

1934 3621 2107 3676 rectio
2131 3637 2250 3677 mea
2300 3640 2319 3672 ι
2355 3630 2536 3676 cantet
2572 3623 2671 3676 tibi
2706 3643 2751 3688 ι,
2788 3622 2841 3677 id
2873 3630 2977 3687 est,
3011 3622 3262 3678 ostendat
3295 3630 3348 3678 te
3384 3637 3507 3679 esse

1934 3710 2278 3767 laudabilem.
2309 3712 2424 3767 Hoc
2462 3712 2606 3766 enim
2648 3712 2975 3769 resurrectio
3004 3712 3203 3767 Christi
3240 3711 3423 3778 eﬁicit,
3455 3721 3514 3769 ut

1936 3806 2077 3860 Deus
2123 3818 2221 3872 per
2267 3812 2436 3858 totum
2467 3802 2727 3857 mundum
2769 3802 3017 3858 laudetur
3048 3811 3103 3857 et
3148 3801 3237 3856 illa
3276 3818 3381 3857 non
3409 3804 3515 3860 erit

1936 3898 2002 3951 ad
2036 3897 2246 3961 horam,
2285 3895 2378 3950 sed
2408 3894 2519 3965 jam
2560 3894 2812 3963 deinceps
2848 3912 2865 3946 ι
2887 3909 2995 3950 non
3027 3907 3380 3965 compungar,
3414 3913 3431 3946 ι
3461 3895 3515 3950 id

1934 3970 2039 4051 est,
2069 3985 2271 4040 nullam
2300 4000 2516 4056 poenam
2541 3985 2731 4041 mortis
2755 3985 3070 4040 sustineam.
3108 3984 3255 4040 Unde
3291 3985 3516 4055 Aposto-

1934 4076 2021 4132 lus
2049 4095 2062 4131 :
2092 4076 2342 4132 Christus
2368 4091 2656 4147 resurgens
2676 4090 2709 4130 a
2730 4076 2958 4132 mortuis
2995 4076 3109 4146 jam
3131 4089 3237 4130 non
3260 4077 3511 4141 moritur,

1935 4185 2085 4226 mors
2123 4168 2196 4223 illi
2223 4167 2364 4223 ultra
2402 4183 2509 4223 non
2539 4167 2905 4223 dominabitur
2938 4184 2953 4221 :
2982 4174 3039 4222 et
3065 4167 3207 4223 sicut
3235 4165 3321 4221 illa
3345 4165 3513 4237 gloria

1936 4271 2139 4318 aeterna
2166 4261 2294 4328 erit,
2336 4261 2417 4316 sic
2444 4260 2713 4316 confessio
2734 4276 2854 4331 quae
2891 4274 2958 4315 ex
2990 4260 3092 4316 hoc
3118 4261 3381 4330 procedit,
3410 4261 3517 4316 erit

1937 4361 2137 4409 aiterna
2168 4371 2182 4407 :
2211 4360 2265 4408 et
2293 4354 2395 4407 hoc
2419 4360 2533 4419 est,
2570 4371 2588 4403 ι
2630 4351 2929 4407 conﬁtebor
2958 4351 3055 4406 tibi
3090 4371 3136 4418 ι,
3168 4351 3221 4406 id
3250 4362 3353 4416 est,
3399 4352 3513 4407 lau-

1939 4448 2079 4503 dabo
2105 4455 2160 4502 te
2186 4462 2293 4502 non
2324 4453 2531 4502 tantum
2562 4446 2616 4500 in
2645 4446 2750 4501 hac
2774 4446 2884 4501 vita
2909 4446 3004 4501 sed
3029 4445 3195 4501 etiam
3227 4463 3248 4497 ι
3281 4446 3334 4500 in
3356 4454 3515 4502 aeter-

1941 4556 2074 4597 num
2105 4560 2124 4594 ι
2153 4549 2209 4595 ει
2231 4540 2286 4594 in
2312 4555 2398 4595 me
2425 4547 2481 4594 et
2507 4540 2560 4594 in
2596 4540 2749 4594 meis.

2402 4674 2469 4730 lN
2507 4673 2728 4730 PSALM
2738 4672 2833 4730 ΗΜ
2873 4673 3043 4730 XXX.

2215 4787 2472 4842 TITULUS.
2510 4785 2577 4840 In
2605 4784 2760 4855 ﬁnem
2784 4785 3015 4857 psalmus
3041 4784 3230 4842 David.

2015 4918 2033 4949 ι
2068 4897 2126 4953 In
2156 4906 2228 4967 te,
2262 4898 2506 4952 Domine.
2530 4915 2548 4947 ι
2586 4895 2831 4952 Psabnus
2858 4897 2961 4952 iste
2989 4898 3244 4953 convenit
3275 4896 3510 4965 Christo,

1882 5033 1906 5060 ,
1937 4990 2029 5060 qui
2056 4990 2316 5060 loquitur,
2365 4988 2452 5043 hic
2484 5003 2590 5043 non
2623 4998 2833 5043 tantum
2864 5005 2962 5060 pro
2987 5004 3075 5055 se,
3117 4990 3212 5045 sed
3240 5004 3340 5060 pro
3365 5007 3511 5045 mar-

1942 5080 2154 5152 tyribus
2194 5080 2307 5134 suis
2339 5079 2576 5146 dirigens
2597 5080 2651 5133 in
2678 5079 2861 5147 ﬁnem,
2892 5082 2945 5136 id
2976 5089 3078 5146 est,
3107 5081 3160 5134 in
3189 5080 3461 5139 Christum
3495 5100 3507 5136 :

1941 5182 1997 5227 et
2026 5172 2114 5226 hic
2146 5180 2368 5226 notatur
2407 5170 2633 5226 intentio
2670 5170 2811 5225 sicut
2844 5177 2900 5225 et
2940 5169 2993 5223 in
3029 5170 3241 5225 eaateris
3267 5170 3508 5241 psalmis.

1943 5261 2221 5318 Materiam
2257 5262 2418 5317 habet
2458 5262 2513 5317 in
2544 5262 2647 5317 hoc
2674 5261 2882 5332 psalmo
2915 5261 3022 5316 duo
3050 5261 3326 5331 opposita,
3353 5261 3509 5315 auxi-

1940 5351 2073 5407 lium
2112 5352 2307 5409 divinae
2350 5353 2596 5422 pietatis,
2644 5363 2697 5408 et
2725 5353 2971 5407 humana:
3005 5349 3315 5421 fragilitatis
3354 5353 3511 5409 mise-

1942 5442 2080 5497 riam
2108 5450 2163 5497 et
2189 5443 2290 5497 hoc
2310 5442 2524 5513 psalmo
2547 5451 2658 5498 tres
2676 5449 2857 5511 partes
2883 5441 3131 5507 facimus,
3172 5441 3307 5497 etin
3337 5441 3510 5511 prima

1940 5547 2095 5606 parte
2129 5536 2411 5591 attendens
2452 5534 2882 5591 misericordiam
2914 5534 3033 5598 Dei,
3059 5535 3194 5604 petit
3219 5549 3278 5590 se
3306 5544 3361 5591 et
3385 5551 3509 5592 suos

1940 5640 2041 5698 per
2066 5627 2302 5699 divinam
2339 5627 2785 5693 misericordiam,
2816 5643 2847 5681 a
2878 5625 3109 5681 miseriis
3142 5640 3211 5681 ne
3239 5625 3509 5693 deﬁciant,

1940 5716 2180 5773 liberari.
2215 5717 2271 5773 In
2296 5719 2528 5774 secunda
2570 5727 2725 5788 parte
2761 5717 3346 5785 miseriasoenumerat,
3377 5733 3515 5789 qual-

1942 5808 2056 5879 ipse
2081 5817 2136 5865 et
2160 5809 2243 5863 sui
2269 5811 2567 5880 patiuntur.
2589 5808 2647 5862 ln
2680 5808 2835 5864 tertia
2867 5823 2992 5863 vero
3019 5809 3168 5879 ponit
3201 5810 3495 5871 exsultatio
