3984 6466
498 407 607 464 295

956 403 1318 465 BAYMONIS
1357 399 1836 460 HALBERSTAT.
1878 396 2096 456 EPISC.
2131 395 2289 455 OPP.
2329 393 2512 452 PARS
2547 392 2592 450 l.
2625 421 2697 436 -—
2721 389 3078 451 COMMENT.
3115 389 3289 449 BIBL.

3645 390 3760 450 296

499 533 622 575 nem
657 532 766 575 suae
794 516 1147 584 liberationis,
1188 526 1244 573 et
1272 516 1568 589 gratiarum
1598 514 1886 579 actionem,
1929 511 2070 566 invi-
2095 517 2151 579 Α
2171 523 2370 564 nomen
2400 508 2534 578 ejus,
2574 523 2594 559 ι
2627 521 2789 578 quem
2809 506 3229 575 absconderunt,
3258 526 3279 561 ι
3305 505 3360 564 id
3391 514 3498 576 est,
3517 504 3762 566 latenter

500 615 582 662 tat
609 608 774 663 etiam
818 607 950 664 alios
981 608 1048 664 ad
1085 607 1181 662 Dei
1221 606 1583 662 dilectionem.
1629 603 1865 658 lntendit
1893 611 2074 657 autem

501 697 752 753 homines
779 698 1089 763 admonere,
1113 703 1173 750 ut
1197 709 1371 764 neque
1394 694 1700 762 desperent,
1739 692 2076 747 attendentes

503 803 632 843 suas
656 789 923 854 miserias,
957 802 1132 856 neque
1160 784 1473 856 superbiant
1504 782 1667 839 stulte
1694 782 1761 837 de
1791 781 1886 836 Dei
1914 781 2077 838 mise-

501 877 736 934 ricordia
768 885 1174 948 praesumentes,
1205 885 1262 932 et
1288 875 1369 931 sic
1396 873 1704 940 manifeste,
1735 873 1791 929 in
1813 872 1998 940 linem,
2021 872 2076 930 id

501 978 608 1036 est,
628 969 683 1025 in
709 969 980 1025 Christum
1008 983 1107 1024 nos
1134 967 1338 1038 dirigit.

505 1050 544 1074 ⁵
574 1063 643 1116 Ει
665 1062 978 1126 admonens,
1008 1061 1143 1116 alios
1167 1061 1247 1116 sic
1267 1059 1397 1116 dicit
1423 1073 1438 1113 :
1463 1057 1638 1115 Nolite
1662 1070 1988 1130 praesumere
2009 1057 2078 1114 de

501 1155 673 1221 vobis,
705 1155 801 1210 sed
824 1161 1038 1225 sperate
1059 1154 1114 1208 in
1140 1153 1387 1219 Domino,
1417 1152 1560 1208 sicut
1586 1158 1642 1208 et
1664 1166 1765 1221 ego
1798 1165 2074 1220 nunquam

502 1247 683 1315 de,me
718 1245 1073 1318 praesumpsi,
1107 1244 1201 1302 sed
1234 1264 1253 1298 ι
1291 1244 1504 1316 speravi
1539 1258 1752 1314 semper
1783 1243 1838 1298 in
1869 1253 1944 1308 te,
1968 1242 2074 1296 Do-

502 1339 649 1394 mine
682 1358 702 1392 ι
737 1339 878 1394 Deus
916 1353 1101 1404 meus,
1147 1346 1202 1393 et
1245 1337 1372 1407 quia
1421 1336 1631 1407 speravi
1675 1349 1821 1391 «non
1853 1333 2078 1390 confun-

510 1431 610 1486 dar
658 1429 714 1484 in
751 1437 1034 1486 aeternum.
1065 1447 1084 1480 ι
1111 1427 1228 1484 Non
1254 1436 1417 1500 negat
1435 1429 1564 1498 quin
1587 1427 1824 1499 patiatur
1840 1424 2078 1482 exsulta-

507 1520 712 1576 tionem
745 1519 1108 1585 inimicorum,
1131 1520 1224 1576 sed
1253 1519 1339 1574 illa
1366 1528 1546 1574 tamen
1573 1527 1771 1574 aeterna
1797 1533 1903 1573 non
1928 1517 2033 1573 erit
2058 1535 2071 1572 :

507 1633 525 1664 ι
555 1627 662 1668 ιιοιι
692 1609 993 1667 confundar
1019 1611 1073 1666 in
1099 1621 1382 1678 aeternum,
1417 1632 1436 1666 ι
1470 1613 1563 1668 sed
1595 1613 1790 1682 potius,
1818 1601 2086 1677 Domine,

508 1723 527 1756 ι
561 1704 730 1760 libera
763 1718 851 1759 me
874 1724 893 1757 ι
928 1712 983 1759 ει
1012 1719 1180 1772 meos,
1230 1720 1300 1760 ne
1347 1705 1569 1778 frangar
1602 1705 1861 1762 .miseriis
1911 1705 2074 1776 hujus

499 1792 708 1861 mundi,
753 1800 810 1848 et
855 1795 958 1850 hoc
994 1813 1013 1847 ι
1063 1795 1118 1850 in
1142 1795 1352 1866 iustitia
1391 1804 1502 1861 tua,
1537 1815 1558 1849 ι
1590 1795 1717 1866 quia
1751 1795 1856 1852 hoc
1901 1794 2071 1865 exigit

493 1885 704 1956 iustitia
734 1894 846 1952 tua,
875 1894 936 1941 ut
957 1896 1239 1957 sperantes
1265 1888 1320 1944 in
1350 1895 1402 1943 te
1429 1888 1650 1944 liberes.

570 1979 638 2033 Et
673 1979 797 2050 quia
830 1994 933 2034 vox
968 1995 1088 2034 mea
1119 1996 1226 2036 non
1257 1989 1438 2051 posset
1460 1980 1752 2036 ascendere
1781 1979 1849 2035 ad
1887 1985 1961 2046 te,
1988 1985 2068 2046 tu,

501 2069 749 2136 Domine,
797 2089 816 2122 ι
846 2069 1042 2126 inclina
1068 2086 1254 2126 aurem
1301 2084 1472 2136 tuam,
1504 2091 1523 2123 ι
1567 2071 1619 2127 id
1645 2079 1748 2138 est,
1776 2071 2072 2142 potentiam

497 2173 642 2219 tuam
678 2183 696 2216 ι
728 2163 796 2218 ad
823 2179 929 2229 me,
963 2183 982 2217 ι
1019 2163 1070 2218 id
1101 2172 1203 2228 est,
1230 2164 1295 2218 ad
1319 2163 1738 2218 subveniendum
1761 2161 1912 2229 mihi,
1935 2181 1953 2214 ‹
1985 2163 2069 2218 in-

498 2253 660 2318 clina,
698 2272 716 2304 ι
741 2253 795 2308 id
836 2261 952 2318 est,
1003 2253 1247 2318 humilia,
1288 2253 1356 2307 ad
1395 2253 1728 2324 eripiendum
1757 2267 1843 2306 me
1873 2253 1938 2307 de
1973 2251 2076 2307 mi—

499 2344 654 2400 seriis
679 2344 816 2400 istis.
862 2343 989 2400 Hmc
1015 2344 1292 2399 inclinatio
1319 2343 1636 2414 intelligitur
1659 2355 1780 2398 esse
1823 2340 1970 2397 facta
2014 2341 2072 2397 in

497 2433 622 2498 hoc,
649 2433 788 2504 quod
821 2429 1040 2488 verbum
1067 2433 1164 2490 Dei
1196 2434 1405 2488 unitum
1447 2440 1532 2488 est
1556 2434 1804 2487 humanae
1839 2438 2067 2496 natum,

495 2535 552 2579 et
589 2525 703 2594 ipsa
731 2539 942 2594 semper
971 2525 1146 2579 durat.
1196 2525 1398 2580 inclina
1430 2525 1571 2588 dico,
1606 2533 1663 2578 et
1693 2543 1712 2576 ι
1745 2522 2010 2588 accelera,
2045 2541 2065 2574 ι

492 2614 548 2670 id
572 2623 676 2679 est,
707 2613 815 2670 cito
856 2615 943 2670 fac
973 2615 1153 2670 omnia
1202 2629 1537 2684 quzecunque
1564 2628 1663 2684 pro
1711 2627 1798 2668 me
1828 2612 2072 2669 facturus

496 2722 595 2774 es,
645 2705 886 2772 scilicet,
930 2706 999 2762 da
1062 2705 1359 2776 perfectam
1413 2704 1642 2760 formam
1701 2704 1912 2760 vivendi
1973 2718 2072 2775 per

496 2811 604 2862 me,
626 2793 924 2852 secundum
965 2796 1357 2851 humanitatem
1406 2810 1603 2863 meam.
1635 2795 1694 2852 ιιι
1742 2803 1915 2852 morte
1948 2809 2071 2850 mea

498 2887 609 2944 cito
637 2887 842 2943 redime
881 2886 1090 2943 animas
1135 2887 1200 2943 de
1242 2887 1488 2955 inferno,
1534 2905 1602 2944 ne
1634 2888 1851 2946 differas
1890 2903 2074 2944 resur-

497 2978 793 3034 rectionem
827 2993 999 3048 usque
1036 2979 1090 3034 in
1130 2995 1488 3036 communem.
1526 3000 1545 3033 ι
1579 2979 1834 3038 Accelera
1870 3000 1888 3033 ι
1926 2983 2069 3050 dico,

503 3086 523 3121 ι
556 3077 637 3136 ιιι,
665 3083 824 3125 eruas
847 3084 955 3135 me,
993 3089 1014 3123 ι
1057 3078 1118 3125 ιιι
1149 3071 1282 3126 nihil
1315 3071 1545 3142 amplius
1567 3082 1938 3144 persecutores
1975 3088 2073 3130 no-

503 3172 627 3214 cere
652 3156 868 3213 valeant
894 3158 1045 3223 mihi,
1076 3175 1177 3215 nec
1213 3160 1349 3216 meis
1366 3161 1678 3232 praevalere.

563 3249 630 3302 Et
657 3247 896 3313 interim,
921 3248 974 3303 id
1000 3257 1105 3315 est,
1129 3249 1256 3304 dum
1284 3231 1377 3306 illa
1400 3252 1722 3308 acceleratio
1740 3253 1863 3319 erit,
1897 3271 1917 3306 ι
1951 3262 2067 3312 esto
2095 3231 2143 3296 Ο

490 3338 628 3393 ‘mihi
685 3338 740 3393 in
768 3337 935 3394 Deum
977 3347 1376 3408 protectorem,
1425 3359 1444 3393 ι
1492 3342 1544 3397 id
1572 3351 1694 3409 est,
1748 3353 1858 3399 tam
1912 3343 2068 3403 fortis

492 3437 786 3512 protector,
818 3445 978 3499 quam
1000 3431 1174 3486 bonus
1199 3433 1341 3488 Deus
1367 3442 1522 3503 potes
1545 3448 1686 3501 esse,
1712 3450 1780 3491 ne
1816 3436 2067 3493 vulnerer

496 3522 617 3577 telis
639 3521 1001 3587 inimicorum,
1026 3529 1082 3577 et
1107 3530 1224 3580 esto
1254 3523 1388 3580 mihi
1424 3544 1442 3576 ι
1477 3526 1530 3580 in
1559 3528 1775 3582 domum
1808 3519 2018 3599 reftigii,
2040 3546 2058 3580 ι

492 3615 547 3671 id
575 3622 678 3679 est,
708 3614 1016 3671 securitatis
1059 3616 1112 3670 in
1140 3632 1248 3688 qua
1275 3618 1547 3688 quiescam
1578 3619 1742 3676 finitis
1765 3619 2070 3690 laboribus,

489 3713 546 3761 et
580 3704 706 3774 quia
735 3712 957 3775 possent
1000 3704 1143 3762 ﬁniri
1173 3707 1386 3764 labores
1411 3709 1478 3764 ad
1525 3717 1754 3781 tempus,
1786 3719 1840 3766 et
1870 3711 2064 3768 reinci-

489 3803 701 3866 perent,
753 3795 900 3851 addit
952 3815 971 3848 ι
1005 3805 1066 3852 ιιι
1093 3796 1299 3854 salvum
1329 3814 1418 3856 me
1445 3799 1614 3856 facias
1640 3841 1656 3867 ,
1695 3821 1714 3854 ι
1748 3802 1802 3857 id
1850 3811 1952 3869 est,
1984 3804 2064 3860 sic

491 3887 567 3943 sis
597 3887 730 3942 mihi
768 3886 1056 3959 refugium,
1087 3903 1156 3945 ne
1177 3890 1405 3947 ulterius
1431 3891 1618 3948 labore
1645 3893 1826 3965 aliquo
1853 3895 2063 3951 valeam

491 3977 740 4032 excitari.

562 4065 686 4122 ldeo
709 4073 834 4136 peto
860 4074 921 4121 ut
946 4067 1021 4123 sis
1047 4067 1178 4124 mihi
1200 4078 1474 4140 protector
1494 4081 1550 4128 et
1574 4072 1855 4144 refugium,
1885 4091 1904 4126 ι
1927 4089 2061 4145 quo-

489 4157 636 4212 niam
667 4178 685 4210 ›
722 4166 778 4212 ιιι
812 4158 960 4214 solus
1003 4175 1064 4215 es
1113 4179 1132 4211 ι
1196 4161 1455 4218 fortitudo
1501 4179 1641 4231 mea,
1675 4185 1695 4218 ι
1729 4181 1834 4236 qua
1877 4182 1978 4237 ego
2006 4174 2064 4224 et

490 4247 595 4303 mei
625 4247 893 4319 possimus
919 4259 1104 4306 contra
1134 4263 1493 4326 repugnantes
1516 4256 1788 4324 resistere,
1815 4266 1870 4315 et
1893 4259 2058 4315 etiam

493 4355 515 4390 ι
559 4347 614 4393 ιιι
651 4354 710 4394 es
755 4339 1022 4413 refugium
1051 4358 1254 4412 meum,
1297 4366 1317 4398 ι
1349 4346 1402 4401 id
1447 4355 1550 4414 εει,
1577 4349 1843 4406 securitas
1871 4351 1924 4405 in
1951 4365 2060 4422 qua

485 4429 830 4502 quiescamus
857 4441 912 4487 et
931 4448 1030 4504 ego
1050 4443 1105 4490 et
1128 4436 1257 4491 mei.
1289 4438 1430 4494 Deus
1453 4437 1554 4494 fuit
1595 4438 1857 4513 refugium
1893 4440 2053 4497 Chri-

485 4529 572 4577 sto
601 4523 653 4576 in
690 4524 1119 4591 resurrectione,
1164 4527 1278 4581 suis
1324 4527 1584 4583 membris
1632 4537 1716 4584 est
1767 4529 2054 4601 refugium,

483 4625 606 4669 cum
636 4613 765 4669 facit
793 4627 888 4668 eos
924 4629 1140 4672 securos
1167 4632 1264 4688 per
1288 4627 1625 4674 sacramenta
1652 4620 1928 4688 Ecclesiae,
1953 4621 2061 4677 sci-

483 4702 613 4758 licet
643 4719 743 4773 per
783 4719 978 4776 corpus
1010 4704 1243 4772 Christi,
1272 4723 1369 4778 per
1393 4710 1689 4775 orationes,
1717 4719 1822 4766 etc.
1854 4712 1922 4766 Et
1950 4727 2058 4769 non

489 4800 698 4847 tantum
726 4803 998 4863 protector
1045 4797 1154 4852 eris
1178 4806 1232 4852 et
1259 4798 1543 4870 refugium,
1584 4801 1677 4856 sed
1705 4801 1864 4856 etiam
1912 4820 1930 4853 ι
1968 4803 2062 4859 de-

485 4881 654 4940 duces
706 4899 794 4940 me
842 4893 896 4939 et
921 4887 1160 4943 enutries
1192 4903 1297 4955 me,
1335 4909 1353 4941 ι
1386 4891 1438 4945 id
1467 4899 1566 4956 est,
1597 4892 1650 4946 in
1691 4893 1906 4964 propria
1935 4909 2058 4964 per-

486 4989 621 5031 sona
659 4975 921 5032 deductus
968 4987 1054 5034 est
1086 4978 1354 5047 Christus,
1397 4997 1517 5036 cum
1560 4983 1628 5038 ad
1656 4999 1845 5040 omnes
1873 4993 2058 5056 gentes

482 5081 583 5138 per
610 5069 1045 5138 praedicationem
1065 5072 1425 5141 apostolorum
1456 5091 1652 5130 nomen
1690 5092 1845 5132 suum
1873 5089 2060 5134 exten-

483 5174 605 5215 sum
633 5167 737 5225 est,
751 5160 1087 5216 deducuntur
1101 5161 1181 5218 sui
1200 5178 1299 5233 per
1319 5165 1682 5223 dilatationem
1716 5169 1893 5236 famas,
1919 5171 2061 5227 sicut

483 5249 680 5306 Petrus
701 5251 956 5308 dilatatus
977 5253 1080 5308 fuit
1098 5269 1196 5324 per
1224 5263 1394 5310 totum
1427 5259 1701 5313 mundum.
1733 5258 1980 5315 Christus
2004 5260 2058 5316 in

482 5342 701 5412 propria
729 5357 958 5412 persona
985 5347 1222 5402 nutritus
1245 5355 1384 5411 erat,
1403 5348 1485 5402 sui
1512 5350 1824 5405 nutriuntur
1843 5352 2060 5420 quando

485 5435 552 5490 de
579 5434 779 5490 virtute
815 5437 868 5490 in
915 5436 1170 5492 virtutem
1212 5439 1507 5493 redduntur
1535 5457 1546 5492 :
1576 5441 1756 5496 ethoc
1788 5459 1806 5493 ι
1841 5452 2061 5512 propter

480 5539 682 5604 nomen
710 5535 857 5583 tuum
887 5548 906 5581 ι
937 5529 1293 5584 dilatandam.

555 5626 699 5682 Bene
721 5627 861 5695 dico,
896 5647 914 5679 ι
947 5629 1178 5686 deduces
1203 5647 1290 5687 me
1328 5652 1344 5682 ι
1375 5632 1428 5687 in
1451 5634 1830 5706 cognitionem,
1857 5637 1980 5706 quia
2005 5645 2059 5691 tu

490 5732 512 5768 ι
546 5717 742 5772 educes
768 5719 834 5772 de
863 5719 1076 5790 laq‘eo,
1110 5741 1126 5771 ι
1159 5723 1210 5777 id
1231 5733 1346 5789 est,
1375 5725 1441 5780 de
1477 5736 1671 5792 morte,
1699 5744 1818 5799 qum
1862 5728 2062 5782 dicitur

484 5803 708 5892 laqueus
765 5825 776 5863 :
831 5810 958 5880 quia
998 5827 1095 5890 per
1143 5824 1370 5882 mortem
1420 5825 1747 5887 putaverunt
1798 5819 2062 5888 impedire

2090 4581 2138 4644 D

2174 609 2506 674 paraverunt
2556 621 2574 652 ι
2617 600 2750 655 mihi
2782 619 2800 653 ι
2838 616 2998 671 quem
3044 601 3250 656 nullum
3306 601 3433 658 latet
3482 611 3758 659 secretum

2175 691 2360 765 (Hebr.
2389 694 2487 765 tv).
2520 692 2659 748 Suos
2685 693 2936 750 similiter
2965 695 3126 766 eripit
3153 695 3296 751 Deus
3319 696 3386 750 de
3407 694 3616 766 laqueis
3639 697 3761 752 dia-

2173 783 2302 850 boli,
2346 784 2468 840 ideo
2493 785 2607 840 scio
2635 784 2761 854 quia
2788 785 3004 851 educes,
3039 802 3059 836 ι
3094 785 3348 856 quoniam
3379 793 3437 841 tu
3484 802 3547 843 es
3573 797 3762 858 prote-

2173 884 2292 933 ctor
2319 892 2471 934 meus
2519 896 2538 929 ι
2567 885 2624 934 ει
2651 891 2760 934 ιιοιι
2793 885 2975 948 potest
3017 877 3320 950 illaqueari,
3347 880 3440 951 qui
3466 880 3633 937 talem
3661 882 3763 937 ha-

2176 968 2269 1025 bet
2296 977 2680 1040 protectorem.

2244 1061 2314 1117 Et
2331 1062 2456 1132 quia
2489 1081 2508 1114 ι
2533 1076 2593 1118 es
2619 1068 2915 1131 protector,
2935 1079 2954 1114 ι
2980 1059 3101 1118 ideo
3120 1078 3140 1113 ι
3165 1061 3486 1118 commendo
3505 1061 3762 1133 spiritum

2173 1166 2354 1207 meum
2374 1191 2388 1217 ,
2439 1169 2459 1204 ι
2509 1150 2562 1205 id
2605 1157 2710 1217 est,
2738 1149 2973 1207 animam
3002 1166 3185 1206 meam
3207 1169 3229 1203 ι
3264 1151 3319 1206 in
3343 1166 3535 1208 manus
3564 1160 3714 1216 tuas,
3739 1172 3756 1203 ι

2176 1242 2228 1299 id
2256 1249 2357 1305 est,
2373 1241 2428 1295 in
2454 1247 2779 1311 potestatem
2809 1248 2978 1297 tuam.
3010 1258 3030 1294 ι
3050 1239 3376 1298 Commendo
3396 1259 3416 1294 ι
3438 1241 3590 1306 dicit,
3615 1241 3763 1297 sicut

2175 1335 2251 1392 illi
2278 1335 2366 1392 cui
2394 1335 2676 1392 familiaris
2703 1335 2831 1401 fuit,
2861 1344 2919 1393 et
2964 1336 3052 1393 cui
3101 1336 3238 1392 bene
3264 1333 3569 1391 confidebat
3612 1334 3762 1406 quod

2175 1426 2444 1492 redderet,
2467 1434 2523 1483 et
2555 1435 2634 1494 tu,
2669 1444 2687 1478 ι
2718 1426 2945 1482 Domine
2982 1427 3122 1482 Deus
3161 1426 3426 1492 veritatis,
3474 1423 3760 1480 redemisti

2175 1532 2282 1574 me.
2319 1537 2337 1570 ι
2369 1517 2663 1588 Redempta
2710 1526 2795 1574 est
2845 1517 3028 1573 anima
3071 1517 3272 1574 Christi
3297 1525 3352 1573 et
3375 1515 3631 1582 aliorum,
3661 1530 3760 1587 per

2174 1621 2330 1663 suam
2359 1615 2467 1660 tam
2496 1604 2792 1676 perfectam
2818 1605 3199 1662 obedientiam.

2245 1695 2314 1751 Et
2334 1695 2456 1751 ideo
2479 1695 2603 1766 quia
2631 1697 2773 1752 Deus
2793 1711 2853 1752 es
2893 1696 3138 1752 veritatis
3167 1713 3186 1746 ‹
3213 1695 3374 1751 odisti
3399 1695 3758 1750 observantes

2180 1786 2474 1853 vanitates,
2510 1804 2528 1836 ι
2565 1784 2620 1840 id
2647 1791 2750 1852 est,
2783 1785 3107 1856 appetitores
3159 1781 3576 1840 mundanorum.
3618 1783 3759 1838 Vere

2102 1877 2152 1938 B
2179 1878 2298 1934 ista:
2333 1891 2422 1933 res
2449 1876 2737 1932 mundanae
2781 1885 2907 1932 sunt
2944 1877 3232 1944 vanitates,
3261 1877 3387 1947 quia
3425 1895 3446 1929 ι
3493 1891 3756 1948 superva-

2174 1987 2312 2030 cuae.
2353 1990 2372 2024 ι
2408 1969 2606 2026 Vacuae
2662 1979 2811 2036 sunt,
2867 1984 2987 2040 qua:
3036 1969 3170 2026 nihil
3208 1969 3456 2026 utilitatis
3497 1967 3752 2036 aﬂ'erunt,

2172 2079 2536 2137 supervacuae,
2569 2063 2697 2136 quia
2737 2063 2902 2119 etiam
2929 2063 3183 2119 damnum
3209 2062 3460 2119 afferunt.

2196 2211 2200 2216 .
2241 2158 2364 2214 lllos
2389 2156 2569 2222 odisti,
2591 2173 2610 2208 ι
2633 2170 2734 2226 ego
2761 2162 2941 2211 autem
2964 2154 3177 2226 speravi
3196 2154 3249 2209 in
3264 2154 3492 2211 Domino
3511 2171 3530 2205 ι
3548 2161 3611 2209 ει
3638 2153 3755 2211 ideo

2178 2270 2197 2303 ι
2225 2249 2508 2306 exsultabo
2541 2267 2561 2302 ι
2590 2247 2645 2302 in
2666 2261 2892 2318 corpore
2924 2266 2943 2298 ι
2971 2254 3027 2302 ει
3049 2245 3271 2301 laetabor
3295 2263 3316 2297 ι
3349 2245 3406 2300 in
3426 2244 3623 2314 spiritu
3653 2261 3674 2296 ι
3702 2245 3754 2298 in

2171 2338 2544 2396 misericordia
2594 2345 2686 2393 tua
2737 2355 2756 2388 ι
2811 2335 3055 2402 scilicet,
3115 2352 3224 2393 non
3275 2343 3484 2391 tantum
3530 2344 3755 2407 propter

2171 2430 2274 2486 hoc
2313 2429 2458 2500 quod
2486 2427 2717 2499 speravi.
2743 2426 2801 2482 ln
2827 2427 2930 2483 hoc
2958 2427 3102 2498 quod
3139 2427 3271 2482 dicit
3297 2426 3600 2492 exsultare,
3631 2427 3753 2497 quia

2171 2523 2426 2592 speravit,
2475 2527 2643 2584 notat,
2676 2519 2962 2575 veritatem
2996 2518 3115 2574 Dei.
3163 2516 3281 2574 Non
3308 2517 3453 2574 enim
3490 2517 3640 2573 Deus
3669 2533 3754 2573 reo

2171 2613 2347 2668 ritatis
2387 2611 2550 2678 esset,
2581 2610 2687 2666 nisi
2714 2610 3010 2667 secundum
3057 2609 3226 2666 Deum
3275 2609 3606 2666 retribueret
3633 2624 3750 2684 spe-

2171 2704 2311 2760 ranti
2341 2703 2397 2758 in
2430 2717 2510 2759 se.

2237 2797 2387 2860 Bene
2415 2797 2560 2865 dico,
2592 2797 2720 2869 quia
2754 2796 3035 2855 exsultabo
3071 2814 3086 2854 :
3129 2816 3149 2851 ι
3181 2797 3440 2868 quoniam
3463 2798 3752 2872 respexisti

2173 2889 2538 2944 humilitatem
2592 2903 2767 2944 meam
2786 2929 2803 2955 ,
2853 2908 2874 2943 ι
2904 2889 2959 2945 id
2980 2895 3086 2957 est,
3118 2889 3370 2946 misertus
3395 2905 3456 2947 es
3477 2906 3614 2948 mete
3643 2891 3751 2946 fra-

2170 2983 2393 3054 gilitatis
2426 2991 2482 3038 et
2520 2997 2764 3038 meorum
2790 2989 2846 3038 et
2889 2980 3218 3048 aiilictionis,
3247 2997 3319 3038 ne
3351 2998 3384 3037 a
3417 2998 3746 3055 persequen-

2172 3074 2315 3129 tibus
2340 3086 2564 3144 superer
2593 3091 2613 3124 ι
2650 3071 2868 3128 salvasti
2900 3072 3064 3128 etiam
3101 3072 3335 3128 animam
3362 3089 3539 3130 meam
3562 3075 3630 3130 de
3658 3090 3750 3130 ne-

2173 3163 2520 3220 cessitatibus
2546 3202 2562 3229 ,
2611 3181 2630 3216 ι
2663 3161 2717 3217 id
2777 3171 2899 3230 est,
2967 3163 3034 3219 de
3085 3164 3362 3234 peccatis,
3427 3164 3495 3222 de
3555 3166 3749 3237 quibus

2173 3256 2352 3310 anima
2373 3253 2575 3310 Christi
2606 3254 2864 3310 immunis
2883 3253 3004 3320 fuit,
3029 3257 3221 3312 animae
3254 3271 3475 3312 suorum
3505 3272 3538 3311 a
3562 3259 3747 3314 crimi-

2172 3344 2386 3400 nalibus
2410 3385 2424 3409 ,
2455 3343 2541 3400 vel
2579 3345 2630 3424 si
2671 3345 2756 3401 sui
2804 3345 3092 3400 habuerint
3133 3346 3469 3415 criminalia,
3506 3364 3612 3404 non
3660 3366 3747 3406 no-

2172 3444 2398 3491 cuerunt
2435 3435 2533 3492 eis.
2566 3434 2929 3493 Necessitates
2961 3445 3181 3508 peccata
3227 3439 3503 3507 nominat,
3533 3450 3587 3495 et
3622 3443 3744 3512 quia

2172 3526 2512 3582 inevitabiles
2547 3535 2674 3585 sunt
2717 3527 3059 3594 hominibus,
3112 3537 3168 3584 et
3204 3530 3328 3600 quia
3377 3546 3567 3594 necem
3622 3547 3746 3604 por-

2171 3623 2306 3672 tant.

2239 3710 2306 3766 Et
2335 3711 2462 3781 quia
2483 3710 2724 3780 salvasti,
2752 3711 2874 3767 ideo
2909 3728 2930 3763 ι
2959 3725 3069 3766 ιιοιι
3095 3711 3408 3769 conclusisti
3439 3729 3525 3770 me
3549 3713 3601 3769 in
3623 3729 3744 3769 ma-

2170 3817 2273 3858 nus
2317 3803 2542 3870 inimici,
2597 3823 2616 3857 ι
2666 3804 2721 3860 id
2766 3812 2868 3871 est,
2903 3813 3169 3876 potestate
3202 3805 3422 3862 diaboli.
3468 3807 3522 3862 ln
3550 3823 3745 3864 manus

2169 3894 2377 3950 inimici
2423 3895 2708 3952 conclusus
2735 3904 2900 3964 esset,
2941 3897 2990 3952 si
3027 3897 3176 3953 nullo
3220 3899 3382 3954 modo
3412 3898 3479 3954 ab
3502 3897 3609 3968 ejus
3635 3913 3739 3969 po-

2169 3994 2365 4042 testate
2387 3988 2566 4060 egredi
2596 3997 2795 4058 posset,
2815 3989 2910 4046 sed
2931 3991 3108 4060 potius
3141 4010 3157 4042 ι
3195 3991 3468 4058 statuisti,
3495 4010 3514 4043 ι
3546 3992 3598 4046 id
3631 4000 3742 4059 est,

2169 4079 2398 4134 firmiter
2421 4080 2647 4150 posuisti
2682 4099 2700 4134 ι
2743 4083 2908 4153 pedes
2935 4098 3108 4149 meos,
3141 4102 3160 4135 ι
3193 4083 3248 4140 id
3291 4093 3396 4152 est,
3436 4083 3748 4143 affectiones

2166 4184 2317 4227 meas
2353 4190 2373 4223 ι
2422 4173 2478 4228 in
2529 4172 2767 4244 spatioso
2805 4172 2923 4230 loco
2955 4193 2974 4228 ι
3009 4176 3082 4230 ita
3119 4182 3180 4230 ut
3213 4175 3331 4232 sine
3363 4175 3540 4248 aliqua
3579 4176 3748 4232 offen-

2169 4263 2322 4319 sione
2349 4265 2552 4335 possim
2583 4265 2865 4333 incedere,
2896 4267 3036 4323 sicut
3078 4267 3272 4338 aliquis
3317 4269 3373 4325 in
3401 4269 3642 4340 spatioso
3685 4271 3748 4326 li-

2168 4354 2300 4410 bere
2334 4355 2532 4411 incedit
2576 4371 2683 4428 quo
2729 4357 2861 4412 vult.
2902 4356 2999 4413 Vel
3051 4374 3148 4430 per
3200 4359 3376 4416 locum
3420 4362 3746 4434 spatiosum,

2173 4447 2492 4502 charitatem
2521 4448 2901 4520 intelligamus,
2927 4449 2981 4504 in
3015 4465 3121 4521 qua
3157 4449 3404 4509 Christus
3423 4451 3529 4508 late
3555 4455 3748 4510 ambu-

2164 4535 2316 4604 lavit,
2343 4545 2400 4593 et
2429 4538 2512 4592 sui
2540 4546 2596 4592 et
2627 4553 2751 4594 cum
2787 4540 3034 4609 proximo
3056 4555 3170 4597 suo.

2239 4625 2338 4682 llic
2387 4627 2574 4698 incipit
2620 4630 2852 4684 secunda
2891 4645 3018 4700 pars
3043 4631 3109 4686 de
3147 4633 3549 4689 enumeratione
3590 4635 3750 4691 mise-

2166 4716 2366 4772 riarum
2391 4718 2636 4772 humanae
2657 4718 2982 4790 fragilitatis.
2999 4720 3292 4793 Postquam
3314 4723 3450 4779 dixit
3466 4738 3524 4779 se
3543 4737 3674 4781 esse
3695 4726 3748 4780 in

2165 4813 2402 4882 spatioso
2431 4811 2548 4866 loco
2563 4828 2659 4884 per
2679 4813 3106 4871 misericordiam
3118 4815 3240 4884 Dei,
3264 4818 3458 4875 timens
3479 4827 3665 4876 tamen
3683 4822 3748 4876 de

2164 4919 2260 4958 sua
2291 4902 2580 4974 fragilitate
2600 4944 2615 4970 ,
2655 4909 3018 4962 enumerando
3045 4907 3292 4965 miserias
3332 4924 3473 4975 suas,
3503 4912 3751 4981 postulat

2163 4995 2428 5060 misereri,
2466 4995 2544 5051 sic
2567 4996 2792 5053 dicens:
2825 5016 2844 5049 ι
2879 4997 2922 5054 0
2949 4997 3175 5056 Domine
3211 5001 3468 5058 miserere
3491 5003 3602 5058 mei
3644 5023 3664 5055 ι
3693 5012 3749 5059 ει

2167 5099 2303 5156 opus
2350 5094 2435 5141 est
2464 5103 2482 5137 ι
2519 5087 2775 5157 quoniam
2829 5089 3054 5144 tribulor
3081 5110 3100 5143 ι
3133 5099 3188 5146 ει
3220 5091 3392 5164 ipsam
3436 5092 3752 5150 tribulatio-

2166 5189 2290 5229 nem
2326 5185 2602 5246 aggravat,
2631 5177 2858 5244 scilicet,
2902 5179 3022 5235 talis
3048 5188 3132 5237 est
3156 5181 3246 5236 illa
3269 5181 3563 5250 tribulatio,
3597 5186 3750 5255 quod

2165 5282 2234 5322 ex
2275 5282 2340 5322 ea
2368 5288 2386 5319 ‹
2416 5268 2620 5334 oculus,
2664 5289 2683 5324 ι
2719 5271 2774 5327 id
2820 5280 2922 5338 est,
2952 5273 3258 5332 intellectus
3284 5290 3437 5332 meus
3467 5296 3486 5330 ι
3519 5287 3751 5335 contur-

2166 5361 2325 5416 batus
2376 5369 2461 5417 est
2499 5362 2554 5417 in
2587 5363 2689 5429 ira,
2721 5381 2740 5416 ι
2773 5364 2828 5418 id
2850 5373 2956 5431 est,
2984 5365 3039 5420 in
3061 5379 3224 5436 poena
3248 5367 3398 5423 illata
3426 5369 3492 5425 ab
3517 5369 3601 5424 eis
3631 5388 3652 5422 ι
3685 5378 3754 5442 ,ει

2168 5449 2349 5504 anima
2398 5465 2541 5517 mea,
2571 5470 2590 5504 ι
2646 5451 2700 5506 id
2747 5461 2849 5518 est,
2883 5454 3188 5513 animalitas
3227 5472 3386 5514 mea:
3423 5476 3442 5510 ι
3470 5467 3525 5515 ει
3548 5470 3754 5518 venter

2168 5556 2340 5606 meus,
2380 5561 2395 5591 ι
2439 5541 2492 5597 id
2523 5551 2628 5608 est,
2652 5547 2910 5600 memoria
2945 5562 3088 5614 mea,
3115 5563 3236 5620 quae
3279 5549 3400 5607 ideo
3437 5559 3634 5607 venter
3666 5553 3756 5609 di-

2169 5633 2330 5698 citur,
2358 5634 2483 5702 quia
2523 5635 2664 5690 sicut
2693 5636 2746 5690 in
2773 5647 2963 5693 ventre
2989 5653 3128 5696 esca:
3155 5641 3538 5710 reconduntur,
3565 5635 3645 5699 ita
3692 5645 3754 5702 in

2169 5727 2425 5782 memoria
2455 5728 2629 5784 abdita
2673 5731 3035 5788 reconduntur
3060 5742 3117 5790 et
3153 5744 3381 5791 secreta.
3419 5755 3438 5787 ‹
3469 5735 3755 5794 Turbatus

2167 5828 2252 5877 est
2311 5841 2330 5874 ι
2383 5823 2629 5893 quamvis
2687 5832 2871 5881 certus
2917 5835 3062 5884 esset
3105 5827 3172 5885 de
3201 5829 3588 5902 promisssionc
3618 5844 3753 5901 qua
