3984 6452
167 402 274 460 297

1318 403 1756 459 EXPLANATIO
1791 403 1858 456 IN
1899 401 2238 460 PSALMOS.

3321 407 3423 460 298

167 518 383 572 dixerat
421 534 484 570 τι
520 515 825 572 Clariﬁcavi
859 525 915 570 et
943 516 1138 570 iterum
1187 514 1499 570 clariﬁcabo
1545 514 1744 584 (Joan.
1777 520 1822 577 Α
1853 512 1983 576 divi,
2032 531 2050 563 ο
2089 512 2142 566 id
2185 513 2616 584 est,.patienter
2657 512 2885 566 sustinui
2923 531 2940 560 ‹
2983 511 3428 580 vituperationem

167 613 267 682 xu)
301 628 314 663 :
349 630 369 663 ι
427 625 534 665 non
568 610 662 663 'ita
707 610 962 664 debemus
985 607 1282 678 intelligere
1329 606 1529 662 Christi
1555 607 1743 671 vitam,

167 703 283 756 sive
335 701 654 756 memoriam
705 716 826 756 esse
871 701 1180 764 turbatam,
1239 707 1296 753 ut
1353 699 1532 768 aliquo
1586 699 1747 753 modo

165 792 453 856 deﬁceret,
509 791 602 846 sed
661 799 852 862 sponte
908 789 1217 844 conturbari
1272 788 1469 854 voluit,
1519 796 1580 842 ut
1627 788 1747 843 aliis

166 882 473 952 exemplum
507 882 858 952 relinqueret,
896 897 964 936 ne
991 881 1036 936 si
1080 883 1449 946 turbarentur,
1490 882 1744 951 despera-

164 985 308 1028 rent.

236 1065 377 1120 Ecce
421 1065 712 1133 praemissae
761 1062 1125 1118 tribulationis
1166 1071 1348 1132 partes
1403 1063 1738 1132 exsequitur.

166 1154 307 1210 Vere
337 1155 584 1219 tribulor,
622 1173 641 1204 ι
671 1154 928 1224 quoniam
971 1153 1080 1207 vita
1111 1165 1227 1206 mea
1263 1171 1280 1202 ι
1313 1153 1576 1207 hactenus
1620 1163 1739 1208 aeta

165 1263 187 1297 ι
214 1246 274 1299 in
318 1244 505 1300 dolore
549 1244 783 1307 deﬁciet,
821 1264 838 1295 ι
878 1243 931 1296 in
965 1251 1138 1299 morte
1189 1261 1200 1296 :
1242 1250 1297 1296 et
1334 1242 1460 1311 quia
1492 1242 1602 1296 vita
1653 1243 1742 1298 illa

158 1344 344 1406 posset
374 1349 496 1390 esse
524 1344 644 1389 acta
694 1335 749 1388 in
797 1333 979 1389 dolore
1018 1348 1116 1402 per
1157 1348 1322 1386 unum
1367 1331 1510 1386 diem
1536 1332 1620 1386 vel
1646 1348 1742 1402 per

155 1423 320 1488 duos,
351 1423 495 1492 quod
528 1439 632 1476 non
656 1423 928 1478 videretur
955 1437 1226 1488 magnum,
1253 1421 1402 1475 addit
1431 1440 1443 1475 :
1479 1441 1496 1472 ι
1529 1431 1584 1474 ει
1612 1422 1739 1476 anni

159 1514 303 1579 mei,
357 1533 373 1563 ι
424 1514 477 1568 id
522 1523 634 1578 est,
681 1514 792 1568 vita
839 1529 958 1567 mea
1009 1513 1193 1567 multis
1244 1513 1400 1566 annis
1448 1523 1570 1566 acta
1619 1533 1640 1564 ‹
1683 1514 1736 1569 in

157 1604 452 1674 gemitibus
521 1623 540 1657 ι
613 1604 826 1659 deﬁciet
892 1604 946 1658 in
1014 1613 1208 1659 morte.
1278 1603 1354 1658 De
1416 1604 1736 1672 quibusdam

157 1695 418 1749 membris
457 1693 660 1749 Christi
708 1701 888 1764 potest
929 1693 1056 1758 dici,
1106 1695 1234 1763 quia
1282 1694 1390 1748 vita
1415 1709 1603 1748 eorum
1640 1710 1739 1763 per

156 1785 359 1841 multos
386 1784 490 1840 fuit
517 1800 687 1840 annos
712 1787 770 1840 in
813 1785 1026 1851 dolore,
1078 1785 1238 1840 sicuti
1261 1785 1326 1839 de
1361 1784 1526 1840 Paulo
1566 1795 1621 1840 et
1665 1787 1738 1841 si-

1852 603 2309 658 commorantium
2355 604 2408 657 in
2453 605 2719 668 circuitu,
2760 624 2779 656 ι
2827 603 2882 658 id
2919 612 3022 663 est.
3070 603 3122 656 in
3170 601 3428 656 exteriori

1850 706 1991 756 meo,
2033 691 2161 760 quia
2211 707 2320 746 non
2368 693 2770 762 cognoscebant
2815 708 2903 748 me
2945 707 3063 746 esse
3109 692 3297 746 Deum.
3334 690 3431 747 Vel

1854 801 1872 833 ι
1901 783 2353 838 commorantium
2392 784 2447 838 in
2494 785 2744 848 circuitu,
2777 804 2795 835 ›
2840 783 2891 838 id
2929 791 3042 847 est,
3090 783 3142 836 in
3191 784 3430 852 appetitu

1848 871 2262 936 mundanorum,
2283 887 2414 941 quae
2442 887 2654 943 semper
2683 881 2810 927 sunt
2837 874 2888 926 in
2918 873 3143 928 circuitu
3175 887 3188 926 :
3219 873 3346 952 quia
3375 872 3429 925 in

1847 961 1927 1016 eis
1954 961 2162 1016 nullum
2188 972 2352 1032 caput
2379 971 2478 1026 est,
2513 964 2688 1019 nullus
2711 964 2852 1019 ﬁnis.
2878 964 2972 1019 Vel
3002 984 3018 1013 ‹
3047 965 3101 1018 in
3132 964 3382 1044 circuitu,
3408 987 3424 1013 ι

1847 1051 1900 1106 id
1928 1064 2034 1118 est,
2064 1052 2118 1106 in
2147 1052 2332 1122 aliquo,
2353 1068 2558 1109 errore.
2793 1124 2795 1126 η
3425 1091 3430 1112 ε

1922 1163 1942 1196 ‹
1968 1146 2028 1201 In
2056 1161 2121 1201 eo
2148 1165 2167 1197 ι
2204 1147 2434 1202 circuitu
2476 1167 2494 1198 ι
2525 1148 2652 1202 dum
2688 1148 3041 1202 convenirent
3073 1169 3089 1200 ›
3141 1149 3194 1201 in
3224 1156 3433 1214 emtum,

1852 1255 1870 1288 ι
1901 1236 2186 1292 adversum
2217 1252 2304 1291 me
2327 1238 2513 1303 simul,
2545 1257 2564 1291 ›
2607 1238 2660 1292 id
2696 1245 2779 1293 est
2810 1239 3158 1303 unanimiter,
3204 1258 3223 1290 ι
3251 1237 3427 1292 consi-

1844 1329 1958 1384 liati
1997 1338 2124 1385 sunt
2152 1331 2399 1400 accipere
2436 1330 2674 1385 animam
2711 1345 2884 1384 meam
2923 1349 2940 1379 ι
2993 1329 3045 1382 id
3073 1337 3175 1392 est,
3218 1329 3423 1382 tollere.

1844 1419 1938 1475 Vel
1991 1441 2008 1472 ι
2039 1421 2096 1475 in
2142 1438 2207 1476 eo
2254 1431 2379 1476 sunt
2426 1422 2729 1487 consiliati,
2780 1430 2840 1475 ut
2893 1421 3144 1475 tollerent
3189 1421 3425 1474 animam

1844 1527 2018 1566 meam
2044 1531 2062 1564 ι
2088 1521 2144 1566 ει
2173 1514 2288 1568 haec
2313 1521 2397 1568 est
2423 1513 2526 1567 alia
2562 1511 2843 1567 translatio
2874 1526 2888 1564 :

1913 1605 2016 1674 Ipsi
2039 1613 2163 1660 sunt
2184 1605 2470 1660 consiliati.
2503 1625 2520 1654 ι
2548 1604 2660 1676 Ego
2681 1611 2862 1658 autem
2892 1602 2944 1656 in
2969 1610 3021 1654 te
3049 1599 3282 1669 speravi,
3317 1597 3426 1651 Do-

1841 1697 2006 1761 mine,
2052 1717 2070 1747 »
2105 1696 2228 1766 quia
2257 1697 2495 1751 sciebam
2543 1696 2658 1750 hate
2697 1693 2879 1750 omnia
2918 1693 3035 1747 ﬁeri
3076 1700 3166 1746 tua
3197 1688 3426 1758 disposi-

1843 1786 2008 1849 tione,
2034 1795 2088 1840 et
2120 1805 2137 1836 c
2168 1786 2277 1840 dixi
2308 1805 2325 1836 ι
2359 1785 2456 1840 tibi
2483 1785 2873 1840 deliberatione
2921 1781 3101 1838 cordis
3131 1799 3143 1834 :
3189 1799 3208 1830 ι
3239 1779 3426 1833 Sortes

153 1877 398 1940 milibus,
445 1876 511 1931 de
540 1877 860 1947 quibusdam
892 1892 1020 1930 vero
1049 1876 1190 1940 aliis,
1219 1878 1346 1946 quia
1386 1877 1493 1931 vita
1544 1891 1731 1932 eorum
1765 1877 1808 1936 Β
1836 1893 1987 1943 meae,
2024 1897 2042 1929 ι
2069 1878 2121 1932 id
2142 1888 2225 1932 est
2251 1886 2480 1932 eventus
2506 1877 2634 1942 mei,
2656 1885 2784 1932 sunt
2816 1895 2835 1926 ι
2874 1876 2929 1930 in
2961 1873 3207 1930 manibus
3235 1871 3362 1935 tuis,
3399 1891 3442 1962 ι

152 1962 354 2020 defecit
406 1963 462 2019 in
501 1964 683 2020 dolore
720 1964 910 2031 brevi,
961 1973 1020 2019 ut
1058 1965 1124 2019 de
1163 1964 1449 2036 Hippolyto
1494 1973 1550 2020 et
1587 1966 1736 2020 simi-

148 2041 320 2110 libus.

229 2145 352 2200 Vita
381 2145 576 2201 defecit
604 2146 660 2200 in
690 2146 892 2211 dolore,
926 2155 981 2202 et
1005 2148 1167 2202 etiam
1203 2165 1220 2198 ι
1257 2148 1430 2202 virtus
1460 2163 1600 2213 mea,
1636 2167 1653 2200 ›
1684 2147 1735 2201 id

143 2247 236 2293 est
262 2239 467 2304 anima,
502 2256 521 2290 ι
555 2239 828 2293 inﬁrmata
855 2247 939 2294 est
967 2239 1021 2293 in
1047 2247 1365 2309 paupertate
1395 2249 1497 2294 set
1526 2239 1578 2293 in
1602 2254 1732 2293 con-

148 2328 484 2385 sideratione
510 2344 644 2385 mea:
671 2330 977 2399 parvitatis,
1001 2330 1132 2399 quia
1157 2329 1290 2384 nihil
1320 2329 1492 2406 habeo
1514 2345 1580 2384 ex
1611 2344 1730 2396 me;

154 2437 175 2470 ι
214 2428 272 2473 ει
296 2433 420 2474 ossa
457 2435 597 2483 mea,
633 2439 650 2470 ι
687 2420 738 2474 id
771 2428 850 2473 est
873 2460 889 2485 ,
929 2421 1172 2490 corporis
1209 2421 1313 2475 mei
1355 2423 1568 2484 robora,
1611 2428 1735 2475 sunt

143 2509 246 2575 ita,
283 2518 344 2563 ut
385 2510 691 2580 quicunque
722 2519 913 2580 putent
945 2527 1031 2566 me
1057 2511 1274 2581 aliquod
1307 2513 1471 2565 robur
1509 2513 1730 2575 habere,

139 2615 250 2672 ego
275 2601 409 2656 nihil
450 2611 580 2672 puto
621 2617 687 2656 ex
718 2618 804 2657 me
834 2603 1054 2657 habere.
1085 2602 1220 2657 Cum
1244 2601 1489 2658 Christus
1517 2603 1646 2658 dicit
1674 2618 1733 2658 se

141 2707 272 2747 esse
297 2691 566 2746 inﬁrmum
597 2702 652 2747 et
682 2693 735 2746 in
761 2708 988 2763 corpore
1015 2702 1071 2748 et
1094 2693 1148 2746 in
1165 2693 1598 2756 anima,omnem
1627 2708 1656 2746 a
1676 2709 1734 2748 se

139 2781 458 2852 superbiam
485 2793 747 2838 remotam
773 2784 1024 2849 ostendit,
1057 2796 1112 2840 et
1135 2785 1278 2854 quod
1298 2784 1491 2854 aliquis
1513 2800 1619 2840 non
1643 2787 1734 2841 de-

136 2874 236 2928 bet
280 2873 348 2927 de
386 2888 444 2928 se
478 2889 830 2942 praesumere.

214 2965 379 3019 Ponit
399 2965 528 3021 item
551 2967 684 3020 alias
713 2965 982 3031 miserias,
1009 2965 1195 3022 dicens
1227 2983 1241 3020 :
1273 2986 1289 3017 ι
1326 2965 1522 3021 Factus
1549 2981 1668 3020 sum
1707 2985 1725 3018 ι

136 3054 314 3108 etiam
353 3072 371 3104 ι
421 3055 769 3124 opprobrium
797 3071 959 3126 super
987 3057 1234 3111 inimicos
1261 3073 1430 3121 meos,
1481 3077 1498 3108 ›
1527 3058 1581 3111 id
1625 3067 1729 3122 εει,

133 3146 267 3216 plus
295 3161 455 3216 quam
479 3147 686 3202 inimici
718 3147 843 3212 mei,
871 3163 994 3202 cum
1025 3148 1126 3217 ipsi
1182 3148 1327 3218 digni
1368 3156 1549 3203 essent
1580 3143 1731 3204 tanto

1838 1973 1890 2027 id
1935 1981 2018 2026 est
2045 1973 2096 2026 in
2126 1981 2393 2042 potestate
2428 1981 2537 2026 tua.
2575 1970 2680 2025 Per
2708 1979 2884 2025 sortes
2926 1961 3047 2023 ideo
3081 1973 3308 2021 eventus
3333 1961 3423 2018 ac?

1835 2063 2085 2134 cipimus,
2120 2063 2246 2132 quia
2295 2063 2414 2118 sine
2455 2063 2692 2117 humana
2735 2060 3092 2132 dispositione
3119 2073 3216 2128 per
3251 2054 3422 2112 solam

1835 2154 1932 2209 Dei
1958 2154 2368 2223 dispositionem
2395 2153 2672 2208 eveniunt.

1905 2242 1973 2299 Et
2003 2244 2122 2298 ideo
2161 2261 2179 2293 ‹
2207 2246 2356 2312 eripe
2383 2259 2468 2297 me
2493 2243 2560 2297 de
2588 2258 2773 2309 manu,
2800 2261 2817 2293 ι
2854 2242 2907 2297 id
2929 2250 3034 2306 εει,
3063 2240 3128 2295 de
3156 2244 3424 2308 potestate

1841 2358 1858 2389 ‹
1890 2339 2232 2393 inimicorum
2251 2352 2493 2391 meorum
2517 2357 2535 2388 ι
2562 2337 2794 2400 illorum,
2818 2337 2909 2404 qui
2931 2334 3134 2390 habent
3163 2347 3248 2386 me
3273 2331 3420 2393 odio,

1841 2447 1857 2478 ι
1885 2437 1942 2482 ει
1973 2443 2004 2482 a
2031 2429 2482 2497 persequentibus
2528 2444 2635 2494 me,
2667 2449 2686 2480 ι
2716 2429 2771 2482 id
2803 2436 2914 2492 est,
2955 2427 3022 2482 ab
3047 2425 3129 2481 eis
3157 2424 3249 2493 qui
3280 2420 3416 2476 infe-
3488 2424 3502 2438 '

1836 2525 1964 2571 runt
1992 2518 2126 2572 mihi
2159 2518 2320 2572 mala.

1903 2614 2066 2684 Eripe
2096 2629 2182 2668 me
2213 2622 2267 2668 et
2297 2631 2318 2664 ι
2346 2613 2554 2668 illustra
2584 2631 2604 2664 ι
2646 2613 2780 2668 mihi
2817 2631 2835 2664 ε
2860 2611 3054 2667 faciem
3082 2619 3229 2664 tuam
3259 2622 3423 2677 super

1834 2717 1920 2757 me
1949 2717 2164 2757 servum
2198 2710 2348 2756 tuum
2387 2722 2405 2752 ι
2439 2709 2495 2756 et
2542 2716 2690 2757 meos
2732 2719 2744 2754 :
2787 2700 3064 2762 hocdicit
3091 2714 3186 2770 per
3221 2698 3417 2752 simile.

1835 2793 1968 2847 Nam
2010 2793 2150 2848 sicut
2185 2809 2307 2848 cum
2353 2793 2552 2863 aliquis
2583 2793 2834 2849 dominus
2871 2793 3112 2848 ostendit
3139 2806 3295 2846 servo
3323 2805 3420 2844 suo

1835 2885 2027 2941 faciem
2056 2901 2210 2939 suam
2238 2885 2462 2950 claram,
2491 2885 2581 2940 alii
2614 2886 2814 2941 habent
2837 2899 2964 2940 eum
2997 2885 3052 2940 in
3081 2885 3288 2954 majore
3322 2882 3420 2936 ho-

1835 2993 1966 3032 nore
1996 2996 2010 3032 :
2042 2978 2122 3033 sic
2147 2976 2396 3033 Christus
2443 2977 2543 3032 fuit
2581 2979 2637 3032 in
2666 2979 2872 3050 majore
2898 2980 3123 3042 honore,
3157 2993 3281 3033 cum
3311 2977 3420 3031 Do-

1835 3071 2014 3125 minus
2041 3071 2092 3126 ei
2119 3071 2356 3126 ostendit
2395 3071 2588 3128 faciem
2627 3087 2781 3128 suam
2827 3088 2952 3127 eum
3002 3071 3416 3128 resuscitando:

1841 3179 1859 3210 ε
1892 3162 2122 3229 illustra,
2149 3183 2166 3216 ι
2200 3163 2408 3219 scilicet
2427 3183 2446 3215 ‹
2477 3165 2683 3219 salvum
2704 3179 2790 3219 me
2813 3164 2897 3220 fac
2921 3185 2938 3217 ι
2969 3166 3147 3220 ethoc
3173 3179 3280 3219 non
3308 3178 3420 3217 me-

133 3238 460 3319 opprobriO.
481 3257 501 3290 ‹
531 3249 587 3294 et
614 3239 790 3296 factus
810 3255 928 3295 sum
958 3240 1110 3296 valde
1144 3241 1306 3295 timor
1325 3241 1518 3295 vicinis
1539 3241 1693 3305 meis,
1718 3260 1731 3291 ι
1770 3255 1813 3318 ρ
1847 3253 1952 3307 rito
1969 3268 2113 3318 meo,
2141 3255 2236 3310 sed
2259 3272 2277 3304 ι
2308 3254 2362 3308 in
2387 3255 2764 3310 misericordia
2792 3264 2904 3322 tua,
2924 3255 3171 3321 Domine,
3202 3275 3221 3308 ι
3250 3255 3325 3309 ita
3362 3265 3421 3309 ut

133 3329 196 3384 id
229 3337 336 3394 est,
383 3344 545 3384 causa
573 3330 823 3394 timoris,
866 3329 992 3398 quia
1030 3330 1272 3384 videntes
1323 3345 1447 3385 eum
1500 3329 1636 3384 tradi
1679 3331 1732 3384 in

133 3427 401 3484 mortem,
428 3419 746 3473 timuerunt.
778 3417 994 3473 Vicinos
1025 3427 1183 3473 vocat
1207 3419 1328 3474 illos
1353 3421 1443 3488 qui
1479 3420 1605 3475 licet
1627 3435 1732 3475 non

131 3519 334 3564 essent
370 3509 618 3578 discipuli
657 3511 891 3572 Domini,
921 3519 1099 3565 tamen
1135 3511 1465 3566 accedebant
1493 3521 1553 3566 ut
1575 3512 1730 3566 audi-

128 3610 274 3656 rent
301 3615 424 3654 eum
467 3618 481 3653 :
521 3617 539 3650 ι
576 3607 632 3654 ει
651 3601 792 3654 notis
822 3601 974 3666 meis,
1014 3621 1032 3652 ›
1061 3602 1114 3655 id
1153 3610 1270 3667 est,
1303 3602 1432 3672 ipsis
1458 3601 1733 3670 discipulis

129 3691 292 3747 meis
323 3709 340 3741 ι
377 3689 555 3746 factus
582 3707 699 3746 sum
732 3693 911 3747 timor.
938 3712 956 3743 ι
984 3691 1108 3747 Sive
1132 3693 1208 3747 ita
1241 3693 1454 3764 legitur.
1491 3715 1508 3744 ι
1540 3693 1735 3748 Factus

128 3798 269 3839 sum
311 3783 659 3852 opprobrium
703 3783 858 3837 valde
897 3783 1089 3838 vicinis
1120 3784 1256 3838 meis
1289 3800 1452 3852 super
1485 3784 1732 3838 inimicos

129 3888 330 3937 meos,
377 3893 395 3925 ο
437 3873 490 3927 id
518 3881 634 3939 est,
673 3873 794 3944 plus
838 3874 1143 3928 habuerunt
1177 3890 1264 3929 me
1301 3875 1463 3929 vicini
1499 3876 1603 3929 mei
1634 3891 1732 3944 op-

128 3963 369 4036 probrio
403 3979 564 4034 quam
611 3965 814 4019 inimici
858 3983 876 4015 4
926 3974 981 4019 et
1020 3966 1182 4020 timor
1222 3965 1396 4021 factus
1439 3982 1559 4021 sum
1589 3967 1730 4021 notis

128 4059 304 4115 meis.
343 4079 362 4110 ι
399 4059 517 4114 Alia
550 4059 834 4115 translatio
875 4061 1070 4125 habet,
1111 4060 1250 4130 apud
1293 4060 1581 4115 inimicos:
1619 4061 1727 4116 sci-

130 4148 294 4213 licet,
322 4147 527 4202 inimici
553 4137 859 4204 habuerunt
888 4166 974 4205 me
997 4151 1305 4220 opprobrio.
1328 4151 1460 4205 Item
1499 4151 1602 4206 alia
1629 4152 1729 4206 mi-

131 4241 312 4304 seria,
341 4249 396 4294 et
433 4241 599 4296 etiam
629 4241 703 4295 illi
733 4261 751 4292 ‹
783 4243 875 4312 qui
921 4243 1173 4298 videbant
1201 4258 1309 4307 me,
1359 4263 1376 4296 ι
1419 4243 1474 4298 id
1500 4229 1606 4310 εει,
1635 4245 1728 4313 qui

131 4332 549 4402 cognoscebant
572 4347 659 4387 me
683 4332 850 4387 Deum
877 4348 996 4388 esse
1025 4353 1042 4384 ι
1075 4332 1322 4404 fugerunt
1346 4350 1376 4388 a
1405 4349 1492 4389 me
1511 4333 1680 4399 foras,
1701 4355 1720 4387 ι

132 4422 191 4476 id
225 4429 336 4484 est,
369 4421 482 4474 sola
524 4416 794 4477 esteriola
841 4422 896 4477 in
941 4437 1026 4478 me
1072 4433 1463 4493 cognoverunt,
1494 4425 1724 4490 scilicet,

132 4524 230 4566 me
257 4510 433 4565 solum
473 4512 746 4567 hominem
791 4512 1034 4567 arbitrati
1084 4523 1230 4569 sunt.
1279 4513 1431 4568 Unde
1456 4515 1587 4568 etei
1635 4529 1723 4568 re-

1847 3364 1865 3396 ι
1897 3362 2005 3401 non
2031 3346 2354 3412 confundar,
2392 3365 2411 3397 ι
2439 3356 2494 3401 ει
2525 3363 2646 3402 cum
2676 3347 3046 3403 misericordia
3079 3347 3229 3418 ponit
3255 3347 3417 3402 meri-

1841 3441 1975 3497 tum,
2010 3448 2180 3502 quare
2209 3449 2336 3488 eum
2379 3434 2588 3489 salvum
2623 3433 2806 3499 faciat,
2838 3435 3061 3490 subdit:
3113 3453 3130 3485 ι
3160 3435 3416 3504 quoniam

1839 3526 2086 3580 invocavi
2114 3533 2187 3580 te.
2230 3547 2248 3578 ι

1907 3618 2020 3688 Ego
2045 3633 2151 3671 non
2173 3617 2493 3682 confundar,
2519 3638 2538 3670 ‹
2569 3621 2717 3689 impii
2743 3630 2921 3674 autem
2944 3621 3288 3682 erubescant,
3321 3641 3339 3671 ι
3366 3621 3419 3673 id

1839 3715 1956 3773 est,
2009 3707 2358 3763 confusibiles
2408 3721 2732 3778 appareant,
2785 3720 2840 3765 et
2883 3713 3308 3766 verecundantes
3353 3711 3419 3764 de

1836 3801 2078 3872 peccatis
2114 3801 2228 3855 suis
2259 3820 2277 3852 ‹
2309 3801 2644 3856 deducantur
2683 3802 2737 3856 in
2779 3800 3088 3855 infernum»
3121 3802 3422 3856 materiali-

1837 3903 1941 3960 ter,
1980 3903 2035 3947 et
2077 3911 2094 3944 ι
2127 3892 2268 3948 labia
2305 3893 2515 3958 dolosa,
2544 3914 2562 3946 ο
2601 3894 2653 3948 id
2687 3904 2791 3953 est,
2830 3893 2906 3948 illi
2949 3895 3041 3963 qui
3084 3894 3244 3948 modo
3291 3903 3419 3948 sunt

1835 3986 2039 4057 garruli
2098 3995 2154 4040 et
2197 3986 2366 4041 dolosi
2403 4006 2422 4047 ι
2452 3987 2582 4041 ﬁant
2624 3988 2758 4041 muti
2789 4006 2807 4038 ι
2860 3996 3148 4057 postquam
3179 3986 3248 4042 ad
3284 3986 3418 4041 infe-

1835 4091 1924 4131 ros
1949 4077 2311 4133 deducuntur.

1909 4168 2124 4235 «Quae»
2170 4167 2310 4223 labia
2356 4167 2693 4238 «loquuntur
2740 4165 3080 4238 iniquitatem
3129 4167 3414 4223 adversum

1832 4273 1920 4313 me
1958 4259 2166 4328 justum
2211 4259 2265 4313 in
2297 4259 2547 4328 superbia
2587 4280 2606 4311 ι
2641 4268 2830 4313 contra
2865 4272 2952 4312 me
2987 4257 3192 4327 justum
3227 4272 3417 4328 super-

1832 4351 1989 4404 biunt
2029 4370 2047 4400 α
2075 4359 2132 4404 ει
2166 4350 2220 4403 in
2251 4351 2510 4405 abusione
2537 4370 2555 4402 ι
2591 4351 2717 4419 quia
2766 4351 2866 4418 ipsi
2917 4349 3279 4404 abutebantur
3322 4350 3416 4406 do-

1831 4443 2006 4498 ctrina
2036 4443 2176 4512 ejus,
2207 4441 2543 4512 negligentes
2583 4455 2726 4496 eam.
2760 4440 2825 4494 Et
2857 4439 2961 4492 alia
3005 4438 3324 4494 translatio:
3360 4440 3415 4493 in

1832 4533 2084 4603 superbia
2109 4541 2165 4587 et
2187 4533 2240 4586 in
2271 4539 2604 4600 contemptu.

131 4600 409 4657 suscitato
435 4600 539 4654 duo
565 4601 813 4672 discipuli
844 4603 1097 4657 dixerunt
1129 4622 1142 4657 :
1188 4622 1206 4654 ‹
1251 4603 1360 4659 Nos
1404 4604 1726 4674 putabamus

1899 4593 2097 4693 lncipit
2121 4623 2280 4678 tertia
2307 4637 2455 4692 pars,
2481 4593 2533 4676 in
2555 4637 2659 4691 qua
2677 4623 2895 4693 ponitur
2913 4623 3202 4678 exsultatio
3223 4623 3417 4680 libera-

132 4695 268 4764 quia
291 4693 410 4762 ipse
439 4703 582 4749 esset
613 4694 990 4764 redempturus
1018 4695 1181 4750 Israel
1204 4695 1352 4766 (Luc.
1384 4698 1553 4766 xxiv).
1588 4715 1606 4748 ι
1635 4696 1728 4751 Vel

136 4786 236 4846 ita,
275 4803 293 4833 ι
335 4782 410 4836 illi
433 4785 524 4852 qui
551 4783 805 4838 videbant
834 4800 920 4840 me
955 4805 973 4836 ι
1006 4785 1076 4838 ita
1105 4787 1327 4840 tractari
1364 4806 1381 4835 ι
1418 4785 1671 4857 fugerunt
1695 4803 1726 4842 a

134 4892 230 4930 me
262 4875 412 4930 foras
457 4897 475 4929 ι
524 4885 584 4930 ιιι
611 4891 773 4946 supra
811 4895 823 4929 :
873 4886 927 4932 et
965 4878 1132 4931 etiam
1179 4897 1195 4928 ι
1250 4878 1408 4931 datus
1443 4893 1562 4933 sum
1591 4878 1727 4933 obli-

133 4967 289 5021 vioni
322 4981 351 5020 a
383 4969 546 5024 corde
578 4989 596 5020 ι
631 4969 846 5023 illorum
894 4988 912 5018 ι
937 4980 1190 5038 tanquam
1223 4989 1240 5021 ι
1281 4970 1505 5040 quilibet
1531 4991 1549 5022 ‹
1585 4986 1728 5025 mor-

137 5063 289 5110 tuus.
349 5075 368 5106 ›
424 5055 573 5111 llanc
622 5059 948 5113 sententiam
993 5059 1310 5130 comprobat
1357 5061 1444 5114 illa
1497 5060 1728 5115 transla-

133 5147 240 5209 tio,
271 5161 394 5216 qua:
423 5147 604 5211 habet,
631 5147 809 5203 excidi
837 5163 867 5201 a
890 5147 1071 5203 corde.
1098 5149 1193 5204 Vel
1227 5170 1244 5200 ί
1282 5159 1538 5220 tanquam
1582 5167 1728 5205 mor-

139 5247 270 5292 tuus
301 5251 332 5290 a
362 5237 543 5303 corde,
589 5259 607 5289 ι
645 5239 697 5293 id
718 5247 829 5303 est,
863 5239 1088 5308 quilibet
1114 5252 1386 5309 peccator,
1425 5240 1580 5310 cujus
1608 5257 1725 5307 cor,

138 5330 193 5384 id
226 5339 313 5384 est
365 5329 520 5396 ratio,
551 5347 657 5385 non
689 5332 820 5386 vivit
847 5350 858 5385 :
887 5340 942 5386 ct
970 5333 1086 5386 hmc
1118 5334 1385 5388 sententia
1429 5333 1602 5387 currit
1631 5348 1729 5402 per

135 5437 386 5510 campos.

207 5521 347 5579 Item
378 5525 481 5578 alia
511 5527 726 5581 miseria
760 5546 771 5580 :
809 5546 825 5578 ί
858 5527 1052 5583 Factus
1097 5545 1213 5583 sum
1263 5533 1423 5586 etiam
1469 5542 1724 5603 tanquam

132 5629 240 5670 vas
270 5615 563 5684 perditum,
605 5638 623 5668 ι
662 5620 786 5687 quia
825 5619 964 5674 sicut
1002 5635 1098 5675 vas
1123 5620 1362 5686 fractum
1407 5640 1510 5678 non
1549 5635 1726 5694 potest

134 5704 406 5776 liquorem
445 5708 696 5773 retinere,
745 5711 823 5765 sic
867 5727 967 5765 nec
1009 5727 1110 5782 ego
1151 5727 1300 5768 meos
1323 5716 1633 5784 apostolos:
1669 5728 1723 5773 et

132 5808 361 5869 propter
383 5799 482 5856 hoc
510 5816 595 5854 me
622 5802 778 5855 vilem
809 5804 1147 5870 habuerunt;
1182 5826 1198 5857 ‹
1230 5808 1483 5876 quoniam
1509 5825 1606 5881 ego
1628 5827 1719 5866 au-

541 5901 816 5962 PATROL.
856 5897 1074 5962 CXV].

1834 4715 2016 4780 tionis,
2043 4725 2099 4768 et
2142 4714 2439 4784 gratiarum
2478 4713 2641 4778 actio,
2669 4722 2723 4768 et
2753 4714 3000 4770 invitatio
3039 4715 3107 4769 ad
3145 4715 3240 4769 Dei
3281 4715 3415 4771 dile-

1832 4807 2054 4861 tionem.
2092 4804 2476 4860 Continuatiu:
2523 4803 2777 4859 Miserere
2816 4806 3064 4861 humanae
3101 4806 3413 4878 fragilitatis

1832 4913 1952 4967 qua:
1975 4907 2083 4950 tam
2106 4895 2272 4950 multa
2295 4904 2398 4959 est,
2416 4895 2509 4949 sed
2531 4895 2903 4950 misericordia
2929 4906 3040 4961 tua,
3065 4898 3308 4963 Domine,
3327 4907 3413 4954 est

1831 4996 2020 5044 contra
2049 4987 2233 5042 omnia
2264 5004 2276 5038 :
2314 4985 2542 5040 Domine
2582 5005 2600 5036 ι
2629 5002 2790 5055 quam
2831 5004 3026 5057 magna
3069 4996 3154 5043 est
3193 4988 3407 5043 miseri-

1829 5081 2016 5136 cordia
2053 5079 2351 5136 dulcedinis
2394 5089 2517 5144 tuae,
2558 5099 2574 5130 ι
2609 5081 2662 5134 id
2687 5090 2801 5148 est,
2834 5081 3220 5136 beneﬁciorum
3241 5123 3255 5148 ,
3287 5096 3410 5153 qua:

1830 5171 2005 5226 dulcia
2026 5179 2152 5226 sunt
2173 5169 2532 5240 gustantibus,
2571 5189 2589 5222 ι
2612 5186 2773 5240 quam
2805 5191 2823 5222 ι
2868 5171 3206 5226 dulcedinem
3241 5188 3261 5223 ‹
3283 5171 3410 5227 abs-

1831 5263 2064 5319 condisti
2112 5282 2130 5312 ι
2159 5263 2226 5318 ab
2254 5263 2640 5333 appetitoribus
2667 5265 3084 5329 mundanorum,
3120 5279 3405 5320 reservan-

1831 5355 1900 5408 do
1938 5369 2058 5408 eam
2092 5373 2110 5404 ι
2162 5353 2480 5408 timentibus
2512 5363 2584 5422 te,
2618 5375 2637 5407 ι
2682 5355 2733 5410 id
2763 5364 2872 5421 est,
2908 5357 2975 5412 ad
3001 5372 3137 5428 opus
3171 5367 3320 5411 tuum
3346 5357 3415 5410 ti-

1833 5444 2095 5498 mentium
2133 5452 2204 5498 te.

1902 5535 1967 5589 Et
1993 5535 2137 5589 illam
2165 5535 2499 5594 dulcedinem
2531 5558 2550 5590 ι
2579 5537 2871 5608 perfecisti,
2897 5560 2913 5589 ι
2950 5539 3002 5592 id
3031 5548 3134 5602 est,
3166 5538 3413 5607 perﬁcies

1831 5630 1884 5684 in
1920 5649 1937 5680 ί
1962 5629 2042 5684 eis
2085 5629 2174 5699 qui
2207 5639 2426 5699 sperant
2465 5630 2520 5685 in
2569 5639 2641 5696 te,
2675 5652 2692 5683 ι
2726 5633 2907 5686 ethoc
2952 5630 3238 5686 manifesto
3283 5634 3412 5698 erit,

1830 5719 2035 5775 scilicet
2065 5737 2084 5770 ι
2114 5720 2166 5774 in
2195 5730 2487 5790 conspectu
2531 5721 2765 5776 ﬁliorum
2809 5721 3110 5786 hominum,
3146 5743 3162 5774 ι
3217 5722 3269 5777 id
3305 5733 3411 5788 est,

1829 5811 2145 5866 carnalium.
2173 5810 2443 5867 Videbunt
2478 5811 2622 5866 enim
2652 5811 2776 5866 mali
2821 5813 2873 5866 in
2914 5815 3181 5868 communi
3227 5829 3396 5872 rcsur

2951 5910 3024 5970 10
