3984 6516
606 408 714 467 299

1074 409 1427 469 HAYMONIS
1465 409 1945 466 HALBERSTAT.
1987 411 2204 469 EPlSC.
2245 412 2397 472 OPP.
2438 414 2619 471 PARS
2656 415 2698 472 l.
2736 445 2804 460 -ι
2841 418 3191 478 COMMENT.
3232 421 3406 481 BIBL.

3765 427 3846 487 300

606 521 847 579 rectione
875 520 1100 593 gloriam
1144 523 1402 588 ﬁdelium,
1447 522 1653 578 scilicet
1690 523 1966 578 Christum
1998 538 2188 581 ascen-
2213 529 2265 590 Α
2291 527 2451 582 modo
2477 529 2777 583 conculcari
2807 530 3117 598 veritatem,
3145 542 3326 591 tamen
3352 537 3407 591 in
3439 537 3553 594 suis
3582 555 3604 588 α
3633 541 3848 611 requiret

606 616 824 671 dentem
861 631 984 670 cum
1029 615 1161 682 suis,
1188 625 1244 670 et
1269 623 1398 670 tunc
1429 614 1647 669 tolletur
1672 613 1892 683 impius,
1916 628 1986 669 ne
2007 614 2186 669 videat

603 705 831 775 gloriam
861 705 978 761 Dei.
1013 704 1104 760 Vel
1141 722 1160 757 ‹
1188 704 1441 774 perﬁcies
1467 705 1547 760 eis
1583 704 1676 775 qui
1709 712 1932 774 sperant
1973 704 2025 757 in
2055 713 2130 769 te,
2161 723 2181 755 ι

603 794 787 865 itaque
812 795 1171 850 confiteantur
1198 804 1251 850 te
1275 795 1321 850 si
1349 811 1484 864 opus
1513 796 1582 850 sit
1607 815 1625 846 ‹
1645 795 1699 849 in
1729 802 2017 864 conspectu
2043 793 2184 850 ﬁlio-

601 899 746 950 rum,
778 902 796 936 ι
830 884 883 939 id
908 893 990 939 est
1023 885 1362 940 saecularium
1386 887 1712 956 principum.
1747 903 1766 937 ι

671 977 820 1033 lianc
842 988 1021 1034 autem
1048 979 1385 1035 dulcedinem
1409 981 1598 1052 incipit
1617 980 1760 1036 Deus
1785 977 1917 1034 dare
1937 978 2184 1036 ﬁdelibus

597 1070 655 1124 in
688 1069 789 1125 hac
810 1068 944 1136 vita,
973 1077 1028 1124 et
1063 1070 1278 1140 perficit
1317 1071 1372 1125 in
1401 1071 1526 1139 alia,
1557 1080 1613 1126 et
1655 1083 1942 1141 utramque
1970 1078 2180 1140 partem

595 1159 928 1228 exsequitur,
943 1160 1223 1214 meliorem
1246 1175 1345 1231 pro
1367 1161 1628 1231 dignitate
1650 1159 2179 1230 praeponensConti-

592 1250 820 1306 nuatio:
859 1249 1120 1305 Perﬁcies
1148 1250 1295 1305 illam
1321 1251 1656 1306 dulcedinem
1699 1251 1921 1315 sanctis,
1973 1249 2180 1304 scilicet

597 1361 618 1395 ‹
647 1342 950 1399 abscondes
973 1357 1088 1408 eos,
1117 1363 1136 1397 ι
1173 1343 1225 1398 id
1249 1351 1352 1409 est,
1385 1345 1459 1398 ita
1485 1343 1798 1407 collocabis,
1825 1341 1968 1412 quod
2002 1340 2181 1396 nullus

590 1431 792 1499 poterit
823 1445 917 1486 eos
952 1431 1299 1486 conturbare.
1329 1432 1645 1488 Abscondes
1672 1431 1794 1486 dico
1822 1450 1840 1482 ε
1869 1432 1924 1485 in
1957 1430 2179 1486 abscon-

593 1517 705 1572 dito
751 1517 910 1572 faciei
941 1527 1078 1584 tuae,
1113 1538 1130 1569 ι
1175 1520 1383 1574 scilicet
1432 1521 1578 1575 inter
1619 1520 1838 1590 angelos
1875 1519 1968 1574 ubi
2009 1518 2180 1574 facies

589 1616 714 1673 tua,
770 1609 823 1664 id
858 1617 975 1677 est,
1018 1612 1252 1681 cognitio
1305 1620 1430 1679 tua,
1477 1620 1562 1667 est
1603 1611 1918 1667 abscondita
1958 1610 2174 1681 quidem

571 1698 899 1756 "hominibus
944 1701 1104 1756 modo
1154 1701 1209 1756 in
1251 1717 1418 1757 carne
1457 1703 1795 1768 viventibus,
1831 1710 1888 1757 et
1928 1716 2028 1772 per
2069 1701 2174 1756 hoc

588 1799 827 1846 remotos
862 1809 881 1842 ‹
911 1806 941 1845 a
966 1792 1380 1847 conturbatione
1409 1793 1711 1848 hominum.
1753 1811 1772 1845 ι

2288 615 2591 684 veritatem,
2615 626 2672 674 et
2695 619 2958 675 retribuet
2986 641 3004 673 ι
3029 636 3246 692 paruam
3273 643 3292 676 ε
3323 624 3651 683 facientibus
3683 638 3847 703 sape!»

2288 707 2456 774 biam,
2486 727 2506 762 ι
2534 717 2592 764 et
2620 710 2722 765 hoc
2750 726 2857 768 non
2881 713 3114 781 modice,
3143 716 3240 770 sed
3273 733 3292 766 ε
3313 717 3678 774 abundanter.
3702 739 3724 774 ι

2357 797 2455 853 Hie
2483 800 2636 868 ponit
2675 801 3079 858 conclusionem
3117 805 3280 860 totius
3323 808 3540 876 psalmi.
3576 808 3847 868 Continua-

2287 891 2401 946 tio:
2432 890 2698 957 Quoniam
2738 892 2854 962 ipse
2887 896 3131 965 requiret
3166 899 3478 965 veritatem,
3508 901 3634 957 ideo
3666 920 3686 955 ι
3709 903 3848 960 virili-

2285 987 2368 1034 ter
2392 981 2564 1050 agite;
2606 991 2662 1037 et
2701 982 2745 1037 si
2787 983 2842 1037 in
2886 999 3113 1054 corpore
3137 995 3223 1043 est
3261 988 3548 1046 inﬁrmitas
3587 990 3677 1048 vel
3716 990 3846 1050 lassi-

2284 1070 2437 1136 tudo,
2461 1086 2556 1126 cor
2577 1081 2815 1128 vestrum
2852 1073 3209 1132 confortetur.
3242 1076 3482 1135 Viriliter
3523 1081 3695 1154 agite,
3723 1083 3843 1150 dico,

2287 1179 2307 1214 ι
2348 1177 2539 1219 omnes
2562 1166 2655 1234 qui
2679 1165 2911 1234 speratis
2936 1166 2993 1222 in
3018 1166 3267 1225 Domino.
3307 1188 3328 1222 ι

2739 1294 2808 1349 ΙΝ
2843 1294 3176 1352 PSALMUM
3214 1297 3407 1354 XXXI.

2633 1407 2874 1464 TITULUS
2917 1427 2929 1462 :
2977 1407 3279 1464 Intellectus
3318 1411 3507 1466 David.

2354 1532 2372 1567 ι
2399 1513 2553 1571 Beati
2583 1532 2837 1587 quorum.
2868 1535 2888 1570 ι
2917 1518 3166 1574 Psalmus
3200 1521 3302 1576 iste
3328 1524 3550 1594 exponit
3586 1525 3752 1582 nobis
3780 1528 3842 1585 in-

2275 1602 2548 1660 tellectum
2592 1606 2760 1662 David
2785 1622 2914 1663 vere
2938 1609 3274 1678 paenitentis.
3303 1611 3530 1668 Materia
3568 1624 3659 1671 est
3694 1615 3841 1674 David

2273 1697 2539 1766 propheta
2588 1698 2889 1767 paenitens,
2933 1699 3018 1754 vel
3059 1701 3366 1772 quicunque
3405 1719 3539 1760 vero
3587 1705 3841 1764 intellectu

2274 1788 2565 1856 pmnitens.
2609 1787 2736 1859 Agit
2781 1789 2849 1845 de
2900 1788 3018 1859 ipso
3066 1791 3190 1846 sic:
3230 1792 3323 1861 qui
3377 1809 3500 1849 cum
3552 1795 3842 1867 ignorasset

585 1925 600 1942 .
657 1882 2178 1956 Etnealiquisdiceret:Quistautumexspectarepotest?
2207 1874 2252 1935 Β
2283 1885 2409 1931 ante
2453 1886 2676 1947 peccata
2731 1893 2854 1944 sua,
2900 1878 3016 1950 jam
3075 1885 3434 1954 recognoscit.
3486 1885 3654 1944 Ponit
3699 1891 3841 1962 ipsius

581 1975 736 2044 ponit
780 1978 1584 2045 prtesentemconsolationem.
1625 1975 2011 2032 Continuatio:
2041 1975 2172 2032 Post

582 2067 1037 2121 resurrectionem
1082 2067 1386 2123 abscondes
1420 2081 1515 2122 eos
1556 2067 1610 2121 in
1647 2067 1934 2136 praesentia
1965 2075 2087 2132 tua,
2115 2073 2172 2121 et

582 2154 799 2210 interim
837 2173 856 2206 ‹
885 2163 1133 2226 proteges
1161 2172 1256 2213 eos
1297 2157 1352 2212 in
1386 2156 1734 2212 tabernaculo
1767 2164 1877 2222 tuo,
1908 2174 1928 2208 ι
1967 2156 2022 2212 id
2061 2165 2164 2223 est,

579 2247 635 2301 in
661 2247 913 2317 praesenti
941 2247 1201 2314 Ecclesia,
1234 2248 1286 2302 in
1307 2263 1414 2318 qua
1430 2247 1526 2302 Dei
1555 2247 1804 2302 militiam
1822 2262 2160 2312 exercemus,

575 2355 602 2388 ‹
636 2353 667 2392 a
694 2337 1106 2393 conturbatione
1148 2337 1471 2409 linguarum,
1508 2357 1527 2390 ι
1573 2338 1810 2404 scilicet,
1853 2353 1924 2393 ne
1960 2337 2165 2409 lingua:

575 2429 952 2484 haereticorum
1009 2429 1446 2485 contradicentes
1491 2428 1750 2495 veritati,
1801 2427 2021 2484 valeant
2066 2443 2161 2484 eos

572 2520 678 2576 sibi
708 2521 1076 2590 incorporare.

622 2610 709 2667 .Et
737 2612 874 2682 quia
913 2619 994 2666 tot
1035 2611 1177 2666 bona
1205 2609 1349 2666 facit
1370 2609 1656 2677 Dominus,
1686 2610 1806 2666 ideo
1837 2609 1962 2666 sit-1
1990 2607 2159 2665 bene-

568 2704 782 2771 dictus,
810 2725 829 2758 ι
885 2703 940 2759 id
983 2710 1104 2769 est,
1157 2703 1426 2760 exaltatus
1469 2719 1632 2775 super
1684 2719 1873 2759 omnes
1917 2711 2152 2774 gentes:

573 2811 593 2844 ‹
620 2793 875 2863 quoniam
905 2791 1245 2857 mirificavit,
1279 2812 1298 2846 ι
1334 2793 1386 2848 id
1412 2803 1525 2860 est,
1573 2792 1876 2848 mirabilem
1917 2793 2158 2849 ostendit

569 2884 998 2939 misericordiam
1027 2899 1180 2937 suam
1214 2901 1233 2934 α
1262 2883 1568 2938 conﬁtendo
1595 2884 1710 2939 haec
1733 2884 1989 2953 praedicta
2015 2883 2153 2940 dona

567 2974 623 3027 in
671 2973 888 3028 civitate
933 2973 1171 3040 munita,
1201 2992 1221 3027 ι
1267 2973 1322 3028 id
1365 2982 1478 3038 est,
1522 2974 1575 3028 in
1622 2974 1828 3030 sanctis
1874 2959 2151 3044 suis,'qui

566 3066 821 3122 dicuntur
845 3066 1055 3130 civitas,
1080 3066 1206 3135 quia
1229 3073 1354 3121 sunt
1377 3065 1530 3120 multi
1556 3080 1570 3120 :
1595 3073 1650 3120 et
1672 3065 1903 3131 munita,
1928 3073 2152 3134 propter

561 3157 762 3214 multas
792 3158 1022 3212 virtutes
1055 3155 1254 3226 quibus
1281 3155 1520 3212 roborati
1551 3165 1694 3210 sunt.
1725 3154 1824 3210 Vel
1867 3154 2026 3211 aliter
2059 3169 2147 3211 se-

2273 1970 2437 2025 etiam
2463 1969 2883 2038 confessionem,
2919 1972 3113 2029 deinde
3148 1974 3292 2032 illius
3323 1977 3695 2038 confessionis
3722 1998 3838 2039 eom-

2271 2061 2690 2118 mendationem.
2728 2061 2785 2117 In
2815 2071 3010 2132 quarta
3053 2073 3212 2134 parte
3249 2069 3402 2137 ponit
3429 2068 3715 2126 Christum
3737 2088 3840 2142 pro-

2270 2151 2576 2206 mittentem
2599 2151 2752 2222 plura
2776 2152 2918 2208 bona
2945 2151 3253 2222 huiusmodi
3293 2158 3603 2227 pmnitenti.
3631 2159 3836 2218 Intentio

2268 2247 2372 2305 est,
2402 2255 2503 2296 nos
2529 2242 2825 2298 admonere
2854 2240 2922 2297 ad
2945 2240 3279 2300 intellectum
3305 2244 3620 2315 hujusmodi
3651 2250 3836 2308 confes-

2265 2329 2456 2386 sionis.

2336 2421 2588 2494 Loquens
2631 2421 2734 2478 iste
2778 2424 3068 2494 pmnitens,
3111 2425 3227 2495 jam
3281 2427 3336 2483 in
3381 2430 3559 2501 prima
3610 2444 3764 2504 parte
3791 2450 3834 2490 se

2261 2515 2500 2571 ostendit
2545 2524 2770 2586 peccata
2823 2533 3192 2590 cognoscere,
3236 2538 3359 2578 cum
3415 2523 3550 2580 dicit
3582 2547 3599 2582 ;
3662 2547 3682 2581 ‹
3708 2529 3832 2585 Beati

2259 2622 2492 2676 quorum
2526 2607 2850 2677 iniquitates
2869 2649 2884 2675 ,
2914 2628 2935 2664 ι
2970 2611 3026 2667 id
3063 2621 3181 2679 est,
3208 2615 3390 2672 carnis
3415 2619 3706 2676 naturales
3729 2636 3833 2691 sug-

2260 2697 2532 2767 gestiones
2566 2716 2585 2749 ‹
2615 2699 2857 2754 remissa:
2897 2710 3053 2768 sunt,
3083 2721 3102 2755 ι
3139 2702 3193 2758 id
3243 2713 3358 2771 est,
3391 2707 3694 2766 debilitatae
3730 2723 3833 2768 sunt

2258 2786 2312 2841 in
2339 2786 2627 2856 baptismo,
2664 2788 2740 2844 ita
2771 2791 2916 2860 quod
2953 2791 3081 2848 licet
3111 2795 3180 2849 ad
3208 2799 3544 2866 peccandum
3573 2802 3832 2876 instigent,

2256 2891 2365 2931 non
2397 2886 2576 2934 tamen
2605 2879 2676 2934 ad
2709 2890 2891 2936 actum
2926 2885 3247 2953 perducunt.
3273 2886 3368 2944 Vel
3399 2909 3418 2942 ι
3451 2891 3791 2963 iniquitates,
3812 2917 3828 2949 ι

2256 2972 2309 3027 id
2337 2981 2422 3029 est
2441 3014 2456 3039 ,
2487 2984 2711 3045 peccata
2743 2991 2864 3046 quae
2887 2976 3108 3034 fuerunt
3135 2991 3262 3038 ante
3282 2985 3643 3056 baptismum,
3679 3011 3700 3044 ε
3727 3001 3832 3047 sunt

2253 3065 2529 3132 remissae,
2561 3085 2580 3118 ι
2613 3067 2669 3122 id
2712 3076 2830 3136 est,
2858 3070 3076 3139 penitus
3105 3072 3158 3126 in
3189 3074 3460 3144 baptismo
3513 3079 3830 3137 destructa:

2252 3166 2309 3211 et
2328 3157 2405 3212 illi
2428 3167 2557 3214 sunt
2579 3159 2724 3214 beati
2757 3179 2775 3211 ί
2797 3175 3028 3230 quorum
3056 3173 3282 3233 peccata
3310 3185 3330 3218 ι
3362 3177 3488 3238 post
3520 3169 3831 3242 baptismum

554 3249 799 3303 cundum
837 3223 1224 3317 Hieronymum
1251 3263 1265 3300 :
1302 3264 1319 3296 ι
1346 3244 1858 3311 Benedictus-Deus,
1892 3245 2148 3314 quoniam
2174 3223 2221 3287 (ἶ
2250 3256 2560 3318 perpetrata
2594 3267 2615 3302 ‹
2644 3260 2772 3306 sunt
2814 3223 3009 3308 tecta.»
3039 3223 3146 3324 per
3167 3223 3834 3326 penitentiam.

559 3340 870 3396 mirificavit
894 3339 1321 3395 misericordiam
1351 3354 1505 3394 suam
1536 3339 1669 3393 mihi
1696 3339 1749 3393 in
1781 3339 2000 3394 civitate
2024 3355 2147 3393 mu-

553 3434 702 3497 nita,
730 3451 748 3485 ι
786 3432 840 3488 id
869 3440 980 3496 est,
1029 3431 1082 3485 in
1125 3429 1501 3496 Hierusalem,
1550 3430 1642 3484 ubi
1691 3430 1806 3499 ipse
1851 3427 1983 3484 fecit
2031 3429 2148 3485 huic

559 3522 848 3588 mirabilia,
885 3521 1111 3585 scilicet,
1141 3519 1416 3575 Christum
1443 3519 1619 3584 nasci,
1663 3519 1800 3589 pati,
1832 3533 2144 3589 resurgere,

557 3625 614 3672 et
641 3623 837 3670 caetera
874 3629 994 3684 quae
1021 3628 1119 3684 per
1143 3614 1392 3668 eumdem
1438 3613 1491 3667 in
1533 3612 1724 3667 eadem
1751 3611 1970 3667 civitate
2001 3611 2145 3667 facta

562 3713 683 3768 amt
696 3721 726 3760 a
745 3705 884 3769 Deo;
912 3719 1030 3774 quae
1057 3703 1326 3759 mirabilia
1344 3703 1439 3759 Dei
1459 3702 1533 3758 ibi
1558 3701 1962 3769 facta,ifuerunt
1980 3718 2144 3759 causa

586 3795 797 3850 mnium
843 3795 1232 3850 beneficiorum
1265 3809 1385 3865 quae
1408 3796 1550 3850 Deus
1593 3795 1848 3851 Ecclesia:
1891 3795 2139 3851 contulit.

553 3883 918 3956 Hieronymus
945 3899 1050 3939 non
1075 3885 1225 3954 ponit
1253 3885 1541 3950 munitam,
1570 3884 1665 3939 sed
1700 3885 1854 3954 ponit
1886 3885 2143 3954 quiddam

553 3979 698 4034 unde
724 3977 840 4046 ipsa
867 3976 1060 4031 civitas
1088 3977 1140 4030 in
1176 3977 1369 4032 mediis
1394 3977 1642 4047 partibus
1669 3977 1854 4032 mundi
1892 3977 2144 4047 intelligi-

537 4077 645 4124 tur
666 4065 950 4129 collocata,
980 4066 1033 4120 id
1060 4075 1163 4133 est,
1201 4067 1255 4120 in
1287 4068 1466 4122 media
1496 4066 1756 4122 civitate:
1786 4067 1842 4122 in
1873 4083 1982 4139 qua
2019 4068 2143 4124 ideo

547 4159 801 4220 Christus
857 4158 1100 4214 habitare
1157 4166 1211 4214 et
1265 4161 1403 4215 mori
1456 4158 1650 4230 elegit,
1700 4167 1759 4214 ut
1799 4174 1860 4215 se
1907 4160 2142 4215 medium

534 4250 817 4309 omnibus,
837 4260 1182 4321 proponeret.

623 4346 766 4400 Deus
796 4345 875 4399 sic
912 4344 1219 4399 mirificavit
1250 4342 1702 4408 misericordiam,
1750 4349 1806 4396 et
1836 4349 2015 4397 tamen
2042 4357 2141 4412 ego

549 4436 713 4491 habui
732 4435 1001 4499 miserias,
1020 4435 1201 4490 ethoc
1221 4442 1324 4500 est,
1348 4453 1366 4485 ι
1393 4448 1492 4504 ego
1516 4453 1533 4485 ι
1561 4435 1767 4501 positus
1788 4450 1811 4482 ‹
1838 4432 1891 4486 in
1915 4447 2140 4487 excessu

2249 3338 2325 3393 cit
2355 3347 2518 3404 tecta,
2546 3339 2641 3394 dat
2671 3340 2971 3412 intelligere
2993 3343 3065 3398 ibi
3095 3345 3297 3402 dictum
3324 3361 3447 3404 esse
3466 3353 3538 3407 de
3551 3351 3834 3408 criminah'-

2246 3430 2350 3485 bus
2378 3446 2498 3501 quae
2539 3433 2781 3504 indigent
2822 3435 2956 3507 tegi,
2997 3451 3066 3492 ne
3108 3449 3404 3509 appareant
3446 3441 3506 3497 in
3548 3453 3836 3517 conspectu

2244 3518 2458 3575 Domini
2488 3521 2554 3576 ad
2581 3521 2935 3592 puniendum.
3335 3536 3352 3550 '

2313 3610 2408 3664 ille
2441 3612 2606 3666 etiam
2641 3632 2661 3664 ι
2682 3612 2768 3666 vir
2790 3622 2874 3669 est
2909 3615 3128 3682 beatus,
3159 3619 3246 3674 cui
3278 3634 3385 3674 non
3419 3621 3716 3692 imputabit
3744 3624 3838 3680 Do-

2243 3701 2425 3754 minus
2460 3708 2777 3769 peccatum,
2812 3723 2834 3756 -ι
2865 3704 2921 3759 id
2956 3714 3075 3772 est,
3109 3707 3203 3776 qui
3231 3723 3356 3763 cum
3392 3708 3617 3767 fecisset
3639 3730 3838 3784 pecca-

2245 3797 2384 3856 tum,
2412 3791 2521 3846 tale
2563 3806 2673 3846 non
2714 3790 2844 3847 fecit
2868 3795 3010 3863 quod
3052 3796 3314 3852 Dominus
3340 3801 3600 3869 respiciat
3633 3802 3714 3857 ad
3751 3818 3846 3872 pu-

2243 3880 2502 3934 niendum
2533 3897 2548 3935 :
2585 3895 2685 3951 per
2719 3883 2861 3952 quod
2907 3891 3126 3938 notatur
3167 3895 3479 3955 peccatum,
3528 3891 3683 3958 quod
3729 3893 3848 3946 sola

2242 3975 2489 4030 oratione
2522 3983 2702 4046 potest
2729 3977 2895 4032 deleri
2924 3994 2939 4032 :
2977 3986 3033 4032 et
3060 3994 3186 4034 cum
3212 3995 3322 4035 non
3356 3980 3568 4036 fecisset
3601 3983 3726 4038 nisi
3771 3984 3854 4040 le-

2242 4068 2352 4135 via,
2383 4069 2499 4139 ipse
2522 4078 2700 4126 tamen
2718 4071 2956 4141 imputat
2983 4073 3107 4138 sibi,
3130 4075 3277 4143 quod
3300 4084 3520 4130 notatur
3538 4075 3637 4131 ubi
3665 4077 3846 4134 dicit:

2245 4176 2266 4210 ‹
2293 4174 2395 4215 nec
2422 4167 2507 4214 est
2542 4161 2596 4213 in
2627 4160 2822 4230 spiritu
2851 4159 2971 4229 ejus
3005 4161 3180 4217 dolus.
3210 4182 3230 4217 ι
3263 4162 3429 4219 Dolus
3452 4172 3603 4219 esset
3650 4165 3712 4220 in
3743 4167 3848 4237 spi-

2242 4250 2350 4305 ritu
2394 4250 2544 4321 ejus,
2583 4251 2637 4306 id
2679 4260 2785 4317 est,
2836 4251 2891 4306 in
2932 4252 3234 4318 voluntate,
3275 4253 3323 4308 si
3365 4255 3576 4311 diceret
3616 4271 3687 4311 se
3738 4259 3848 4312 sine

2239 4351 2464 4412 peccato
2522 4357 2683 4410 esse,
2733 4358 2859 4397 cum
2914 4344 3052 4399 sciat
3102 4345 3374 4400 neminem
3427 4346 3550 4400 sine
3611 4358 3848 4416 peccato

2238 4433 2444 4488 vivere.
2472 4432 2626 4489 Unde
2648 4433 2923 4489 Joannes:
2956 4453 2977 4486 ‹
3008 4434 3066 4490 Si
3112 4437 3343 4492 dicimus
3388 4435 3519 4505 quia
3549 4449 3849 4508 peccatum

547 4528 747 4584 mentis
792 4543 956 4591 meae,
990 4547 1008 4579 ι
1047 4528 1100 4582 id
1144 4534 1255 4592 est,
1300 4527 1354 4581 in
1397 4525 1644 4595 angustia
1694 4523 1891 4577 mentis
1919 4543 1941 4574 1
1971 4523 2080 4578 dixi
2110 4543 2128 4575 ι
2161 4564 2213 4624 D
2239 4540 2346 4582 non
2389 4526 2686 4590 habemus,
2717 4526 3080 4596 nosmetipsos
3123 4527 3460 4593 seducimus,
3516 4538 3571 4581 el
3639 4532 3850 4585 veritas

545 4619 632 4674 vel
657 4618 840 4684 corde,
871 4617 1114 4672 velvoce
1142 4635 1160 4668 ε
1189 4617 1459 4688 proiectus
1484 4630 1602 4669 sum
1629 4629 1660 4668 a
1691 4613 1858 4679 faeie,
1883 4631 1903 4664 ι
1939 4612 1990 4667 id
2022 4623 2128 4679 est,

545 4711 621 4765 ita
650 4717 932 4780 reputatus
955 4724 1094 4772 sum,
1129 4717 1190 4763 ut
1217 4708 1405 4764 videar
1430 4721 1552 4763 esse
1583 4705 1854 4776 projectus
1886 4722 1906 4758 ι
1935 4719 1967 4758 a
1992 4703 2129 4761 facie

542 4800 824 4857 oculorum
853 4808 1089 4864 tuorum,
1115 4818 1143 4851 -›
1179 4799 1243 4854 -id
1281 4807 1396 4863 est,
1427 4813 1458 4851 a
1483 4797 1771 4868 praesentia
1815 4796 2128 4852 misericor-

545 4893 646 4948 diae
675 4901 802 4948 tute.
830 4892 1099 4948 Excessus
1122 4889 1336 4954 dicitur,
1368 4890 1482 4946 sive
1505 4889 1720 4960 quando
1743 4890 1904 4944 homo
1920 4889 2128 4958 rapitur

543 4985 612 5038 ad
630 4983 1141 5054 contemplationem
1164 4983 1496 5048 divinorum,
1525 4991 1588 5037 ut
1606 4980 1804 5035 Paulus
1833 4981 1985 5046 dicit,
2013 4981 2126 5038 sive

542 5085 725 5130 mente
752 5075 1066 5131 excedimus
1095 5075 1225 5139 Deo,
1255 5073 1369 5128 sive
1397 5073 1616 5143 quando
1642 5071 1836 5141 aliquis
1860 5085 1928 5127 ex
1959 5071 2126 5126 tristi-

541 5168 615 5220 tia
661 5181 882 5221 sensum
912 5165 1145 5230 excedit,
1175 5165 1382 5220 scilicet
1421 5179 1530 5220 non
1559 5177 1842 5219 remanere
1877 5163 2018 5233 apud
2044 5179 2121 5219 se.

613 5257 679 5312 Et
703 5257 828 5327 quia
859 5256 937 5310 sic
963 5270 1049 5311 me
1083 5255 1339 5310 humilem
1365 5255 1616 5319 exhibui,
1655 5273 1674 5307 ι
1704 5254 1824 5310 ideo
1857 5254 2125 5310 exaudisti

540 5363 730 5403 vocem
767 5346 1166 5417 deprecationis
1205 5361 1379 5412 meae;
1412 5367 1430 5398 ο
1469 5356 1526 5403 ει
1560 5347 1812 5402 meritum
1850 5348 2123 5417 quoddam

538 5440 902 5498 exauditionis
925 5439 1176 5508 supponit
1200 5453 1323 5493 cum
1346 5439 1476 5495 dicit
1501 5457 1514 5494 :
1550 5458 1568 5491 ‹
1589 5453 1710 5494 cum
1737 5439 2027 5494 clamarem
2053 5439 2124 5494 ad

539 5545 616 5598 te,
655 5553 673 5586 ι
710 5533 763 5588 id
785 5539 870 5586 est
886 5571 901 5596 ,
925 5529 1052 5599 quia
1077 5528 1325 5584 clamavi.

609 5623 677 5677 Et
703 5622 832 5693 quia
872 5620 1130 5675 Dominus
1160 5619 1273 5674 haec
1308 5617 1568 5675 beneficia
1598 5617 1807 5674 confert
1847 5617 2118 5685 fidelibus,

538 5722 597 5769 et
637 5713 938 5768 clamantes
965 5710 1206 5775 exaudit,
1239 5709 1359 5766 ideo
1385 5725 1482 5766 vos
1514 5729 1532 5763 ‹
1561 5725 1750 5766 omnes
1775 5709 1972 5776 sancti,
1998 5709 2120 5765 dili-

540 5804 651 5878 gite
679 5821 696 5854 ι
724 5801 874 5858 illum
908 5819 926 5853 ι
962 5801 1278 5867 Dominum;
1323 5820 1340 5853 ι
1371 5800 1626 5870 quoniam
1668 5799 1792 5855 licet
1835 5800 2114 5871 permittat

2239 4615 2292 4670 in
2325 4615 2482 4670 nobis
2527 4631 2634 4672 non
2683 4623 2768 4670 est
2817 4613 2883 4685 (1
2910 4613 3073 4668 Joan.
3101 4631 3116 4670 ι
3142 4617 3181 4687 ).
3207 4635 3226 4668 ι
3264 4615 3398 4671 Cum
3451 4615 3597 4671 dicit.
3655 4620 3854 4674 beatus

2235 4705 2431 4774 quibus
2477 4705 2593 4760 haec
2623 4704 2765 4759 trina
2809 4704 3061 4761 remissio
3104 4704 3197 4772 fit,
3230 4706 3465 4762 ostendit
3505 4721 3570 4761 se
3616 4718 3849 4779 peccata

2229 4794 2347 4866 jam
2378 4810 2789 4867 recognoscere.

2304 4885 2462 4942 Modo
2491 4887 2570 4942 sic
2614 4901 2843 4945 renosco
2870 4897 3090 4958 peccata
3109 4930 3124 4956 ,
3153 4889 3248 4945 sed
3275 4898 3399 4945 ante
3433 4892 3596 4946 tacui
3640 4909 3746 4950 me
3775 4895 3858 4948 ba-

2231 4974 2362 5030 bere
2407 4983 2660 5045 peccata,
2705 4985 2762 5031 et
2805 4995 2824 5028 ι
2854 4978 3111 5048 quoniam
3158 4979 3330 5043 tacui,
3376 4979 3862 5040 inveteraverunt

2225 5079 2351 5120 ossa
2380 5081 2521 5132 mea,
2559 5085 2577 5118 ι
2615 5067 2668 5121 id
2696 5076 2781 5122 est
2801 5107 2816 5134 ,
2845 5067 2914 5124 ad
2941 5068 3163 5125 modum
3188 5070 3390 5126 veteris
3423 5072 3613 5126 vestis
3655 5089 3862 5146 appro-

2226 5157 2514 5228 piaverunt
2536 5160 2704 5214 ruinae
2720 5161 2914 5216 robora
2931 5177 3071 5217 mea.
3089 5163 3236 5221 Bene
3262 5164 3416 5231 dicit,
3434 5181 3453 5214 ι
3479 5164 3864 5227 inveterave-

2227 5258 2387 5316 runt,
2424 5271 2443 5303 ›
2483 5259 2538 5306 ει
2573 5267 2680 5307 non
2724 5255 3004 5310 destructa
3047 5264 3206 5324 sunt,
3240 5258 3366 5328 quia
3415 5265 3722 5328 poterant
3775 5282 3862 5322 re.

2225 5339 2502 5394 aediﬁcari.
2527 5339 2692 5396 Tacui
2723 5358 2810 5398 me
2835 5343 3037 5400 habere
3073 5355 3353 5414 peccatum
3399 5367 3419 5400 ι
3446 5363 3594 5406 cum
3646 5354 3868 5412 clama-

2225 5446 2343 5486 rem
2377 5451 2395 5483 ι
2430 5447 2527 5502 per
2569 5433 2686 5503 ipsa
2727 5449 2891 5504 Opera
2920 5450 3007 5490 me
3033 5437 3234 5492 habere
3257 5446 3548 5508 peccatum
3590 5463 3617 5498 ‹
3653 5454 3812 5513 tota,
3845 5467 3862 5500 ι

2221 5523 2276 5578 id
2325 5532 2438 5589 est,
2483 5525 2699 5580 assidua
2737 5526 2843 5582 die.
2881 5526 2976 5581 Vel
3021 5545 3040 5578 ε
3071 5543 3194 5583 cum
3235 5529 3535 5584 clamarem
3579 5553 3606 5588 ι
3673 5553 3870 5597 meam

2220 5615 2431 5671 scilicet
2453 5613 2744 5684 justitiam.
3133 5675 3140 5680 ,

2289 5707 2536 5764 Ostendit
2571 5708 2673 5764 sibi
2720 5708 2862 5764 mala
2894 5711 3176 5780 evenisse,
3208 5713 3353 5783 quod
3394 5715 3622 5772 tacuit.
3667 5721 3877 5782 Cong-

2217 5799 2400 5854 nuatio
2427 5817 2439 5854 :
2470 5798 2625 5853 Prius
2651 5799 2814 5865 tacui,
2843 5800 2938 5856 sed
2975 5801 3133 5857 modo
3159 5820 3177 5855 ι
3197 5818 3317 5860 sum
3345 5818 3724 5881 conversus,
3763 5835 3784 5869 ι
3824 5817 3877 5871 id
