3984 6480
199 412 294 469 501

1352 407 1792 465 EXPLANATIO
1829 407 1896 461 ΙΝ
1914 489 1918 492 i
1937 407 2274 466 PSALMOS.

3332 416 3436 470 502

196 533 314 589 est,
360 521 437 592 ita
476 522 616 591 quod
659 520 758 575 sitv
804 539 821 570 ι
854 519 906 572 in
942 533 1178 573 aerumna
1214 535 1354 583 mea,
1386 540 1403 571 ›
1451 519 1504 574 ld
1536 527 1646 583 est,
1679 533 1770 573 co-
1796 523 1846 582 Α
1873 518 1966 574 Dei
1999 522 2240 576 custodia
2272 535 2378 575 non
2409 520 2582 590 possis
2607 521 2929 590 persistere,
2961 520 3092 579 dicit
3121 543 3132 577 :
3171 545 3188 578 ι
3210 524 3436 582 firmabo

197 626 457 685 gnoscam
499 624 585 665 me
627 624 1016 670 aerumnosum,
1063 608 1118 664 id
1153 618 1262 672 est,
1309 619 1644 680 peceatorem
1675 627 1688 661 :
1717 615 1772 663 et

195 701 462 775 praeponit
497 715 716 756 causam
769 699 1164 765 conversionis,
1202 716 1324 755 cum
1367 701 1500 755 dicit
1560 716 1580 749 ι
1607 700 1773 753 confi-

196 795 344 866 gitur
380 792 533 862 spina
560 809 578 842 ι
610 790 980 860 suggestione,
1011 804 1278 846 consensu
1306 832 1320 856 ,
1362 791 1769 846 consuetudine.

201 902 222 936 ς
259 881 522 950 Quoniam
550 895 741 935 manus
761 889 874 945 tua,
897 899 915 932 ι
949 894 1004 936 ια
1024 896 1106 936 εει
1120 883 1354 937 Vindicta
1376 889 1487 946 tua,
1511 901 1529 932 ‹
1552 890 1770 951 gravata

193 983 300 1039 est,
323 993 342 1025 ι
362 972 415 1027 id
437 980 540 1037 est,
567 971 784 1042 gravior
803 971 946 1026 facta
959 981 1042 1027 est
1058 989 1077 1023 ‹
1097 986 1258 1042 super
1270 988 1376 1038 me,
1400 992 1418 1024 ι
1447 980 1501 1027 ει
1525 989 1546 1023 ι
1567 973 1668 1027 hoc
1683 972 1770 1027 die

194 1080 261 1120 ac
282 1071 457 1127 nocte,
480 1083 499 1116 ι
519 1063 569 1116 id
593 1068 695 1126 est,
720 1061 953 1116 assidue.
980 1062 1214 1118 Gravata
1238 1062 1770 1118 dicitasimilitudine

192 1156 459 1228 magistri,
476 1154 568 1224 qui
589 1154 835 1225 ingravat
857 1168 1016 1222 super
1034 1153 1378 1223 discipulum,
1394 1162 1451 1208 ut
1471 1153 1632 1208 faciat
1645 1169 1768 1208 eum

193 1261 583 1318 recognoscere
607 1244 860 1300 delictum
887 1261 899 1297 :
933 1258 1225 1297 conversus
1253 1243 1372 1299 dico
1400 1261 1419 1295 ‹
1445 1243 1570 1298 dum
1600 1242 1770 1296 confi-

191 1340 340 1410 gitur
375 1336 549 1405 spina,
587 1353 604 1385 ι
635 1333 689 1387 id
717 1340 818 1396 est,
847 1331 972 1391 quia
999 1331 1294 1386 destruitnr
1326 1331 1578 1401 superbia
1604 1349 1616 1381 τ
1648 1347 1768 1400 quae

191 1429 317 1483 ideo
360 1441 460 1495 per
486 1425 695 1494 spinam
728 1421 1063 1492 intelligitur,
1101 1421 1225 1489 quia
1254 1421 1308 1474 in
1351 1422 1502 1491 spina
1533 1431 1616 1476 est
1643 1436 1767 1477 ere-

191 1521 306 1575 ctio
352 1515 605 1573 hominis.
648 1512 794 1568 Bene
841 1512 962 1567 dico
1014 1512 1068 1566 in
1121 1527 1362 1565 aerumna
1411 1511 1616 1577 «dum,
1646 1532 1664 1564 ι
1713 1512 1766 1566 id

190 1619 295 1673 est,
323 1608 447 1678 quia
483 1625 502 1657 ι
523 1604 810 1675 conﬁgitur
835 1602 1008 1672 spina,
1035 1621 1053 1653 ι
1086 1601 1139 1656 id
1168 1589 1270 1666 est,
1293 1602 1512 1672 punctio
1539 1603 1761 1671 peccati.

264 1698 363 1752 Hic
413 1695 603 1765 incipit
652 1691 918 1748 confiteri.
975 1691 1107 1746 Dico
1153 1706 1444 1747 conversus
1506 1707 1624 1747 sum
1653 1733 1669 1758 ,
1711 1702 1768 1747 et

190 1782 386 1843 deinde
419 1803 439 1836 ‹
465 1784 737 1854 cognitum
769 1782 865 1836 tibi
907 1781 1032 1847 feci,
1058 1801 1077 1833 ι
1111 1782 1163 1836 id
1195 1791 1303 1846 est,
1337 1782 1616 1838 confessus
1644 1798 1761 1838 sum

1874 622 2037 677 super
2063 617 2113 662 te
2157 608 2342 664 oculos
2369 625 2538 676 meos,
2569 631 2588 664 ι
2627 610 2680 666 id
2709 621 2819 678 est,
2865 628 2962 681 per
3008 614 3434 674 misericordiam

1871 698 2190 752 custodiam.

1942 787 2008 840 Et
2033 787 2159 856 quia
2180 787 2322 841 dabo
2349 787 2699 852 intellectum,
2728 809 2746 841 ‹
2768 791 2932 846 nolite
2959 791 3075 847 fieri
3101 793 3239 849 sicut
3266 809 3438 862 equus

1870 882 1924 926 ct
1945 875 2140 938 mulus,
2168 874 2362 943 quibus
2383 890 2489 930 non
2510 885 2594 931 est
2621 877 2941 934 intellectus.
2976 900 2994 931 ι
3017 879 3231 936 Similes
3253 893 3436 938 essent

1870 976 2030 1032 equo,
2049 963 2096 1018 si
2120 978 2224 1017 non
2251 965 2591 1020 attenderem
2613 982 2772 1034 quem
2795 978 3091 1038 portarent,
3113 971 3224 1026 sive
3245 972 3434 1039 Deum,

1869 1053 1984 1106 sive
2012 1053 2306 1109 inimicum.
2337 1053 2551 1111 Similes
2575 1069 2756 1112 essent
2781 1060 2942 1124 mulo,
2973 1062 3016 1115 si
3059 1077 3163 1116 non
3193 1063 3440 1118 conside-

1869 1151 2054 1196 rarent
2087 1157 2248 1197 onera
2279 1159 2407 1210 sua,
2446 1160 2514 1198 an
2559 1154 2838 1215 portarent
2879 1159 3094 1217 peccata
3114 1191 3129 1215 ,
3157 1152 3270 1206 sive
3299 1152 3438 1216 bona

1867 1247 2051 1302 opera.
2074 1233 2182 1308 Vel
2197 1248 2294 1302 per
2313 1248 2510 1303 equum
2535 1235 2860 1304 accipiamus
2881 1240 3132 1306 gentilcm
3155 1241 3433 1310 populum,

1867 1328 1959 1397 qui
1993 1328 2290 1383 indomitur
2317 1337 2373 1382 et
2418 1326 2636 1383 effrenis
2674 1329 2844 1398 legem
2885 1345 2990 1385 non
3023 1332 3248 1388 curabat
3280 1350 3293 1385 :
3343 1350 3440 1404 per

1868 1417 2093 1489 mulum,
2121 1418 2402 1474 Judaicum
2426 1420 2700 1490 populum,
2730 1422 2824 1490 qui
2854 1422 3020 1476 durus
3064 1431 3118 1477 et
3145 1424 3296 1494 piger
3322 1434 3438 1479 erat

1867 1507 1934 1561 ad
1967 1506 2136 1578 legem
2174 1508 2518 1577 implendam.

1937 1596 2067 1653 Dico
2088 1598 2252 1654 nolite
2268 1599 2406 1664 fieri,
2422 1600 2536 1666 sed,
2558 1617 2591 1655 o
2609 1601 2830 1658 Domine
2845 1601 3001 1666 Deus,
3018 1604 3061 1659 si
3086 1603 3217 1660 tales
3239 1605 3441 1661 fuerint

1871 1704 1890 1738 ι
1919 1687 2196 1760 confringe
2237 1689 2484 1745 maxillas
2527 1706 2714 1745 eorum
2756 1692 2808 1745 in
2849 1693 3066 1758 chamo,
3101 1714 3119 1746 ι
3150 1694 3202 1748 id
3244 1692 3353 1764 estl,
3389 1697 3439 1750 in

1865 1779 2060 1833 minori
2101 1780 2325 1848 penuria
2354 1781 2530 1835 victus
2559 1789 2614 1835 et
2641 1781 2890 1848 vestitus,
2921 1801 2939 1833 1
2967 1792 3023 1836 et
3050 1784 3105 1837 in
3141 1783 3313 1849 freno,
3337 1806 3356 1837 ι
3390 1786 3441 1840 id

193 1899 214 1932 ι
243 1879 497 1934 delictum
528 1891 739 1939 meum,
770 1893 787 1924 ›
834 1874 886 1928 id
922 1882 1035 1937 est,
1080 1875 1222 1943 quod
1266 1875 1465 1944 deliqui
1506 1875 1640 1929 nihil
1686 1873 1764 1928 fa-
1793 1862 1838 1920 B
1867 1879 1975 1934 est,
2010 1869 2064 1923 in
2100 1869 2290 1938 majori
2327 1873 2553 1940 penuria
2588 1873 2781 1927 victus.
2812 1873 3046 1929 Chamus
3091 1884 3174 1930 est
3213 1875 3442 1945 ligatura

187 1970 404 2035 ciendo,
439 1987 458 2020 ‹
489 1976 545 2022 ει
569 1965 886 2036 injustitiam
926 1981 1123 2031 meam,
1145 1984 1162 2018 ι
1198 1966 1251 2020 id
1281 1976 1385 2032 εει,
1411 1967 1553 2036 quod
1576 1977 1765 2024 contra

184 2061 418 2136 vetitum
473 2057 574 2113 feci
623 2075 644 2109 ι
697 2071 803 2111 non
853 2056 1150 2121 abscondi,
1186 2076 1205 2108 ι
1256 2057 1351 2111 sed
1401 2057 1501 2111 tibi
1541 2056 1766 2112 manife-

187 2153 328 2208 stavi
349 2170 363 2206 :
388 2166 492 2205 non
519 2149 662 2220 quod
691 2147 976 2216 aliquando
1000 2156 1182 2202 essent
1209 2147 1419 2217 ignota,
1450 2149 1544 2202 sed
1573 2147 1660 2202 ille
1680 2147 1765 2201 di-

183 2242 332 2297 citur
365 2250 488 2295 nota
524 2239 636 2294 Deo
669 2239 848 2292 facere
889 2244 1110 2306 peccata
1130 2278 1146 2302 ,
1177 2239 1267 2306 qui
1299 2238 1536 2307 seipsum
1563 2251 1763 2309 cogno-
1810 2270 1816 2276 ~

182 2333 293 2387 scit
318 2329 695 2394 damnabilem,
723 2334 776 2382 et
798 2328 1065 2382 medicum
1094 2328 1342 2397 requirit.

257 2421 359 2476 Hic
403 2419 640 2476 ostendit
687 2417 816 2488 quid
857 2417 1029 2488 prosit
1081 2432 1409 2488 cognoscere
1457 2427 1758 2486 peccatum.

179 2515 453 2570 Delictum
479 2511 575 2566 tibi
601 2510 702 2566 feci
731 2509 1024 2581 cognitum,
1047 2523 1113 2562 ex
1137 2524 1244 2579 quo
1267 2510 1428 2564 etiam
1460 2530 1477 2561 ‹
1499 2510 1631 2574 dixi,
1657 2528 1675 2561 ι
1709 2510 1763 2566 id

177 2613 306 2669 est;
323 2601 638 2666 deliberavi,
661 2600 867 2655 scilicet
896 2600 1036 2668 apud
1065 2614 1152 2654 me
1181 2591 1374 2668 ipsum,
1405 2617 1423 2651 ι
1452 2599 1763 2656 Confitebor

183 2712 204 2744 ι
238 2692 470 2747 Domino
483 2689 801 2758 injustitiam
823 2703 1021 2751 meam,
1044 2707 1062 2740 ι
1084 2687 1137 2743 id
1159 2697 1263 2754 est,
1278 2689 1418 2743 mala
1432 2703 1594 2760 opera
1617 2705 1760 2757 mea,

178 2780 332 2852 quod
359 2779 539 2853 facere
567 2786 652 2834 est
675 2777 958 2832 adversum
979 2791 1086 2842 me,
1109 2778 1198 2846 qui
1228 2778 1376 2848 prius
1399 2788 1620 2847 peccata
1642 2793 1762 2834 mea

179 2870 477 2926 defendere
512 2883 924 2934 consueveram,
957 2886 976 2920 ς
997 2869 1256 2924 remisisti
1294 2879 1348 2923 tu
1379 2890 1397 2922 ι
1437 2885 1545 2924 non
1589 2873 1762 2926 solum

179 2971 432 3033 peccata,
468 2961 563 3017 sed
585 2959 727 3015 mala
766 2975 950 3031 opera,
982 2960 1188 3016 scilicet
1217 2980 1234 3011 ‹
1263 2961 1592 3030 impietatem
1611 3002 1627 3028 ,
1658 2982 1677 3015 ι
1708 2963 1762 3018 id

177 3065 312 3120 est,
341 3075 360 3107 ι
405 3054 808 3109 excusationem
853 3072 872 3105 ‹
899 3053 1106 3124 peccati
1164 3054 1333 3108 mei.»
1381 3055 1530 3110 Licet
1582 3064 1762 3111 autem

178 3150 333 3204 Deus
370 3146 608 3202 dimittat
645 3153 903 3217 peccata,
947 3161 1012 3200 ex
1041 3161 1150 3215 quo
1194 3145 1357 3201 homo
1397 3147 1450 3200 in
1485 3146 1762 3203 voluntate

177 3241 415 3312 paenitet
436 3279 452 3304 ,
482 3205 662 3293 tamen
685 3237 1048 3292 confitendum
1074 3247 1158 3293 est
1195 3239 1456 3293 ministris
1483 3237 1760 3304 Ecclesiae,
1788 3205 1834 3268 θ’

178 3331 335 3400 quia,
365 3330 471 3384 nisi
503 3329 909 3391 conﬁterentur,
935 3343 1002 3381 ex
1033 3343 1130 3382 sua
1158 3328 1518 3383 inobedientia
1537 3329 1763 3382 damna-

177 3429 396 3476 rentur.
435 3419 588 3487 Quod
622 3428 896 3473 ostensum
934 3425 1018 3472 est
1061 3416 1300 3483 Lazaro,
1347 3419 1439 3487 qui
1478 3427 1764 3488 postquam

177 3511 547 3567 resuscitatus
577 3509 678 3562 fuit
703 3549 719 3573 ,
748 3508 976 3576 indiguit
1001 3506 1155 3562 solvi.

260 3599 422 3654 Ponit
462 3595 986 3652 commendationem
1030 3594 1384 3651 confessionis
1408 3639 1423 3660 ,
1476 3612 1597 3650 cum
1638 3597 1768 3652 dicit

179 3694 414 3744 s‘anctos
438 3701 595 3740 orare
620 3702 718 3756 pro
743 3685 1057 3740 remissione
1093 3686 1404 3757 impietatis,
1431 3701 1550 3755 qua:
1583 3687 1765 3741 remis-

175 3779 274 3836 sio
303 3778 532 3833 habetur
555 3793 622 3831 ex
666 3775 1027 3830 confessione.
1053 3775 1201 3830 Bona
1241 3785 1327 3831 est
1363 3777 1656 3847 impietatis
1686 3793 1771 3832 re-

175 3868 403 3932 missio,
425 3876 481 3924 et
510 3885 528 3918 ‹
552 3883 648 3937 pro
665 3868 766 3920 hac
787 3885 806 3918 ›
843 3866 1084 3921 habenda
1114 3885 1131 3917 ‹
1152 3867 1328 3922 orabit
1353 3868 1530 3922 omnis
1552 3876 1770 3922 sanctus

173 3964 244 4020 in
278 3969 522 4030 tempore
567 3968 887 4030 opportuno,
911 3978 928 4008 ι
963 3958 1016 4013 id
1043 3967 1155 4024 est,
1194 3959 1248 4014 in
1286 3959 1387 4014 hac
1408 3959 1542 4024 vita,
1575 3958 1630 4014 in
1661 3975 1768 4030 qua

172 4059 401 4110 tantum
427 4049 568 4104 valet
587 4049 770 4105 .oratio
792 4049 1104 4117 impetrare.

255 4141 378 4196 Alia
400 4141 796 4196 commendatio
817 4139 1187 4195 confessionis.
1215 4139 1348 4195 Boni
1373 4141 1624 4205 orabunt,
1654 4156 1770 4196 «ve-

172 4245 492 4292 rumtamen
518 4254 535 4286 »
571 4233 878 4288 habitantes
910 4251 928 4284 ι
957 4234 1012 4288 in
1041 4233 1242 4289 diluvio
1275 4249 1538 4304 aquarum
1577 4235 1768 4289 multa-

174 4341 338 4388 rum,
362 4345 379 4377 ›
402 4324 454 4379 id
481 4333 582 4392 est,
602 4325 656 4378 in
685 4325 1058 4379 submersione
1086 4325 1373 4379 multorum
1397 4334 1763 4394 peccatorum,

178 4439 200 4470 ι
234 4434 352 4474 non
386 4418 872 4488 approximabnntn
917 4418 985 4472 ad
1013 4432 1136 4472 eum
1167 4431 1263 4487 per
1289 4417 1524 4488 aliquam
1557 4419 1767 4474 confes-

173 4509 422 4565 sionem.

254 4599 348 4653 Et‘
371 4600 509 4652 bene
553 4597 751 4653 debent
794 4599 966 4653 sancti
1001 4613 1160 4654 orare
1201 4599 1269 4653 ad
1311 4608 1386 4663 te,
1413 4599 1537 4667 quia
1574 4619 1592 4652 ‹
1622 4609 1676 4654 ιιι
1703 4615 1763 4654 es

175 4689 459 4759 refugium
486 4704 662 4743 meum
681 4729 694 4754 ,
721 4709 739 4741 ›
767 4689 821 4744 id
853 4699 965 4754 est,
998 4690 1131 4745 facis
1160 4706 1247 4744 me
1279 4705 1530 4746 securum
1566 4708 1584 4742 ι
1611 4707 1643 4745 a
1669 4692 1767 4746 tri-

173 4780 466 4837 bulatione
497 4801 515 4832 ι
542 4789 884 4850 peccatorum
906 4782 1300 4850 praeteritorum
1332 4801 1351 4833 ε
1384 4797 1503 4851 qua:
1530 4782 1764 4838 circum-

175 4871 342 4926 dedit
355 4885 468 4924 me:
504 4890 520 4920 ι
549 4879 602 4924 ει
627 4879 681 4924 ιιι
702 4911 716 4934 ,
735 4870 957 4924 Domine
976 4891 992 4921 ‹
1013 4886 1143 4926 erue
1157 4887 1286 4926 mea
1308 4873 1768 4928 circumdantibus

173 4977 301 5025 me,
330 4978 349 5010 ι
387 4959 443 5014 id
463 4969 564 5023 est,
581 4960 912 5014 daemonibus
937 4969 992 5014 et
1014 4961 1365 5029 prmsentibus
1386 4963 1654 5033 peccatis:
1689 4970 1764 5026 tu,

174 5049 339 5113 dico,
373 5066 392 5099 ‹
421 5049 708 5104 exsultatio
736 5064 874 5114 mea,
902 5069 919 5100 ι
950 5050 1000 5103 id
1021 5058 1122 5113 est,
1150 5051 1214 5105 de
1235 5066 1340 5120 quo
1362 5052 1592 5118 exsulto,
1619 5068 1771 5108 secu-

179 5153 288 5193 rus
313 5136 458 5206 quod
503 5139 609 5192 cito
637 5137 856 5206 eripias.
904 5139 1061 5193 Ponit
1109 5140 1198 5194 hic
1240 5149 1486 5208 quartam
1537 5152 1766 5211 partem,

182 5230 405 5286 scilicet
434 5244 529 5298 per
557 5230 947 5293 remissionem,
976 5247 1136 5299 quam
1165 5230 1294 5285 facit
1322 5231 1568 5287 Christus
1600 5231 1767 5288 confi-

183 5317 454 5374 tentibus.
487 5316 870 5372 Continuatio:
909 5319 1049 5374 Bene
1079 5321 1198 5375 dico
1235 5329 1286 5375 te
1311 5337 1432 5376 esse
1479 5323 1763 5393 refugium,

181 5410 325 5481 quia
375 5420 431 5462 tu
475 5409 589 5478 ipSe
637 5409 774 5464 dicis
811 5428 822 5461 :
864 5430 880 5459 ι
914 5411 1060 5464 Dabo
1106 5413 1196 5466 tibi
1248 5413 1578 5467 intellectum
1609 5433 1626 5465 ι
1662 5430 1768 5482 quo

181 5500 509 5557 conﬁtearis
543 5509 762 5569 peccata
794 5512 914 5564 tua,
946 5511 1001 5554 et
1035 5521 1050 5550 ι
1083 5502 1135 5554 in
1169 5503 1250 5573 via
1284 5521 1389 5573 qua
1421 5505 1714 5575 gradieris,
1747 5525 1762 5555 ι

184 5593 248 5648 id
283 5599 398 5654 est,
429 5591 480 5643 in
502 5591 658 5646 bonis
689 5591 942 5660 operibus
963 5631 976 5655 ,
1014 5593 1208 5662 quibus
1241 5595 1308 5649 ad
1346 5595 1514 5650 Deum
1543 5597 1767 5660 incedis,

192 5701 212 5734 ι
249 5682 519 5735 instruant
545 5688 634 5735 te:
671 5701 689 5734 ι
721 5681 914 5735 amodo
959 5683 1026 5736 do
1065 5699 1212 5736 arma
1246 5685 1440 5753 quibus
1467 5688 1640 5756 possis
1669 5704 1769 5757 pu-

139 5789 146 5800 ·
186 5787 390 5844 gnare,
427 5771 648 5839 scilicet,
681 5773 906 5827 virtutes
935 5791 947 5826 :
975 5783 1028 5826 et
1056 5774 1178 5842 quia
1205 5775 1282 5830 sic
1311 5777 1624 5846 instructus,
1658 5782 1773 5833 s'ne

1865 1973 1973 2029 qua
2000 1957 2235 2029 ligantur
2255 1959 2456 2014 domita
2478 1961 2727 2014 animalia
2753 1978 2766 2014 :
2795 1959 2981 2016 frenus
3005 1978 3110 2032 qua
3142 1962 3397 2018 indomita
3425 1983 3437 2016 ;

1864 2050 2114 2105 maxillas
2139 2050 2262 2105 dico
2287 2064 2473 2105 eorum
2505 2068 2524 2102 ι
2553 2051 2644 2120 qui
2692 2065 2798 2106 non
2839 2052 3218 2121 approximant
3243 2055 3311 2109 ad
3339 2062 3389 2109 te
3417 2075 3434 2106 ι

1864 2155 1962 2210 per
1987 2140 2404 2196 confessionem.

1933 2232 2040 2288 Per
2073 2235 2326 2288 cbamum
2371 2241 2427 2288 et
2470 2233 2681 2289 frenum
2730 2233 2942 2302 corrige
2988 2249 3113 2298 eos,
3153 2247 3208 2290 et
3246 2244 3442 2305 praeter

1864 2327 1978 2381 haec
2013 2335 2138 2380 sunt
2173 2343 2190 2377 ι
2220 2325 2388 2380 multa
2415 2323 2622 2397 ﬂagella
2649 2328 2977 2396 peccatoris,
3016 2347 3034 2380 ι
3070 2329 3123 2382 id
3169 2336 3284 2392 est,
3325 2315 3442 2398 qui-

1860 2417 1963 2472 bus
1984 2417 2183 2473 dehent
2208 2417 2407 2488 corrigi
2436 2425 2751 2487 peccatores
2777 2432 2792 2470 :
2827 2435 2846 2468 ‹
2873 2427 3153 2488 sperantes
3179 2428 3358 2472 autem
3387 2419 3439 2473 in

1862 2510 2090 2566 Domino
2115 2510 2486 2565 misericordia
2513 2509 2891 2575 circumdabit,
2910 2529 2928 2561 ι
2958 2510 3083 2579 quia
3112 2510 3165 2564 in
3189 2510 3334 2564 nullo
3350 2511 3436 2564 de-

1861 2601 2006 2656 ﬁciet
2038 2602 2118 2656 eis
2153 2600 2546 2656 misericordia.
2585 2599 2712 2655 Haec
2750 2601 2915 2656 verba
2959 2609 3086 2656 sunt
3127 2599 3329 2656 Christi
3371 2604 3461 2663 ad,

1860 2691 2098 2756 Patrem,
2132 2705 2199 2745 ex
2223 2706 2331 2759 quo
2357 2689 2495 2745 dixit
2522 2691 2820 2761 confringe.

1930 2785 2300 2840 Misericordia
2319 2785 2676 2840 circumdabit
2693 2794 2992 2856 sperantes,
3009 2787 3129 2842 ideo
3146 2803 3263 2853 vos,
3283 2787 3437 2855 justi,

1859 2875 1950 2944 qui
1981 2875 2037 2930 in
2073 2875 2303 2930 Domino
2345 2875 2597 2945 speratis,
2631 2893 2649 2926 ι
2680 2875 2936 2931 laetamini
2969 2896 2987 2928 ›
3019 2878 3075 2932 in
3105 2886 3314 2942 mente,
3347 2897 3365 2930 ι
3388 2889 3443 2934 ει

1860 2965 2153 3021 εκειιιιειιει
2180 2966 2236 3020 in
2261 2979 2508 3034 corpore,
2539 2983 2556 3016 ‹
2585 2975 2640 3020 ει
2663 2965 2964 3036 gloriamini
2988 2983 3006 3019 ›
3026 2967 3137 3038 jam
3167 2969 3341 3024 securi
3375 2970 3440 3023 de

1861 3056 2031 3126 gloria
2069 3077 2087 3107 σ
2117 3070 2306 3111 omnes
2333 3057 2465 3110 recti
2493 3056 2673 3110 corde.
2703 3077 2722 3109 ι
2781 3063 2784 3066 ’

2309 3187 2377 3242 ΙΝ
2411 3187 2742 3244 PSALMUM
2781 3189 2992 3245 XXXII.

2115 3304 2394 3360 Tt'wLus:
2438 3301 2681 3358 Psafmus
2719 3303 2888 3358 David
2924 3307 2978 3358 in
3015 3305 3190 3374 ﬁneni.

1943 3437 1961 3468 ι
1990 3416 2286 3481 Exsultate,
2310 3415 2463 3485 justi.
2495 3433 2513 3466 ›
2542 3413 2788 3469 Psatmus
2833 3416 2934 3471 iste
2976 3418 3226 3471 convenit
3275 3418 3442 3473 David

1867 3508 2163 3578 propheta,
2190 3508 2281 3574 qui
2311 3513 2365 3560 et
2389 3505 2478 3559 hic
2507 3504 2765 3574 loquitur,
2792 3514 2846 3559 et
2871 3504 3002 3560 facit
3031 3507 3352 3562 cantilenam
3377 3510 3443 3563 de

1869 3598 2024 3651 laude
2039 3598 2290 3664 Dei,qua:
2310 3597 2519 3665 mitigat
2552 3597 2882 3651 tentationes
2908 3598 3128 3663 diaboli,
3157 3600 3295 3653 sicut
3317 3616 3443 3655 can-

1869 3688 2032 3742 tilena
2083 3686 2254 3740 David
2295 3686 2508 3755 mitigat
2550 3686 2797 3755 spiritum
2847 3685 3040 3740 Saulis.
3089 3687 3314 3742 Materia
3361 3701 3444 3742 est

1869 3779 1987 3833 laus
2020 3778 2134 3832 Dei.
2166 3775 2295 3830 Eam
2325 3777 2398 3830 ita
2440 3785 2675 3830 tractat:
2709 3777 2961 3830 admonet
2991 3777 3054 3831 ad
3088 3777 3295 3832 laudem
3324 3778 3440 3843 Dei,

1869 3867 2117 3938 ponendo
2138 3881 2329 3921 causas
2349 3881 2515 3935 quare
2535 3865 2826 3920 debeamus
2838 3866 3004 3920 Deum
3026 3865 3266 3924 laudare.
3283 3868 3338 3922 ln
3361 3885 3444 3922 se-

1869 3957 2044 4012 cunda
2065 3964 2218 4026 parte
2241 3955 2473 4010 ostendit
2501 3953 2618 4008 illos
2645 3969 2766 4010 esse
2792 3956 2978 4011 beatos
3003 3958 3095 4028 qui
3122 3959 3287 4013 Deum
3331 3959 3444 4013 lau-

1869 4047 2151 4102 daverunt.
2169 4045 2399 4101 Intentio
2427 4053 2507 4100 est
2531 4046 2819 4101 admonere
2843 4047 2911 4102 ad
2935 4047 3144 4103 laudem
3168 4051 3444 4121 Dei,quod

1868 4145 2088 4192 notatur
2115 4137 2168 4191 in
2197 4137 2369 4207 prima
2391 4144 2566 4206 parte,
2592 4151 2623 4190 a
2646 4152 2751 4208 qua
2778 4139 2858 4193 sic
2879 4139 3210 4195 exsultanter
3234 4142 3440 4213 incipit.

1939 4247 2045 4303 Vos
2069 4247 2215 4317 impii
2241 4263 2348 4302 non
2372 4246 2580 4303 debetis
2604 4249 2876 4306 exsultare
2896 4252 2950 4304 in
2971 4251 3218 4319 Domino,
3234 4257 3329 4311 sed
3351 4270 3445 4310 vos

1874 4337 2047 4407 «justi
2089 4336 2353 4392 exsultate
2399 4337 2453 4390 in
2497 4337 2722 4392 Domino
2750 4358 2767 4389 ι
2810 4348 2866 4393 ει
2895 4355 3001 4394 non
3040 4342 3095 4395 in
3138 4345 3442 4402 mundanis.

1867 4425 2011 4481 Bene
2047 4427 2197 4490 dico,
2241 4424 2374 4495 justi
2417 4427 2715 4491 exsultale,
2758 4428 2884 4496 quia
2918 4449 2935 4480 ι
2962 4441 3137 4487 rectos
3160 4452 3176 4483 ι
3210 4433 3329 4490 illos
3351 4439 3442 4505 qui

1868 4515 2255 4570 exsultaverint
2303 4533 2321 4564 ι
2357 4515 2510 4570 decet
2534 4516 2790 4581 laudatio,
2829 4539 2847 4569 ι
2898 4519 3102 4575 scilicet
3142 4532 3198 4576 ut
3229 4523 3446 4580 laudent

1869 4609 2057 4661 Deum.
2087 4597 2238 4661 Unde
2274 4606 2473 4661 dicitur
2504 4622 2517 4659 :
2555 4623 2572 4655 ι
2603 4605 2880 4662 Peccatori
2909 4608 3044 4664 dixit
3086 4612 3246 4677 Deus,
3277 4628 3444 4682 quare

1869 4708 1922 4752 tu
1954 4712 2178 4752 enarras
2211 4689 2452 4766 justitias
2481 4698 2665 4752 meas?
2696 4695 2868 4768 (Psal.
2897 4699 3065 4772 χιιι.)
3108 4723 3125 4754 ι
3159 4703 3226 4758 Ει
3263 4705 3389 4761 item
3427 4725 3440 4760 :

1873 4808 1890 4839 ι
1915 4788 2030 4843 Non
2052 4797 2135 4844 est
2157 4789 2397 4860 speciosa
2419 4790 2536 4844 laus
2551 4790 2604 4844 in
2625 4805 2719 4844 ore
2739 4795 3055 4860 peccatoris.
3078 4795 3269 4868 (Eccli.
3295 4802 3437 4870 nn)»

1872 4882 1965 4938 Vel
1982 4884 2026 4936 si
2045 4883 2310 4938 habeatur
2329 4883 2673 4949 collaudatio,
2691 4899 2788 4955 per
2808 4901 2926 4940 eam
2954 4888 3287 4947 laudantium
3310 4909 3446 4947 una-

1873 4972 2088 5026 nimitas
2115 4972 2448 5044 intelligitur.

1946 5061 2045 5116 Hic
2083 5063 2236 5131 ponit
2281 5074 2463 5134 partes
2505 5064 2827 5123 laudationis
2847 5109 2860 5132 ,
2889 5085 3046 5138 quam
3077 5071 3332 5129 admonet
3363 5073 3442 5128 fa—

1873 5167 1998 5207 cere
2040 5169 2139 5206 nos
2185 5153 2368 5208 dicens
2401 5172 2412 5206 :
2455 5155 2580 5224 quia
2620 5157 2774 5212 decet
2815 5169 2991 5214 rectos
3041 5159 3298 5228 laudatio,
3327 5163 3445 5218 ideo

1874 5259 1970 5298 vos
2000 5243 2135 5298 recti
2173 5261 2191 5293 ‹
2223 5244 2551 5300 confitemini
2586 5247 2810 5302 Domino
2849 5249 2901 5302 in
2929 5250 3166 5316 cithara,
3197 5272 3216 5304 ι
3249 5253 3302 5307 id
3340 5264 3442 5316 est,

1873 5334 2086 5388 laudate
2112 5350 2234 5389 eum
2269 5336 2321 5390 in
2351 5352 2578 5408 corpore
2607 5348 2806 5406 vestro,
2837 5350 2892 5394 et
2933 5341 2986 5394 in
3017 5342 3333 5398 substantiis
3358 5344 3442 5398 in-

1873 5424 2182 5492 ferioribus,
2210 5428 2442 5495 scilicet,
2481 5430 2533 5484 in
2561 5430 2915 5501 elecmosynis
2934 5473 2948 5497 ,
2978 5433 3119 5502 quod
3147 5449 3243 5502 per
3273 5434 3445 5488 citha-

1873 5534 1988 5572 ram
2013 5518 2131 5571 ideo
2154 5519 2518 5590 intelligimus,
2541 5522 2669 5590 quia
2691 5523 2897 5577 cithara
2917 5532 3001 5578 est
3026 5525 3443 5580 instrumentum

1873 5608 1940 5661 ab
1977 5607 2218 5663 inferiori
2267 5622 2418 5679 parte
2463 5628 2742 5678 resonans,
2777 5623 2831 5668 et
2858 5630 2956 5669 nos
2982 5616 3049 5670 ab
3077 5614 3442 5681 inferioribus,

1874 5695 1927 5747 id
1960 5703 2074 5759 est,
2102 5695 2169 5749 ab
2205 5695 2321 5751 istis
2349 5699 2636 5752 mundanis
2678 5715 2990 5756 resonemus
3017 5700 3081 5754 ad
3110 5701 3321 5758 laudem
3353 5705 3444 5759 Dei

1877 5783 2010 5836 bene
2058 5784 2386 5850 disponendo
2424 5801 2486 5841 ea
2520 5805 2531 5838 :
2573 5797 2626 5841 et
2672 5804 2774 5841 non
2810 5790 3178 5844 tantummodo
3215 5792 3281 5847 ab
3312 5793 3447 5849 infc-
