3984 6500
519 458 626 516 305

976 456 1066 510 HA
1079 453 1328 511 YMONIS
1365 451 1843 507 ιιΑιΒΕιιετΑΤ.
1887 452 2077 508 EPISC

2182 453 2290 509 PP.
2329 452 2512 510 PARS
2547 453 2589 509 l.
2624 484 2694 495 —
2730 453 3083 511 COMMENT.
3126 453 3293 509 BIBL.

3663 453 3772 511 505

517 570 652 627 riori
683 577 868 640 parte,
899 568 992 621 sed
1027 586 1045 618 ι
1075 564 1281 635 psallite
1310 564 1415 630 illi,
1443 584 1461 618 ι
1493 564 1547 619 ld
1575 572 1690 629 εει,
1721 564 1858 619 bene
1893 579 2084 633 opera-
2113 578 2160 637 Α
2189 566 2265 621 ita
2292 584 2304 620 :
2345 585 2363 619 ι
2388 566 2609 624 Peneus
2632 568 2879 639 abyssos,
2903 589 2921 623 ι
2956 568 3009 622 id
3034 577 3140 635 est,
3170 568 3592 638 profundissime
3618 577 3778 626 tene-

516 657 648 713 mini
680 674 699 708 t
730 656 785 711 in
823 654 1101 726 psalterio,
1129 672 1149 704 ι
1183 652 1237 706 id
1265 661 1377 715 est,
1413 652 1467 707 in
1506 652 1697 722 spiritu
1727 670 1740 706 :
1771 652 2083 722 psalterium

516 749 637 804 dico
665 765 685 800 ι
705 748 889 803 decem
912 740 1251 809 chordarum,
1275 762 1293 794 ι
1323 743 1379 798 id
1404 751 1507 809 εει,
1532 743 1587 797 in
1614 743 1805 813 spiritu
1830 743 2083 811 implente

514 822 701 917 decem
728 844 990 909 praecepta
1017 834 1167 904 legis.
1199 834 1302 889 Per
1322 835 1636 907 psalterium
1664 834 1961 904 accipimus
1988 849 2082 887 su-

514 933 780 1009 periorem
821 929 1058 995 laudem,
1097 943 1217 998 quae
1255 936 1340 983 est
1383 928 1436 982 in
1472 928 1695 997 spiritu,
1728 927 1855 997 quia
1887 927 2085 1004 psalte-

515 1024 651 1079 rium
678 1037 708 1077 a
734 1020 998 1092 superiori
1027 1029 1181 1089 parte
1220 1020 1419 1074 emittit
1453 1034 1664 1074 sonum.
1704 1018 1803 1092 Hic
1835 1026 2086 1073 notamus

512 1112 981 1184 contemplativam
1008 1129 1022 1164 :
1050 1121 1105 1165 et
1130 1109 1224 1165 ubi
1239 1109 1389 1174 dicit,
1414 1108 1825 1183 Conﬁteminiiu
1852 1107 2079 1174 cithara,

511 1203 742 1258 activam
767 1204 957 1257 vitam.

577 1290 646 1344 Et
672 1306 776 1346 non
798 1290 974 1346 solum
1003 1290 1057 1344 in
1083 1287 1293 1342 cithara
1315 1293 1369 1341 et
1394 1285 1674 1358 psalterio,
1696 1286 1790 1341 sed
1823 1304 1842 1339 ‹
1870 1292 2084 1342 cantate

509 1381 560 1436 ei
588 1382 858 1436 canticum
900 1394 1098 1435 novum
1117 1419 1133 1445 ,
1152 1398 1190 1430 ~i
1226 1379 1279 1433 id
1307 1386 1421 1444 est,
1452 1377 1668 1433 laudate
1695 1378 1762 1434 de
1803 1377 2085 1433 transmis-

510 1474 661 1529 sione
679 1471 800 1526 Filii
826 1472 909 1527 sui
940 1471 996 1526 in
1019 1471 1298 1535 mundum,
1327 1485 1447 1539 qua:
1472 1469 1590 1525 laus
1615 1470 1683 1525 de
1712 1468 2099 1543 incarnatione.

510 1563 709 1618 dicitur
740 1577 939 1617 novum
963 1561 1254 1625 canticum,
1283 1559 1410 1629 quia
1449 1574 1554 1615 non
1594 1559 1769 1615 fuerat
1806 1559 1961 1615 nobis
1993 1574 2082 1614 co-

507 1655 746 1725 gnitum,
777 1661 832 1708 et
869 1652 1034 1707 etiam
1070 1670 1089 1702 ι
1117 1651 1330 1722 psallite
1367 1651 1420 1706 ei
1458 1651 1512 1705 in
1539 1650 1947 1718 vociferatione,
1976 1670 1995 1703 ι
2027 1651 2084 1706 id

506 1754 610 1808 est,
655 1744 867 1799 laudate
892 1758 1017 1798 eum
1056 1742 1133 1796 ita
1172 1742 1378 1797 intenta
1420 1742 1751 1817 devotione,
1777 1741 1922 1811 quod
1960 1754 2081 1795 eam

505 1835 753 1891 humanae
780 1849 944 1891 voces
976 1833 1327 1890 nonvaleant
1349 1833 1620 1903 explicare
1647 1847 1661 1886 :
1689 1841 1743 1888 et
1770 1833 1895 1903 quia
1924 1830 2078 1886 multi

2182 658 2375 712 brosos
2402 657 2499 731 tin
2531 659 2801 714 thesauris
2829 660 2964 724 suis,
2986 678 3004 711 ι
3038 659 3090 713 id
3115 667 3231 723 est,
3259 667 3320 713 ut
3348 660 3455 714 sint
3482 675 3615 729 pars
3648 661 3776 717 the-

2184 763 2467 804 saurorum
2496 762 2750 816 suorum,
2781 757 2840 803 ut
2867 764 2964 818 per
2988 765 3084 805 eos
3113 749 3349 820 legitime
3378 758 3659 805 certantes
3686 763 3778 806 reb

2183 849 2449 895 muneret.
2480 839 2633 897 Sicut
2672 841 2819 896 enim
2862 841 3123 911 sapientia
3158 842 3283 895 data
3312 849 3396 898 est
3440 843 3651 898 sanctis
3676 841 3775 897 do-

2184 945 2314 983 num
2339 929 2469 995 Dei,
2510 931 2590 986 sic
2635 931 2798 986 etiam
2830 931 2957 985 mali
2984 932 3183 986 donum
3209 930 3303 985 Dei
3333 940 3461 986 sunt
3486 947 3611 986 cum
3645 947 3774 987 san-

2183 1019 2288 1074 ctis
2311 1019 2379 1073 ad
2422 1020 2681 1091 majorem
2722 1035 2977 1077 coronam
3016 1021 3212 1076 dantur
3241 1037 3272 1075 a
3301 1021 3451 1076 Deo:
3483 1030 3545 1076 ut
3572 1022 3775 1078 Decius

2181 1108 2343 1163 beato
2364 1107 2659 1165 Laurentio
2683 1110 2841 1166 datus
2868 1109 2971 1164 fuit
2990 1110 3057 1166 ad
3097 1110 3355 1182 majorem
3382 1126 3671 1168 coronam.
3704 1109 3777 1170 Et

2183 1199 2324 1265 ideo,
2357 1201 2483 1270 quia
2527 1201 2649 1257 talis
2674 1208 2759 1256 est
2793 1218 2811 1252 ι
2839 1201 3015 1256 omnis
3042 1210 3184 1256 terra
3214 1221 3233 1254 ι
3267 1209 3323 1257 ει
3354 1201 3401 1256 si
3431 1216 3543 1257 non
3588 1207 3778 1272 potest

2182 1290 2422 1357 laudare,
2437 1290 2625 1346 saltem
2660 1311 2677 1342 ι
2702 1291 2890 1345 timeat
2910 1291 3222 1346 Dominum:
3247 1311 3267 1343 ι
3289 1291 3383 1347 sed
3407 1292 3454 1346 si
3479 1307 3550 1347 ex
3575 1307 3636 1347 se
3661 1305 3774 1348 non

2182 1383 2347 1439 habet
2365 1382 2509 1452 quod
2550 1381 2757 1447 timeat,
2792 1401 2810 1433 ‹
2835 1381 2901 1435 ab
2932 1396 2998 1435 eo
3023 1399 3042 1432 ι
3074 1380 3301 1436 Domino
3332 1399 3350 1431 ι
3376 1395 3773 1437 commoveano

2184 1482 2271 1528 tur
2288 1492 2307 1525 ι
2332 1472 2456 1528 dico
2481 1487 2578 1542 per
2603 1472 3009 1541 inspirationem
3035 1472 3101 1525 ad
3128 1472 3231 1527 hoc
3256 1472 3501 1537 timeant,
3526 1485 3774 1527 commo-

2180 1571 2409 1619 veantur
2432 1562 2553 1617 dico
2586 1579 2605 1613 σ
2634 1577 2821 1617 omnes
2850 1561 3214 1617 inhabitantes
3237 1561 3441 1617 orbem.
3473 1580 3491 1612 ι

2248 1653 2319 1707 Ει
2344 1653 2446 1707 iste
2470 1651 2605 1708 bene
2631 1653 2832 1722 poterit
2860 1666 3201 1707 commovere
3217 1690 3234 1719 ,
3260 1653 3388 1722 quia
3415 1652 3531 1723 ipse
3556 1651 3769 1710 creavit

2179 1743 2393 1809 omnia,
2419 1751 2474 1799 et
2496 1744 2598 1798 hoc
2635 1752 2719 1799 est
2752 1762 2770 1795 ι
2798 1743 3051 1812 quoniam
3081 1742 3196 1813 ipse
3221 1742 3375 1808 dixit,
3404 1762 3424 1793 ι
3455 1742 3510 1797 id
3537 1752 3641 1808 est,
3670 1754 3770 1801 vo-

2178 1833 2279 1889 luit
2304 1852 2322 1885 t
2350 1842 2404 1889 et
2431 1832 2573 1889 facta
2603 1841 2730 1888 sunt
2756 1851 2774 1884 ι
2806 1832 3012 1898 omnia,
3038 1832 3095 1887 id
3111 1840 3210 1896 εει,
3238 1830 3486 1888 infamis
3506 1835 3766 1901 materia,

504 1930 806 2002 compuncti
852 1929 1139 1985 itaDcum
1167 1929 1424 1993 laudant,
1453 1935 1510 1982 ει
1554 1939 1735 1982 tamen
1786 1933 1974 1995 postea
2020 1925 2075 1981 in
2103 1928 2151 1988 B
2178 1933 2233 1981 et
2267 1925 2321 1979 in
2348 1925 2465 1980 haec
2497 1924 2728 1979 formata
2770 1924 3011 1989 redacta,
3039 1932 3096 1979 et
3130 1941 3148 1975 ι
3178 1924 3293 1995 ipse
3318 1943 3339 1975 ι
3370 1925 3523 1995 prius
3555 1945 3575 1977 ι
3603 1941 3767 1981 man-

502 2030 722 2092 peccata
753 2020 1222 2087 incidunt,addit:
1261 2038 1279 2071 ι
1302 2020 1490 2085 bene,»
1522 2018 1578 2074 id
1599 2026 1725 2084 est,
1743 2018 1818 2072 ita
1843 2016 2073 2088 psallite,

503 2123 563 2170 ut
590 2115 728 2169 ultra
760 2129 867 2169 non
897 2113 1074 2169 velitis
1102 2127 1208 2167 non
1240 2110 1489 2182 psallere.

577 2208 676 2263 Hic
724 2206 913 2277 incipit
969 2219 1164 2261 causas
1211 2202 1479 2268 reddere,
1536 2216 1705 2272 quare
1749 2201 1829 2257 sic
1891 2191 2097 2256 admo?

502 2305 628 2353 neat
675 2311 777 2351 nos
821 2295 1040 2350 laudare
1073 2294 1263 2349 Deum.
1311 2291 1652 2348 Continuatio
1699 2309 1713 2345 :
1770 2310 1790 2342 ι
1817 2291 1941 2347 Ideo
1984 2291 2079 2346 de-

500 2389 640 2453 betis
675 2390 844 2444 Deum
882 2386 1101 2442 laudare
1135 2404 1154 2437 r
1181 2385 1310 2455 quia
1339 2392 1547 2441 rectum
1576 2391 1662 2440 est
1685 2385 1932 2449 verbum,
1964 2402 1983 2436 ι
2020 2382 2076 2437 id

498 2488 601 2542 εει,
650 2486 974 2548 praeceptum
1008 2494 1027 2528 ι
1056 2475 1290 2532 Domini.
1320 2494 1339 2526 ›
1373 2474 1518 2530 Nihil
1556 2474 1702 2529 enim
1731 2473 1836 2529 nisi
1868 2480 2075 2528 rectum

498 2569 753 2639 praecepit
783 2586 802 2619 ι
824 2575 877 2622 ει
897 2567 1080 2637 omnia
1104 2581 1268 2636 opera
1292 2564 1410 2635 ejus
1436 2565 1491 2619 in
1514 2563 1693 2630 (ideo
1712 2563 1767 2618 id
1793 2571 1895 2626 est,
1926 2570 2074 2618 recta

498 2667 550 2712 et
573 2656 750 2712 lidelia
773 2663 916 2711 sunt.
936 2655 1033 2709 Vel
1065 2654 1147 2708 tin
1172 2653 1277 2708 ﬁde
1296 2661 1477 2718 sunt,t
1500 2652 1553 2707 id
1564 2660 1751 2718 est,“
1769 2650 1872 2706 ﬁde
1885 2652 2073 2707 haberi

498 2745 909 2821 possunttquia
940 2743 1071 2797 nulli
1117 2741 1178 2796 lit
1229 2741 1477 2796 remissio
1515 2740 1601 2795 vel
1639 2739 1937 2804 confessio,
1968 2726 2095 2795 nisi.

499 2840 651 2912 prius
700 2838 754 2891 in
800 2835 924 2891 ﬁde.
952 2833 1051 2890 Vel
1082 2852 1101 2885 ι
1131 2833 1185 2887 in
1214 2832 1317 2887 [ide
1345 2851 1364 2884 ι
1396 2832 1520 2902 quia
1558 2845 1892 2902 quaecunque
1933 2830 2074 2886 Deus

499 2929 674 2994 facit,
729 2941 893 2983 causa
944 2923 1325 2981 conﬁrmandae
1379 2922 1504 2979 ﬁdei
1561 2923 1646 2978 vel
1696 2921 2072 2992 promovenda

500 3018 650 3073 facit.
1788 3078 1799 3087 ν

570 3109 695 3165 ideo
722 3122 939 3179 quoque
961 3104 1261 3161 laudandus
1284 3112 1399 3170 est,
1432 3104 1556 3174 quia
1601 3122 1620 3155 ι
1649 3104 1822 3175 diligit
1855 3103 2070 3159 misert-

498 3202 737 3258 cordiam
768 3211 823 3255 et
845 3199 1146 3271 judicium:
1186 3217 1204 3248 ι
1235 3205 1289 3253 ει
1317 3211 1423 3252 non
1463 3195 1584 3251 ideo
1621 3195 1752 3251 dicit
1788 3195 1918 3265 quin
1956 3195 2071 3266 ipse

2178 2016 2352 2081 davit,
2383 2034 2402 2068 ι
2434 2015 2489 2070 id
2506 2023 2627 2079 est,
2669 2013 2838 2068 voluit
2871 2032 2890 2065 ι
2925 2023 2981 2068 ει
3001 2022 3182 2069 creata
3209 2022 3367 2079 sunt,
3395 2034 3414 2067 ι
3444 2015 3498 2070 id
3534 2024 3659 2081 est,
3700 2016 3768 2072 de

2175 2120 2285 2160 non
2309 2118 2451 2170 esse,
2478 2104 2547 2159 ad
2588 2117 2709 2159 esse
2731 2112 3017 2171 venerunt,
3051 2105 3256 2159 scilicet
3282 2102 3424 2159 facta
3463 2115 3550 2160 εει
3596 2103 3769 2161 infor-

2175 2195 2280 2251 mis
2292 2196 2539 2251 materia.
2558 2194 2773 2251 Velita:
2795 2213 2813 2246 ‹
2839 2195 2959 2265 ipse
2978 2194 3117 2249 dixit
3132 2202 3186 2249 et
3203 2194 3346 2250 facta
3366 2203 3515 2260 sunt,
3537 2214 3559 2247 ι
3578 2195 3767 2251 omnia

2183 2302 2201 2336 ι
2226 2286 2340 2355 ipse
2361 2285 2525 2341 etiam
2553 2286 2829 2341 mandavit
2846 2305 2866 2340 ι
2891 2300 2988 2355 per
3008 2284 3245 2355 angelos,
3265 2293 3319 2339 et
3335 2286 3517 2341 omnia
3545 2298 3765 2342 «creata

2173 2385 2323 2443 sunt,
2349 2394 2368 2428 ι
2400 2376 2659 2447 disposita
2677 2417 2692 2443 ,
2722 2375 2779 2431 id
2805 2382 2922 2442 est,
2948 2375 3243 2430 ordinatim
3281 2375 3442 2431 facta.
3475 2376 3637 2433 Sicut
3666 2391 3767 2447 per

2175 2465 2427 2536 angelum
2455 2466 2678 2521 missum
2702 2463 2894 2535 Moysi,
2922 2463 3011 2519 lex
3040 2462 3143 2518 fuit
3160 2463 3407 2519 ordinata
3436 2474 3494 2520 et
3518 2462 3689 2520 facta.

2244 2555 2505 2611 Dominus
2543 2554 2675 2611 fecit
2709 2555 2919 2619 omnia,
2948 2562 3003 2609 et
3029 2554 3143 2625 ipse
3177 2572 3196 2605 ι
3226 2554 3475 2625 dissipat,
3498 2574 3517 2607 ι
3560 2555 3617 2609 id
3652 2564 3761 2618 est,

2174 2647 2404 2702 destruit
2466 2665 2486 2700 ι
2515 2647 2741 2704 consilia
2773 2647 3035 2721 gentium,
3064 2665 3083 2697 ι
3134 2645 3376 2712 scilicet,
3426 2646 3497 2701 de
3540 2646 3759 2701 cultura

2172 2737 2468 2804 idolorum,
2536 2738 2775 2819 quando
2811 2737 2880 2792 ad
2939 2751 2998 2793 se
3052 2737 3319 2793 convertit
3350 2738 3578 2793 omnia:
3622 2757 3641 2789 ι
3666 2754 3757 2793 re-

2170 2830 2367 2901 probat
2401 2838 2579 2885 autem
2624 2828 3358 2900 cogitationespopulorum,
3393 2850 3413 2881 ι
3451 2831 3505 2886 id
3531 2839 3639 2896 est,
3662 2830 3761 2887 Ju-

2172 2921 2435 3001 daorum,
2462 2922 2556 2991 qui
2590 2921 2845 2997 dicuntur
2867 2920 3077 2992 populi,
3104 2928 3326 2990 propter
3343 2920 3529 2991 legem
3558 2922 3616 2977 in
3649 2936 3756 2991 qua

2169 3012 2355 3068 vivere
2377 3013 2663 3089 debebant.
2691 3011 3059 3084 Cogitationes
3088 3013 3205 3068 istae
3226 3012 3444 3068 fuerunt
3472 3015 3539 3069 de
3562 3014 3677 3086 lege
3700 3025 3759 3071 et

2171 3104 2290 3161 loco
2328 3105 2645 3171 retinendo,
2669 3114 2876 3161 etcum
2908 3104 3190 3159 Dominum
3239 3105 3297 3159 in
3341 3105 3594 3176 sepulcro
3628 3107 3758 3161 reti-

2132 3202 2137 3207 ‘
2172 3210 2304 3251 nere
2333 3202 2658 3266 putaverunt
2684 3213 2696 3248 :
2728 3204 2782 3250 et
2808 3209 2914 3249 non
2958 3201 3166 3247 tantum
3193 3193 3435 3262 ipsorum
3462 3195 3757 3261 minorum,

496 3306 711 3364 quoque
740 3291 941 3362 diligat,
976 3288 1069 3344 sed
1100 3286 1226 3357 quia
1251 3288 1366 3358 ipse
1393 3286 1571 3357 potius
1593 3294 1850 3356 operatur
1879 3300 2070 3342 secun-
2094 3274 2139 3338 C
2169 3286 2262 3342 sed
2307 3304 2326 3337 ι
2354 3286 2521 3342 etiam
2568 3286 2819 3356 reprobat
2863 3284 3088 3341 consilia
3129 3284 3458 3354 principum,
3491 3304 3512 3337 ι
3548 3285 3607 3340 id
3650 3296 3755 3352 εει,

496 3387 624 3441 dum
670 3385 793 3440 hoc.
842 3381 1150 3439 Secundum
1187 3380 1615 3436 misericordiam
1642 3387 2071 3451 operatur,-cum

495 3484 717 3548 peccata
748 3474 1007 3539 remittit;
1038 3472 1340 3535 secundum,
1356 3471 1654 3543 judicium,
1685 3486 1806 3527 cum
1835 3479 1890 3525 et
1917 3470 2073 3525 bonis

497 3577 552 3623 et
597 3568 754 3622 malis
797 3566 1093 3623 secundum
1135 3565 1451 3620 meritorum
1498 3563 1813 3635 qualitatem
1865 3562 2070 3629 tribuit,

497 3657 651 3726 quasi
682 3657 762 3711 sic
789 3655 1063 3710 diceretur
1088 3672 1101 3707 :
1135 3652 1288 3709 Unde
1318 3652 1580 3708 habemus
1613 3652 1758 3723 quod
1805 3654 1917 3722 ipse
1945 3650 2071 3705 dili-

497 3756 590 3818 gat
604 3744 1068 3801 misericordiam?
1087 3743 1283 3799 Reddit
1304 3757 1546 3807 causam,
1567 3742 1703 3811 quia
1721 3759 1740 3794 ι
1762 3741 2072 3796 misericor-

494 3839 583 3893 dia
628 3836 841 3893 Domini
884 3835 1043 3905 plena
1091 3843 1176 3890 est
1203 3843 1381 3900 terra,
1412 3854 1433 3887 ι
1484 3834 1540 3888 id
1568 3841 1683 3898 εει,
1731 3832 1980 3888 homines
2018 3832 2073 3887 in

494 3937 643 3980 terra
668 3933 802 3980 tota.
825 3923 1074 3979 Ostendit
1100 3925 1370 3992 quomodo
1395 3922 1553 3992 plena
1578 3930 1662 3975 est
1686 3930 1830 3975 terra
1857 3920 2073 3975 miseri-

498 4016 679 4070 cordia
707 4014 950 4077 Domini,
986 4014 1114 4083 quia
1151 4031 1169 4064 t
1199 4014 1344 4080 coeli,
1374 4032 1392 4063 ι
1434 4012 1487 4067 id
1513 4021 1617 4077 est,
1645 4011 1871 4083 apostoli
1906 4031 1924 4064 ι
1947 4020 2074 4068 sunt

499 4102 892 4158 firmativerbo
910 4101 1038 4167 .Dei,
1066 4121 1083 4154 ι
1119 4102 1172 4157 id
1196 4110 1279 4157 est
1296 4143 1311 4163 ,
1342 4102 1395 4156 in
1422 4100 1665 4157 doctrina
1708 4101 1991 4168 instructi,
2018 4109 2074 4156 et

500 4193 747 4263 exemplo
760 4193 920 4250 Verbi
947 4193 1062 4257 Dei,
1093 4192 1145 4247 id
1167 4201 1272 4259 est,
1295 4192 1438 4258 Filii,
1469 4209 1488 4243 ί
1509 4200 1565 4247 ει
1582 4192 1759 4247 omnis
1782 4191 1956 4248 virtus
1984 4206 2075 4246 eo-

501 4299 642 4349 rum,
665 4302 683 4335 ι
718 4283 772 4339 id
801 4289 907 4350 est,
936 4281 1117 4338 omnia
1144 4281 1407 4337 miracula
1437 4295 1769 4351 quaecunque
1795 4280 1896 4352 ipsi
1926 4279 2079 4361 fecej

501 4385 626 4433 runt
656 4395 669 4431 :
701 4377 785 4433 vel
815 4376 1074 4433 fortitudo
1109 4391 1297 4432 eorum
1323 4383 1512 4430 contra
1539 4374 1787 4440 adversa,
1813 4382 1942 4429 sunt
1976 4372 2072 4427 ﬁr—

499 4478 644 4524 mata
687 4488 705 4520 ι
732 4468 922 4538 spiritu
952 4467 1064 4523 oris
1086 4468 1223 4538 ejus,
1246 4486 1265 4519 ι
1300 4467 1355 4522 id
1381 4474 1484 4531 est,
1514 4466 1655 4531 Filii,
1684 4480 1783 4535 per
1803 4480 1963 4535 quem
1989 4464 2073 4520 lo-

499 4561 686 4630 quitur
704 4559 886 4623 Pater,
904 4557 1025 4612 Filii
1053 4558 1174 4613 dico
1195 4555 1312 4626 ejus
1337 4558 1505 4624 Patri,
1531 4565 1587 4613 et
1605 4557 1693 4613 hic
1722 4565 1971 4612 notamus
1992 4563 2075 4610 to-

500 4660 609 4704 tam
631 4649 969 4704 Trinitatem.
994 4648 1114 4704 ldeo
1137 4663 1351 4719 quoque
1373 4642 1671 4704 laudandus
1693 4657 1796 4712 est,
1810 4647 1935 4718 quia
1961 4647 2075 4716 ipse

500 4746 585 4794 est
626 4758 643 4790 ι
674 4753 1007 4808 congregans
1054 4753 1223 4808 aquas
1267 4739 1453 4804 maris,
1476 4757 1494 4790 ι
1537 4738 1591 4794 id
1630 4748 1745 4802 εει,
1774 4728 2083 4792 mundanas

499 4828 770 4895 homines,
800 4828 893 4899 qui
927 4826 1183 4883 ﬂuctuant
1217 4829 1359 4883 sicut
1396 4841 1549 4899 aquae
1576 4827 1778 4891 maris,
1828 4826 2075 4896 ponendo

499 4936 593 4976 eos
627 4920 680 4975 in
708 4917 951 4974 Ecclesia
984 4936 1003 4968 ι
1031 4918 1171 4973 sicut
1210 4917 1266 4970 in
1305 4926 1480 4973 utrem
1510 4938 1528 4970 ι
1565 4918 1691 4986 quia
1739 4916 1879 4971 sicut
1922 4930 2074 4985 aqua:

500 5026 622 5080 quae
652 5016 778 5065 sunt
826 5009 879 5063 in
911 5019 1031 5063 utre
1076 5016 1425 5063 coarctantur
1466 5022 1534 5062 ne
1575 5013 1805 5070 exeant,
1838 5005 1917 5059 sic
1943 5004 2073 5074 justi

498 5101 661 5171 positi
690 5102 745 5155 in
775 5099 1033 5163 Ecclesia,
1063 5098 1257 5154 divina:
1283 5099 1492 5169 pagina:
1539 5098 1892 5151 instructione
1917 5111 2070 5151 coar-

501 5199 735 5255 ctantur,
757 5198 818 5244 ut
838 5206 946 5245 non
970 5190 1073 5245 nisi
1098 5204 1163 5244 eo
1188 5190 1534 5260 permittente
1555 5189 1645 5259 qui
1669 5187 1865 5257 posuit,
1889 5185 2071 5257 egredi

500 5279 736 5334 valeant.
767 5278 872 5334 Per
892 5287 1069 5334 utrem
1101 5279 1193 5348 qui
1223 5278 1282 5332 ﬁt
1308 5293 1375 5332 ex
1401 5278 1552 5332 corio
1578 5278 1772 5332 mortui
1802 5275 2070 5341 animalis,

502 5373 848 5443 intelligimus
874 5371 1191 5436 Ecclesiam,
1212 5386 1333 5440 quae
1357 5370 1601 5426 carnales
1628 5368 1917 5424 mortiﬁcat
1941 5382 2073 5422 con-

500 5454 896 5534 eupiscentias:
927 5464 1058 5533 ipse,
1092 5463 1236 5528 dico,
1273 5481 1291 5513 ι
1319 5462 1525 5532 ponens
1554 5463 1795 5533 abyssos,
1820 5480 1838 5512 ι
1885 5460 1938 5514 id
1967 5467 2071 5525 est,

503 5555 797 5625 profundos
823 5558 876 5612 in
903 5571 1064 5612 sensu
1092 5573 1111 5605 ι
1132 5556 1187 5610 in
1215 5555 1483 5611 thesauris
1512 5555 1644 5619 suis,
1664 5574 1681 5606 ›
1716 5554 1769 5608 id
1797 5561 1898 5617 est,
1928 5552 2077 5607 dedit

502 5646 583 5703 eis
608 5657 816 5718 partem
852 5648 1231 5702 thesaurorum
1258 5661 1499 5712 suorum,
1529 5644 1851 5701 conferendo
1877 5644 1957 5698 eis
1985 5658 2075 5698 co-

504 5738 796 5807 gnitionem
849 5737 1128 5808 sapientiae
1174 5746 1231 5793 ει
1281 5736 1521 5794 scientiae
1571 5750 1709 5800 suae,
1759 5735 1899 5789 sicut
1950 5733 2076 5787 fecit

506 5828 664 5884 beato
696 5829 885 5895 Paulo,
916 5831 1006 5901 qui
1032 5830 1282 5902 cognovit
1313 5844 1434 5887 eum
1463 5827 1711 5889 profundi
1741 5842 1953 5885 sensus.
1977 5825 2073 5881 Vel

2104 4605 2156 4666 D

2173 3376 2580 3440 daemoniorum,
2608 3391 2818 3444 regum,
2846 3375 3061 3437 ducum,
3090 3383 3146 3428 et
3168 3373 3509 3443 pontiﬁcum.

2244 3465 2538 3523 Consilium
2560 3481 2746 3521 eorum
2766 3463 3085 3533 dissipatur:
3100 3481 3124 3513 -‹
3145 3462 3429 3517 consilium
3446 3472 3629 3518 autem
3650 3463 3754 3520 Do-

2176 3556 2310 3612 mini
2349 3576 2367 3608 ι
2393 3556 2461 3612 de
2502 3542 2843 3627 reparatione
2872 3554 3092 3609 humani
3121 3553 3369 3625 generis,
3403 3568 3567 3624 quam
3606 3553 3757 3609 Deus

2174 3646 2466 3702 occultavit
2484 3646 2689 3711 multis,
2718 3664 2737 3697 ι
2768 3653 2949 3700 manet
2978 3644 3031 3698 in
3053 3653 3336 3710 internum,
3359 3663 3379 3695 ι
3413 3644 3467 3700 id
3502 3654 3620 3710 est,
3652 3645 3754 3700 im-

2174 3737 2433 3794 mutabile
2467 3745 2552 3793 est
2581 3754 2595 3791 :
2624 3755 2652 3789 -t
2681 3745 2735 3792 et
2759 3736 3112 3805 cogitationes
3136 3732 3274 3805 ejus,
3292 3755 3320 3787 φ
3354 3734 3409 3790 id
3436 3743 3542 3800 est,
3567 3736 3756 3806 dispo-

2173 3831 2396 3885 sitiones
2438 3828 2555 3898 ejus
2573 3869 2588 3893 ,
2616 3844 2736 3899 qua:
2765 3828 3016 3884 dicuntur
3040 3846 3066 3878 4
3094 3823 3275 3882 cordis
3296 3846 3314 3878 ι
3351 3827 3475 3897 quia
3500 3827 3754 3882 rationa-

2173 3920 2352 3976 biliter
2368 3919 2527 3975 factae
2547 3930 2691 3985 sunt,
2714 3921 3077 3997 extundentur
3106 3938 3123 3970 ι
3151 3934 3180 3972 a
3204 3921 3542 3990 generatione
3562 3933 3755 3989 usque

2174 4011 2231 4066 in
2258 4011 2416 4065 aliam
2455 4011 2852 4081 generationem
2883 4029 2901 4062 ι
2945 4018 3000 4065 ει
3027 4010 3221 4064 iterum
3246 4009 3304 4063 in
3330 4010 3488 4064 aliam
3518 4022 3760 4080 genera-

2176 4102 2397 4158 tionem.
2444 4100 2835 4171 Dispositiones
2878 4098 2973 4154 Dei
3021 4107 3182 4164 sunt,
3218 4099 3479 4168 quidquid
3505 4099 3556 4152 iu
3594 4096 3757 4153 omni

2175 4201 2417 4263 tempore
2446 4200 2548 4249 est.

2245 4286 2345 4344 Hic
2384 4287 2573 4357 incipit
2615 4286 2849 4342 secunda
2893 4301 3037 4356 pars.
3072 4284 3416 4342 Continuatio
3455 4300 3468 4336 :
3513 4282 3580 4336 Et
3621 4282 3758 4352 quia

2175 4381 2292 4452 ipse
2323 4379 2583 4435 Dominus
2607 4385 2690 4434 est
2718 4377 2837 4432 talis
2870 4397 2888 4430 (
2909 4377 3064 4432 beata
3087 4395 3105 4428 ι
3135 4383 3217 4430 εει
3246 4374 3336 4429 illa
3369 4391 3389 4424 ι
3419 4388 3569 4442 gens,
3594 4374 3763 4442 cujus

2174 4479 2258 4528 est
2282 4470 2558 4535 Dominus,
2596 4487 2615 4521 ι
2656 4468 2712 4523 id
2745 4476 2858 4533 est,
2887 4482 3008 4538 qua:
3037 4468 3163 4523 fecit
3184 4466 3470 4521 Dominum
3496 4479 3663 4517 suum
3695 4463 3763 4518 il-

2180 4564 2287 4618 lum
2311 4561 2506 4632 quiest
2531 4579 2550 4611 r
2577 4561 2694 4631 ejus
2722 4579 2741 4613 ι
2772 4559 2921 4631 velit,
2941 4559 3072 4613 nolit
3100 4575 3113 4612 :
3150 4576 3168 4608 ι
3192 4558 3334 4613 Deus
3359 4556 3495 4625 ejus,
3518 4573 3537 4606 ι
3557 4554 3616 4608 id
3647 4563 3763 4618 εει,

2177 4654 2480 4712 voluntarie
2517 4642 2795 4711 cunstituit
2839 4651 2940 4707 sibi
2985 4651 3134 4705 illum
3175 4650 3459 4707 Dominum
3482 4689 3498 4714 ,
3536 4647 3636 4716 qui
3674 4656 3768 4704 est

2177 4748 2438 4804 Dominus
2472 4744 2589 4814 ejus
2626 4751 2907 4815 potestate.
2939 4742 3132 4812 incipit
3160 4754 3476 4797 enumerare
3513 4739 3764 4794 beatitu-

2178 4836 2349 4891 dines.
2381 4834 2526 4889 Bene
2562 4834 2702 4900 dico,
2732 4833 2875 4902 quod
2903 4831 2991 4887 illa
3021 4846 3151 4902 gens
3181 4839 3264 4886 est
3307 4831 3483 4894 beata,
3510 4826 3648 4897 quia
3675 4836 3770 4883 est

2160 4922 2404 4996 populus
2458 4925 2659 4979 electus
2703 4924 2757 4978 in
2808 4924 3176 4979 liaareditatem
3222 4922 3358 4988 Dei,
3407 4928 3462 4976 et
3512 4920 3619 4975 hoc
3676 4929 3775 4978 est

2184 5030 2203 5064 ι
2231 5012 2458 5082 populus
2503 5027 2662 5081 quem
2695 5010 2855 5082 elegit
2895 5011 2949 5064 in
2994 5010 3360 5066 haereditatem
3401 5007 3523 5063 sibi.
3555 5026 3575 5060 ι
3626 5007 3775 5067 Ideo

2176 5100 2333 5156 beata
2381 5100 2670 5155 hiereditas
2698 5099 2807 5167 illa,
2835 5098 2960 5170 quia
2991 5099 3253 5154 Dominus
3280 5097 3475 5153 excolit
3502 5096 3773 5153 doctrina

2177 5200 2233 5245 ει
2278 5191 2552 5247 intellectu
2598 5190 2901 5245 divinorum
2944 5176 3192 5244 fontium.
3237 5189 3411 5256 Elegit
3456 5186 3609 5252 dico,
3646 5204 3775 5245 non

2177 5280 2321 5350 quod
2344 5281 2433 5335 det
2458 5295 2577 5334 eam
2602 5279 2978 5349 possidendam
3009 5277 3120 5344 alii,
3146 5277 3239 5333 sed
3264 5278 3387 5332 sibi.

2247 5369 2413 5425 Beata
2455 5379 2539 5425 est
2580 5371 2775 5426 iterum
2818 5370 2907 5424 illa
2953 5384 3104 5440 gens,
3147 5369 3273 5439 quia
3324 5366 3631 5424 «Dominus
3677 5384 3779 5426 re-

2180 5445 2353 5530 spexit
2381 5482 2398 5513 ι
2423 5476 2562 5525 eam,
2590 5461 2641 5515 id
2660 5461 3031 5525 est,misertus
3059 5468 3144 5514 est
3168 5457 3284 5527 ejus
3302 5448 3337 5511 ἐ
3360 5459 3425 5513 de
3451 5457 3614 5523 caelo,
3645 5478 3670 5511 ι
3714 5460 3779 5515 id

2180 5565 2282 5619 est,
2309 5555 2638 5608 humanitate
2660 5554 2779 5608 Filii
2802 5555 2901 5608 sui.
2935 5554 3125 5624 Magna
3153 5554 3297 5609 enim
3326 5552 3416 5607 Dei
3445 5551 3784 5608 misericor—

2179 5646 2266 5700 dia
2306 5646 2434 5712 fuit,
2476 5647 2618 5716 quod
2644 5648 2880 5703 Verbum
2919 5664 3077 5704 suum
3121 5649 3390 5704 incarnari
3437 5662 3534 5717 pro
3565 5658 3783 5705 nostra

2180 5735 2309 5791 fecit
2337 5737 2722 5807 redemptione.
2748 5738 2808 5793 In
2838 5758 2856 5791 ι
2891 5739 3127 5809 respexit
3161 5758 3180 5791 ›
3212 5737 3572 5809 intelligimus,
3605 5741 3785 5807 quod

2180 5826 2340 5883 homo
2364 5827 2522 5899 longe
2546 5838 2769 5901 prepter
2790 5828 3071 5899 peccatum
3086 5843 3117 5883 a
3132 5828 3242 5885 Deo
3258 5835 3497 5884 remotus
3520 5834 3648 5883 erat
3669 5845 3686 5884 :
3715 5838 3784 5885 et
