3984 6444
214 385 325 446 305

1377 370 1811 438 EXPLANATIO
1849 368 1917 429 IN
1950 372 2285 433 PSALMOS.

3344 379 3447 436 306

212 503 503 566 postquam
530 486 763 549 Verbum
815 466 1082 548 incamari
1127 489 1257 548 fecit
1299 492 1491 556 «vidit,
1520 510 1538 543 ι
1582 490 1636 544 id
1670 498 1780 555 est,
1809 492 1862 550 Α
1885 490 1959 543 ita
1999 507 2017 539 ε
2046 487 2140 543 flat
2178 489 2545 546 misericordia
2588 497 2678 545 tua
2718 504 2879 573 super
2924 504 3039 546 nos.
3072 508 3090 542 ι
3125 487 3356 562 Sperare
3390 492 3446 547 in

204 585 323 655 jam
350 587 504 657 quasi
528 599 595 641 ex
628 584 811 640 debito
837 585 1112 651 revelavit,
1132 584 1308 640 dando
1329 584 1472 640 vires
1500 601 1519 634 ο
1541 582 1665 638 filiis
1690 583 1784 637 ho-

212 679 441 743 minum,
464 697 481 730 ι
514 678 567 732 id
596 687 697 743 est,
723 678 1081 733 rationalium.

287 770 362 826 De
401 769 539 826 ctelo
569 789 590 822 ‹
617 771 853 843 respexit
881 772 947 827 de
973 770 1279 827 habitaculo
1307 785 1424 836 suo,
1449 790 1468 823 ι
1502 770 1553 825 id
1582 778 1685 832 est,
1716 770 1782 825 de

212 861 554 917 humanitate
580 860 701 915 Filii
728 860 833 926 sui,
876 862 931 916 in
956 877 1063 931 quo
1090 862 1205 931 ipse
1232 860 1534 915 habitavit:
1573 860 1781 915 habita-

210 951 337 1007 enlo
361 950 482 1006 dico
511 969 529 1002 ι
557 960 872 1020 ρηερει-ειο,
894 971 912 1003 ι
947 952 1001 1006 id
1022 960 1124 1017 est,
1152 966 1345 1023 magno
1374 950 1598 1007 consilio
1617 959 1671 1006 et
1693 965 1782 1006 sa-

208 1040 381 1110 pienti
418 1040 487 1095 ad
531 1040 898 1095 habitudinem
941 1041 1152 1096 Domini
1194 1041 1443 1096 ordinato
1486 1059 1499 1093 :
1545 1041 1783 1110 respexit

212 1147 235 1181 ι
265 1145 427 1199 super
450 1145 636 1185 omnes
662 1130 754 1199 qui
783 1130 1028 1199 habitant
1053 1139 1272 1186 terram.
1294 1150 1313 1183 ι

188 1220 195 1229 ’
284 1218 579 1275 Enumerat
622 1220 812 1275 iterum
854 1221 1230 1277 beatitudines.
1269 1220 1613 1277 Continuatio
1646 1238 1661 1276 :
1700 1236 1782 1277 re-

213 1310 397 1379 spexit
444 1311 534 1365 ille
568 1329 587 1361 ι
616 1311 741 1380 quia
770 1310 924 1365 ﬁnxit
960 1311 1139 1376 corda,
1163 1330 1181 1364 ι
1222 1311 1276 1365 id
1320 1321 1437 1377 est,
1475 1310 1779 1368 intellectus

215 1418 234 1450 ι
266 1415 452 1455 eorum
481 1420 500 1453 ι
535 1400 638 1455 hoc
685 1400 875 1467 modo,
907 1400 1114 1456 scilicet
1145 1419 1165 1453 ‹
1193 1400 1499 1470 sigillatim,
1521 1419 1545 1453 ι
1583 1403 1636 1457 id
1676 1410 1775 1467 est,

211 1506 322 1544 non
345 1491 595 1546 omnibus
622 1492 866 1547 eumdem
894 1492 1226 1548 intellectum
1250 1493 1415 1560 dedit,
1445 1494 1538 1549 sed
1557 1495 1781 1567 singulis

207 1578 513 1647 singulum:
538 1597 556 1630 ι
584 1580 675 1648 qni
695 1581 853 1635 etiam
872 1582 1120 1652 intelligit
1147 1583 1326 1637 omnia
1341 1598 1502 1652 opera
1522 1599 1730 1649 eorum,
1756 1605 1774 1637 ι

207 1668 442 1735 scilicet,
485 1686 594 1741 quo
621 1671 897 1727 intellectu
935 1671 1137 1728 faciant
1159 1674 1418 1743 quidquid
1445 1673 1690 1729 faciunt:
1725 1683 1781 1730 et

205 1765 325 1820 hac
347 1771 432 1818 est
458 1762 690 1817 maxima
717 1764 1011 1819 beatitudo.
1038 1763 1172 1820 Cum
1204 1764 1347 1820 enim
1384 1775 1598 1821 nostras
1625 1766 1775 1821 infir-

205 1855 427 1910 mitates
454 1854 732 1925 intelligit,
758 1855 965 1912 confert
992 1872 1084 1911 sua
1111 1855 1300 1912 solatia
1326 1859 1499 1914 nobis.

281 1943 401 1998 Non
443 1951 650 1997 tantum
695 1944 948 2013 prredicta
977 1946 1093 2001 haec
1120 1944 1250 2000 facit
1286 1947 1448 2010 Deus,
1491 1947 1585 2002 sed
1611 1947 1775 2001 etiam

203 2033 430 2105 adjuvat
456 2049 609 2103 reges
628 2044 684 2090 et
708 2035 954 2106 gigantes
982 2052 995 2088 :
1018 2035 1161 2105 quod
1185 2035 1443 2090 auxilium
1467 2050 1498 2090 a
1521 2037 1631 2092 Deo
1652 2051 1778 2092 vere

204 2123 575 2179 necessarium
602 2131 687 2179 est
705 2164 721 2188 ,
745 2124 868 2195 quia
904 2124 1022 2179 sine
1051 2139 1117 2179 eo
1144 2142 1164 2176 ι
1190 2140 1295 2180 non
1338 2124 1578 2180 salvator
1604 2139 1720 2190 rex,
1753 2144 1772 2176 ι

203 2217 265 2271 id
294 2224 411 2280 est,
446 2215 535 2270 ille
575 2216 666 2284 qui
701 2217 836 2271 bene
865 2216 1001 2286 regit
1028 2231 1181 2271 suam
1209 2217 1597 2284 terrenitatem,
1633 2234 1653 2267 ‹
1681 2232 1778 2287 per

203 2304 432 2360 multam
457 2306 709 2360 virtutem
739 2326 759 2357 ι
801 2321 951 2361 suam
973 2307 1207 2371 scilicet,
1234 2307 1359 2363 licet
1379 2307 1521 2363 Deus
1546 2307 1779 2362 dedisset

203 2392 312 2463 ipsi
343 2393 540 2449 multas
559 2395 819 2461 virtutes;
845 2414 865 2449 ι
887 2403 942 2450 ει
961 2396 1131 2467 gigas,
1152 2414 1171 2449 ›
1196 2396 1249 2452 id
1271 2405 1375 2462 est,
1401 2397 1493 2466 qui
1522 2396 1676 2452 fortis
1697 2406 1781 2452 est

199 2484 277 2538 ad
303 2485 647 2554 pugnandum
675 2493 862 2540 contra
890 2485 1136 2543 inimicos
1160 2486 1276 2552 Dei,
1302 2495 1357 2543 et
1383 2487 1536 2543 velox
1568 2488 1635 2542 ad
1661 2502 1780 2544 cur-

200 2575 435 2631 rendum
480 2591 576 2645 per
621 2576 763 2631 viam
800 2578 1151 2648 propositam,
1201 2597 1220 2630 (
1250 2594 1355 2634 non
1387 2579 1682 2636 salvabitur
1720 2581 1779 2636 in

200 2665 552 2721 multitudine
574 2666 789 2722 virtutis
810 2682 942 2731 suae,
964 2687 995 2739 Δι
1022 2668 1075 2722 id
1092 2676 1196 2733 est,
1210 2683 1306 2739 per
1323 2669 1577 2724 virtutem
1596 2685 1775 2737 suam,

199 2755 457 2825 quamvis
487 2753 683 2809 habeat
713 2754 956 2822 multam,
987 2756 1088 2812 nisi
1119 2756 1229 2811 Deo
1263 2756 1585 2825 adjuvante..

286 2862 306 2893 ι
336 2843 518 2913 Equus
542 2845 726 2912 etiam,
747 2865 766 2897 ι
794 2846 846 2901 id
866 2856 964 2909 est,
994 2846 1237 2901 humana
1249 2846 1495 2914 felicitas,
1510 2864 1630 2919 quae
1652 2848 1779 2904 sub-

200 2934 353 2988 levat
385 2936 685 3003 hominem,
715 2938 871 2994 sicuti
915 2953 1084 3008 equus
1124 2953 1418 3005 sessorem,
1450 2949 1533 2997 est
1566 2959 1584 2992 ι
1613 2940 1777 2997 fallax

200 3023 274 3077 ad
313 3023 538 3079 salutem
578 3045 597 3077 ι
638 3040 799 3095 quam
837 3027 1051 3083 videtur
1083 3030 1394 3098 promittere
1437 3045 1452 3081 :
1506 3045 1604 3087 nec
1656 3033 1779 3087 dico

202 3115 353 3185 quod
382 3115 496 3171 haec
516 3115 744 3174 felicitas
773 3121 1140 3178 tantummodo
1167 3122 1238 3177 sit
1264 3138 1455 3193 parum
1476 3121 1655 3190 fallax,
1682 3124 1775 3180 sed

200 3207 372 3262 etiam
425 3217 837 3281 quantacunque
873 3212 1043 3280 possit
1070 3225 1220 3277 esse,
1249 3211 1411 3267 fallax
1447 3222 1567 3280 est,
1589 3223 1644 3268 et
1673 3215 1778 3270 hoc
1801 3195 1849 3259 Ο

202 3305 294 3354 εει
326 3316 339 3352 :
373 3316 392 3349 ι
421 3299 474 3353 in
506 3300 834 3356 abundantia
882 3310 1059 3356 autem
1105 3302 1322 3358 virtutis
1369 3318 1508 3370 suae,
1539 3322 1558 3355 ι
1587 3305 1638 3359 id
1662 3313 1775 3370 est,

205 3388 265 3442 in
314 3387 610 3443 abundanti
650 3389 851 3444 virtute
897 3390 1237 3455 divitiarum,
1281 3392 1336 3446 id
1380 3401 1497 3456 est,
1539 3393 1593 3448 in
1643 3395 1781 3448 mul-

206 3477 441 3532 titudine
475 3477 795 3533 divitiarum.
818 3494 972 3535 «.non
1003 3479 1337 3536 salvabituri
1372 3482 1567 3552 aliquis
1606 3484 1780 3539 homi—.

206 3582 362 3620 num.

283 3656 410 3711 Haec
433 3656 689 3726 praedicta
734 3656 946 3713 salvare
974 3666 1280 3728 nequeunt,
1323 3658 1416 3716 sed
1455 3679 1473 3712 ‹
1499 3674 1691 3726 ecce,»
1729 3662 1783 3717 id

208 3757 315 3812 est,
351 3748 405 3801 in
445 3747 733 3804 manifesto
761 3750 991 3804 habetur
1014 3750 1258 3816 salvatio,
1288 3751 1492 3807 scilicet
1521 3770 1540 3802 ι
1565 3752 1723 3816 oculi,
1757 3772 1776 3806 ι

205 3839 264 3894 id
285 3847 387 3902 est,
406 3839 774 3895 misericordia
809 3858 827 3891 ι
857 3839 1087 3905 Domini,
1113 3861 1132 3893 ι
1151 3850 1276 3897 sunt
1300 3860 1319 3893 ‹
1347 3858 1509 3913 super
1532 3844 1783 3900 timentes

204 3948 355 3997 eum,
388 3940 444 3987 et
478 3933 533 3987 in
555 3932 635 3987 eis
659 3932 750 4002 qui
774 3943 992 4002 sperant
1031 3947 1199 4002 super
1212 3932 1581 3988 misericordia
1605 3931 1774 4001 ejus.»

206 4023 353 4078 Deus
380 4023 547 4079 oculo,
569 4023 951 4080 misericordiae
980 4031 1037 4079 et
1065 4038 1125 4081 se
1150 4030 1454 4080 metuentes
1474 4032 1531 4080 et
1567 4026 1620 4080 in
1653 4040 1776 4096 spe-

205 4123 396 4168 rantes
424 4098 636 4183 aspicit.

283 4202 385 4269 Qui
431 4211 663 4273 sperant.
696 4203 763 4259 ad
801 4204 933 4270 hoc,
967 4204 1222 4260 scilicet:
1243 4212 1302 4259 ut
1323 4224 1342 4258 ι
1376 4206 1491 4277 ipse
1523 4226 1541 4258 ι
1572 4215 1727 4263 eruat
1754 4228 1789 4260 ιι

203 4308 309 4348 eos
343 4312 360 4343 ι
389 4309 419 4347 a
447 4300 619 4348 morte
647 4314 666 4346 ι
698 4302 896 4348 aeterna
929 4313 947 4345 ι
971 4301 1025 4350 ει
1046 4294 1153 4348 alat
1175 4308 1269 4349 eos
1298 4314 1316 4348 ι
1348 4296 1401 4349 in
1419 4295 1647 4365 justitia,
1678 4316 1696 4348 ι
1723 4298 1779 4352 in

205 4384 354 4438 fame
384 4403 402 4435 ι
435 4384 677 4449 scilicet,
698 4384 752 4438 in
783 4385 886 4441 hac
906 4384 1049 4451 vita,
1090 4384 1145 4439 in
1176 4400 1282 4454 qua
1310 4385 1576 4455 justitiam
1602 4387 1779 4445 esuri-

204 4489 356 4538 mus,
383 4474 466 4528 vel
492 4475 558 4529 ad
586 4475 693 4530 hoc
725 4476 1069 4530 continuatur
1089 4476 1231 4545 quod
1274 4476 1405 4530 dicit
1445 4494 1465 4527 ‹
1492 4476 1633 4530 oculi
1674 4478 1778 4532 Do-

204 4564 346 4619 miul
371 4579 529 4633 super
552 4562 750 4634 iustos,
781 4584 799 4617 ι
831 4564 898 4619 ad
928 4566 1032 4620 hoc
1064 4565 1291 4630 scilicet,
1324 4583 1342 4616 ι
1399 4574 1460 4621 ιιι
1485 4566 1599 4636 ipse
1624 4574 1782 4622 eruat

205 4669 237 4707 a
277 4660 455 4708 morte
484 4654 692 4710 animas
715 4669 926 4709 eorum.
958 4673 976 4707 ι

282 4743 352 4798 Et
376 4745 807 4815 quandoquidem
829 4745 1090 4800 Dominus
1113 4745 1237 4800 talis
1257 4753 1359 4808 est,
1387 4745 1610 4811 scilicet,
1637 4749 1782 4817 quod

203 4834 352 4888 bene
392 4832 519 4888 facit
547 4833 925 4889 accedentibus
962 4834 1029 4888 ad
1070 4848 1217 4898 eum,
1245 4834 1364 4888 ideo
1418 4853 1437 4885 ε
1464 4835 1642 4889 anima
1682 4851 1779 4890 no-

207 4936 349 4989 stra,
397 4944 415 4976 ι
454 4925 658 4981 scilicet
688 4925 961 4995 propheta:
1002 4936 1058 4981 ει
1087 4926 1464 4991 consimilium,
1497 4945 1515 4977 σ
1552 4928 1782 4982 sustinet

207 5016 534 5079 Dominum,
578 5016 830 5086 quoniam
862 5037 880 5069 ι
929 5016 1042 5087 ipse
1093 5016 1353 5071 Dominus
1396 5026 1481 5071 est
1524 5036 1541 5068 ‹
1572 5017 1785 5087 adjutor

209 5113 403 5161 noster
440 5125 457 5156 ›
485 5105 550 5159 ad
574 5105 711 5161 bene
738 5106 1070 5175 operandum
1101 5124 1119 5156 ε
1158 5113 1213 5159 ει
1235 5113 1508 5175 protector
1544 5125 1561 5157 ι
1595 5115 1785 5162 contra

209 5195 322 5250 tela
348 5195 797 5251 adversariorum.

281 5293 432 5350 Bene
458 5295 577 5350 dico
602 5296 744 5365 quod
772 5294 1017 5359 sustinet,
1047 5314 1064 5346 ι
1090 5294 1217 5364 quia
1246 5314 1264 5346 ι
1306 5309 1427 5349 cum
1456 5292 1641 5349 laetitia
1666 5309 1785 5349 sus-

212 5386 387 5449 tinet,
423 5393 479 5439 et
523 5386 626 5441 hoc
678 5394 760 5441 est
803 5404 820 5435 ι
848 5386 901 5440 in
927 5401 992 5440 eo
1020 5385 1304 5449 laetabitur,
1333 5404 1351 5434 ι
1383 5384 1436 5439 id
1474 5393 1588 5448 est,
1620 5385 1778 5439 modo

211 5476 460 5544 Iretatur,
504 5485 560 5531 et
602 5476 967 5546 perseverabit
1010 5474 1239 5531 laetando
1284 5494 1302 5526 ι
1328 5490 1422 5530 cor
1456 5484 1719 5530 nostrum.
1752 5495 1773 5528 ι

212 5565 283 5620 Et
315 5567 447 5621 bene
472 5567 590 5621 dico
615 5567 757 5637 quod
786 5565 1070 5631 ltetabitur,
1101 5565 1226 5635 quia
1260 5562 1374 5633 jam
1403 5584 1421 5617 ι
1450 5568 1780 5637 speravimus

213 5658 269 5711 in
299 5658 513 5712 nomine
539 5658 656 5729 ejus
684 5666 889 5713 saneto.
922 5678 941 5708 ι

286 5748 355 5803 Ει
383 5770 400 5800 ‹
437 5749 879 5820 quemadmodum
903 5748 1235 5818 speravimus
1267 5748 1320 5803 in
1352 5760 1425 5815 te,
1450 5765 1482 5806 o
1508 5749 1732 5807 Domine
1760 5771 1779 5803 ι

1808 4529 1861 4591 D

1883 578 2099 633 nomine
2119 578 2329 634 Domini
2367 589 2472 645 est,
2501 596 2568 636 ex
2596 581 2699 637 hoc
2723 580 2865 653 quod
2896 596 3095 637 nomen
3120 595 3277 638 suum
3303 589 3446 648 orat,

1881 668 2082 724 habere
2118 682 2268 738 spem
2298 669 2419 725 vitae
2446 678 2679 727 aeternae.

2320 780 2387 835 IN
2425 783 2751 841 PSALMUM
2785 787 3023 845 XXXIII.

1882 873 2117 930 Tirews
2151 892 2164 927 :
2200 873 2445 928 Psalmus
2474 876 2645 931 David
2673 896 2790 932 cum
2818 890 3042 937 mutaret
3069 881 3268 938 vultum
3296 900 3450 940 suum

2018 960 2194 997 coram
2229 944 2542 1011 Abimelech,
2582 956 2628 1001 et
2664 948 2861 1004 dimisit
2893 968 3028 1018 eum,
3068 962 3118 1007 et
3154 954 3301 1008 abiit.

1955 1074 1975 1107 ι
1997 1057 2319 1113 Benedicam
2342 1059 2584 1115 Domino.
2611 1080 2630 1112 ι
2674 1062 2894 1133 Legitur
2926 1065 2983 1120 in
3032 1065 3276 1133 historia,
3307 1066 3452 1135 quod

1880 1146 2048 1203 David
2085 1148 2219 1219 fugit
2244 1151 2674 1219 persecutionem
2701 1150 2896 1219 Saulis,
2925 1162 2979 1209 et
3002 1156 3150 1211 venit
3175 1156 3244 1211 ad
3268 1162 3452 1227 regem

1877 1238 2062 1294 Achis.
2093 1238 2335 1309 Cumque
2378 1240 2688 1311 aliquandiu
2729 1244 2830 1299 sub
2865 1258 2931 1299 eo
2971 1246 3279 1314 militasset,
3307 1247 3450 1318 apud

1879 1344 2060 1401 regem
2091 1340 2378 1388 accusatus
2403 1342 2485 1388 est
2514 1342 2738 1405 propter
2764 1336 3044 1391 invidiam.
3077 1336 3298 1394 Timens
3321 1351 3451 1409 ergo

1879 1419 2123 1476 damnari
2160 1420 2330 1477 David
2369 1422 2436 1477 ab
2464 1423 2576 1491 eis,
2621 1423 2929 1494 areptitium
2976 1438 3036 1480 se
3075 1425 3366 1492 simulavit,
3395 1435 3453 1483 et

1878 1520 2103 1582 propter
2134 1526 2197 1567 ea
2228 1513 2439 1569 dimisit
2452 1528 2572 1570 eum
2603 1513 2915 1573 Abimelech
2942 1514 3026 1570 vel
3055 1514 3221 1571 Achis
3247 1534 3260 1570 :
3291 1516 3453 1573 unius

1879 1606 2023 1660 enim
2057 1606 2198 1676 regis
2236 1607 2457 1662 nomina
2505 1617 2651 1673 sunt,
2687 1608 2784 1664 sed
2803 1608 2969 1664 Achis
3018 1609 3298 1680 proprium
3326 1618 3447 1666 est:

1879 1705 1933 1752 et
1978 1698 2059 1753 sic
2084 1698 2253 1753 David
2279 1699 2471 1766 evasit,
2499 1702 2554 1755 et
2579 1700 2730 1755 abiit.
2757 1700 3068 1757 Abimelech
3097 1711 3274 1758 autem
3304 1718 3453 1758 com-

1878 1800 2041 1841 mune
2088 1801 2282 1842 nomen
2325 1796 2442 1842 erat
2486 1790 2629 1859 regis
2676 1798 2836 1845 terrae
2865 1788 3029 1855 illius,
3057 1798 3113 1845 et
3132 1790 3299 1846 Achis
3324 1805 3453 1861 pro-

1803 1850 1853 1910 B
1878 1875 2054 1946 prium
2078 1891 2092 1930 :
2125 1885 2183 1931 et
2210 1876 2331 1933 ideo
2357 1880 2509 1947 ponit
2535 1850 2731 1934 nomen
2758 1879 2861 1934 hoc
2882 1850 3217 1946 Abimelech,
3246 1850 3370 1953 quia
3395 1889 3452 1936 et

1878 1968 2282 2025 convcnientius
2323 1978 2433 2035 est,
2465 1971 2758 2026 secundum
2795 1972 2899 2026 hoc
2940 1973 3082 2042 quod
3126 1988 3268 2027 nunc
3316 1973 3446 2043 agit,

1875 2066 2096 2129 propter
2117 2059 2637 2130 interpretationem.
2664 2060 2792 2116 Post
2814 2060 2962 2116 illam
2994 2070 3172 2118 autem
3198 2064 3453 2118 mutatio-

1877 2162 2001 2203 nem
2050 2146 2219 2202 David
2261 2149 2528 2218 psalmum
2572 2150 2736 2205 istum
2779 2151 3077 2221 composuit
3122 2168 3136 2206 :
3184 2166 3285 2207 nec
3327 2153 3450 2208 ideo

1877 2236 2021 2306 quod
2059 2237 2125 2292 de
2154 2236 2242 2292 illa
2268 2239 2567 2295 mutatione
2612 2239 2817 2294 carnali
2860 2240 3193 2306 intenderet,
3233 2242 3327 2296 sed
3352 2257 3452 2312 per

1878 2324 2022 2380 illam
2058 2326 2393 2395 spiritualem
2439 2328 2789 2384 mutationem
2818 2329 3101 2386 intellexit.
3132 2330 3341 2386 Titulus
3370 2333 3451 2388 sio

1875 2417 2185 2485 exponitur,
2210 2416 2458 2473 Psalmus
2507 2418 2610 2474 iste
2648 2420 2901 2474 convenit
2946 2420 3114 2475 David
3150 2422 3448 2490 prophetia,

1878 2503 2097 2561 habitus
2120 2505 2191 2560 de
2218 2506 2346 2571 hoc,
2375 2507 2517 2575 quod
2552 2525 2571 2558 ι
2600 2509 2946 2564 commutavit
2982 2509 3184 2564 vultum
3215 2526 3393 2575 suum,
3422 2530 3441 2564 ι

1877 2594 1932 2649 id
1957 2603 2070 2660 est,
2086 2593 2414 2651 voluntatem
2442 2612 2615 2651 suam.
2646 2596 2778 2653 Cum
2805 2600 2949 2654 enim
2979 2600 3130 2669 prius
3164 2601 3217 2656 in
3258 2616 3454 2655 carna-

1876 2683 2018 2739 libus
2072 2684 2429 2740 observantiis
2484 2685 2759 2741 immorari
2790 2688 3096 2754 voluisset,
3148 2690 3451 2760 intelligens

1877 2783 2065 2844 postea
2093 2789 2187 2830 eas
2210 2775 2343 2830 nihil
2369 2776 2566 2843 valere,
2595 2778 2688 2833 sed
2718 2778 2771 2832 in
2803 2778 2915 2833 solo
2933 2778 3043 2834 Deo
3072 2781 3448 2837 conﬁdendum

1879 2877 2018 2918 esse.
2047 2862 2199 2917 Licet
2228 2864 2372 2918 enim
2415 2865 2706 2920 secundum
2752 2864 2923 2937 legem
2954 2866 3158 2922 hostias
3201 2867 3451 2924 immola-

1880 2963 1982 3020 ret,
2017 2971 2122 3010 non
2153 2963 2333 3010 tamen
2358 2956 2425 3010 in
2468 2956 2573 3013 illis
2609 2956 2944 3025 confidebat,
2981 2960 3073 3014 sed
3102 2974 3200 3029 per
3223 2975 3315 3016 eas
3359 2976 3449 3016 sa-

1881 3045 2142 3101 crificium
2160 3045 2415 3103 Ecclesiae
2443 3047 2796 3119 intelligebat.
2824 3049 3050 3104 Mutavit
3081 3052 3201 3106 dico
3226 3068 3244 3102 ι
3264 3066 3451 3107 coram

1880 3137 2226 3202 Abimelech,
2266 3156 2283 3189 ι
2316 3138 2369 3193 id
2411 3147 2525 3203 est,
2556 3139 2781 3205 Iudaeis,
2824 3141 2914 3211 qui
2945 3143 3201 3198 dicuntur
3224 3158 3457 3213 regnum

1878 3228 2090 3298 patris:
2133 3228 2227 3282 Dei
2264 3237 2442 3284 autem
2480 3231 2651 3298 patris
2679 3232 2918 3287 omnium
2952 3231 3117 3289 ,Ιυάτεί
3165 3244 3320 3288 erant
3364 3250 3452 3291 re-

1878 3334 2062 3390 gnum.
2093 3318 2287 3375 Coram
2313 3316 2511 3375 Iudaeis
2551 3321 2685 3375 nihil
2723 3321 2904 3377 valere
2951 3322 3214 3379 sacrificia
3255 3324 3450 3379 vitulo-

1879 3424 2024 3474 rum,
2052 3409 2145 3464 sed
2181 3410 2279 3464 soli
2323 3409 2434 3465 Deo
2473 3411 2884 3467 sacrificandum
2930 3428 3048 3469 esse
3088 3416 3446 3485 proplietavit,

1878 3513 1999 3553 cum
2028 3498 2163 3551 dixit
2190 3516 2203 3550 :
2239 3496 2402 3552 (Non
2431 3498 2689 3568 accipiam
2716 3499 2782 3555 de
2796 3501 2954 3556 domo
2992 3509 3078 3556 tua
3109 3502 3325 3568 vitulos,
3357 3519 3451 3558 ne-

1881 3601 1987 3656 que
2005 3585 2072 3641 de
2085 3588 2336 3658 gregibus
2350 3589 2452 3643 tuis
2478 3590 2658 3644 hircos
2673 3588 2844 3661 (Psal.
2859 3591 3031 3663 xux.)
3053 3611 3071 3643 ι
3095 3611 3114 3644 ι
3134 3592 3200 3647 Ει
3220 3594 3446 3648 iterum:

1885 3678 2220 3734 Sacrificium
2261 3680 2372 3733 Deo
2418 3679 2637 3749 Spiritus
2680 3681 3069 3736 contribulatus
3111 3683 3283 3753 (Psal.
3314 3683 3387 3753 ι).
3422 3703 3471 3735 ι.

1883 3767 1950 3821 Ει
1971 3768 2185 3822 iterum.
2206 3786 2225 3817 ι
2252 3766 2589 3822 Sacrificium
2609 3777 2664 3822 et
2681 3768 3004 3823 oblationem
3026 3769 3266 3836 noluisti;
3290 3784 3472 3825 aures.

1881 3867 2198 3923 autem,etc.
2227 3876 2246 3910 ι
2274 3856 2444 3928 (Psal.
2467 3858 2677 3927 xxxix.)
2706 3858 2772 3912 Et
2791 3857 2931 3913 sicut
2956 3856 3264 3913 Abimelech
3286 3874 3449 3929 repu-

1883 3949 2013 4004 tavit
2032 3949 2277 4003 eumdem
2306 3948 2472 4004 David
2492 3964 2611 4004 esse
2633 3949 2901 4013 insanum,
2924 3949 3002 4003 sic
3023 3947 3190 4004 Judaei
3210 3956 3449 4019 reputa-

1880 4045 2222 4093 verunt‘eum
2248 4037 2520 4102 insanum,
2547 4052 2667 4092 cum
2698 4037 2755 4091 in
2793 4037 2931 4092 ritus
2976 4052 3102 4092 suos
3130 4054 3235 4093 non
3283 4039 3453 4095 conli-

1880 4129 2008 4184 dere
2042 4134 2428 4197 cognoverunt,
2472 4137 2529 4181 et
2573 4134 2700 4181 tunc
2740 4126 3068 4192 Abimelech,
3121 4128 3173 4182 in
3226 4143 3448 4201 regnum

1879 4219 2082 4289 patris,
2139 4217 2342 4272 scilicet
2376 4214 2542 4271 Judaei
2569 4256 2584 4281 ,
2637 4216 2957 4271 dimiserunt
2991 4232 3149 4283 eum,
3185 4226 3240 4274 et
3267 4220 3311 4273 si
3343 4233 3452 4274 non

1880 4307 2253 4377 corporaliter,
2283 4316 2464 4362 tamen
2495 4306 2769 4361 voluntate
2795 4324 2808 4359 :
2838 4315 2892 4362 et
2920 4307 2995 4361 ita
3024 4306 3191 4361 David
3218 4308 3369 4372 abiit,
3401 4309 3453 4363 id

1880 4405 1981 4463 est,
2007 4395 2075 4451 ad
2108 4395 2271 4450 alium
2300 4395 2462 4450 ritum
2481 4436 2495 4461 ,
2522 4395 2575 4450 id
2605 4404 2687 4450 est
2711 4395 3102 4461 Christianum,
3134 4395 3245 4465 jam
3275 4403 3454 4451 trans-

1889 4488 1969 4542 iit.
2017 4487 2203 4542 Potest
2244 4486 2410 4542 etiam
2454 4486 2703 4542 Christus
2740 4486 2883 4556 loqui
2916 4486 2969 4541 in
3010 4488 3113 4542 hoc
3138 4487 3375 4557 psalmo,
3402 4497 3455 4541 et

1885 4582 2171 4638 conveniet
2206 4581 2473 4652 expositio
2502 4580 2665 4644 tituli,
2699 4580 2839 4634 sicut
2864 4578 3125 4634 liistoriali
3155 4578 3343 4641 David,
3378 4577 3457 4633 sic

1884 4672 2120 4741 psalmus
2143 4670 2233 4725 isti
2255 4669 2505 4725 convenit
2521 4668 2709 4733 David,
2732 4666 2785 4722 id
2807 4676 2909 4733 est,
2932 4667 3169 4733 Christo,
3192 4681 3315 4722 cum
3340 4681 3457 4720 mu-

1888 4762 2018 4815 tavit
2046 4760 2272 4825 vultum,
2305 4760 2360 4815 id
2395 4766 2498 4824 est,
2543 4757 2872 4812 voluntatem
2919 4772 3093 4823 suam,
3128 4772 3251 4812 eum
3305 4756 3457 4826 prius

1884 4852 2055 4921 legem
2083 4851 2338 4915 ostendit,
2361 4858 2545 4921 postea
2577 4849 2749 4920 legem
2776 4848 3131 4914 nihil‘valere,
3161 4847 3255 4903 sed
3284 4847 3455 4902 solum

1886 4956 2078 5011 corpus
2125 4955 2279 4995 suum
2327 4938 2645 4993 sumendum
2668 4952 2815 5003 esse,
2857 4953 2977 4992 cum
3019 4937 3263 4992 diceret:
3296 4954 3315 4985 ι
3344 4932 3456 4987 Nisi

1889 5031 2347 5088 manducaveritis
2394 5045 2611 5089 carnem
2659 5030 2755 5084 filii
2804 5030 3065 5093 hominis,
3113 5035 3167 5080 et
3211 5025 3460 5081 biberitis

1885 5123 2003 5192 ejus
2066 5120 2401 5191 sanguinem,
2461 5136 2567 5175 non
2639 5121 2909 5177 habebitis
2964 5120 3128 5173 vitam
3190 5118 3245 5172 in
3305 5118 3459 5172 vobis

1886 5212 2068 5284 (Joan.
2100 5211 2239 5283 Vh)!
2273 5210 2493 5265 Mutavit
2534 5211 2654 5266 dico
2696 5225 2877 5265 coram
2907 5208 3239 5273 Abimelech,
3273 5206 3457 5268 idest,

1885 5314 2066 5355 coram
2093 5297 2310 5364 Judazis,
2338 5309 2393 5354 et
2422 5299 2544 5354 ideo
2568 5298 2888 5354 dimiserunt
2912 5311 3036 5352 eum
3063 5295 3252 5358 Judrei,
3281 5294 3332 5348 id
3352 5302 3455 5357 est;

1885 5388 2233 5459 spiritualiter
2281 5397 2620 5443 recesserunt
2659 5388 2728 5442 ab
2773 5402 2869 5452 eo,
2919 5393 2975 5440 et
3016 5385 3180 5440 etiam
3210 5382 3475 5456 discipuli

1881 5480 2131 5534 abierunt
2163 5487 2339 5543 retro,
2371 5487 2425 5533 et
2452 5479 2530 5534 sic
2559 5478 2808 5534 Christus
2836 5477 2970 5531 abiit
3000 5476 3069 5531 ab
3096 5474 3178 5529 eis
3216 5481 3459 5527 remotus

1884 5583 1914 5622 a
1950 5567 2067 5638 lege
2091 5583 2298 5621 eorum.
2335 5567 2553 5621 Materia
2587 5577 2669 5622 est
2694 5566 2943 5622 Christus
2981 5562 3271 5621 secundum
3315 5562 3461 5617 hunc

1888 5674 2083 5714 novum
2114 5667 2333 5725 statum,
2364 5660 2503 5713 hanc
2532 5660 2608 5713 sic
2646 5658 2959 5727 exsequitur
2984 5674 2997 5709 :
3030 5656 3085 5709 in
3109 5654 3282 5725 prima
3306 5663 3460 5723 parte

1889 5753 2071 5809 laudat
2112 5754 2251 5811 hanc
2290 5755 2579 5810 novitatem
2620 5750 2902 5818 sacrificii,
2949 5757 3004 5805 et
3048 5748 3300 5805 admonet
3327 5763 3456 5805 con-
