3984 6446
541 399 643 457 307

1003 394 1354 452 IIAYMONIS
1392 391 1869 448 HALBERSTAT.
1913 391 2106 447 ΕΡιὸίί

2216 390 2318 443 PP.
2359 389 2536 443 PARS
2573 390 2612 444 ι.
2647 423 2715 433 -
2753 393 3106 450 ΕΟΜΜΕΝΤ.
3142 395 3313 450 BIBL.

3682 398 3786 452 508

540 525 714 573 sortes
747 528 898 578 suos,
923 520 985 566 ut
1007 525 1189 566 secum
1215 507 1430 562 laudent
1459 507 1761 561 Dominum.
1785 505 1841 560 ln
1869 504 2103 560 secunda
2133 508 2180 566 A
2207 513 2420 571 eum,ct
2433 521 2499 560 ex
2519 507 2766 561 omnibus
2786 507 3222 562 tribulationibus
3241 509 3356 578 ejus
3377 510 3605 564 salvavit
3622 526 3782 566 eum:

537 613 691 675 parte
720 605 971 659 admonet
1007 600 1191 654 fideles
1233 600 1300 654 ad
1341 597 1807 667 participationem
1844 597 2108 654 Dominici

538 695 805 766 corporis,
828 703 890 749 ut
916 693 982 747 ad
1020 694 1122 748 hoc
1153 708 1210 746 se
1253 692 1442 762 dignos
1484 699 1803 760 praeparent.
1848 689 1906 744 ln
1951 691 2109 744 tertia

536 795 690 855 parte
727 785 978 858 admonet
1014 783 1194 847 rudes,
1235 789 1292 834 ut
1327 783 1396 835 ad
1433 781 1572 836 hanc
1618 781 1912 835 novitatem
1958 796 2111 836 acce-

537 876 687 930 dant.
731 873 788 928 ln
815 857 1004 942 quarta
1051 880 1204 941 parte
1233 872 1383 941 ponit
1417 886 1629 933 causas,
1656 885 1824 940 quare
1855 871 1933 924 sic
1958 886 2109 926 acce-

537 963 792 1026 dendum,
819 960 1044 1024 scilicet,
1069 959 1195 1028 quia
1240 961 1380 1013 Deus
1409 961 1562 1014 bonis
1586 961 1726 1014 bona
1762 961 2033 1025 retribuit,
2055 969 2110 1016 et

537 1053 692 1106 malis
712 1052 870 1106 mala.
896 1051 1028 1105 Item
1052 1058 1234 1104 monet
1255 1064 1466 1114 omnes,
1490 1058 1548 1102 ut
1571 1050 1637 1103 ad
1660 1050 1800 1104 hanc
1821 1049 2110 1104 novitatem

538 1143 813 1206 accedant,
838 1150 894 1196 et
915 1141 1016 1207 sic,
1039 1142 1154 1196 sive
1173 1139 1441 1204 Christus,
1464 1141 1578 1195 sive
1599 1141 1881 1211 prOpheta,
1905 1154 1936 1193 a
1955 1139 2111 1195 laude

537 1231 629 1286 Dei
665 1231 989 1304 ingreditur,
1026 1231 1210 1286 dicens
1241 1248 1253 1283 :

606 1322 743 1390 Quia
771 1321 1061 1391 aliquando
1086 1320 1335 1375 benedixi
1364 1320 1647 1375 Dominum
1672 1336 1772 1390 pro
1799 1323 2108 1391 temporali-

534 1413 667 1478 bus,
706 1412 868 1466 modo
901 1431 918 1462 ι
941 1411 1288 1474 benedicam,
1319 1429 1338 1462 ι
1373 1410 1425 1464 id
1465 1419 1577 1475 est,
1610 1410 1838 1467 laudabo
1878 1431 1897 1463 ‹
1925 1413 2109 1467 Ι)οωί-

535 1517 690 1562 num,
720 1521 739 1552 ι
773 1515 880 1555 non
908 1507 1114 1554 tantum
1149 1515 1272 1554 cum
1299 1498 1511 1554 Judmos
1546 1508 1830 1568 prosperat
1853 1500 1992 1555 sicut
2027 1517 2112 1556 so-

534 1597 735 1655 lebam.
764 1597 856 1651 sed
887 1615 906 1646 ‹
937 1597 990 1649 in
1018 1593 1162 1649 omni
1190 1601 1446 1662 tempore,
1475 1612 1493 1645 ι
1526 1601 1580 1647 ει
1612 1594 1714 1648 hoc
1752 1593 1905 1648 bonis
1937 1594 2112 1663 operi-

535 1684 636 1738 bus
666 1684 1008 1747 inhaerendo,
1049 1693 1104 1737 et
1137 1683 1276 1736 sicut
1307 1681 1535 1737 laudabo
1564 1697 1688 1736 eum
1738 1681 1791 1735 in
1834 1683 2106 1751 operibus,

537 1775 616 1830 sic
647 1793 666 1825 ι
695 1789 909 1844 semper
937 1774 1054 1828 laus
1081 1772 1195 1842 ejus
1226 1773 1278 1826 in
1305 1787 1400 1826 ore
1443 1787 1584 1835 meo,
1612 1790 1629 1822 ι
1662 1772 1714 1826 id
1753 1780 1852 1838 est,
1882 1772 2109 1827 laudabo

2210 604 2268 650 ut
2304 612 2465 668 supra
2491 599 2791 667 expositum
2820 605 2920 652 est.

2278 686 2345 741 Et
2376 687 2516 741 sicut
2543 686 2803 742 Dominus
2828 687 3050 743 immisit
3089 688 3334 758 angelum
3365 688 3433 743 ad
3459 702 3546 743 me
3571 688 3790 746 salvan-

2208 778 2358 843 dum,
2404 778 2478 832 ita
2512 796 2531 829 ς
2563 779 2815 832 immittet
2853 780 3102 850 angelum
3131 800 3150 834 ›
3185 781 3462 835 cmlestem
3507 781 3788 851 spiritum.

2208 867 2292 921 vel
2322 867 2592 934 angelum,
2625 869 2678 922 id
2706 877 2809 934 est,
2840 869 3113 924 Christum
3133 912 3147 935 ,
3179 871 3271 939 qui
3309 878 3394 925 est
3421 872 3647 942 angelus
3676 890 3785 928 ma-

2208 957 2298 1027 gni
2331 957 2537 1011 consilii
2567 974 2581 1010 :
2612 958 2697 1011 vel
2720 958 2988 1026 angelum,
3023 959 3074 1012 id
3108 969 3209 1024 cst,
3246 975 3628 1030 quemcunque
3663 976 3788 1030 pro

2208 1047 2334 1100 bum
2371 1050 2546 1100 virum
2578 1066 2597 1098 ‹
2627 1048 2678 1101 in
2703 1049 2930 1102 circuitu
2971 1049 3270 1103 timentium
3296 1065 3440 1114 eum,
3463 1069 3481 1101 ›
3513 1050 3569 1104 id
3595 1060 3702 1110 est,
3736 1053 3785 1107 in

2207 1135 2352 1189 omni
2383 1144 2554 1204 parte,
2597 1135 2648 1191 id
2678 1145 2780 1200 est,
2813 1136 2866 1190 in
2890 1138 3035 1191 omni
3080 1138 3403 1192 necessitate
3441 1136 3688 1193 defendit
3727 1141 3780 1193 ti'

2211 1233 2420 1280 mentes
2445 1241 2568 1279 eum
2603 1241 2616 1278 :
2655 1234 2712 1279 et
2740 1226 2854 1296 ipse
2885 1225 2967 1280 vel
3003 1226 3224 1296 angelus
3251 1226 3335 1281 vel
3361 1226 3626 1280 Dominus
3659 1229 3782 1282 mis.

2210 1329 2303 1370 sus
2345 1332 2363 1365 ι
2391 1315 2585 1384 eripiet
2604 1329 2716 1370 eos.
2743 1335 2762 1369 ι
2796 1316 2910 1382 Vel,
2938 1317 3071 1371 utin
3102 1316 3456 1386 frequentiori
3487 1319 3786 1380 invenitur.

2217 1423 2236 1455 ι
2264 1405 2527 1471 immittit,
2558 1427 2574 1459 ι
2615 1407 2667 1462 id
2705 1417 2809 1474 est,
2841 1408 3225 1463 immissionem
3254 1409 3384 1464 facit
3420 1411 3486 1465 ad
3515 1411 3786 1467 defensio-

2211 1511 2332 1549 nem
2368 1515 2386 1546 ι
2413 1496 2632 1566 angelus
2660 1497 2891 1563 Domini,
2922 1518 2939 1549 ι
2975 1507 3034 1551 ιιι
3077 1499 3334 1554 immissio
3357 1499 3530 1570 angeli
3572 1510 3785 1558 scutum

2211 1588 2278 1642 sit
2322 1607 2339 1638 ι
2372 1588 2426 1642 in
2475 1589 2703 1643 circuitu
2760 1589 3066 1643 timentium
3108 1604 3251 1643 eum.
3284 1609 3302 1642 ι
3355 1589 3505 1644 Hanc
3547 1589 3785 1644 litteram

2211 1682 2524 1750 comprobat
2547 1681 2648 1735 alia
2678 1681 2979 1747 translatio,
3009 1697 3127 1750 quae
3147 1683 3339 1738 habet:
3364 1683 3672 1740 circumdat
3695 1700 3787 1738 an-

2212 1771 2360 1840 gelus
2399 1771 2610 1824 Domini
2651 1770 2705 1823 in
2742 1785 2874 1842 gyro
2905 1771 3155 1826 timentes
3187 1787 3329 1827 eum.

536 1879 658 1919 cum
687 1841 837 1918 voce.
877 1862 967 1917 Vel
1009 1862 1087 1917 sic
1112 1841 1359 1931 loquitur
1399 1879 1429 1915 :.
1461 1861 1561 1928 Qui
1607 1875 1822 1929 semper
1859 1860 2108 1917 benedixi
2142 1841 2186 1898 Β
2282 1860 2410 1914 Dico
2465 1860 2727 1925 accedite,
2754 1841 2757 1842 ν
2788 1860 3197 1925 illuminamini,
3254 1870 3308 1917 et
3357 1863 3680 1919 accedentes
3734 1874 3787 1919 et

537 1953 846 2016 Dominum,
873 1949 1187 2006 benedicam
1212 1965 1332 2004 eum
1359 1949 1412 2004 in
1441 1949 1585 2004 omni
1615 1958 1876 2018 tempore.

603 2065 750 2120 Bene
775 2065 911 2126 dico,
943 2063 1170 2117 laudabo
1195 2062 1499 2127 Dominum,
1531 2060 1656 2130 quia
1682 2075 1778 2129 per
1803 2060 1904 2114 hoc
1932 2058 2113 2114 lauda-

535 2155 658 2210 bilis
685 2155 791 2209 erit
816 2156 992 2208 anima
1024 2169 1140 2208 mea
1173 2169 1187 2207 :
1219 2154 1399 2208 ethoc
1425 2162 1508 2208 cst
1535 2167 1550 2206 :
1587 2172 1604 2204 ‹
1633 2155 1811 2206 anima
1843 2167 1963 2206 mea
1991 2151 2107 2206 lau-

535 2245 786 2309 dabitur,
829 2264 847 2296 ι
896 2245 946 2298 id
987 2253 1090 2308 est,
1121 2243 1402 2298 laudabilis
1427 2243 1701 2313 apparebit
1724 2242 1976 2297 habitans
2006 2259 2025 2292 ι
2055 2244 2108 2296 in

535 2336 786 2399 Domino,
813 2355 832 2387 ι
861 2345 918 2390 ει
944 2351 1040 2405 per
1064 2335 1163 2390 hoc
1197 2336 1432 2390 ostendit
1477 2335 1758 2389 Dominum
1786 2333 2109 2387 laudabilem

535 2425 711 2490 valde,
739 2441 860 2480 eum
886 2435 1106 2496 propter
1131 2441 1405 2480 accessum
1437 2424 1580 2479 illius
1608 2425 1785 2478 anima
1825 2423 2110 2479 laudabilis

532 2517 935 2586 comprobatur,
959 2525 1014 2570 et
1039 2516 1181 2585 quod
1207 2532 1306 2584 ego
1331 2516 1453 2570 dico
1483 2532 1502 2565 ‹
1532 2514 1753 2568 audiant
1780 2514 2103 2577 mansueti,»

533 2607 583 2661 id
614 2614 732 2672 est,
768 2605 1066 2676 intelligant
1115 2606 1344 2660 humiles
1378 2623 1396 2655 ι
1427 2613 1483 2660 et
1511 2623 1528 2656 ι
1563 2605 1840 2659 audientes
1874 2622 1891 2654 ι
1921 2604 2109 2658 laeten-

537 2707 624 2750 tur
648 2717 666 2750 ι
702 2697 927 2760 scilicet,
955 2697 1019 2750 de
1048 2695 1150 2750 hac
1177 2695 1434 2750 novitate.

607 2791 672 2844 Et
686 2789 1116 2859 quandoquidem
1131 2788 1308 2841 anima
1327 2802 1442 2842 mea
1459 2801 1554 2856 per
1565 2802 1685 2842 eum
1703 2786 1987 2842 laudabilis
2001 2795 2106 2853 est,

534 2895 664 2949 ergo
688 2895 782 2934 vos
804 2886 1080 2933 consortes
1115 2895 1134 2928 ε
1163 2877 1501 2947 magnificate
1514 2876 1800 2931 Dominum
1825 2893 2060 2941 mecum,
2085 2895 2102 2928 ι

537 2970 589 3024 id
635 2977 756 3030 est,
810 2969 1163 3039 prmdicemus
1213 2983 1335 3022 cum
1385 2968 1676 3038 gloriosum
1724 2967 1866 3022 inter
1913 2969 2108 3022 multas

534 3068 742 3128 gentes,
767 3067 822 3113 et
844 3073 948 3112 non
975 3056 1143 3112 solum
1165 3058 1337 3126 ipsum
1362 3057 1642 3112 Dominum
1678 3055 2105 3126 magnificemus,

535 3151 627 3205 sed
659 3169 676 3200 ι
699 3150 992 3204 exaltemus
1022 3165 1213 3204 nomen
1238 3149 1372 3217 ejus.
1396 3170 1414 3201 ι
1443 3149 1610 3204 Deum
1640 3149 1962 3215 exaltamus,
1985 3166 2105 3205 cum
2133 3170 2181 3234 ρ

535 3259 656 3298 cum
682 3243 1102 3312 omnipotentem
1123 3243 1498 3311 prmdicamus,
1523 3251 1578 3297 et
1604 3251 1715 3296 tum
1751 3258 1945 3297 nomen
1969 3242 2102 3312 ejus,

534 3351 654 3392 cum
687 3335 814 3390 illud
849 3351 945 3406 per
970 3337 1137 3391 multa
1166 3336 1279 3391 loca
1317 3335 1657 3397 effundimus,
1689 3335 1969 3390 tendentes
2005 3355 2022 3385 ‹
2053 3338 2107 3390 in

534 3427 585 3480 id
616 3427 825 3495 ipsum,
862 3445 880 3477 ι
916 3426 968 3480 id
999 3435 1112 3491 est,
1146 3427 1196 3480 in
1227 3428 1524 3490 unitatem,
1555 3427 1793 3491 scilicet,
1827 3427 1880 3480 in
1919 3428 2106 3480 eodem

533 3515 751 3582 affectu,
774 3517 962 3570 eadem
996 3517 1428 3571 immutabilitatc
1449 3517 1732 3572 Dominum
1762 3532 2103 3571 veneremur.

606 3628 675 3683 Ut
711 3628 938 3699 populus
987 3629 1242 3684 invitatus
1291 3631 1358 3683 ad
1408 3629 1615 3684 laudem
1662 3628 1756 3682 Dei
1804 3628 2104 3690 festinaret,

537 3719 669 3776 dicit
717 3735 835 3789 qua:
867 3721 1004 3774 bona
1054 3720 1155 3773 sibi
1199 3720 1321 3774 inde
1368 3719 1732 3788 provenerint.
1765 3737 1783 3768 ι
1829 3718 2107 3786 Exquisivi

534 3807 853 3875 Dominum,
903 3829 921 3862 ι
953 3809 1005 3862 id
1043 3817 1147 3871 est,
1180 3818 1332 3862 extra
1375 3811 1557 3863 omnia
1604 3808 1857 3876 qu:esivi,
1891 3820 2109 3877 postpo-

532 3898 653 3953 sitis
676 3899 924 3953 omnibus
949 3899 1335 3967 temporalibus
1364 3918 1376 3951 :
1416 3918 1433 3950 ι
1461 3908 1513 3952 ει
1537 3900 1649 3968 ipse
1670 3897 1944 3952 exaudivit
1969 3914 2104 3962 me,»

537 3990 590 4044 id
617 3998 718 4055 est,
742 3989 823 4043 sui
849 3990 1207 4060 cognitionem
1236 3990 1368 4044 mihi
1397 3990 1651 4054 innotuit,
1679 4010 1695 4039 ‹
1724 3997 1780 4043 ει
1804 3989 2003 4057 eripuit
2026 4001 2110 4041 me

534 4079 786 4134 omnibus
814 4079 1248 4134 tribulationibus
1285 4080 1438 4144 meis,
1463 4099 1480 4130 ι
1511 4080 1560 4133 id
1595 4087 1697 4144 est,
1734 4078 1983 4133 liberavit
2025 4093 2111 4131 me

532 4185 565 4223 a
598 4169 941 4226 tribulatione
975 4180 1316 4240 peccatorum
1351 4181 1406 4226 et
1435 4163 1758 4228 daamonum’.

605 4281 895 4351 Postquam
911 4282 1264 4336 admonuitad
1285 4283 1628 4346 cantandum,
1645 4297 1828 4338 secum
1849 4283 1915 4336 ad
1938 4283 2109 4352 ipsam

534 4370 970 4427 communionem
1002 4369 1126 4424 novi
1151 4370 1402 4425 sacrificii
1433 4370 1657 4440 pupulos
1683 4371 1930 4426 hortatur
1957 4385 2112 4425 acce-

2211 1948 2494 2003 illuminati
2562 1967 2579 1998 ι
2635 1956 2847 2018 gustato
2911 1968 2929 2000 ι
2997 1950 3260 2005 Dominici
3333 1954 3580 2020 corporis
3644 1952 3785 2009 refe-

2208 2040 2464 2095 ctionem.
2527 2037 2629 2104 Qui
2687 2039 2828 2093 enim
2881 2055 2985 2094 non
3044 2042 3304 2097 accedens
3355 2058 3453 2112 per
3507 2025 3784 2107 virtutes.

2209 2139 2265 2184 ct
2315 2145 2420 2184 non
2488 2128 2840 2196 illuminatus,
2888 2139 3132 2201 gustaret
3188 2132 3335 2197 illud,
3370 2133 3640 2203 judicium
3687 2137 3785 2190 sibi

2209 2224 2561 2277 manducarct
2589 2225 2666 2289 et]
2691 2222 2898 2276 biberet
2941 2221 2991 2293 (1
3015 2220 3139 2276 Cor.
3172 2223 3271 2294 ει).
3305 2241 3325 2273 ‹
3353 2223 3578 2279 Gustate
3616 2243 3637 2277 ι
3668 2225 3783 2279 dico

2215 2335 2232 2367 ι
2269 2322 2325 2371 ει
2370 2315 2568 2378 videte,
2611 2333 2630 2366 ι
2661 2314 2714 2368 id
2764 2322 2867 2380 est,
2894 2314 3196 2385 intelligite,
3227 2315 3351 2384 quia
3383 2315 3646 2371 Dominus
3674 2317 3782 2385 ipse

2209 2406 2454 2462 Christus
2481 2414 2585 2470 est,
2621 2420 2782 2474 quem
2837 2420 2934 2459 vos
2963 2407 3237 2476 gustastis,
3287 2415 3342 2460 et
3372 2407 3488 2476 ipse
3530 2427 3550 2458 ι
3599 2408 3780 2462 Domi-

2209 2510 2312 2549 nus
2334 2495 2514 2548 suavis
2541 2503 2655 2559 est,
2689 2513 2708 2546 ο
2747 2495 2874 2564 quia
2904 2503 3121 2564 peccata
3162 2495 3403 2563 dimittit,
3450 2497 3704 2554 homines
3728 2501 3778 2553 in

2208 2583 2410 2638 virtute
2454 2591 2759 2645 conservat,
2815 2590 2871 2638 et
2907 2585 3122 2640 tandem
3161 2584 3373 2641 confert
3405 2587 3571 2641 vitam
3624 2598 3776 2643 arter-

2209 2690 2335 2730 nam
2388 2691 2403 2729 :
2445 2683 2500 2729 et
2553 2676 2677 2744 quia
2715 2673 2838 2730 talis
2881 2683 2964 2730 cst
3017 2694 3036 2726 ι
3100 2676 3292 2731 beatus
3335 2685 3417 2731 est
3449 2677 3536 2732 vir
3583 2697 3605 2730 ›
3672 2678 3776 2741 ille,

2210 2782 2319 2820 non
2367 2766 2458 2836 qui
2502 2765 2763 2836 legalibus
2827 2767 3052 2821 confidit
3101 2767 3401 2835 sacrificiis,
3450 2769 3545 2824 sed
3602 2789 3622 2821 ι
3691 2771 3776 2840 qui

2210 2865 2393 2925 sperat
2439 2857 2492 2910 in
2535 2871 2618 2911 eo.
2668 2875 2687 2908 ›
2727 2856 2862 2922 Quia
2918 2858 3129 2913 dixerat
3179 2859 3348 2914 Deum
3398 2875 3654 2926 suavem,
3720 2876 3781 2915 ne

2209 2948 2325 3016 ejus
2369 2948 2606 3002 suavitas
2653 2949 2870 3002 taedium
2917 2960 3217 3018 generaret,
3275 2952 3454 3006 subdit
3488 2971 3501 3004 :
3534 2955 3780 3022 quamvis

2211 3038 2282 3092 sit
2311 3039 2508 3103 suavis,
2561 3046 2743 3093 tamen
2784 3057 2803 3090 ι
2834 3039 3016 3094 timete
3057 3060 3075 3092 ι
3106 3055 3229 3095 eum
3274 3059 3292 3093 ‹
3334 3043 3624 3098 Dominum
3661 3063 3679 3095 ›
3705 3044 3779 3098 of-

2215 3127 2432 3184 fendere
2470 3147 2487 3180 ι
2524 3130 2692 3184 sancti
2725 3129 2864 3200 ejus,
2901 3149 2919 3182 ι
2964 3131 3017 3185 id
3042 3139 3145 3195 est,
3175 3131 3495 3187 sanetilicati
3527 3135 3596 3188 ab
3619 3135 3733 3203 ipso
3761 3152 3775 3188 :

2213 3233 2318 3273 non
2365 3219 2485 3274 dico
2535 3220 2794 3283 minores,
2857 3220 2948 3276 sed
2990 3204 3464 3292 quantumcunque
3527 3223 3650 3278 sitis
3685 3239 3779 3277 cx-

2211 3310 2340 3364 celsi
2385 3311 2562 3365 meriti
2616 3328 2634 3360 ‹
2667 3311 2922 3379 quoniam
2971 3326 3076 3365 non
3124 3319 3208 3365 est
3246 3311 3424 3382 inopia
3467 3313 3780 3368 timentibus

2211 3417 2355 3456 eum.
2409 3420 2427 3452 ι
2482 3402 2760 3468 Quomodo
2799 3402 2944 3456 enim
3000 3403 3302 3472 indigerent
3349 3403 3424 3457 illi
3475 3405 3570 3474 qui
3613 3404 3782 3458 Deum

2211 3493 2431 3555 habent,
2467 3493 2558 3561 qui
2606 3500 2688 3546 est
2717 3506 2877 3546 omne
2920 3492 3156 3548 bonum?
3195 3491 3346 3548 Licet
3391 3494 3489 3548 has
3535 3495 3779 3549 miserias

2209 3583 2530 3651 temporales
2567 3583 2890 3648 sustineant,
2931 3592 3109 3638 tamen
3152 3599 3258 3638 non
3307 3601 3405 3656 pro
3454 3585 3652 3656 inopia,
3684 3588 3779 3640 sed

2209 3686 2305 3741 pro
2330 3687 2536 3726 summa
2569 3673 2736 3744 gloria
2783 3673 2885 3728 sibi
2917 3687 3008 3728 eas
3035 3682 3302 3744 reputant.

2280 3762 2552 3817 Timentes
2583 3763 2749 3818 Deum
2782 3779 2889 3818 non
2941 3765 3202 3828 esuriunt,
3254 3765 3346 3819 sed
3378 3781 3396 3816 ‹
3429 3765 3630 3827 divites,
3672 3786 3692 3818 ι
3725 3767 3779 3819 id

2210 3861 2293 3906 est
2337 3862 2671 3906 terrenarum
2719 3861 2990 3909 amatores
3038 3871 3058 3904 α
3113 3865 3377 3925 eguerunt
3439 3874 3458 3908 ι
3509 3856 3775 3924 spirituali

2212 3941 2504 3996 refectione
2543 3942 2805 3998 Dominici
2847 3945 3088 4014 corporis
3119 3963 3134 4001 :
3161 3960 3262 4000 nec
3292 3954 3471 4000 tamen
3525 3943 3772 4016 neglexeo

2211 4042 2355 4097 runt,
2408 4034 2498 4088 sed
2541 4035 2718 4103 potius
2759 4036 2983 4089 multum
3026 4037 3467 4093 desideraverunt
3518 4053 3615 4107 per
3672 4052 3777 4091 na-

2211 4133 2384 4179 turam
2430 4142 2442 4178 :
2498 4134 2553 4179 et
2591 4127 2693 4182 hoc
2727 4134 2830 4190 est,
2884 4127 3024 4195 quod
3075 4128 3204 4182 dicit
3237 4146 3250 4181 :
3291 4147 3310 4179 ρ
3342 4137 3399 4182 ει
3425 4129 3779 4183 esuriemnt:

2210 4215 2544 4283 inquirentes
2570 4225 2748 4270 autem
2790 4235 2809 4268 ι
2841 4230 2946 4269 non
2976 4217 3265 4280 mundana,
3293 4217 3388 4272 sed
3415 4217 3587 4271 solum
3624 4236 3642 4267 ‹
3677 4217 3783 4271 Do-

2212 4306 2438 4370 minum,
2469 4322 2575 4360 non
2604 4307 2914 4361 minuentur
2966 4307 3112 4362 omni
3155 4309 3299 4362 bono
3345 4327 3366 4358 ›
3417 4308 3474 4362 id
3528 4315 3632 4370 est,
3681 4309 3783 4360 ba-

2210 4394 2338 4448 bent
2363 4393 2668 4459 Dominum,
2699 4395 2790 4465 qui
2841 4402 2923 4448 est
2975 4409 3135 4449 omne
3179 4395 3379 4449 bonum
3429 4396 3548 4450 sine
3598 4396 3784 4449 immi-

536 4462 682 4517 dcre.
709 4460 1086 4515 Continuatio:
1117 4459 1251 4526 Quia
1281 4461 1382 4514 hoc
1410 4461 1540 4513 mibi
1573 4460 1720 4526 fecit,
1753 4461 1872 4514 ideo
1895 4476 1994 4515 vos
2019 4461 2106 4513 alii
2136 4502 2187 4562 Β
2215 4484 2455 4549 "mione,
2496 4485 2619 4552 quia
2654 4459 2734 4539 eis"
2781 4485 2961 4538 omnia
3006 4485 3311 4539 necessaria
3359 4484 3623 4539 conferet.
3684 4484 3785 4539 vel

543 4571 563 4602 ι
585 4552 822 4606 accedite
867 4551 931 4604 ad
974 4565 1097 4605 cum
1127 4569 1144 4602 ι
1183 4567 1280 4621 per
1307 4552 1528 4621 gradum
1559 4551 1816 4606 virtutum
1853 4569 1871 4600 ι
1899 4559 1952 4603 ει
1986 4551 2108 4604 illu-

537 4642 815 4695 minamini
845 4660 865 4693 ι
899 4640 1087 4710 majori
1113 4641 1418 4708 cognitione
1448 4640 1562 4694 Dei.
1587 4639 1799 4706 Quanto
1818 4640 1962 4694 enim
1989 4655 2108 4692 ma-

534 4732 616 4801 gis
640 4731 837 4801 aliquis
871 4731 939 4785 ad
976 4730 1144 4785 Deum
1176 4731 1382 4785 accedit
1404 4770 1418 4790 .
1461 4738 1612 4782 tanto
1648 4743 1770 4782 eum
1819 4728 1962 4782 Deus
2013 4744 2110 4782 sua

534 4820 914 4874 abundantiori
968 4821 1272 4890 cognitione
1309 4817 1618 4888 perfundit:
1667 4816 1753 4871 vel
1792 4833 1811 4867 ι
1842 4817 2110 4871 illumina-

535 4909 668 4964 mini
713 4929 732 4961 ι
787 4925 940 4965 sacra
975 4911 1330 4979 praeceptione
1374 4928 1387 4960 :
1431 4918 1486 4962 et
1518 4916 1799 4976 postquam
1825 4906 2107 4962 illuminati

530 4999 766 5067 fueritis,
803 5021 822 5054 ε
851 5002 1020 5057 facies
1063 5009 1277 5064 vestrae,
1303 5019 1322 5051 ι
1356 4999 1408 5052 id
1455 5007 1565 5063 est,
1602 4999 1906 5054 intellectus
1943 5001 2108 5054 vestri

541 5113 560 5145 ι
587 5109 692 5148 non
718 5093 1132 5148 confundeutur.
1161 5109 1178 5142 ι
1214 5091 1293 5145 llli
1333 5090 1476 5145 enim
1504 5089 1594 5159 qui
1645 5105 1749 5144 non
1781 5090 2105 5159 intelligunt,

535 5185 858 5240 erubescunt
891 5201 904 5236 :
947 5183 1086 5237 sicut
1119 5181 1194 5235 illi
1233 5182 1321 5250 qui
1362 5180 1610 5235 abierunt
1643 5190 1787 5235 retro
1824 5181 2103 5235 dicentes:

543 5291 561 5324 α
591 5272 767 5326 Durus
793 5282 876 5327 est
904 5271 994 5325 hic
1025 5284 1203 5326 sermo
1228 5269 1408 5340 (Joan.
1436 5269 1535 5340 vt.)
1567 5288 1586 5322 ›

608 5387 738 5440 Dico
767 5384 1029 5446 accedite,
1065 5380 1455 5445 illuminamini,
1484 5393 1539 5436 et
1560 5383 1824 5437 habebitis
1846 5381 2104 5436 auxilium

536 5475 715 5547 angeli
753 5474 962 5528 Domini
990 5473 1336 5527 custodientis
1363 5488 1456 5527 vos
1487 5491 1502 5526 :
1534 5482 1587 5528 et
1617 5473 1720 5528 hoc
1751 5481 1832 5528 est
1861 5488 1876 5526 :
1905 5474 2107 5527 Immit-

535 5564 602 5619 tit
644 5563 888 5632 angelum
919 5561 1179 5616 Domirus
1206 5576 1220 5614 :
1249 5571 1304 5616 et
1342 5563 1409 5618 de
1435 5563 1538 5618 hoc
1571 5563 1798 5633 potestis
1827 5576 1945 5618 esse
1973 5565 2104 5619 certi

537 5653 783 5721 exemplo
809 5651 936 5716 mei,
968 5652 1092 5720 quia
1127 5672 1143 5702 ε
1175 5653 1274 5708 iste
1306 5668 1525 5723 pauper,
1561 5675 1578 5707 ι
1612 5655 1838 5720 scilicet,
1870 5657 1953 5709 vel
1983 5658 2103 5726 qui-

539 5743 668 5797 libet
698 5758 855 5796 verus
884 5758 1086 5812 pauper
1122 5763 1136 5794 ς
1168 5745 1436 5811 clamavit,
1466 5755 1516 5801 et
1549 5745 1806 5800 Dominus
1835 5749 2106 5804 exaudivit

2213 4576 2287 4630 ita
2318 4593 2332 4628 :
2364 4577 2556 4631 divites
2583 4584 2847 4646 eguerunt
2882 4576 3194 4643 virtutibus,
3225 4586 3280 4631 et
3311 4576 3623 4632 esurierunt
3678 4575 3789 4632 Do-

2212 4664 2466 4720 minicam
2523 4664 2894 4718 refectionem.

2281 4755 2380 4808 llic
2410 4754 2597 4822 incipit
2643 4754 2796 4808 tertia
2845 4769 2993 4823 pars,
3039 4753 3094 4808 in
3135 4769 3238 4823 qua
3287 4756 3448 4809 rudes
3503 4755 3781 4810 admonet.

2209 4843 2552 4899 Continuatio
2603 4861 2616 4895 :
2663 4842 2796 4908 Quia
2841 4842 3173 4912 inquirentes
3222 4843 3510 4897 Dominum
3532 4859 3637 4899 non
3681 4845 3788 4898 mi-

2209 4942 2445 4988 nuentur
2507 4933 2685 5001 aliquo
2737 4933 2900 4998 bono,
2941 4947 3071 5001 ergo
3120 4947 3215 4987 vos
3252 4950 3271 4983 ί
3314 4932 3413 4987 ﬁlii
3460 4951 3480 4984 ι
3523 4931 3787 4988 derelicta

2207 5023 2486 5092 impietate
2539 5040 2558 5072 ‹
2612 5023 2790 5078 venite
2837 5041 2855 5073 ›
2907 5024 2974 5076 ad
3020 5023 3202 5087 fidem,
3233 5031 3287 5078 et
3307 5024 3447 5078 hanc
3482 5024 3786 5080 institutio-

2208 5129 2329 5168 nem
2381 5113 2627 5182 accipite,
2676 5121 2730 5166 et
2779 5131 2797 5163 ι
2843 5113 3024 5166 audite
3058 5127 3161 5175 me,
3201 5132 3218 5163 ι
3255 5113 3308 5168 id
3337 5121 3441 5178 est,
3471 5113 3786 5168 doctrinam

2209 5220 2383 5260 meam
2414 5203 2710 5275 intelligite,
2736 5211 2792 5257 et
2831 5217 2930 5271 ego
2963 5221 2981 5253 ι
3019 5203 3220 5257 docebo
3245 5218 3342 5258 vos
3374 5203 3632 5258 timorem
3675 5205 3784 5259 Do-

2209 5296 2377 5359 mini,
2438 5314 2456 5347 ι
2521 5294 2575 5347 id
2633 5301 2756 5358 est,
2799 5293 3067 5362 quomodo
3117 5291 3402 5346 Dominum
3448 5293 3644 5347 timere
3692 5295 3791 5347 de-

2209 5387 2401 5440 beatis.
2435 5385 2638 5448 Rudes,
2666 5384 2910 5453 quamvis
2947 5391 3102 5436 extra
3129 5383 3450 5448 Ecclesiam,
3476 5392 3661 5438 tamen
3686 5399 3792 5452 pa-

2213 5487 2362 5531 terna
2391 5476 2672 5530 affectione
2697 5476 2833 5530 ﬁlios
2862 5483 3040 5539 vocat,
3072 5475 3504 5529 sicutAbrabam
3529 5475 3791 5540 divitem.

2212 5567 2266 5621 in
2289 5566 2499 5622 inferno
2521 5581 2735 5635 quoque
2773 5565 3005 5634 positum
3039 5565 3235 5636 legitur
3259 5565 3555 5634 appellasse
3585 5563 3791 5621 ﬁlium.

2280 5657 2494 5712 Docebo
2544 5657 2794 5710 timorem
2847 5655 3081 5720 Domini,
3127 5670 3196 5709 ex
3244 5671 3347 5724 qua
3401 5654 3649 5710 doctrina
3703 5655 3797 5709 vi-

2215 5756 2323 5802 tam
2377 5745 2686 5801 habebitis:
2741 5753 2795 5800 et
2845 5744 2947 5800 hoc
3006 5745 3098 5798 tali
3151 5744 3575 5814 interrogatione
3624 5741 3794 5808 dicit,
