3984 6480
248 403 356 462 399

1413 394 1850 461 EXPLANATIO
1887 399 1955 454 IN
1992 399 2331 460 PSALMOS.

3385 399 3491 458 δίο

247 527 417 584 quam
440 507 588 569 omni
636 518 955 580 assequatur
991 525 1234 566 assensu.
1264 511 1400 579 Quis
1453 514 1599 568 enim
1655 513 1820 568 homo
1846 516 1893 575 Α
1913 509 2075 579 iustis
2096 514 2447 570 contrarium.
2466 511 2811 570 Continuatio
2830 531 2842 568 :
2862 512 3003 568 Mors
3017 523 3489 586 peccatorumpes-

251 617 366 660 tam
419 603 598 660 fatuus
646 603 738 673 qui
778 611 871 656 aut
915 603 1096 657 dicat:
1127 603 1306 658 Vitam
1359 604 1517 671 nolo,
1569 611 1661 660 aut
1709 604 1825 660 dies

249 697 441 752 videre
474 695 646 750 bonos
696 710 804 748 non
855 694 1056 764 cupio?
1091 704 1146 750 et
1193 695 1296 750 hoe
1341 704 1466 752 est:
1500 713 1521 747 ι
1567 695 1699 762 Quis
1743 704 1827 752 est

249 788 420 844 homo
457 787 549 856 qui
597 784 710 839 vult
749 785 948 849 vitam,
985 803 1004 838 ›
1043 801 1144 841 nec
1185 786 1306 840 dico
1352 785 1421 841 de
1463 786 1576 840 vita
1623 796 1740 841 acta
1770 787 1826 840 in

249 877 500 944 miseria,
527 876 622 932 sed
647 876 770 945 quis
804 883 890 931 est
940 875 1030 930 ille
1082 893 1102 927 ι
1160 877 1255 946 qui
1281 875 1454 947 diligit
1495 876 1678 930 videre
1712 876 1827 931 dies

251 973 461 1038 bonos,
511 990 533 1025 ι
582 971 638 1026 id
687 979 798 1035 est,
844 971 1012 1025 vitam
1065 978 1354 1037 :eternam,
1402 969 1631 1036 scilicet,
1658 969 1827 1025 vitam

251 1071 436 1118 actam
463 1063 518 1117 in
538 1061 696 1118 bonis
711 1061 934 1117 diebus?
953 1080 974 1113 ι

329 1153 483 1216 Dico,
532 1152 739 1206 docebo
793 1151 1042 1205 timorem
1093 1150 1342 1215 Domini,
1393 1150 1538 1205 hunc
1579 1148 1822 1214 scilicet,

257 1260 279 1291 ι
320 1242 548 1311 prohibe
583 1241 822 1312 linguam
857 1251 1007 1296 tuam
1058 1259 1078 1294 ι
1124 1241 1330 1296 scilicet
1385 1258 1406 1292 ι
1453 1255 1483 1294 a
1513 1241 1673 1306 malo,
1709 1258 1729 1292 ι
1775 1240 1830 1296 id

251 1342 367 1396 est,
422 1349 492 1388 ne
541 1335 596 1387 in
631 1342 819 1403 aperto
867 1333 1008 1388 mala
1060 1333 1319 1402 loquaris,
1357 1349 1459 1390 nec
1489 1335 1655 1418 etiam
1685 1332 1828 1388 mala

252 1421 496 1490 loquaris
520 1423 818 1478 intentione
842 1423 1005 1489 bona,
1030 1432 1087 1478 et
1131 1423 1234 1478 hoc
1276 1431 1377 1487 est,
1417 1440 1450 1474 «τ
1487 1431 1542 1479 et
1569 1423 1710 1480 labia
1738 1431 1828 1478 tua

251 1509 637 1581 neloquantur
683 1511 884 1566 dolum.
921 1531 941 1564 ι

334 1622 352 1655 ι
374 1603 590 1660 Diverte
609 1624 628 1657 ι
659 1605 842 1670 etiam,
865 1605 918 1659 id
943 1603 1283 1670 est,.declina
1314 1625 1333 1658 ‹
1358 1621 1388 1660 a
1414 1607 1554 1663 malo
1573 1627 1592 1661 ο
1621 1621 1785 1678 opere
1810 1626 1826 1664 :

250 1703 315 1749 et
337 1694 463 1764 quia
487 1695 603 1750 haec
637 1710 745 1749 non
774 1694 1048 1750 sufﬁciunt
1074 1696 1227 1751 addit
1267 1715 1287 1748 ι
1338 1707 1393 1752 et
1419 1700 1507 1753 fac
1533 1699 1752 1754 bonum.
1802 1718 1822 1751 ι

252 1781 328 1839 Et
375 1783 502 1852 quia
547 1798 678 1839 caro
733 1797 947 1854 semper
997 1793 1262 1856 repugnat
1308 1786 1546 1855 Spiritui,
1608 1795 1664 1842 et
1714 1786 1830 1842 vult

1928 603 2063 659 sima
2091 613 2196 668 est,
2217 621 2238 656 ‹
2256 605 2466 660 animas
2482 613 2660 661 autem
2681 618 2961 661 servorum
2980 619 3196 659 suorum
3223 604 3446 661 redimet
3468 624 3487 659 ι

1927 692 1980 748 id
2008 701 2122 760 est,
2159 693 2468 764 redemptos
2505 710 2601 765 per
2626 696 2939 764 sanguinem
2979 693 3103 750 Filii
3141 695 3369 772 deducet
3425 697 3494 753 ad

1925 783 2092 837 vitam
2111 790 2370 840 aeternam
2411 793 2507 840 :et
2544 786 2711 842 vitam
2737 802 2924 844 eorum
2963 795 3287 858 praesentem
3311 787 3491 851 faciet,

1927 871 2213 927 mundam:
2230 882 2286 929 et
2309 874 2416 930 hoc
2438 883 2521 930 est
2550 891 2570 926 ι
2598 891 2705 932 non
2725 875 3039 947 delinquont
3055 891 3242 935 omnes
3262 877 3354 950 qui
3375 891 3498 950 spe-

1928 963 2129 1019 rantin
2158 977 2246 1020 eo.
2288 973 2371 1018 ιν

2345 1093 2414 1150 lN
2438 1093 2768 1152 PSALMUM
2800 1079 3038 1152 XXXIV.

2175 1220 2409 1262 TITULUS
2438 1224 2455 1264 :
2497 1205 2566 1261 In
2599 1207 2756 1276 ﬁnem
2791 1207 3023 1278 psalmus
3072 1209 3262 1267 David.

2004 1360 2023 1394 ι
2054 1340 2265 1406 Judica,
2298 1340 2542 1408 Domine,
2582 1350 2844 1399 nocentes
2889 1359 2994 1400 me.
3037 1363 3056 1398 ι
3109 1345 3354 1405 Psalmus
3395 1349 3499 1406 iste

1927 1437 2178 1492 convenit
2207 1437 2397 1503 David,
2435 1437 2490 1493 id
2517 1446 2622 1504 est,
2666 1438 2908 1506 Christo,
2951 1439 3187 1511 dirigens
3213 1458 3311 1499 nos
3339 1445 3395 1499 in
3439 1445 3498 1499 fi-

1928 1543 2085 1583 nem.
2131 1528 2368 1584 Intendit
2415 1530 2562 1585 enim
2610 1544 2710 1585 nos
2737 1531 3028 1586 admonere
3082 1531 3151 1586 ad
3173 1534 3496 1602 passionem.

1929 1618 2152 1674 Materia
2196 1627 2282 1674 est
2307 1620 2489 1689 passio
2524 1627 2582 1675 et
2602 1620 3123 1675 resurrectio..Eam
3153 1621 3498 1692 sic-exsequi.-

1930 1718 2054 1764 tur:
2083 1710 2140 1764 ln
2164 1710 2339 1779 prima
2371 1719 2524 1779 parte
2567 1711 2729 1780 poni-t-
2777 1711 3098 1766 orationem.
3141 1711 3201 1766 In
3264 1713 3502 1768 secunda

1927 1808 2208 1854 enumerat
2232 1799 2537 1870 passionem
2581 1815 2702 1854 cum
2747 1800 3108 1856 exsultatione
3147 1805 3498 1859 resurrectio-

253 1883 445 1930 utnon
497 1874 662 1930 faciat
714 1875 935 1943 bonum,
993 1875 1126 1930 dicit
1172 1893 1186 1928 :
1239 1895 1259 1927 ε
1296 1877 1508 1947 inquire
1555 1892 1762 1948 pacem,
1800 1897 1819 1932 ι

1939 1889 2032 1946 nis.
2078 1889 2135 1946 In
2198 1891 2378 1955 tertia,
2431 1889 2559 1959 quid
2585 1890 2675 1944 illa
2730 1891 2910 1961 passio
2949 1898 3006 1945 et
3032 1892 3356 1947 resurrectio
3390 1891 3500 1949 etii-

249 1979 383 2020 cum
441 1980 607 2021 carne
671 1965 880 2020 scilicet
944 1966 1178 2034 reprime
1243 1982 1364 2022 eam
1404 1984 1418 2021 :
1460 1976 1516 2024 et
1581 1969 1828 2038 quamvis

257 2070 536 2126 nunquam
589 2056 830 2110 invenire
876 2056 1075 2125 possis,
1130 2056 1256 2126 quia
1283 2071 1498 2128 semper
1543 2066 1824 2130 repugnat,

255 2155 447 2203 tamen
490 2161 700 2217 semper
743 2165 763 2198 ‹
832 2161 1158 2217 persequere
1203 2162 1342 2212 eam,
1382 2168 1401 2202 ι
1465 2149 1519 2204 id
1580 2158 1682 2214 est,
1729 2166 1827 2221 op-

253 2243 434 2315 prime
460 2257 601 2298 eam.

329 2337 430 2392 Hic
452 2337 640 2406 incipit
664 2345 857 2407 quarta
904 2353 1052 2408 pars.
1104 2337 1260 2404 Dico,
1289 2338 1373 2395 fac
1421 2339 1642 2408 bonum,
1701 2343 1829 2413 quia

261 2444 284 2479 ι
316 2427 458 2483 oculi
503 2426 717 2484 Domini
760 2446 780 2479 ι
817 2435 943 2482 sunt
973 2445 994 2480 ς
1037 2443 1200 2498 super
1238 2429 1416 2498 justus
1468 2450 1486 2484 ι
1533 2447 1631 2502 per
1673 2434 1832 2489 mise-

254 2519 553 2576 ricordiam
582 2537 596 2573 :
627 2525 684 2574 et
706 2519 752 2574 si
781 2519 883 2589 ipsi
920 2519 1120 2589 aliquid
1152 2528 1367 2590 petunt,
1399 2539 1419 2574 ι
1455 2537 1616 2578 aures
1633 2523 1769 2594 ejus,
1803 2541 1824 2576 ι

254 2611 314 2667 id
342 2618 446 2676 est,
487 2610 778 2666 dementia
808 2620 862 2665 et
884 2611 1126 2680 potentia
1149 2611 1267 2681 ejus
1308 2620 1433 2669 sunt
1466 2625 1670 2684 parata:
1706 2633 1725 2666 ι
1761 2613 1830 2670 ad

253 2714 445 2755 eorum
475 2713 669 2769 preces
687 2718 706 2751 ι
760 2699 1149 2754 exaudiendas.

331 2789 590 2842 Dominus
636 2788 857 2843 exaudit
891 2785 1087 2856 iustos,
1141 2789 1311 2846 malos
1367 2799 1544 2847 autem
1591 2792 1828 2860 damnat,

254 2886 316 2934 et
341 2878 446 2934 hoc
470 2886 556 2933 est
583 2894 597 2930 :
630 2895 650 2929 ‹
683 2876 877 2934 Vultus
894 2887 1075 2933 autem
1118 2879 1346 2946 Domini,
1379 2899 1398 2933 ι
1430 2881 1485 2936 id
1511 2891 1596 2938 est
1616 2882 1829 2938 vultuo-

253 2968 415 3031 sitas,
476 2968 684 3024 scilicet
735 2968 817 3024 ira
863 2969 1077 3026 Domini
1128 2981 1214 3027 est
1268 2992 1288 3024 ‹
1343 2989 1503 3045 super
1569 2973 1832 3032 facientes

254 3056 420 3124 mala,
449 3066 509 3112 ut
533 3059 726 3128 perdat
755 3060 822 3115 de
872 3069 1050 3129 terra,
1081 3081 1101 3116 ι
1136 3063 1340 3119 scilicet
1377 3065 1692 3132 viventium,
1722 3081 1832 3123 non

256 3151 431 3206 solum
476 3167 590 3218 eos,
615 3153 710 3208 sed
733 3154 895 3209 etiam
945 3172 966 3204 ‹
1023 3156 1340 3211 memoriam
1386 3172 1595 3214 eorum.
1632 3177 1651 3210 ι
1680 3159 1831 3216 Tunc

255 3246 402 3300 enim
455 3247 665 3316 perdita
729 3248 835 3303 erit
889 3250 1149 3304 memoria
1193 3265 1384 3307 eorum
1413 3292 1428 3317 ,
1475 3267 1597 3308 cum
1652 3253 1831 3310 nullus

258 3347 570 3393 sanctorum
632 3354 795 3409 super
843 3357 940 3398 eos
984 3341 1166 3411 aliqua
1203 3341 1292 3412 pia
1344 3343 1554 3399 actione
1599 3345 1834 3400 movebi-

261 3437 369 3483 tur.
411 3429 566 3486 Unde
602 3430 741 3484 dixit
765 3431 1039 3486 Abraham
1081 3447 1094 3483 :
1130 3449 1150 3480 ‹
1186 3431 1334 3486 lnter
1371 3447 1473 3486 nos
1514 3442 1571 3487 et
1592 3447 1688 3487 vos
1717 3449 1832 3488 ma-

258 3533 423 3588 gnum
468 3519 634 3574 chaos
690 3518 962 3572 firmatum
993 3526 1076 3572 est
1104 3517 1254 3589 (Luc.
1279 3519 1394 3589 xv).
1433 3539 1452 3570 ι

332 3604 486 3658 Oculi
531 3603 746 3658 Domini
799 3618 962 3673 super
998 3604 1194 3672 justos.
1225 3606 1292 3659 Et
1322 3606 1389 3660 de
1420 3607 1522 3661 hoc
1549 3620 1834 3675 possumus

260 3707 382 3749 esse
430 3694 643 3758 securi,
674 3694 801 3763 quia
853 3693 1112 3748 Dominus
1154 3695 1430 3749 exaudivit
1476 3696 1685 3765 priores
1738 3711 1834 3766 pa-

260 3792 403 3849 tres;
455 3792 511 3838 et
558 3785 659 3840 hoc
686 3791 806 3839 est:
857 3801 876 3836 ι
913 3783 1282 3839 clamaverunt
1309 3783 1440 3853 justi
1479 3795 1534 3842 et
1576 3785 1834 3843 Dominus

257 3875 537 3930 exaudivit
571 3889 664 3930 eos
688 3915 704 3941 ,
745 3883 802 3930 et
846 3890 915 3930 ex
957 3875 1206 3930 omnibus
1252 3875 1692 3932 tribulationibus
1740 3891 1833 3933 eo-

257 3981 379 4021 rum
405 3966 656 4020 liberavit
680 3980 792 4021 eos.
831 3983 851 4018 ι

329 4057 398 4112 Et
419 4055 828 4112 sicutliberavit
848 4069 964 4122 eos,
989 4055 1070 4111 sic
1097 4072 1116 4107 ι
1136 4062 1220 4110 est
1249 4073 1270 4108 ι
1291 4055 1451 4112 modo
1474 4074 1493 4108 ι
1517 4055 1696 4126 juxta,
1719 4075 1740 4109 ι
1775 4055 1830 4111 id

256 4156 363 4214 est,
406 4147 670 4218 benignus
693 4147 779 4203 his
805 4147 896 4216 qui
923 4145 1178 4202 tribulato
1203 4155 1332 4202 sunt
1353 4147 1539 4213 corde,
1581 4165 1601 4199 ι
1625 4146 1832 4203 scilicet

257 4237 674 4307 compunctione
698 4245 1041 4308 peccatorum
1072 4254 1086 4290 :
1111 4245 1168 4291 et
1190 4236 1304 4307 ipse
1335 4256 1352 4288 ι
1389 4237 1620 4292 salvabit
1648 4237 1828 4291 humi-

256 4328 340 4384 les
376 4327 611 4396 spiritu,
653 4345 674 4380 ι
735 4325 790 4380 id
833 4334 953 4392 est,
1001 4325 1124 4381 illos
1155 4327 1248 4395 qui
1285 4325 1418 4381 nihil
1460 4333 1712 4397 reputant
1759 4341 1828 4382 ex

255 4432 322 4473 se
345 4457 361 4482 ,
411 4416 594 4472 sede:
637 4415 753 4472 solo
777 4416 888 4472 Deo
938 4415 1140 4472 omnia.

333 4507 466 4564 Dico
515 4506 883 4573 salvabiteos,
914 4506 1009 4562 sed
1053 4514 1233 4560 tamen
1277 4515 1563 4563 remanent
1596 4526 1614 4559 ι
1648 4507 1829 4565 multa:

1926 1980 2057 2046 ciat,
2104 1980 2328 2050 sicutjn
2353 1979 2560 2051 psalmo
2593 1998 2607 2034 :
2663 1981 2824 2046 Deus,
2872 1981 3014 2037 Deus
3052 1982 3260 2052 respice
3303 1982 3359 2037 in
3392 1997 3498 2047 me,

1925 2070 2230 2140 passionem
2275 2079 2580 2138 enumerat,
2634 2070 2800 2126 sicin
2830 2070 2934 2126 isto
2965 2090 2978 2125 :
3011 2072 3107 2126 sed
3154 2073 3397 2143 quamvis
3435 2073 3502 2127 de

1927 2162 2115 2217 eodem
2141 2162 2310 2229 dicat,
2337 2172 2516 2219 tamen
2566 2178 2780 2235 semper
2825 2165 2890 2220 de
2919 2166 3106 2221 eadem
3151 2168 3376 2222 materia
3415 2167 3500 2222 di-

1928 2265 2086 2308 versa
2133 2250 2286 2307 dicit.
3478 2295 3488 2303 .

1996 2343 2056 2398 In
2083 2342 2331 2398 oratione
2367 2356 2530 2413 quam
2559 2344 2843 2414 praeponit,
2893 2353 3015 2399 orat
3065 2345 3167 2400 sibi
3219 2353 3274 2402 et
3320 2345 3502 2400 inimi-

1929 2435 2029 2500 cis,
2062 2441 2170 2490 tam
2202 2434 2601 2500 convertendis,
2633 2450 2796 2504 quam
2819 2450 2926 2490 non
2953 2437 3367 2503 convertendis;
3395 2453 3500 2493 non

1928 2524 2321 2580 convertendos
2385 2522 2656 2580 dtemones
2732 2524 3045 2594 accipimus,
3103 2533 3158 2578 et
3204 2526 3504 2581 obstinatos

1929 2611 2160 2678 Iudaeos,
2188 2613 2384 2683 quibus
2406 2612 2486 2668 sic
2519 2613 2851 2682 imprecatur
2878 2633 2891 2666 :
2919 2635 2936 2667 ι
2967 2616 3216 2682 Domine,
3241 2617 3444 2688 iudica,
3480 2638 3497 2668 ι

1931 2704 1982 2759 id
2025 2713 2131 2771 est,
2171 2703 2367 2760 damna
2411 2722 2430 2755 ‹
2471 2711 2730 2759 nocentes
2782 2719 2888 2767 me,
2929 2724 2947 2757 ι
2983 2705 3038 2760 id
3066 2714 3170 2772 est,
3213 2707 3502 2772 daemones,

1927 2794 2017 2851 vel
2050 2793 2500 2850 inconvertendos
2554 2792 2768 2850 Iudaeos
2808 2811 2821 2846 :
2861 2802 2916 2849 et
2941 2795 3088 2865 ipsos
3130 2815 3148 2847 ι
3186 2794 3502 2867 impugnan-

1931 2891 2043 2950 tes,
2081 2903 2100 2936 ι
2147 2899 2258 2940 non
2304 2891 2485 2939 tamen
2534 2893 2900 2956 expugnantes
2930 2903 2948 2935 ι
2994 2901 3101 2952 me,
3134 2906 3152 2938 ›
3194 2896 3248 2942 ιιι
3289 2906 3306 2939 ς
3337 2903 3504 2958 expu-

1929 2989 2066 3045 gna,
2112 2994 2130 3027 ι
2177 2975 2232 3030 id
2261 2986 2343 3030 est
2382 2975 2625 3030 devince.
2678 2975 2981 3045 Expugnati
3029 2984 3186 3031 erant
3245 2977 3299 3031 in
3327 2992 3506 3032 resur-

1931 3063 2172 3120 rectione
2197 3062 2399 3118 Christi
2431 3080 2445 3118 :
2476 3063 2601 3133 quia
2649 3078 2754 3118 non
2791 3072 3226 3133 potuerunteum
3273 3065 3508 3120 retinere

1934 3151 1990 3206 in
2021 3159 2213 3218 morte,
2246 3152 2387 3206 sicut
2405 3159 2732 3222 putaverunt
2759 3171 2773 3207 :
2814 3161 2870 3208 et
2897 3151 2987 3208 hic
3015 3149 3127 3221 jam
3182 3153 3284 3209 sibi
3318 3153 3516 3224 incipit-

1856 3228 1902 3291 C
1932 3256 2112 3297 orare.

2004 3333 2265 3404 Expugna
2306 3331 2448 3398 dico,
2495 3341 2552 3388 et
2591 3340 2652 3388 ut
2703 3333 2877 3404 possis
2909 3347 3235 3405 expugnare,
3267 3352 3285 3385 ι
3319 3349 3505 3405 appre-

1933 3423 2109 3480 hende
2139 3439 2286 3479 arma
2320 3434 2376 3478 et
2401 3432 2610 3479 scutum
2633 3463 2648 3488 ,
2679 3443 2699 3477 ι
2743 3424 2796 3478 id
2839 3432 2943 3490 est,
2973 3426 3064 3494 qui
3109 3433 3235 3480 ante
3267 3426 3504 3490 occulte,

1933 3515 2094 3570 modo
2121 3515 2400 3571 evidenter
2422 3530 2648 3586 operare
2686 3515 2740 3569 in
2763 3530 2851 3570 me
2878 3531 3049 3582 arma,
3076 3517 3272 3586 quibus
3302 3518 3504 3587 possim

1934 3604 2183 3660 inimicos
2209 3604 2496 3660 devincere
2529 3622 2542 3658 :
2579 3614 2635 3660 et
2660 3614 2894 3671 scutum,
2927 3602 3035 3677 quo
3082 3624 3169 3663 me
3225 3607 3527 3665 defendas..

1935 3691 2063 3747 Haec
2090 3699 2271 3748 autem
2306 3707 2456 3746 arma
2494 3701 2549 3746 et
2586 3701 2795 3747 scutum
2828 3703 2955 3748 sunt
2995 3694 3242 3750 voluntas
3292 3695 3411 3762 Dei,
3454 3706 3509 3752 et

1937 3787 1993 3835 tu
2015 3781 2108 3850 qui
2137 3780 2423 3851 aliquando
2467 3780 2666 3836 videris
2691 3782 2967 3846 sedisse,.t
3015 3796 3246 3852 exsurge
3287 3801 3304 3836 ι
3338 3789 3510 3840 mani-

1937 3868 2075 3926 feste
2109 3889 2127 3922 ι
2172 3870 2227 3925 in
2265 3869 2592 3940 adiutorium
2635 3869 2788 3936 mihi,
2829 3889 2847 3921 ι
2879 3870 2933 3924 id
2963 3858 3048 3926 est
3077 3872 3164 3937 ad,
3208 3886 3505 3941 cooperan-

1934 3961 2060 4016 dum
2091 3960 2249 4015 mihi.

2005 4050 2248 4120 Exsurge
2264 4050 2383 4106 dico
2399 4050 2464 4104 ad
2489 4052 2884 4121 cooperandum
2913 4051 3068 4118 mihi,
3091 4061 3147 4108 et
3165 4070 3183 4106 ι
3211 4051 3444 4121 effunde,
3481 4076 3504 4108 ι

1929 4140 1985 4196 id
2019 4149 2122 4207 est,
2147 4139 2364 4196 notiﬁca
2391 4141 2589 4196 mundo
2617 4157 2636 4192 ‹
2670 4139 2949 4207 frameam,
2990 4161 3009 4194 ι
3043 4141 3096 4197 id
3125 4150 3248 4209 est,
3269 4142 3508 4198 animam

1933 4245 2132 4296 meam,
2181 4246 2285 4301 qua
2335 4239 2394 4286 tu
2452 4230 2723 4286 diabolum
2759 4232 3026 4298 devicisti,
3077 4251 3097 4284 ι
3148 4241 3204 4287 et
3249 4235 3508 4291 conclude

1932 4321 2220 4386 inimicos,
2276 4336 2346 4376 ne
2396 4335 2593 4376 nomen
2642 4336 2828 4377 eorum
2871 4321 3166 4378 dilatetur:
3213 4324 3357 4393 quod
3414 4324 3499 4379 fa-

1931 4427 2076 4475 cere,
2103 4412 2210 4468 erit
2233 4430 2251 4464 ι
2275 4412 2536 4468 adversus
2562 4426 2656 4468 eos
2675 4411 2766 4480 qui
2789 4426 2876 4466 me
2905 4421 3316 4481 persequuntur.
3351 4433 3370 4466 ι
3397 4413 3502 4484 Ipsi

1929 4506 2078 4563 enim
2116 4517 2311 4560 nomen
2335 4519 2513 4559 meum
2560 4504 2744 4558 volunt
2772 4503 3113 4570 concludere,
3154 4511 3209 4559 et
3235 4519 3392 4560 suum
3424 4506 3506 4560 di-

256 4594 638 4650 tribulationes
667 4593 975 4663 justorum:
1011 4614 1030 4647 ι
1055 4593 1326 4662 justorum
1372 4597 1516 4651 enim
1552 4598 1831 4666 proprium
1863 4590 1913 4650 D
1938 4594 2130 4650 latare.
2177 4595 2330 4661 Quod
2351 4608 2448 4662 per
2473 4593 2682 4664 singula
2704 4601 2889 4662 petant
2921 4612 2940 4645 ι
2973 4594 3059 4648 die
3087 4594 3281 4650 animae
3311 4609 3445 4650 meae
3479 4615 3497 4646 ι

255 4693 323 4740 ut
352 4685 697 4753 tribulentur,
725 4696 782 4744 et
826 4705 845 4738 ‹
906 4686 975 4743 de
1005 4687 1090 4742 his
1137 4686 1388 4743 omnibus
1437 4687 1688 4744 liberabit
1735 4705 1830 4746 eos

253 4781 522 4839 Dominus
557 4801 578 4835 ι
626 4799 748 4838 cum
771 4783 929 4838 ducet
949 4797 1042 4838 eos
1069 4781 1123 4836 in
1151 4795 1377 4852 regnum
1406 4797 1583 4836 suum.

332 4871 575 4926 Tandem
618 4871 870 4926 liberabit
894 4887 987 4927 eos
1032 4872 1308 4935 Dominus,
1337 4880 1393 4927 et
1417 4872 1631 4928 interim
1679 4893 1696 4926 ι
1729 4887 1826 4929 cu-

255 4959 429 5018 stodit
453 4962 633 5016 omnia
659 4977 802 5024 ossa,
850 4978 868 5011 »
916 4961 968 5015 id
1004 4970 1118 5025 est,
1156 4976 1345 5017 omnes
1375 4961 1602 5019 virtutes
1635 4971 1690 5018 et
1715 4964 1830 5020 for-

253 5053 518 5112 titudines
549 5072 570 5107 ‹
617 5068 826 5117 eorum,
871 5072 891 5104 ι
945 5062 1000 5107 et
1045 5053 1188 5122 quod
1213 5053 1418 5108 nullum
1463 5056 1718 5110 damnum
1765 5057 1832 5110 de

255 5146 552 5201 virtutibus
577 5145 689 5200 suis
713 5144 859 5214 passi
898 5152 1056 5209 sunt;
1088 5152 1144 5198 et
1197 5144 1300 5199 hoc
1330 5161 1343 5196 :
1377 5153 1464 5199 est
1497 5163 1516 5196 α
1562 5161 1731 5200 unum
1763 5162 1831 5200 ex

257 5235 350 5291 his
385 5248 494 5290 non
538 5230 869 5299 conteretur,
906 5252 925 5284 ι
966 5232 1090 5302 quia
1117 5232 1378 5288 Dominus
1422 5249 1529 5288 non
1570 5234 1710 5289 sinet
1737 5249 1831 5290 eos

258 5327 514 5383 deiicere.

331 5419 425 5474 Isti
451 5433 556 5474 non
585 5425 953 5473 conterentur.
1010 5429 1029 5468 ι
1071 5416 1214 5473 Mors
1264 5425 1442 5472 autem
1484 5427 1830 5488 peccatorum

256 5509 534 5583 pessima,
577 5527 596 5560 ι
639 5523 746 5577 qua
796 5508 1144 5574 imminente,
1175 5517 1491 5577 peccatores
1534 5509 1831 5566 damnatio-

256 5615 387 5656 nem
415 5609 672 5654 aeternam
702 5597 1009 5662 incurrunt,
1037 5606 1092 5652 et
1140 5597 1306 5652 vitam
1342 5598 1704 5668 turpissimam
1741 5617 1752 5654 :
1778 5609 1833 5654 et

258 5693 369 5747 hoc
416 5700 519 5755 est,
565 5690 707 5760 quod
735 5706 754 5741 ι
786 5688 876 5759 qui
920 5689 1146 5745 oderunt
1185 5685 1389 5755 justum
1433 5709 1452 5742 ι
1485 5690 1692 5746 scilicet
1732 5690 1832 5760 ipsi

258 5793 578 5861 peccatores
605 5801 623 5834 ‹
661 5782 992 5852 delinquont,
1023 5799 1040 5830 ι
1075 5779 1126 5835 id
1153 5786 1236 5834 est
1257 5780 1576 5847 peccabunt.
1606 5780 1704 5836 llic
1734 5796 1832 5850 pro

1934 4685 1990 4740 in
2012 4685 2128 4755 ipsa
2150 4682 2458 4754 impletione
2488 4683 2565 4738 rei
2597 4701 2609 4736 :
2648 4702 2666 4734 ι
2704 4682 2816 4754 Ego
2843 4697 2962 4738 sum
2985 4683 3130 4739 salus
3157 4691 3245 4738 tua
3279 4703 3297 4736 ›
3329 4684 3504 4739 omni-

1933 4776 2114 4831 moda.

2003 4865 2104 4920 llic
2158 4864 2348 4935 incipit
2399 4879 2558 4922 orare
2621 4862 2688 4918 de
2745 4865 3100 4921 conversione
3156 4864 3512 4922 inimicorum

1933 4973 2070 5028 quos
2116 4957 2434 5028 praeviderat
2480 4954 2889 5011 convertendos.
2936 4953 3500 5011 Effunde-frameam:

1939 5067 1957 5100 ι
1992 5055 2299 5118 querentes
2321 5045 2556 5101 animam
2577 5060 2783 5112 meam,
2802 5043 3232 5111 confundantur,
3269 5062 3288 5096 ι
3319 5045 3371 5099 id
3396 5053 3503 5109 est,

1933 5135 2174 5191 habeant
2191 5133 2620 5191 erubescentiam
2652 5133 2720 5188 de
2765 5133 3000 5204 peccatis
3027 5132 3176 5198 suis,
3211 5141 3268 5188 et
3311 5131 3506 5187 deinde

1940 5245 1958 5278 ι
1994 5236 2363 5292 revereantur,
2392 5246 2412 5278 ι
2456 5227 2510 5282 id
2539 5234 2639 5291 est,
2681 5225 2905 5280 timeant
2929 5241 3016 5281 me
3059 5232 3116 5278 et
3153 5225 3440 5281 honorent.

2005 5317 2073 5372 Et
2098 5332 2203 5372 non
2229 5317 2400 5372 solum
2423 5326 2727 5389 quazrentes
2755 5325 2878 5371 actu
2911 5315 3144 5370 animam
3175 5329 3373 5378 meam,
3408 5313 3504 5368 sed

1932 5410 2094 5465 etiam
2159 5427 2178 5460 ι
2224 5408 2521 5480 cogitantes
2566 5408 2697 5462 mihi
2740 5406 2902 5472 mala,
2953 5425 2973 5460 ι
3024 5407 3232 5462 scilicet
3277 5419 3502 5461 consen-

1934 5503 2130 5558 tientes
2157 5500 2499 5566 facientibus,
2545 5517 2564 5550 σ
2592 5508 2908 5555 avertantur
2957 5516 2977 5550 ι
3008 5515 3037 5552 a
3069 5499 3155 5551 via
3200 5510 3297 5552 sua
3337 5496 3500 5554 mala.

1936 5595 2008 5650 ita
2041 5601 2100 5647 ut
2124 5595 2232 5646 sint
2271 5611 2288 5644 ι
2334 5600 2652 5656 retrorsum,
2688 5611 2704 5641 ι
2756 5591 2806 5645 id
2856 5598 2961 5655 cst,
3008 5595 3306 5657 sequantur
3339 5602 3423 5642 me
3451 5598 3506 5642 et

1934 5687 2013 5742 sic
2059 5685 2233 5740 aversi
2269 5703 2286 5736 ‹
2322 5683 2738 5748 confundantur,
2773 5703 2790 5736 ι
2831 5683 2884 5738 id
2931 5688 3034 5744 est,
3087 5680 3406 5736 erubescant
3439 5683 3504 5735 de

1935 5779 2166 5848 peccatis
2219 5777 2330 5833 suis
2378 5773 2670 5844 praeteritis
2713 5789 2725 5825 :
2778 5788 2895 5842 quae
2958 5771 3219 5826 memoria
3266 5771 3369 5826 erit
3426 5770 3505 5825 eis
