3984 6464
160 416 262 474 513

1318 397 1760 458 EXPLANATIO
1802 396 1867 450 IN
1908 393 2244 450 PSALMOS.

3313 374 3418 432 δη

225 531 294 585 Ει
327 527 491 582 etiam
523 543 538 575 ι
569 519 919 580 humiliabam
957 519 1202 594 animati;
1227 530 1405 570 meam
1426 555 1442 580 ,
1473 534 1490 564 ι
1520 513 1574 568 id
1611 519 1724 574 est,

1865 507 2014 576 aique
2039 504 2322 560 inferendo
2350 503 2491 557 mala
2519 521 2537 554 ι
2563 515 2667 556 non
2693 497 3122 570 supergaudeant
3142 536 3155 560 ,
3178 515 3195 547 ›
3224 493 3275 549 id
3302 498 3418 556 est,

160 620 458 691 alﬂigebam
484 616 721 670 animam
749 627 948 675 meam,
975 628 992 661 ι
1015 611 1067 664 in
1091 607 1298 678 jejunio
1319 627 1337 658 ι
1367 601 1738 671 scilicet,_quia

159 724 345 766 eorum
377 705 552 762 salute
581 718 687 757 non
717 711 963 771 poteram
991 697 1170 764 reﬁci,
1200 695 1283 751 vel
1312 695 1363 750 in
1389 691 1594 762 jejunio
1618 704 1739 744 cor-

159 799 360 871 porali,
389 803 446 852 et
469 794 635 852 etiam
661 792 881 847 orabam
919 805 1017 860 pro
1061 789 1160 852 eis,
1193 796 1250 843 et
1274 785 1400 856 quia
1435 800 1542 839 non
1578 796 1736 851 repe-

159 895 344 946 rerunt
372 883 673 942 orationem
700 897 910 946 meam,
942 880 1034 935 illa
1066 898 1084 931 t
1115 879 1301 937 oratio.
1324 890 1439 931 mea
1475 875 1529 929 in
1557 873 1737 929 sinum

158 996 337 1038 meum
365 983 744 1040 convertetur,
796 993 814 1026 ι
847 973 902 1027 id
937 981 1050 1038 est,
1083 971 1217 1026 mihi
1250 968 1356 1024 erit
1394 965 1542 1020 utilis
1591 983 1603 1018 ε
1647 977 1736 1019 εε-

159 1073 391 1129 cundum
421 1071 566 1140 quod
606 1069 719 1138 ipse
746 1065 1010 1121 Dominus
1037 1065 1090 1119 in
1123 1060 1411 1132 Evangelio
1440 1059 1575 1114 dixit
1603 1073 1735 1128 apo-

159 1161 311 1216 stolis
338 1176 351 1212 :
382 1176 401 1209 ι
422 1158 479 1212 in
495 1169 876 1226 quamcunque
892 1153 1108 1207 domum
1127 1147 1484 1210 intraveritis,
1500 1145 1737 1214 primum

159 1253 322 1306 dicite
350 1269 361 1304 :
397 1250 508 1304 Pax
539 1249 668 1304 huic
716 1247 900 1303 domui
930 1265 942 1300 :
977 1255 1032 1301 et
1075 1245 1121 1300 si
1171 1243 1244 1298 ibi
1275 1242 1441 1297 fuerit
1468 1241 1609 1296 ﬁlius
1636 1255 1736 1312 pa-

160 1345 269 1406 cis,
301 1341 608 1411 requiescet
652 1355 816 1409 super
858 1353 981 1394 eum
1027 1352 1132 1406 pax
1158 1343 1339 1390 vestra
1369 1351 1382 1387 :
1420 1333 1501 1388 sin
1532 1341 1736 1397 autem,

162 1436 223 1488 ad
272 1450 367 1489 vos
397 1441 701 1488 revertetur
738 1431 973 1504 (Matth.
1017 1447 1050 1485 χ
1076 1430 1128 1500 ),
1167 1449 1184 1480 ι
1218 1429 1272 1484 id
1307 1436 1420 1490 est,
1469 1426 1516 1482 si
1559 1434 1738 1482 vestra

160 1527 336 1580 oratio
366 1539 471 1580 non
502 1525 675 1594 prosit
702 1525 782 1579 eis
801 1564 815 1587 ,
844 1523 996 1578 vobis
1028 1522 1217 1577 saltem
1250 1519 1512 1589 proderit.

232 1615 594 1670 llumiliabam
635 1623 690 1669 et
719 1633 737 1666 ‹
767 1614 848 1668 sic
873 1612 1277 1681 complaeebam
1306 1610 1439 1665 mihi
1471 1629 1488 1661 ι
1517 1609 1598 1663 vel
1629 1607 1740 1663 Deo

160 1708 304 1762 Patri
333 1725 346 1760 :
388 1707 468 1761 sic
503 1705 732 1771 scilicet,
772 1704 1019 1759 habendo
1057 1702 1313 1773 populum
1354 1702 1506 1756 illum
1538 1718 1555 1751 ε
1584 1699 1740 1769 quasi

161 1812 468 1868 proxumum
513 1804 569 1852 et
607 1795 762 1865 quasi
791 1796 1014 1848 fratrem
1054 1813 1072 1845 ι
1107 1792 1386 1849 carnalem
1423 1790 1591 1860 :quia
1621 1796 1742 1842 tan-

1839 598 1884 653 si
1910 597 2148 669 gaudent
2170 596 2237 650 ad
2264 604 2494 663 tempus,
2523 607 2630 648 non
2654 591 2923 663 gaudeant
2947 602 3118 656 usque
3142 585 3195 638 in
3218 582 3416 638 ﬁnem:

1839 705 1938 746 nec
1967 689 2043 744 illi
2077 707 2094 740 ι
2128 688 2220 758 qui
2250 689 2483 742 oderunt
2512 700 2599 740 me
2626 683 2830 756 gratis,
2863 703 2880 736 ι
2915 681 2967 736 id
2997 687 3112 745 est,
3145 677 3262 732 sine
3300 687 3420 729 me—

1839 782 1945 837 rito
1975 795 2098 835 meo
2125 797 2138 834 :
2169 799 2186 832 t
2220 787 2277 834 et
2303 785 2549 832 annuunt
2577 776 2784 840 oculis,
2816 792 2834 824 ‹
2863 773 2913 828 id
2952 780 3066 836 est,
3112 768 3249 824 alios
3283 771 3422 822 nutu

1837 872 2119 929 oculorum
2150 877 2451 940 provocant
2477 868 2546 922 ad
2575 866 2901 922 derisionem
2929 876 3126 918 meam.

1909 963 2029 1019 Non
2076 960 2548 1032 supergaudeant,
2595 972 2698 1012 nec
2736 957 2938 1012 debent
2983 949 3380 1023 supergaudere
3404 986 3424 1014 ,

1844 1075 1864 1108 ι
1893 1055 2150 1128 quoniam
2182 1053 2313 1108 mihi
2343 1051 2569 1122 paciﬁce
2590 1048 2973 1118 loquebantur,
3003 1063 3020 1096 ι
3049 1051 3104 1098 ει
3141 1042 3425 1110 loquentes

1838 1151 2065 1223 paeiﬁce
2107 1166 2125 1200 t
2182 1146 2496 1218 cogitabant
2537 1142 2691 1198 dolos
2751 1160 2770 1192 ι
2822 1140 2875 1193 in
2904 1137 3092 1201 corde,
3119 1143 3174 1188 et
3201 1131 3283 1188 illi
3313 1127 3426 1187 doli

1840 1222 1947 1299 non
1977 1249 2164 1306 erant,
2193 1247 2252 1293 ut
2281 1236 2528 1292 auferent
2555 1233 2686 1288 mihi
2718 1230 2990 1286 exteriora
3009 1268 3024 1293 ,
3056 1227 3150 1281 sed
3181 1243 3200 1276 ‹
3229 1225 3285 1277 in
3317 1222 3422 1276 irao

1839 1333 2056 1397 cundia,
2098 1351 2116 1383 ι
2167 1329 2374 1384 scilicet
2414 1326 2482 1381 ad
2524 1332 2755 1380 mortem
2801 1334 2980 1375 meam
3029 1315 3372 1371 intendentes
3399 1327 3420 1367 :

1841 1423 2176 1480 iracundiam
2217 1422 2340 1476 dico
2371 1440 2387 1472 ί
2419 1427 2600 1484 terrae,
2629 1436 2647 1470 ›
2678 1430 2778 1486 pro
2816 1421 2962 1469 terra
2984 1409 3194 1465 scilicet
3231 1411 3292 1462 ει
3327 1419 3426 1462 suo

1841 1532 2010 1588 regno
2041 1514 2342 1570 retinendo.
2374 1510 2664 1566 Timebant
2698 1505 2844 1562 enim
2883 1503 3112 1574 perdere
3153 1499 3330 1554 locum
3370 1500 3427 1550 et

1841 1616 2056 1680 gentem
2073 1647 2088 1672 ,
2120 1605 2225 1660 nisi
2252 1603 2528 1660 Christum
2554 1599 2886 1654 occiderent.

1919 1700 2015 1753 «Et
2035 1698 2396 1752 dilataverunt
2416 1709 2578 1764 super
2602 1705 2689 1745 me
2707 1705 2769 1745 os
2788 1702 2974 1743 suum»
2994 1698 3118 1740 cum
3140 1681 3382 1736 dicerent
3409 1693 3424 1730 :

1844 1790 2131 1860 Cruciﬁge,
2155 1788 2413 1858 cruciﬁgc
2445 1801 2570 1840 eum
2593 1783 2781 1855 (Joan.
2813 1780 2921 1849 x1):
2959 1799 2977 1830 ι
3015 1785 3070 1832 ει
3097 1795 3115 1826 t
3149 1766 3425 1836 dixerunt,

161 1901 274 1943 tum
299 1889 587 1959 diligebam
611 1903 732 1942 eum
755 1927 768 1951 ,
794 1895 1055 1956 quantum
1078 1886 1122 1941 si
1146 1885 1314 1939 frater
1332 1899 1484 1938 meus
1507 1880 1741 1937 carnalis
1768 1867 1816 1926 Β
1845 1885 1992 1953 Euge
2042 1858 2208 1952 euge,
2241 1900 2260 1931 ι
2312 1878 2365 1933 id
2391 1886 2474 1931 est
2493 1917 2508 1943 ,
2537 1877 2676 1931 bene
2723 1875 2892 1938 bene,
2933 1888 2951 1923 ι
2990 1868 3246 1923 viderunt
3284 1858 3426 1919 oculi

157 1990 338 2036 esset:
368 1989 424 2036 et
447 1996 570 2035 eum
600 1979 765 2034 nollet
790 1979 926 2033 mihi
952 1978 1303 2048 acquiescere
1328 1973 1734 2038 «humiliabarg

157 2075 213 2130 id
253 2082 371 2138 est,
401 2072 670 2144 allligebar
704 2087 805 2139 pro
843 2072 923 2127 eis
961 2071 1040 2126 sic
1075 2090 1093 2121 t
1127 2069 1280 2139 quasi
1316 2088 1335 2120 ›
1371 2067 1568 2136 aliquis
1602 2084 1620 2116 ‹
1655 2065 1740 2118 lu-

156 2177 293 2235 gens
326 2171 381 2218 et
404 2161 778 2225 contristatus,
809 2181 826 2212 »
854 2160 1041 2230 lugens
1067 2158 1123 2212 in
1168 2171 1412 2226 corpore,
1453 2153 1744 2209 contrista-

159 2265 249 2310 tus
280 2254 336 2308 in
366 2253 569 2307 anima.

228 2345 345 2415 Ego
373 2345 454 2398 sic
491 2343 822 2399 humiliabar
859 2356 958 2412 pro
988 2341 1068 2396 eis
1099 2358 1118 2391 ‹
1149 2348 1205 2395 ει
1234 2338 1336 2409 ipsi
1368 2345 1547 2392 tamen
1578 2333 1746 2389 latati

158 2441 290 2489 sunt
335 2433 623 2488 adversum
663 2447 751 2487 me
777 2472 792 2498 ,
831 2439 887 2485 et
933 2435 1303 2486 convenerunt
1346 2447 1364 2479 ι
1415 2424 1650 2488 scilicet,
1692 2423 1747 2476 in

157 2524 302 2579 hanc
330 2522 682 2587 voluntatem,
705 2531 760 2577 et
789 2540 809 2572 ι
839 2526 1164 2590 congregata
1189 2525 1316 2571 sunt
1339 2527 1502 2586 super
1536 2528 1622 2567 me
1646 2511 1745 2565 lla-

158 2613 333 2684 gella,
379 2632 398 2664 ι
443 2613 499 2667 id
542 2620 656 2677 est,
695 2611 1086 2681 multiplicata,
1122 2617 1178 2662 et
1213 2621 1314 2677 ego
1371 2623 1389 2656 α
1444 2602 1691 2676 ignoravi
1723 2621 1740 2654 ι

157 2717 335 2772 quare
365 2701 469 2756 hoc
497 2699 776 2764 facerent,
808 2700 934 2769 quia
957 2740 972 2764 ,
1003 2698 1244 2762 scilicet,
1286 2710 1391 2749 non
1421 2692 1713 2764 promerui.

233 2793 415 2848 Etiam
447 2810 466 2844 t
499 2801 626 2848 sunt
674 2791 921 2861 dissipati
955 2809 973 2842 ι
1021 2790 1269 2844 videntes
1304 2785 1421 2855 ejus
1455 2783 1747 2850 miracula,

159 2899 290 2940 cum
319 2884 563 2939 dicerent
591 2882 682 2937 alii
707 2923 722 2948 ,
751 2882 878 2952 quia
906 2883 1080 2936 bonus
1103 2888 1219 2944 est,
1244 2878 1336 2932 alii
1380 2885 1561 2932 autem
1602 2892 1712 2931 non
1732 2915 1748 2941 ,

159 2977 262 3032 sed
293 2975 501 3030 seducit
527 2975 732 3038 turbas,
767 2982 823 3028 et
853 2973 906 3027 in
927 2974 1178 3044 passione
1200 2972 1315 3042 ipsa
1353 2957 1474 3025 cum
1504 2968 1755 3024 viderent

163 3075 332 3120 terra:
355 3072 553 3119 motus.
597 3065 664 3118 Et
687 3064 937 3133 quamvis
961 3073 1145 3118 essent
1167 3062 1246 3116 sic
1271 3061 1550 3131 dissipati,
1572 3078 1590 3111 ι
1611 3075 1754 3114 nun-

161 3170 333 3226 quam
382 3175 401 3207 ι
436 3162 615 3210 tamen
643 3165 770 3210 sunt
804 3175 822 3205 ι
863 3155 1194 3225 compuncti,
1226 3173 1245 3206 ›
1287 3153 1342 3207 in
1370 3168 1479 3223 quo
1514 3153 1752 3206 maxime

163 3263 358 3302 eorum
386 3247 623 3317 nequitia
650 3254 974 3317 aggravatur
1018 3264 1030 3299 :

163 3353 282 3402 me,
313 3337 640 3392 adducentes
665 3346 790 3390 ante
820 3351 907 3390 me
931 3335 1213 3389 mulierem
1242 3334 1542 3388 adulteram
1564 3331 1754 3403 (Joan:

162 3445 268 3482 vm
293 3437 310 3498 )
338 3447 350 3480 :
384 3429 610 3484 dicendo
646 3429 810 3481 etiam
839 3445 851 3478 :
886 3446 903 3476 ‹
932 3425 988 3480 Si
1035 3427 1179 3479 ﬁlius
1222 3426 1317 3480 Dei
1359 3441 1456 3491 es,
1487 3425 1753 3481 descende

167 3519 243 3572 de
283 3531 445 3572 cruce
485 3517 503 3585 (
530 3515 722 3568 Matth.
754 3530 882 3568 xxvi
909 3517 930 3584 )
967 3536 985 3566 ›
1017 3531 1032 3580 ;
1069 3533 1087 3564 ‹
1116 3515 1584 3569 subsannaverunt
1612 3528 1699 3568 me
1729 3533 1747 3566 ι

167 3623 302 3662 cum
347 3606 582 3674 aliquam
625 3604 999 3659 infirmitatem
1043 3605 1294 3658 humana:
1331 3612 1536 3657 natura:
1577 3605 1632 3657 in
1669 3617 1757 3656 me

170 3703 610 3766 cognoscerent:
643 3703 700 3748 et
746 3708 855 3747 non
904 3693 970 3747 ad
1019 3693 1239 3756 horam,
1285 3692 1378 3747 sed
1410 3712 1428 3744 ι
1459 3693 1758 3748 subsanna-

168 3790 359 3849 tione,
414 3805 431 3836 ι
473 3787 525 3841 id
557 3795 673 3852 est,
718 3784 932 3840 assidue
965 3802 979 3839 :
1011 3793 1216 3840 etcum
1249 3784 1380 3838 nihil
1421 3784 1476 3837 in
1516 3798 1602 3838 me
1629 3783 1758 3837 mali

169 3877 520 3940 invenirent,
575 3893 592 3926 ‹
634 3874 987 3929 frcnduerunt
1025 3893 1043 3925 ι
1094 3873 1304 3928 scilicet
1346 3872 1560 3928 bestiali
1608 3887 1759 3928 more

174 3991 194 4021 ε
219 3984 386 4038 super
416 3983 502 4022 me
531 3967 780 4022 dentibus
799 4011 814 4034 ,
847 3985 864 4016 ι
893 3965 947 4021 id
973 3974 1090 4033 est,
1122 3965 1524 4020 eorrosionibus
1551 3965 1684 4020 suis.

247 4061 353 4131 Ipsi
384 4062 457 4115 ita
483 4069 671 4116 contra
699 4074 786 4114 me
805 4059 1044 4126 faciunt,
1069 4061 1166 4116 sed
1189 4067 1244 4114 tu
1269 4060 1485 4130 quidem
1511 4059 1759 4130 «quando

170 4151 445 4220 respicies
492 4170 512 4202 ι
569 4150 1016 4216 misericorditer,
1059 4159 1120 4204 ut
1161 4151 1228 4206 de
1263 4166 1450 4206 eorum
1491 4158 1760 4220 potestate

170 4259 268 4299 me
325 4243 577 4299 liberes?
623 4242 874 4313 Respice,
905 4242 1167 4308 Domine,
1214 4252 1270 4298 et
1317 4262 1335 4294 ι
1367 4244 1593 4298 restitue
1643 4242 1759 4296 ani.

169 4350 328 4390 mam
359 4353 378 4386 ι
427 4334 690 4389 redditam
728 4335 975 4404 corpori,
1019 4345 1282 4389 remotam
1320 4354 1337 4386 ‹
1367 4350 1398 4388 a
1427 4334 1760 4406 malignitate

169 4441 407 4489 eorum,
440 4445 458 4477 ι
505 4425 559 4480 id
587 4434 669 4479 est
689 4465 704 4489 ,
745 4425 813 4480 ab
851 4425 1201 4481 inferioribus
1227 4424 1428 4480 Judaeis
1459 4425 1758 4493 malignan-

171 4517 362 4581 tibus,
394 4523 450 4570 et
475 4535 492 4566 ι
523 4515 736 4569 unicam
778 4529 986 4582 meam,
1016 4535 1036 4568 ι
1069 4516 1123 4569 id
1155 4524 1272 4580 est,
1305 4516 1540 4571 animam
1580 4531 1758 4570 meam

1843 1974 2014 2030 nostri
2043 1993 2061 2025 ι
2099 1973 2165 2027 de
2195 1971 2300 2024 isto
2329 1969 2472 2038 quod
2501 1965 2827 2037 optavimus.

1911 2065 1987 2120 ita
2028 2064 2127 2133 ipsi
2168 2062 2301 2116 mihi
2321 2058 2598 2122 fecerunt,
2630 2056 2724 2111 sed
2761 2064 2817 2108 tu
2854 2070 2873 2103 ι
2907 2048 3136 2106 Domine
3163 2042 3366 2106 vidisti,
3406 2060 3424 2094 ι

1843 2160 1898 2215 id
1930 2166 2014 2213 est
2033 2199 2048 2223 ,
2079 2153 2378 2227 cognovisti
2409 2163 2596 2206 eorum
2625 2144 2922 2214 nequitiam
2943 2181 2958 2204 ,
2987 2147 3044 2195 et
3070 2151 3244 2192 meam
3275 2134 3430 2188 inno-

1838 2247 2113 2316 centiam,
2134 2224 2188 2299 et
2214 2244 2332 2297 ideo
2359 2259 2376 2290 ι
2405 2255 2476 2294 ne
2500 2238 2685 2301 sileas,
2704 2254 2722 2286 ›
2748 2231 2841 2289 sed
2862 2228 3046 2301 profer
3064 2224 3385 2282 sententiam
3411 2238 3428 2276 :

1845 2349 1902 2396 et
1941 2349 1997 2394 tu
2039 2357 2057 2389 (
2095 2335 2348 2398 Domine,
2394 2346 2464 2386 ne
2508 2328 2754 2384 discedas
2803 2340 2833 2378 a
2865 2335 2952 2378 me
2981 2341 3024 2375 ι.
3066 2315 3326 2385 Quamvis
3363 2314 3411 2368 si

1846 2442 2071 2484 securus
2100 2424 2245 2494 quod
2276 2422 2418 2476 Deus
2442 2435 2550 2474 non
2579 2415 2828 2472 discedat
2855 2413 2924 2467 ab
2951 2425 3045 2474 eo,
3089 2417 3272 2463 tamen
3302 2402 3434 2473 quia

1847 2520 1980 2576 nihil
2010 2519 2112 2574 scit
2140 2531 2199 2571 se
2223 2512 2425 2568 habere
2447 2527 2516 2566 ex
2539 2507 2898 2568 humanitate,
2925 2508 3050 2558 orat
3067 2541 3081 2565 ,
3107 2507 3167 2553 ut
3192 2498 3286 2552 det
3313 2494 3432 2550 aliis

1849 2607 2156 2678 exemplum
2185 2601 2412 2666 orandi,
2442 2599 2570 2669 quia
2601 2595 2737 2651 nihil
2763 2607 2990 2666 prorsus
3019 2590 3074 2644 in
3101 2603 3198 2644 sua
3234 2586 3432 2642 huma-

1849 2700 2019 2755 nitate
2047 2694 2320 2752 eonﬁdere
2349 2691 2565 2746 debent.

1922 2790 2054 2845 Dico
2092 2801 2161 2841 ne
2196 2783 2472 2844 discedas,
2511 2777 2691 2849 potius
2731 2793 2749 2826 t
2785 2783 3083 2842 exsurgere
3120 2776 3176 2822 et
3218 2764 3436 2820 intende

1846 2878 2050 2952 judicio
2076 2890 2218 2940 meo,
2251 2892 2270 2925 ›
2314 2871 2369 2927 id
2404 2876 2516 2934 est,
2557 2865 2842 2922 considera
2872 2860 3032 2932 quale
3057 2856 3324 2928 judicium
3362 2852 3437 2908 sit

1851 2944 2054 3026 factum
2081 2968 2148 3022 de
2176 2979 2284 3029 me,
2316 2971 2373 3016 tu
2400 2961 2523 3016 dico
2545 2957 2638 3028 qui
2667 2970 2728 3010 es
2751 2973 2769 3005 ‹
2797 2954 2938 3008 Deus
2962 2965 3118 3005 meus
3146 2967 3189 3000 ι.
3218 2946 3286 3000 Ει
3309 2944 3436 3014 quia

1853 3061 1900 3117 si
1943 3058 2118 3116 solum
2159 3054 2424 3125 judicium
2473 3051 2780 3121 aspiceret,
2825 3045 3050 3100 haberet
3088 3054 3210 3095 eum
3258 3037 3436 3092 furem

1855 3151 1982 3221 quia
2021 3149 2164 3203 inter
2196 3143 2344 3200 fures
2382 3143 2671 3198 damnatus
2703 3144 2826 3201 est,
2857 3134 3004 3189 addit
3033 3147 3048 3185 :
3082 3150 3100 3182 ι
3129 3137 3183 3184 ει
3219 3125 3439 3182 attende

1080 3244 1174 3301 sed
1201 3215 1752 3316 potius-mutaverunt
1778 3223 1824 3287 Ο
1855 3215 2075 3297 causam
2102 3250 2279 3292 meam
2297 3275 2312 3300 ,
2337 3253 2356 3286 ι
2404 3233 2458 3288 id
2492 3239 2576 3287 est
2593 3271 2618 3308 ,ν
2636 3236 2804 3284 totam
2828 3223 3231 3296 placitationem
3256 3215 3437 3272 consi-

1857 3332 2006 3395 dera,
2038 3327 2276 3391 scilicet,
2311 3324 2454 3394 quod
2483 3337 2583 3391 ego
2610 3335 2826 3388 semper
2851 3332 2977 3388 erga
3003 3330 3097 3369 eos
3123 3313 3439 3367 innocenter

1857 3436 1944 3475 me
1974 3418 2137 3474 habui
2157 3459 2172 3483 ,
2205 3426 2262 3472 tu
2289 3416 2410 3471 dico
2437 3415 2529 3484 qui
2557 3429 2618 3469 es
2646 3432 2663 3464 t
2684 3411 2826 3466 Deus
2855 3422 3008 3463 meus
3029 3426 3074 3459 ι.

1925 3508 2147 3564 Intende
2169 3509 2224 3562 in
2248 3520 2468 3561 causam
2495 3517 2672 3558 meam
2699 3511 2753 3556 et
2777 3519 2794 3550 ‹
2812 3498 2995 3567 judiea
3025 3509 3112 3550 me
3137 3490 3438 3550 secundum

1852 3599 2121 3669 justitiam
2145 3605 2295 3651 tuam
2313 3634 2329 3660 ,
2366 3615 2384 3647 ι
2422 3594 2475 3648 id
2496 3602 2614 3657 est,
2647 3590 2941 3646 secundum
2965 3587 3068 3642 hoc
3096 3584 3240 3655 quod
3270 3580 3438 3652 exigit

1853 3688 2067 3759 justitia
2096 3696 2211 3752 tua,
2265 3703 2284 3736 t
2338 3684 2566 3739 Domine
2605 3684 2746 3736 Deus
2788 3693 2958 3742 meus,
3003 3685 3058 3732 et
3096 3691 3202 3730 non
3244 3688 3437 3744 super-

1860 3776 2133 3848 gaudeant
2164 3772 2326 3837 mihi,
2358 3791 2376 3824 ι
2421 3771 2629 3826 scilicet
2674 3788 2693 3820 ι
2731 3783 2836 3822 non
2875 3768 3062 3822 dicant
3104 3765 3159 3818 in
3183 3761 3440 3817 cordibus

1859 3874 2003 3939 suis,
2042 3872 2190 3943 Euge
2222 3884 2357 3940 euge
2392 3869 2586 3923 animae
2614 3877 2814 3922 nostra:
2852 3883 2870 3916 ι
2922 3863 2990 3918 de
3030 3862 3134 3916 hoc
3171 3857 3316 3928 quod
3355 3871 3442 3912 re-

1861 3964 2121 4020 tinuimus
2149 3976 2272 4016 eum
2304 3961 2359 4014 in
2387 3966 2591 4022 morte,
2617 3972 2720 4012 nec
2743 3955 2928 4009 dicant
2953 3953 3006 4007 in
3045 3965 3140 4006 ore
3170 3969 3188 4000 ι
3211 3949 3438 4003 devora-

1860 4055 2039 4110 vimus
2065 4068 2223 4119 eum,
2273 4070 2291 4103 ι
2335 4051 2388 4105 id
2426 4057 2540 4114 est,
2581 4047 2946 4103 destruximus
2984 4057 3129 4097 cum.
3171 4039 3273 4094 Hic
3306 4051 3444 4108 quo-

1861 4162 1967 4218 que
1987 4161 2094 4201 non
2117 4144 2314 4200 dubius
2339 4141 2405 4197 de
2427 4157 2485 4196 se
2505 4152 2628 4196 orat
2648 4181 2662 4205 ,
2688 4140 2780 4194 sed
2809 4138 2965 4192 nobis
2983 4133 3234 4205 proponit
3257 4146 3442 4187 exem-

1861 4239 2027 4309 plum.
2059 4235 2174 4291 Hoc
2201 4249 2307 4289 non
2333 4233 2548 4296 dicant,
2581 4233 2674 4286 sed
2713 4230 2892 4299 potius
2923 4248 2941 4278 ι
2972 4226 3062 4296 qui
3104 4223 3442 4295 gratulantur

1863 4327 2022 4383 malis
2059 4327 2225 4391 meis,
2264 4323 2425 4380 simul
2470 4343 2488 4374 ι
2534 4337 2722 4377 omnes
2756 4341 2772 4370 ε
2815 4319 3140 4374 erubescant
3183 4323 3240 4369 et
3283 4326 3436 4368 reve-

1863 4430 2108 4488 reantur,
2138 4441 2156 4472 ι
2185 4421 2239 4474 id
2264 4429 2378 4484 est,
2409 4418 2632 4471 timeant
2657 4425 2711 4468 et
2735 4416 2999 4468 honorent
3024 4425 3130 4464 me.

1932 4513 2001 4568 Et
2041 4527 2149 4566 non
2195 4518 2404 4564 tantum
2447 4507 2538 4577 qui
2568 4503 2913 4559 consentiunt
2941 4497 3265 4553 facientibus
3302 4492 3440 4548 mihi

171 4609 384 4679 ipsam,
421 4621 540 4676 quae
571 4607 728 4661 unica
756 4615 839 4660 est
866 4625 878 4659 :
912 4606 1036 4675 quia
1067 4605 1264 4660 nullam
1306 4614 1515 4674 partem
1557 4606 1753 4660 habet:
1783 4575 1836 4634 Β
1865 4606 2026 4671 mala,
2057 4605 2149 4658 sed
2176 4602 2341 4657 etiam
2374 4621 2390 4650 ι
2419 4575 2510 4669 qui
2539 4598 2832 4666 loquuntur
2868 4591 3100 4660 maligna
3138 4603 3301 4658 super
3328 4601 3436 4650 me.

171 4700 265 4755 vel
299 4699 547 4761 unicam,
589 4699 641 4753 id
684 4707 796 4765 est,
835 4714 1056 4754 carnem
1096 4713 1300 4762 meam,
1332 4712 1453 4767 quae
1492 4698 1650 4752 unica
1677 4709 1762 4754 est

176 4789 446 4844 immunis
475 4806 504 4842 a
531 4797 757 4859 peccato
792 4808 804 4844 :
839 4807 857 4840 ι
892 4789 1138 4852 restitue,
1171 4807 1189 4838 ›
1219 4787 1303 4843 fac
1324 4788 1686 4843 immortalem
1706 4797 1764 4842 et

174 4880 572 4950 impassibilem
597 4919 610 4944 ,
639 4888 878 4948 ereptam
909 4897 926 4927 ι
958 4894 986 4931 a
1016 4877 1290 4943 leonibus,
1320 4897 1338 4929 ι
1373 4877 1427 4931 id
1451 4885 1534 4933 est
1556 4894 1585 4931 a
1615 4878 1761 4946 prin-

174 4970 397 5041 cipibus
423 4968 728 5022 Judzeorum
757 4977 812 5022 et
841 4968 980 5022 aliis.

249 5061 450 5129 Incipit
474 5061 629 5114 tertia
655 5076 811 5129 pars,
842 5060 896 5114 in
927 5076 1030 5130 qua
1058 5061 1294 5116 ostendit
1320 5061 1448 5131 quid
1479 5062 1607 5117 boni
1639 5077 1765 5117 eve.

180 5153 302 5208 niat
337 5153 402 5208 de
442 5167 536 5206 sua
577 5152 826 5222 passione
854 5160 908 5205 et
937 5153 1364 5218 resurrectione,
1395 5153 1603 5208 scilicet
1644 5153 1764 5210 laus

181 5244 320 5309 Dei,
352 5244 634 5299 conversio
663 5244 984 5312 impiorum,
1015 5244 1302 5299 exsultatio
1322 5245 1614 5315 justorum.
1659 5246 1764 5301 Re-

182 5339 354 5391 stituc
383 5354 394 5389 :
427 5337 578 5402 Quod
627 5336 670 5390 si
717 5338 941 5400 feceris,
974 5356 993 5390 ι
1023 5337 1319 5393 conﬁtebor
1366 5338 1462 5392 tibi
1491 5358 1508 5389 ι
1545 5339 1598 5392 id
1647 5347 1766 5404 est,

180 5423 423 5480 laudabo
454 5433 504 5478 te
539 5442 556 5474 t
586 5425 638 5478 in
680 5425 907 5480 ecclesia
948 5441 1140 5494 magna
1181 5445 1197 5476 ι
1229 5427 1527 5481 secundum
1569 5442 1760 5482 nume-

183 5533 311 5573 rum
340 5531 354 5569 :
384 5518 507 5585 quia
540 5519 604 5572 de
634 5518 818 5572 multis
848 5518 1151 5585 conficitur,
1192 5534 1293 5574 nec
1327 5529 1508 5576 tamen
1536 5537 1763 5593 congre-

187 5617 316 5678 gata
349 5608 415 5661 dc
445 5608 610 5676 paleis
630 5650 644 5672 ,
675 5610 766 5664 sed
801 5629 817 5660 ι
851 5609 902 5664 ἰη
931 5609 1127 5680 populo
1154 5610 1334 5678 gravi,
1369 5630 1386 5663 ι
1417 5611 1469 5665 id
1505 5621 1620 5676 est,
1651 5622 1765 5670 sta-

189 5699 286 5752 bili
318 5714 414 5767 per
441 5699 692 5753 virtutem
728 5722 744 5751 ε
775 5701 1002 5756 laudabo
1033 5711 1081 5755 te
1114 5721 1155 5754 ι.

272 5791 382 5859 Ego
422 5790 648 5847 laudabo
681 5803 728 5847 te
749 5834 762 5858 ,
790 5794 862 5848 illi
892 5804 1068 5849 autem
1100 5793 1189 5864 qui
1221 5793 1576 5851 adversantur
1602 5797 1767 5864 mihi,

1865 4698 2159 4752 induantur
2184 4691 2501 4748 confusione
2527 4697 2580 4742 ει
2609 4685 2928 4742 reverentia.
2963 4703 2981 4734 ι

1936 4789 2027 4843 Isti
2053 4787 2396 4850 erubescant,
2414 4785 2507 4839 sed
2531 4783 2651 4851 «qui
2670 4780 2857 4835 volunt
2875 4777 3164 4847 justitiam,
3189 4795 3206 4827 ›
3234 4773 3445 4830 scilicet

1866 4880 2089 4941 imitari,
2122 4898 2140 4930 ‹
2167 4877 2444 4933 exsultent
2476 4897 2493 4926 ι
2516 4876 2569 4929 in
2587 4888 2835 4944 corpore,
2859 4883 2912 4926 et
2939 4871 2993 4925 in
3011 4871 3189 4925 anima
3217 4887 3236 4918 ι
3258 4868 3444 4921 laeten-

1867 4986 1956 5030 tur
1989 4992 2002 5028 :
2045 4993 2062 5026 ι
2107 4980 2162 5027 et
2188 4972 2262 5026 illi
2304 4991 2322 5021 α
2366 4970 2456 5040 qui
2487 4968 2666 5023 volunt
2687 5008 2701 5034 ,
2732 4987 2750 5019 ι
2782 4966 2834 5022 id
2859 4974 2959 5029 est,
2991 4964 3237 5034 diligunt,
3252 4964 3447 5029 petunt

1873 5091 1891 5122 (
1917 5085 2104 5141 pacem
2131 5067 2270 5123 servi
2300 5067 2436 5136 ejus,
2469 5085 2487 5116 ι
2519 5064 2571 5119 id
2599 5071 2712 5128 est,
2743 5063 2887 5116 illam
2917 5076 3105 5130 pacem
3133 5072 3293 5126 quam
3320 5069 3440 5126 ego,

1866 5165 1959 5234 qui
1989 5178 2110 5218 sum
2137 5176 2326 5216 servus
2351 5160 2487 5230 ejus,
2511 5159 2663 5229 posui
2689 5158 2829 5212 inter
2851 5157 3019 5210 Deum
3049 5162 3103 5207 et
3127 5150 3400 5206 hominem
3428 5167 3441 5201 ;

1874 5273 1891 5304 ι
1919 5261 1975 5308 ει
1998 5253 2450 5320 dicantsemper:
2484 5247 2855 5318 Magniﬁcetur
2879 5243 3138 5299 Dominus
3169 5259 3188 5292 ι
3219 5240 3287 5295 de
3312 5252 3447 5309 pace

1871 5345 1960 5399 illa
1991 5345 2113 5398 data
2142 5342 2470 5397 hominibus.

1941 5435 2030 5490 Isti
2060 5433 2410 5504 magnificent
2437 5432 2722 5487 Dominum
2751 5447 2769 5480 t
2799 5437 2854 5484 et
2890 5425 3074 5499 lingua
3115 5439 3237 5480 mea
3271 5423 3445 5479 medi-

1872 5525 2074 5579 tabitur
2101 5524 2371 5594 justitiam
2414 5531 2594 5584 tuam,
2639 5540 2657 5573 ι
2694 5520 2748 5574 id
2785 5528 2902 5582 est,
2947 5517 3202 5572 meditate
3237 5529 3448 5568 annun-

1870 5615 2058 5678 tiabit,
2103 5623 2161 5669 et
2203 5631 2310 5670 non
2354 5623 2561 5668 tantum
2602 5611 2871 5680 justitiam
2922 5618 3102 5671 tuam,
3151 5607 3246 5662 sed
3279 5624 3298 5657 ‹
3333 5614 3444 5661 tota

1872 5704 1959 5760 die
2006 5724 2023 5755 ι
2056 5704 2262 5774 justitia
2303 5703 2646 5758 annuntiabit
2684 5721 2704 5753 t
2745 5699 2953 5754 laudem
2994 5707 3171 5763 tuam,
3205 5716 3223 5750 ι
3251 5698 3303 5753 id
3330 5709 3446 5765 est,

1875 5803 1927 5851 te
1964 5795 2284 5852 laudabilem
2307 5838 2320 5864 ,
2366 5798 2505 5852 sicut
2543 5797 2608 5852 de
2649 5794 2921 5850 creatione
2958 5791 3078 5848 caeli
3106 5792 3356 5850 Christus
3397 5794 3450 5848 in
