3984 6468
521 413 629 470 5ιὸ

982 408 1335 465 HAYMONIS
1373 403 1848 470 HALDERSTAT.
1888 403 2106 460 EPISC.
2147 403 2299 460 OPP.
2341 400 2524 460 PARS
2563 404 2603 459 l.
2637 437 2701 446 —
2743 406 3101 464 COMMENT.
3142 407 3312 464 BIBL.

3701 410 3809 465 316

522 524 739 596 propria
777 537 1009 595 persona
1045 501 1254 578 laudem
1297 519 1392 576 Dei
1439 518 1811 582 annuntiavit,
1851 525 1908 572 et
1935 515 2100 571 etiam
2131 526 2177 586 Α
2276 515 2452 571 Verba
2483 525 2610 570 sunt
2653 516 2940 588 iniquitas,
2985 527 3041 574 et
3081 519 3246 574 etiam
3273 520 3326 574 in
3366 521 3700 590 cognitione
3728 534 3813 578 est

523 631 622 686 per
645 617 745 671 hos
771 615 929 670 hodie
946 653 959 678 ,
981 628 1084 683 per
1123 626 1260 682 quos
1280 609 1544 678 loquitur,
1585 609 1698 677 ipse
1724 606 2095 661 annuntiatur.

521 704 679 772 Quod
704 704 838 761 dicit
864 704 1097 774 linguam
1137 699 1418 765 meditari,
1455 699 1600 769 quod
1637 696 1818 753 cordis
1852 703 1936 752 est
1969 710 2097 764 pro-

523 799 701 871 prium
742 797 938 860 facere,
975 809 1042 849 ex
1087 792 1284 847 unione
1323 791 1722 852 membrorum,
1753 787 1895 858 quod
1920 785 2100 842 cordis

521 895 638 955 est,
665 886 859 957 linguae
880 881 1144 938 attribuit.

960 991 1027 1047 ΙΝ
1065 990 1396 1048 PSALMUM
1434 989 1654 1046 XXXV.

711 1080 970 1138 Trruws.
1018 1079 1084 1133 In
1107 1079 1265 1148 ﬁnem
1294 1095 1440 1133 servo
1471 1077 1682 1132 Domini
1709 1076 1899 1132 David.

595 1194 618 1228 ‹
641 1171 791 1229 Dixit
815 1171 1070 1241 injustus.
1102 1188 1122 1223 ι
1149 1168 1399 1223 Psalmus
1446 1169 1547 1222 iste
1589 1168 1842 1222 convenit
1885 1169 2102 1238 proprie

520 1265 800 1338 prophetae
835 1261 1007 1316 David
1056 1275 1215 1315 servo
1264 1259 1524 1314 Domini:
1577 1259 1671 1329 qui
1699 1261 1856 1315 bene
1902 1261 1954 1314 in
2001 1261 2104 1316 hoc

519 1356 730 1434 psalmo
777 1353 1163 1423 comprobatur
1209 1365 1398 1406 servus
1441 1350 1685 1415 Domini,
1730 1350 1855 1419 quia
1900 1349 1953 1404 in
2000 1351 2102 1406 hoc

519 1447 726 1516 psalmo
755 1443 993 1500 ostendit
1022 1451 1364 1512 peccatorem
1412 1441 1594 1495 omnia
1622 1449 1843 1510 peccata
1873 1456 1969 1496 sua
1997 1457 2102 1495 non

521 1555 554 1593 a
579 1538 711 1602 Deo,
744 1536 839 1590 scd
884 1550 950 1590 ex
983 1549 1042 1591 se
1083 1534 1266 1590 omnia
1307 1534 1526 1590 habere.
1559 1531 1771 1589 Justum
1801 1546 1932 1591 vero
1969 1533 2104 1591 nihil

515 1628 759 1699 iustitiae,
812 1626 915 1680 nisi
953 1640 1023 1681 ex
1046 1624 1213 1680 solius
1237 1625 1330 1680 Dei
1359 1626 1561 1695 pietate
1587 1624 1804 1680 habere.
1859 1624 2104 1682 Psalmus

521 1720 644 1774 (lico
672 1718 909 1792 dirigens
935 1717 988 1772 in
1018 1715 1201 1784 finem,
1234 1717 1288 1772 id
1315 1725 1430 1784 est,
1457 1716 1748 1772 Christum.
1781 1717 1999 1772 Materia
2021 1727 2105 1774 est

516 1811 716 1882 justus,
766 1819 822 1864 et
847 1809 1170 1866 secundario
1196 1810 1411 1880 impius.
1458 1809 1647 1864 Modus
1673 1825 1804 1866 vero
1830 1809 1954 1864 talis
1980 1818 2099 1865 est:

2201 609 2493 678 iniquitas:
2543 617 2598 663 et
2623 609 2726 664 hoc
2748 618 2832 666 est
2879 628 2898 661 ι
2927 611 3263 681 iniquitatem
3301 613 3601 668 meditatus
3631 622 3729 669 est
3760 618 3811 671 in

2200 699 2364 757 cubili
2396 715 2515 765 suo,
2539 718 2557 753 ι
2590 701 2644 756 id
2662 708 2766 766 est,
2794 701 2846 755 in
2872 703 3036 756 corde
3057 705 3198 772 quod
3225 703 3404 759 cubile
3425 703 3548 759 ideo
3570 705 3808 771 dicitur,

2201 791 2326 861 quia
2354 789 2496 844 sicut
2523 790 2578 845 in
2615 790 2776 845 cubili
2814 806 2912 846 suo
2939 791 3139 860 aliquis
3162 830 3177 857 ,
3222 791 3381 846 sicin
3411 794 3582 847 corde
3621 793 3811 850 anima

2201 880 2380 935 stultis
2407 887 2666 950 occupata
2713 879 3164 950 cogitationibus,
3218 881 3556 951 requiescit:
3607 892 3673 936 et
3704 900 3808 937 non

2201 979 2409 1025 tantum
2458 968 2752 1025 meditatur
2779 971 3142 1041 iniquitatem,
3189 972 3282 1028 sed
3309 973 3473 1028 etiam
3514 989 3535 1023 ι
3564 973 3757 1028 astitit
3784 994 3802 1026 ι

2200 1062 2502 1118 diutissime
2524 1063 2865 1118 immorando
2897 1081 2916 1114 ‹
2957 1064 3104 1119 omni
3134 1063 3236 1119 viae
3259 1080 3365 1120 non
3392 1065 3552 1119 home
3587 1083 3610 1116 ι
3658 1068 3807 1119 omni

2200 1155 2356 1210 malae
2381 1155 2706 1224 operationi,
2753 1155 2980 1221 scilicet,
3022 1171 3146 1211 cum
3193 1154 3404 1210 furibus
3447 1155 3804 1223 furatusest,

2201 1261 2322 1302 cum
2352 1245 2580 1302 moechis
2604 1246 2911 1302 maechatus
2938 1255 3041 1313 est,
3075 1256 3182 1302 etc.
3215 1246 3427 1301 Etcum
3458 1256 3671 1300 natura
3701 1249 3806 1308 exi.

2201 1318 2374 1407 geret,
2418 1345 2477 1389 ut
2512 1335 2709 1405 ipsein
2749 1350 2808 1390 se
2853 1335 2989 1389 etin
3021 1335 3141 1390 aliis
3181 1334 3318 1388 mala
3349 1334 3550 1399 odiret,
3583 1353 3604 1385 ι
3651 1337 3804 1389 mali-

2203 1432 2331 1485 tiam
2361 1446 2467 1485 non
2491 1430 2684 1497 odivit,
2717 1449 2734 1482 ι
2771 1439 2827 1485 ει
2857 1430 2944 1485 hic
2986 1430 3130 1487 illius
3161 1430 3402 1500 nequitia
3433 1429 3686 1484 maxime
3716 1443 3802 1500 ag-

2202 1528 2480 1591 gravatur.

2275 1609 2376 1665 Hic
2427 1609 2615 1679 incipit
2664 1609 2731 1665 de
2777 1609 3012 1666 secunda
3060 1618 3233 1679 parte.
3287 1608 3647 1664 Continuatio
3679 1628 3692 1661 :
3724 1608 3800 1662 In-

2196 1700 2375 1772 justus
2400 1700 2562 1756 habet
2582 1716 2648 1755 ex
2673 1717 2732 1756 se
2759 1717 2854 1757 sua
2879 1709 3125 1771 peccata,
3163 1700 3278 1766 sed,
3301 1715 3334 1755 o
3361 1719 3379 1752 ‹
3419 1699 3680 1764 Domine,
3707 1699 3802 1754 mi-

2203 1791 2496 1849 sericordia
2518 1801 2609 1847 tua
2639 1801 2724 1848 est
2761 1793 2815 1846 in
2845 1791 3016 1856 coelo,
3052 1811 3072 1844 ›
3101 1791 3153 1846 id
3178 1799 3277 1856 est,
3308 1790 3688 1846 misericordia
3714 1798 3799 1844 tua

519 1902 577 1957 In
607 1902 780 1972 prima
812 1908 967 1970 parte
1011 1900 1227 1969 psalmi,
1271 1900 1494 1970 impium
1523 1914 1646 1954 cum
1674 1914 1772 1954 sua
1798 1900 2103 1954 accusatio-

2213 1883 2333 1938 iacit
2365 1884 2575 1954 aliquos
2602 1897 2724 1939 esse
2750 1883 2937 1948 caelos,
2986 1883 3039 1937 id
3074 1891 3180 1945 est,
3217 1881 3391 1952 justos
3415 1921 3432 1946 ,
3476 1881 3609 1952 quia
3642 1895 3799 1936 nemo

520 2005 592 2048 ne
640 1991 917 2046 describit.
950 1989 1085 2046 Cum
1112 1990 1256 2046 enim
1304 1990 1502 2060 impius
1545 1989 1750 2046 diceret
1787 2008 1800 2044 :
1835 1989 1948 2044 Non
1979 2007 2103 2061 pos-

518 2099 640 2140 sum
670 2097 757 2136 me
787 2082 1082 2147 abstinere,
1126 2080 1253 2150 quia
1299 2081 1380 2136 sic
1407 2097 1524 2137 sum
1569 2091 1809 2148 creatus,
1856 2083 1978 2137 talis
2020 2092 2104 2138 est

520 2184 640 2230 mea
679 2183 896 2237 natura,
947 2174 1185 2228 ostendit
1223 2188 1346 2228 eum
1394 2172 1530 2229 falso
1573 2175 1729 2243 queri
1777 2175 1844 2230 de
1875 2188 1968 2229 sua
2001 2190 2099 2228 na-

520 2274 664 2330 tura,
698 2273 755 2320 et
799 2265 1199 2335 corruptionem
1243 2280 1351 2319 non
1380 2279 1411 2318 a
1447 2279 1544 2320 sua
1575 2265 1870 2330 creatione,
1919 2273 1974 2318 et
1999 2281 2100 2320 na-

519 2367 664 2422 tura,
695 2357 787 2412 sed
815 2372 846 2410 a
875 2371 971 2411 sua
1000 2355 1276 2411 voluntate
1315 2357 1534 2412 habere.
1584 2354 1642 2410 in
1671 2356 1904 2412 secunda
1951 2367 2104 2426 parte

520 2445 776 2502 describit
802 2445 1005 2513 justum
1035 2461 1138 2500 non
1164 2461 1286 2500 cum
1321 2461 1416 2501 sua
1442 2445 1633 2510 laude,
1666 2447 1760 2501 sed
1786 2462 1908 2501 cum
1945 2447 2104 2503 laude

519 2536 637 2592 Dei.
661 2535 850 2590 Justus
893 2536 1034 2590 enim
1075 2536 1211 2590 nihil
1252 2536 1378 2591 boni
1411 2550 1474 2589 ex
1505 2550 1584 2602 se,
1631 2537 1725 2590 sed
1752 2538 1933 2591 omnia
1961 2539 2102 2593 bona

518 2640 586 2681 ex
615 2627 730 2682 solo
761 2627 866 2680 Deo
895 2626 985 2680 hic
1025 2626 1330 2680 ostenditur
1353 2624 1618 2679 obtinere.
1648 2625 1885 2680 lntendit
1923 2634 2102 2681 autem

517 2725 619 2774 nos
639 2718 951 2779 admonere,
986 2723 1045 2769 ut
1066 2715 1195 2768 vitia
1221 2729 1288 2770 ex
1329 2713 1486 2770 nobis
1513 2730 1652 2779 esse,
1700 2715 1842 2771 bona
1866 2725 2048 2773 autem
2071 2734 2104 2773 a

518 2791 630 2861 Deo
651 2818 1061 2874 cognoscamus.

588 2891 767 2948 Nolite
811 2907 909 2947 vos
959 2906 1221 2947 excusare
1287 2891 1355 2947 de
1404 2891 1642 2962 peccatis
1689 2894 1919 2958 vestris,
1976 2895 2104 2964 quia

525 3001 544 3036 ς
586 2983 744 3048 dixit,
781 3001 801 3035 ι
840 2982 894 3037 id
939 2990 1024 3038 est
1053 2981 1373 3036 deliberavit
1417 2981 1635 3051 quidam
1683 3001 1703 3032 ‹
1740 2993 1802 3036 ιιι
1825 2983 2105 3054 delinquat

520 3075 575 3129 in
600 3073 922 3141 semetipso,
961 3091 979 3123 ι
1011 3071 1064 3126 id
1111 3080 1228 3137 est,
1268 3087 1373 3126 non
1400 3087 1464 3126 ex
1507 3086 1604 3127 sua
1647 3080 1862 3139 natura,
1905 3090 2012 3130 non
2035 3090 2103 3130 ex

520 3165 832 3229 coactionc,
863 3163 955 3218 sed
978 3179 1044 3218 ex
1085 3179 1181 3218 sua
1206 3163 1480 3218 voluntate
1506 3164 1607 3218 hoc
1633 3163 1784 3228 fecit,
1813 3179 1913 3220 nec
1933 3166 2099 3220 etiam

2207 1988 2304 2042 per
2333 1989 2413 2037 se,
2436 1973 2529 2028 sed
2557 1987 2744 2027 omnes
2769 1986 2867 2041 per
2889 1979 2942 2026 te
2963 1971 3164 2025 habent
3183 1969 3474 2040 justitiam,
3501 1989 3522 2022 ‹
3557 1978 3614 2025 ει
3634 1972 3796 2024 etiam

2202 2062 2406 2118 veritas
2452 2071 2576 2129 tua,
2613 2082 2633 2114 ι
2682 2061 2734 2117 id
2761 2069 2883 2127 est,
2914 2060 3153 2132 cognitio
3179 2061 3426 2114 veritatis
3453 2060 3798 2130 protenditur

2209 2170 2228 2204 ς
2259 2167 2432 2222 usque
2478 2154 2547 2207 ad
2577 2153 2769 2217 nubes,
2798 2171 2818 2204 ι
2860 2151 2915 2206 id
2959 2159 3062 2215 est,
3111 2159 3326 2206 sanctos
3367 2150 3647 2220 apostolos
3671 2168 3685 2203 :
3709 2151 3795 2221 qui

2203 2245 2324 2301 ideo
2348 2247 2517 2301 nubes
2543 2245 2815 2311 dicuntur,
2846 2245 3105 2315 quoniam
3133 2245 3327 2316 pluunt
3349 2260 3535 2300 rorem
3562 2245 3796 2300 celestis

2203 2338 2391 2409 gratiae
2429 2337 2700 2402 ﬁdelibus,
2751 2351 2819 2392 ex
2847 2336 2956 2392 illis
3007 2335 3240 2391 nubibus
3270 2337 3418 2391 venit
3467 2337 3540 2391 ad
3569 2352 3673 2391 nos
3712 2336 3796 2392 illa

2202 2429 2438 2500 cognitio
2490 2428 2752 2483 veritatis.
2805 2428 3173 2484 Misericordia
3219 2442 3286 2483 ex
3316 2429 3445 2489 Deo,
3497 2429 3706 2484 Veritas
3732 2444 3793 2483 ex

2203 2522 2334 2583 Deo,
2355 2519 2560 2588 justitia
2584 2519 2747 2573 etiam
2769 2535 2837 2574 ex
2860 2519 3001 2574 Deo:
3021 2527 3075 2574 et
3095 2518 3199 2574 hoc
3221 2527 3328 2584 est,
3355 2537 3373 2570 ι
3403 2517 3624 2587 justitia
3643 2528 3750 2583 tua,
3770 2538 3790 2570 ι

2201 2610 2258 2665 id
2273 2620 2375 2675 est,
2392 2609 2524 2680 justi
2547 2618 2675 2664 sunt
2701 2627 2719 2661 ‹
2753 2619 2963 2666 montes
2991 2611 3109 2677 Dei,
3145 2629 3163 2662 ι
3197 2610 3250 2665 id
3273 2617 3378 2675 est,
3404 2611 3794 2680 comparabiles

2202 2684 2496 2754 montibus.
2541 2697 2674 2752 Nam
2705 2699 2846 2754 sicut
2880 2700 2933 2753 in
2964 2701 3240 2756 montibus
3268 2701 3346 2756 sol
3375 2715 3538 2755 mane
3572 2701 3790 2764 relucet,

2201 2805 2256 2851 et
2283 2795 2406 2851 inde
2435 2793 2716 2850 descendit
2746 2795 2800 2848 in
2827 2794 3016 2860 valles,
3069 2795 3149 2850 sic
3173 2795 3413 2866 cognitio
3455 2796 3552 2850 Dei
3584 2796 3640 2850 in
3675 2795 3792 2863 ipsis

2202 2885 2462 2957 apostolis
2512 2885 2732 2968 reluxit,
2781 2893 2838 2940 et
2863 2900 2928 2940 ex
2980 2885 3105 2940 inde
3153 2885 3219 2940 ad
3267 2886 3402 2940 alios
3431 2886 3686 2942 homines
3707 2901 3793 2956 per

2202 2977 2420 3034 eosdem
2449 2976 2720 3046 apostolos
2751 2975 3048 3041 descendit,
3081 2984 3136 3032 et
3181 2992 3251 3031 ne
3293 2992 3390 3047 per
3413 2986 3634 3034 montes
3663 2979 3791 3032 acci.

2201 3069 2414 3139 piamus
2465 3067 2637 3123 elatos
2677 3067 2840 3138 hujus
2894 3067 3118 3131 saeculi,
3163 3067 3311 3122 addit
3345 3087 3363 3118 ‹
3401 3067 3523 3122 Dei.
3556 3087 3578 3121 ι
3641 3069 3708 3123 Et
3732 3085 3792 3124 ne

2203 3161 2398 3230 aliquis
2420 3159 2642 3224 diceret,
2692 3172 2863 3228 quare
2894 3158 2993 3214 bos
3048 3158 3230 3228 potius
3253 3159 3420 3228 elegit
3441 3199 3458 3221 ,
3501 3169 3557 3213 et
3587 3160 3690 3214 hos
3715 3175 3791 3213 re-

521 3219 946 3312 attendit‘D’eum
965 3251 1203 3321 judicem
1233 3252 1472 3307 futurum
1491 3219 1781 3323 unicuique
1805 3219 2100 3310 secundum
2128 3219 2172 3280 Ο
2204 3219 2474 3321 probavit,
2505 3219 2726 3304 subdit:-
2752 3267 2771 3302 ι
2803 3248 3005 3320 judicia
3030 3219 3122 3302 tua
3142 3219 3371 3320 abyssus
3399 3219 3592 3314 multa,
3628 3251 3678 3304 id
3700 3257 3791 3310 est,

521 3347 750 3409 merita,
785 3353 841 3400 et
877 3345 981 3400 hoc
1005 3353 1090 3400 est
1119 3364 1137 3396 ι
1175 3345 1336 3399 timor
1364 3344 1458 3398 Dei
1489 3363 1508 3396 ι
1555 3346 1646 3415 qui
1675 3346 1926 3402 omnibus
1968 3361 2107 3416 prae-

521 3437 733 3508 positus
754 3443 860 3499 est,
913 3452 932 3484 ι
963 3450 1069 3490 non
1099 3441 1184 3488 est
1215 3442 1340 3489 ante
1365 3434 1550 3489 oculos
1594 3433 1732 3502 ejus,
1771 3455 1790 3487 ι
1839 3434 1894 3490 id
1919 3443 2023 3501 est,
2051 3436 2104 3490 in

524 3540 622 3580 sua
642 3523 1076 3579 consideratione
1102 3530 1162 3576 ut
1183 3521 1268 3575 vel
1284 3521 1409 3576 inde
1428 3522 1648 3592 cogitet.
1672 3522 1731 3577 1n
1748 3521 1852 3578 hoc
1872 3524 2107 3578 maxime

524 3622 744 3672 notatur
767 3613 1005 3683 nequitia
1033 3613 1220 3684 ipsius,
1249 3613 1393 3682 quod
1417 3629 1481 3668 ex
1509 3613 1786 3669 voluntate
1814 3624 2025 3684 peccat,
2051 3625 2108 3670 et

522 3705 832 3761 nullatenus
859 3703 1053 3758 timore
1078 3703 1245 3758 futuri
1277 3703 1467 3773 judicii
1499 3702 1825 3759 refrenatur.
1998 3686 2003 3694 ’

591 3797 736 3852 Bene
776 3795 896 3850 dico
939 3795 1083 3865 quod
1125 3795 1292 3850 timor
1319 3795 1414 3850 Dei
1464 3811 1571 3851 non
1622 3804 1709 3851 est
1753 3803 1880 3852 ante
1924 3795 2111 3852 oculos

522 3885 661 3956 ejus,
721 3903 741 3936 ι
777 3883 1034 3955 quoniam
1069 3903 1085 3936 ι
1126 3885 1242 3954 ipse
1285 3904 1302 3937 ι
1331 3885 1515 3941 dolose
1552 3885 1663 3955 egit
1695 3904 1714 3936 ι
1753 3900 1879 3950 cum
1905 3885 2112 3942 diceret

523 3993 587 4033 se
622 3993 728 4032 non
760 3990 830 4030 ex
858 3990 956 4029 sua
985 3974 1287 4042 voluntate,
1318 3976 1412 4030 sed
1440 3990 1506 4032 ex
1531 3991 1627 4030 sua
1656 3986 1850 4031 natura
1877 3985 1934 4031 et
1957 3990 2115 4032 crea-

524 4069 693 4133 tione,
741 4081 808 4120 ex
836 4065 1160 4120 necessitate
1205 4079 1454 4135 peccare,
1485 4066 1628 4135 quod
1686 4066 1904 4136 quidem
1959 4067 2112 4122 dolus

525 4166 664 4222 erat,
691 4157 819 4226 quia
847 4157 975 4211 licet
1003 4155 1107 4211 hoc
1141 4155 1382 4223 diceret,
1413 4165 1592 4212 tamen
1627 4157 1683 4212 in
1711 4173 1808 4212 sua
1837 4159 2116 4215 conscien-

526 4249 603 4303 tia
631 4263 698 4302 εκ
724 4261 784 4301 se
814 4246 931 4316 ipso
976 4255 1256 4315 peccatum
1281 4261 1401 4302 esse
1435 4247 1661 4312 sciebat,
1694 4257 1749 4304 et
1778 4250 1879 4306 hoc
1905 4258 2112 4306 tantum

2206 3351 2370 3398 tanta:
2396 3341 2806 3413 profunditatis,
2856 3341 3003 3412 quod
3045 3356 3166 3395 eam
3212 3357 3374 3399 nemo
3402 3351 3586 3414 potest
3615 3358 3794 3413 cogno-

2207 3447 2383 3489 scere.

2276 3523 2418 3577 Vere
2459 3521 2662 3590 judicia
2688 3532 2779 3579 tua
2812 3525 3041 3597 abyssus
3088 3523 3280 3591 multa,
3331 3525 3459 3595 quia
3511 3535 3568 3581 tu
3620 3525 3787 3580 salva-

2206 3614 2292 3669 bis
2337 3621 2595 3682 utrosque
2635 3623 2693 3669 et
2740 3615 3034 3671 rationales
3084 3623 3140 3670 et
3183 3615 3577 3672 irrationales:
3617 3619 3791 3672 ethoc

2207 3711 2308 3765 est,
2347 3718 2382 3757 o
2426 3722 2444 3755 ‹
2480 3703 2728 3770 Domine,
2758 3723 2781 3754 ο
2822 3711 2877 3760 ιιι
2911 3723 2930 3756 ‹
2982 3705 3220 3760 salvabis
3259 3725 3278 3758 ι
3326 3705 3593 3776 spirituali
3627 3706 3791 3761 salva-

2209 3795 2377 3858 tione,
2409 3813 2426 3846 ‹
2457 3794 2725 3862 homines,
2765 3813 2783 3846 ι
2812 3795 2866 3850 id
2892 3803 2976 3850 est
2996 3795 3324 3862 rationales,
3366 3814 3386 3846 ι
3427 3795 3742 3864 etjumenta
3770 3815 3789 3848 ι

2209 3883 2262 3938 id
2289 3892 2373 3938 est
2421 3883 2788 3949 irrationales,
2831 3883 3038 3941 faciens
3062 3901 3159 3940 eos
3183 3887 3490 3951 rationales,
3526 3887 3683 3940 sicuti
3712 3886 3796 3941 fe-

2211 3975 2333 4030 cisti
2363 3972 2588 4028 Paulum
2616 3993 2629 4028 :
2665 3976 2750 4031 vel
2773 3974 3009 4031 salvabis
3038 3975 3308 4046 corporali
3339 3976 3657 4039 salvatione,
3693 3976 3796 4030 mi-

2210 4065 2592 4122 nistraudoeis
2637 4068 2942 4123 necessaria
2986 4067 3147 4138 hujus
3189 4070 3337 4135 vitre,
3368 4076 3424 4124 et
3449 4071 3613 4124 etiam
3658 4070 3794 4124 mul-

2213 4158 2285 4214 tis
2313 4158 2434 4213 aliis
2460 4159 2636 4214 modis
2659 4178 2677 4210 ‹
2713 4159 3086 4231 multiplicasti
3117 4160 3547 4215 misericordiam
3579 4170 3726 4214 tuam
3770 4181 3788 4211 ι

2212 4249 2316 4305 hoc
2357 4248 2626 4317 faciendo,
2659 4268 2678 4302 ‹
2715 4251 3191 4320 quemadmodum,
3227 4271 3245 4303 ι
3290 4251 3344 4307 id
3381 4261 3486 4315 est,
3540 4262 3792 4322 quantum

526 4341 581 4395 in
635 4346 929 4409 conspectu
951 4338 1252 4405 hominum,
1274 4340 1401 4410 quia
1425 4340 1670 4396 homines
1696 4343 1958 4412 putabant
1989 4358 2112 4399 eum
2149 4386 2152 4388 η
2214 4341 2586 4413 multiplicasti
2616 4342 3051 4398 misericordiam
3098 4351 3270 4398 tuam.
3316 4343 3615 4399 Sciendum
3663 4343 3795 4413 quod

525 4447 716 4486 verum
740 4431 940 4498 dicere,
977 4432 1072 4486 sed
1101 4430 1156 4485 in
1181 4441 1472 4503 conspectu
1501 4435 1596 4489 Dei
1633 4436 1902 4490 iutantum
1931 4435 2116 4492 dolose
2215 4433 2342 4489 licet
2392 4432 2563 4488 David
2608 4440 2664 4488 et
2720 4432 3010 4503 Apostolus
3061 4434 3262 4504 aliquid
3314 4434 3701 4504 cognovissent
3737 4435 3798 4488 de

525 4523 637 4593 egit
663 4540 681 4575 ι
715 4531 775 4576 ut
801 4521 1060 4592 iniquitas
1086 4521 1206 4593 ejus
1246 4541 1265 4575 ι
1301 4524 1368 4579 ab
1397 4524 1514 4595 ipso
1543 4527 1730 4582 eodem
1759 4545 1777 4578 ‹
1808 4527 2118 4582 inveniatur
2141 4569 2194 4628 Β
2218 4523 2447 4580 consilio
2475 4525 2594 4597 Dei,
2625 4538 2798 4594 quare
2819 4526 3083 4595 quosdam
3129 4526 3370 4596 eligeret,
3426 4527 3693 4595 quosdam
3720 4540 3798 4580 re.

527 4615 596 4670 ad
624 4633 643 4667 ι
685 4613 781 4668 Dei
810 4621 866 4667 et
888 4612 1455 4682 hominumjustorum
1494 4617 1770 4687 pertinere
1801 4637 1820 4668 ι
1853 4617 2057 4674 odium.
2091 4639 2109 4666 ι

595 4705 938 4776 lniquitatem
963 4719 1061 4776 per
1089 4715 1273 4776 partes
1297 4707 1630 4777 exsequitur,
1661 4717 1716 4762 et
1741 4708 1979 4764 ostendit
2007 4709 2112 4764 ini-

529 4797 790 4865 quitatem
819 4795 937 4866 ejus
969 4803 1025 4850 et
1076 4796 1132 4851 in
1181 4798 1511 4868 cogitatione
1540 4807 1596 4853 et
1640 4801 1695 4854 in
1742 4800 1924 4855 verbis
1951 4807 2007 4855 et
2055 4801 2111 4855 in

523 4896 676 4942 actu.
701 4886 1078 4944 Continuatio:
1106 4888 1253 4944 Bene
1281 4891 1402 4946 dico
1423 4890 1680 4962 iniquitas
1703 4892 1838 4963 ejus,
1853 4893 2109 4964 quoniam

535 5001 555 5034 ι
583 4982 746 5036 verba
777 4982 889 5035 oris
908 4982 1024 5051 ejus
1051 4981 1310 5051 iniquitas
1334 4993 1388 5038 et
1415 4984 1570 5041 dolus
1605 5003 1623 5037 ι
1660 4995 1852 5040 natura
1877 5003 1891 5039 :
1921 4986 2113 5057 iniqui-

533 5082 641 5136 tas,
669 5072 721 5126 id
747 5081 852 5136 est,
880 5073 1230 5142 blasphemia:
1251 5082 1439 5128 contra
1467 5075 1658 5141 Deum,
1683 5086 1739 5130 et
1765 5075 1920 5132 dolus
1957 5086 2040 5132 est
2063 5079 2117 5133 in

531 5163 854 5233 proximum,
884 5163 1011 5232 quia
1052 5163 1217 5217 etiam
1240 5163 1286 5217 si
1314 5164 1455 5219 bona
1479 5165 1642 5232 dicat,
1673 5174 1850 5222 tamen
1900 5167 2005 5224 hoc
2033 5183 2118 5223 se-

532 5254 775 5309 ductoria
804 5254 1101 5310 intentione
1136 5254 1305 5311 facit:
1337 5264 1392 5311 et
1416 5272 1481 5311 ne
1507 5257 1596 5312 ille
1625 5275 1721 5327 per
1754 5260 2114 5331 ignorantiam

532 5357 592 5398 ee
618 5351 924 5409 excusaret,
972 5345 1213 5400 ostendit
1241 5361 1364 5401 eum
1390 5347 1828 5415 inexcusabilem,
1882 5366 2007 5406 cum
2037 5351 2118 5405 di-

531 5433 627 5497 cit,
657 5451 676 5483 ι
713 5431 885 5487 noluit
909 5433 1208 5505 intelligere
1229 5451 1353 5491 cum
1378 5437 1515 5492 bene
1541 5447 1727 5508 ageret
1754 5457 1772 5490 ι
1804 5438 1889 5494 vel
1916 5439 1970 5493 in
1999 5453 2118 5493 ver-

532 5523 618 5580 bis
645 5523 731 5579 vel
759 5524 813 5579 in
842 5524 1021 5581 factis.
1072 5527 1303 5584 Dederat
1334 5530 1478 5585 enim
1509 5531 1650 5585 Deus
1701 5531 1903 5586 homini
1958 5532 2119 5586 ratio-

534 5627 683 5678 nem,
722 5627 826 5688 qua
855 5614 1114 5686 quidquid
1142 5616 1243 5674 sibi
1293 5628 1437 5676 esset
1464 5620 1730 5690 agendum
1757 5627 1935 5688 posset
1960 5619 2119 5674 intel-

536 5701 748 5773 ligere't
785 5712 843 5758 et
870 5704 1094 5760 liberum
1117 5708 1405 5764 arbitrium
1436 5711 1775 5772 restituerat,
1804 5725 1910 5779 quo
1939 5719 2120 5780 posset

539 5792 734 5850 divina:
762 5797 947 5866 gratiae
975 5800 1258 5855 assentire.

2217 4615 2494 4686 probaret,
2522 4624 2702 4671 tamen
2745 4615 3041 4671 noluerunt
3096 4616 3327 4685 aperire,
3378 4617 3506 4685 quia
3537 4631 3796 4686 cognove-

2221 4717 2346 4762 runt
2391 4708 2532 4777 quod
2560 4707 2665 4762 hoc
2693 4709 2872 4778 potius
2896 4717 3117 4765 noceret
3145 4723 3306 4778 quam
3336 4711 3643 4779 prodesset.

2288 4799 2365 4853 Tn
2411 4800 2645 4855 Salrabis
2684 4799 2933 4854 homines
2959 4809 3014 4854 et
3047 4799 3314 4870 jumenta,
3345 4800 3440 4854 sed
3471 4799 3550 4854 illi
3589 4800 3797 4854 irratio-

2215 4891 2368 4946 nales
2416 4890 2555 4946 male
2581 4899 2807 4946 utuntur
2847 4891 3145 4946 salvatione
3173 4899 3263 4946 tua
3287 4892 3412 4961 quia
3446 4905 3555 4945 non
3585 4900 3802 4960 sperant

2215 4981 2269 5034 in
2324 4989 2378 5035 te
2425 4996 2440 5034 :
2496 4999 2514 5031 ι
2562 4980 2656 5035 lilii
2703 4991 2884 5036 autem
2927 4981 3228 5046 hominum,
3271 5000 3289 5032 ι
3330 4980 3382 5034 id
3421 4988 3528 5044 est,
3574 4982 3800 5034 rationa-

2218 5070 2322 5138 les,
2367 5089 2385 5122 ‹
2415 5074 2712 5142 sperabunt
2737 5074 2790 5128 in
2831 5072 3065 5144 tegmine
3107 5072 3315 5126 alarum
3364 5079 3599 5134 tuarum,
3636 5092 3655 5123 ι
3681 5073 3797 5142 quia

2218 5164 2362 5219 sicut
2403 5164 2534 5236 pulli
2579 5181 2687 5221 non
2740 5171 2964 5234 possunt
3013 5163 3233 5229 nutriri,
3276 5163 3378 5218 nisi
3433 5163 3535 5218 sub
3562 5164 3666 5218 alis
3695 5180 3800 5218 ma-

2219 5257 2340 5322 tris,
2371 5257 2451 5312 sic
2489 5257 2793 5328 intelligunt
2827 5272 2886 5312 se
2931 5272 3038 5312 non
3074 5270 3234 5327 posse
3274 5256 3573 5311 subsistere
3614 5264 3800 5310 contra

2217 5357 2409 5403 aestum
2439 5347 2662 5414 diaboli,
2695 5346 2799 5402 nisi
2847 5345 3074 5415 protecti
3097 5345 3221 5411 alis,
3252 5345 3306 5402 id
3335 5355 3440 5411 est,
3489 5345 3805 5400 misericor-

2221 5440 2308 5495 dia
2357 5448 2414 5496 et
2436 5439 2663 5494 veritate
2711 5438 2825 5494 Dei.
2875 5437 3128 5493 Vel'ita:
3166 5447 3221 5492 tu
3251 5437 3484 5493 salvabis
3532 5438 3713 5494 bonos
3757 5445 3808 5492 et

2223 5531 2514 5587 rationales
2552 5530 2816 5601 spirituali
2843 5529 3159 5598 salvationc,
3190 5540 3246 5587 et
3268 5531 3366 5600 ipsi
3392 5547 3498 5586 non
3521 5543 3692 5586 erunt
3730 5533 3806 5587 in—

2222 5623 2380 5694 grati,
2407 5623 2500 5679 sed
2537 5624 2836 5694 Sperabunt
2889 5623 2942 5676 in
2977 5624 3212 5693 tegmine
3251 5623 3457 5678 alarum
3484 5631 3731 5678 tuarum.

2294 5715 2398 5786 ipsi
2427 5717 2720 5785 sperabunt
2755 5717 2807 5771 in
2839 5725 2910 5782 te,
2931 5732 3030 5772 nec
3057 5717 3450 5773 i‘raudabuntnr
3490 5733 3519 5772 a
3551 5732 3649 5772 sua
3690 5731 3803 5785 spe.

2225 5807 2477 5877 quoniam
2525 5826 2543 5858 ι
2574 5807 2981 5863 inebriabuntur
3022 5809 3089 5864 ab
3119 5810 3369 5865 ubertate
3392 5809 3585 5863 domus
3615 5816 3747 5870 tuac,
3781 5825 3802 5855 ι
