3984 6484
194 443 308 502 517

1367 438 1588 494 EXPLA
1600 435 1805 492 NATlO
1841 436 1908 490 IN
1951 436 2280 497 l’SALMOS.

3339 438 3446 501 818

198 581 258 636 id
300 586 385 634 est
416 575 781 648 spiritualibus
823 573 997 638 donis,
1046 572 1256 643 quibus
1288 569 1524 626 abundat
1582 571 1772 624 domus
1799 553 1845 611 Α
1876 569 2091 624 natione
2135 571 2420 637 malorum,
2462 588 2559 643 per
2624 571 2769 643 quod
2853 569 3078 642 justum,
3121 589 3190 628 ne
3235 573 3436 630 malum

197 677 320 734 tua,
363 667 415 723 id
451 674 536 722 est
556 664 812 720 Ecclesia.
853 663 1262 717 lnehriabuntur
1299 663 1428 717 dicit
1453 677 1548 733 per
1573 659 1768 726 simile,

194 761 330 830 quia
357 759 500 815 sicut
531 757 725 827 aliquis
750 756 1044 810 inebriatus
1081 755 1288 810 solutus
1326 761 1408 810 est
1436 769 1467 808 a
1497 753 1665 817 curis,
1693 752 1770 806 sic

191 853 378 922 justus
421 865 520 919 per
545 846 780 918 Spiritus
820 847 992 902 sancti
1033 847 1419 901 habitationem
1457 859 1661 898 vacuus
1687 851 1772 898 est

192 942 272 996 ab
314 941 548 1011 appetitu
583 948 942 1002 terrenorum,
969 946 1024 991 et
1068 936 1230 991 etiam
1287 956 1305 988 ‹
1334 936 1544 1006 potabis
1586 950 1700 1000 eos,
1745 954 1764 988 ι

195 1031 395 1099 spiritu
441 1027 736 1098 sapientiae,
777 1026 861 1080 cui
905 1041 1067 1081 nemo
1092 1027 1260 1096 possit
1285 1027 1557 1089 resistere,
1587 1034 1642 1079 et
1668 1026 1772 1081 hoc

192 1129 284 1175 est
313 1120 455 1190 quod
503 1119 635 1174 dicit
684 1135 703 1170 ι
758 1125 1018 1181 torrente,
1061 1135 1081 1166 ›
1112 1134 1130 1165 ι
1163 1115 1353 1184 spiritu
1379 1115 1500 1170 dico
1535 1115 1618 1170 vel
1654 1125 1770 1169 tor-

196 1221 357 1266 rente
395 1209 682 1280 voluptatis
725 1218 850 1274 tuae,
887 1228 905 1260 ι
964 1208 1016 1262 id
1063 1215 1146 1261 est
1196 1206 1382 1277 gratiae
1409 1247 1424 1271 ,
1480 1207 1606 1276 quia
1648 1221 1772 1276 gra-

196 1302 340 1354 tuito
361 1300 456 1354 das
483 1299 632 1353 illum
684 1298 1011 1353 hominibus.
1046 1295 1143 1351 Vel
1198 1314 1216 1347 ι
1245 1295 1541 1351 voluntatis
1587 1304 1708 1358 tuas,
1745 1314 1765 1348 ι

195 1391 252 1446 in
309 1407 412 1459 qua
453 1390 684 1444 maxime
736 1387 1041 1453 delectaris,
1083 1386 1336 1457 quoniam
1381 1387 1610 1441 multum
1662 1395 1771 1442 tor-

196 1497 331 1535 rens
357 1481 451 1535 tibi
479 1478 674 1551 placet.

273 1570 403 1624 Dico
437 1587 457 1620 ι
497 1569 709 1638 potabis
744 1581 870 1633 eos,
909 1585 928 1620 ι
970 1575 1025 1621 ει
1051 1567 1188 1621 bene
1224 1567 1428 1637 poteris
1458 1585 1477 1618 ι
1514 1567 1768 1636 quoniam

195 1661 340 1732 apud
364 1670 416 1715 te
441 1668 524 1715 est
545 1659 668 1714 fons
690 1661 833 1724 vitae,
869 1678 888 1710 ›
925 1660 978 1714 id
1008 1667 1091 1714 est
1110 1659 1263 1727 origo
1284 1659 1448 1712 totius
1476 1659 1623 1722 boni,
1660 1677 1679 1708 ‹
1717 1669 1771 1714 ει

193 1753 250 1805 in
279 1751 479 1804 lumine
501 1758 593 1804 tuo
622 1770 639 1801 ι
669 1749 719 1804 id
745 1759 851 1813 est,
873 1747 1108 1812 Christo,
1137 1748 1360 1812 scilicet,
1387 1749 1439 1802 in
1463 1749 1770 1819 cognitione

194 1844 298 1907 tui,
338 1841 490 1910 juxta
519 1841 647 1895 illud
677 1859 690 1894 :
726 1858 744 1891 ι
789 1840 890 1908 Qui
926 1841 1070 1894 videt
1116 1853 1222 1903 me,
1274 1839 1419 1894 videt
1450 1847 1505 1892 et
1551 1839 1765 1893 Patrem

191 1933 381 2002 (Joan.
413 1933 549 2003 xiv),
588 1953 606 1986 ›
641 1941 696 1988 ει
733 1947 855 1988 cum
893 1932 1192 1987 videbimus
1220 1931 1430 1996 lumen,
1462 1931 1518 1986 id
1559 1941 1643 1988 est
1665 1932 1766 1986 Pa-

193 2037 359 2090 trem,
400 2034 453 2080 et
480 2025 740 2094 Spiritum
777 2033 1042 2080 sanctum.

267 2115 337 2168 Et
366 2123 425 2168 ut
464 2114 730 2184 possimus
754 2114 939 2169 videre
974 2113 1154 2167 lumen
1177 2111 1330 2178 illud,
1367 2131 1386 2163 ‹
1413 2114 1705 2182 praetende,
1741 2132 1760 2166 ο

189 2220 309 2258 non
351 2203 456 2258 illis
477 2205 568 2274 qui
595 2203 781 2258 volunt
805 2211 857 2257 te
883 2203 1044 2266 scire,
1091 2202 1184 2256 sed
1219 2219 1239 2252 ‹
1283 2200 1590 2256 sitientibus
1635 2209 1708 2267 te,
1741 2221 1761 2255 ι

189 2295 246 2348 id
287 2303 371 2350 est
395 2293 739 2349 credentibus
785 2293 838 2347 in
887 2302 960 2358 te,
1012 2300 1067 2349 et
1109 2292 1383 2363 przetende
1428 2309 1448 2342 ι
1501 2292 1767 2363 justitiam

189 2386 281 2440 his
319 2385 409 2456 qui
438 2393 587 2440 recto
613 2393 738 2439 sunt
759 2385 941 2440 corde.
979 2402 998 2435 ›

264 2476 334 2530 Ει
364 2484 425 2530 ut
468 2476 668 2547 possim
722 2475 1002 2546 pervenire
1053 2474 1119 2528 ad
1161 2473 1341 2528 lumen
1387 2473 1552 2541 illud,
1587 2491 1608 2525 ι
1657 2489 1766 2530 non

187 2567 376 2619 veniat
407 2566 537 2620 mibi
582 2580 675 2634 pes
726 2565 1005 2633 superbiae,
1044 2582 1062 2614 ι
1122 2563 1174 2618 id
1215 2571 1299 2617 est
1331 2562 1544 2619 affectio
1579 2579 1768 2634 super-

187 2657 317 2710 bizc.
368 2655 471 2710 Per
521 2655 826 2725 superbiam
901 2669 1061 2708 omne
1109 2662 1388 2723 peccatum
1451 2655 1764 2725 accipimus,

187 2747 323 2815 quia
352 2748 405 2800 in
445 2747 590 2802 Omni
639 2754 862 2816 peccato
898 2746 1146 2814 superbia
1177 2753 1276 2808 est,
1318 2745 1370 2798 id
1410 2753 1496 2800 est
1523 2753 1766 2801 contem-

186 2846 328 2908 ptus
373 2837 486 2892 Dei.
532 2837 634 2892 Pes
681 2835 1027 2906 singulariter
1073 2844 1130 2889 et
1161 2850 1266 2888 non
1309 2834 1590 2905 pluraliter
1615 2835 1765 2901 dicit,

188 2933 323 3003 quia
347 2933 435 3000 qui
484 2941 589 2986 stat
638 2932 690 2986 in
739 2931 1009 3000 superbia,
1044 2943 1318 2998 nunquam
1354 2935 1462 2996 stat
1514 2927 1763 2993 ﬁrmiter,

186 3023 290 3077 sed
338 3037 548 3093 semper
608 3031 691 3075 est
737 3035 939 3089 pronus
979 3019 1045 3072 ad
1085 3018 1316 3081 ruinam,
1348 3017 1487 3072 sicut
1539 3017 1629 3072 ille
1672 3016 1766 3086 qui

185 3121 306 3167 stat
331 3128 437 3166 uno
465 3112 620 3180 pede.
676 3110 828 3164 Modo
871 3109 1047 3163 oravit
1097 3107 1240 3178 quod
1285 3121 1392 3160 non
1451 3106 1631 3160 veniat
1675 3120 1766 3160 su-

185 3201 404 3273 perbia,
435 3202 488 3256 id
517 3209 599 3256 est
635 3199 855 3254 effectus
900 3199 1108 3269 peccati
1136 3213 1199 3252 ex
1238 3211 1319 3263 se,
1366 3211 1510 3250 nunc
1548 3204 1671 3251 orat
1704 3203 1764 3250 ut

191 3295 421 3349 alterius
491 3295 764 3364 suggestio
822 3308 946 3346 eum
995 3291 1059 3344 ad
1112 3291 1442 3359 peccandum
1494 3303 1598 3343 non
1650 3303 1766 3342 mo-

189 3396 339 3450 veat,
367 3387 570 3446 dicens,
607 3404 626 3435 ι
673 3394 727 3439 ει
756 3399 968 3447 manus,
1007 3402 1024 3432 ι
1068 3383 1120 3435 id
1148 3391 1232 3436 est
1277 3381 1555 3451 persuasio
1587 3399 1606 3432 ‹
1641 3395 1768 3452 pec-

191 3476 399 3531 catoris
445 3490 551 3528 non
594 3483 806 3528 moveat
836 3488 942 3535 me,
974 3490 993 3521 ›
1025 3489 1054 3525 a
1077 3471 1218 3525 bono
1241 3473 1538 3541 proposito.

266 3564 400 3618 Dico
431 3581 448 3613 ‹
478 3579 584 3616 non
614 3563 794 3615 veniat
816 3577 910 3630 pes
935 3560 1218 3629 superbize,
1256 3580 1274 3611 ι
1301 3561 1426 3628 quia
1462 3579 1481 3612 ‹
1515 3561 1609 3625 ibi,
1652 3580 1671 3613 ι
1713 3561 1766 3614 id

193 3663 284 3708 est
310 3655 364 3708 in
388 3654 524 3723 pede
547 3653 809 3722 superbiae
836 3670 854 3703 ‹
890 3651 1202 3706 ceciderunt
1228 3651 1318 3718 qui
1341 3658 1634 3720 Operantur
1667 3649 1768 3702 ini.

194 3742 483 3810 quitatem,
509 3760 527 3792 ι
565 3749 621 3794 ει
667 3739 789 3794 inde
819 3757 838 3790 ι
867 3737 1076 3808 expulsi
1113 3746 1260 3802 sunt,
1294 3757 1314 3790 ι
1336 3751 1548 3807 aregno
1575 3737 1690 3800 Dei,
1713 3746 1770 3792 et

1871 658 1998 712 velit
2059 659 2282 724 imitari,
2343 663 2596 718 detcrtet.
2649 664 2878 718 Intentio
2907 670 3010 728 est,
3039 678 3136 734 per
3165 664 3282 718 haec
3320 680 3443 721 om-

1871 748 1958 800 nia
2002 748 2273 818 simplices
2321 751 2605 816 consolari,
2637 761 2696 805 ut
2741 751 3045 806 nullatenus
3089 759 3306 820 propter
3341 752 3446 807 im-

1868 837 2077 906 piorum
2128 838 2426 908 nequitiam
2466 839 2551 895 vel
2599 840 2850 910 injuriam
2887 848 3228 896 moveantur.

1937 943 2114 1000 Veluti
2167 947 2210 1001 si
2271 947 2414 1001 dicat
2454 949 2715 1019 propheta
2737 949 2823 1004 vel
2874 947 3055 1018 justus
3104 948 3192 1004 ille
3230 949 3322 1018 qui
3363 949 3443 1004 lo-

1868 1036 2094 1106 quitur:
2124 1037 2315 1092 Frater
2353 1039 2580 1109 simplex
2631 1059 2650 1091 t
2700 1041 2807 1094 noli
2855 1040 3115 1096 aemulari.
3169 1058 3188 1091 ι
3250 1037 3442 1094 Ᾰῐωιι-

1868 1125 1968 1180 lari
1991 1126 2188 1180 dicitur
2220 1127 2422 1183 moveri
2472 1145 2600 1200 erga
2646 1129 2900 1197 aliquem,
2949 1131 3063 1185 sive
3104 1129 3170 1184 ad
3198 1129 3444 1186 dilectio-

1868 1230 2012 1281 nem,
2041 1217 2154 1271 sive
2179 1217 2246 1271 ad
2281 1217 2554 1272 invidiam.
2582 1217 2732 1273 Unde
2754 1218 3044 1288 Apostolus
3083 1233 3099 1272 :
3129 1236 3149 1270 ι
3193 1218 3442 1274 Ᾱῐωιιιοι·

1869 1306 2014 1360 enim
2043 1321 2137 1361 vos
2175 1306 2269 1361 Dei
2298 1309 2638 1362 aemulatione
2659 1306 2745 1380 (II
2783 1305 2904 1362 Cor.
2925 1307 3022 1378 χι).
3062 1327 3080 1360 ι
3111 1307 3178 1362 Ει
3209 1309 3276 1363 de
3295 1318 3445 1364 utro-

1869 1410 1972 1464 que
1992 1396 2078 1450 hic
2100 1397 2324 1465 simplex
2357 1398 2696 1462 admonetur,
2726 1405 2787 1451 ut
2824 1411 2997 1465 neque
3025 1395 3262 1450 imitetur
3289 1395 3443 1450 mali-

1869 1492 2114 1554 gnantes,
2140 1484 2396 1539 imitando
2430 1501 2618 1541 eorum
2641 1484 2923 1548 malitiam,
2950 1498 3123 1552 neque
3155 1483 3441 1538 invidendo

1869 1574 1966 1629 eis.
1989 1573 2107 1628 Noli
2128 1574 2369 1629 zemulari
2391 1575 2511 1630 dico
2538 1594 2557 1627 ι
2585 1576 2639 1630 in
2662 1573 3104 1646 malignantibus,
3132 1591 3151 1624 ›
3179 1572 3234 1626 id
3256 1580 3358 1638 est,
3384 1573 3440 1626 in

1868 1666 2297 1722 consideratione
2337 1666 2766 1735 malignantium,
2813 1667 2868 1721 id
2905 1674 3009 1730 est,
3033 1663 3442 1728 malevolorum,

1868 1765 1929 1812 ut
1955 1758 2035 1813 vel
2064 1758 2311 1825 imiteris,
2348 1759 2431 1815 vel
2461 1759 2709 1824 invidias,
2747 1777 2766 1811 ‹
2797 1773 2972 1827 neque
3003 1755 3284 1821 zelaveris,
3327 1774 3347 1807 ι
3385 1755 3445 1809 id

1870 1858 1951 1902 est
1970 1848 2314 1918 persequaris
2361 1865 2380 1898 ι
2417 1847 2676 1904 facientes
2697 1849 3060 1918 iniquitatem.
3101 1864 3121 1899 ι
3161 1845 3218 1900 ln
3257 1844 3439 1900 zelare

1868 1937 2158 2005 quamdam
2209 1945 2461 1992 notamus
2517 1937 2777 2006 majorem
2849 1937 3212 2001 adactionem,
3273 1948 3439 2005 quam

1868 2027 2130 2083 zemulari.

1939 2116 2096 2171 Ponit
2152 2131 2370 2172 causam
2411 2132 2581 2187 quare
2613 2115 2792 2185 justus
2841 2115 3066 2186 simplex
3104 2127 3212 2168 non
3245 2110 3440 2167 debeat

1868 2221 1996 2278 erga
2037 2207 2206 2262 malos
2255 2207 2453 2263 invidia
2485 2207 2690 2262 moveri
2719 2226 2738 2258 ‹
2771 2209 3025 2278 quoniam
3079 2215 3334 2276 tanquam
3361 2202 3443 2260 fe-

1868 2312 1996 2350 num
2063 2305 2298 2362 arescet,
2333 2317 2353 2350 ι
2413 2313 2586 2366 neque
2624 2299 2727 2354 hoc
2776 2298 3072 2362 dill'eretur,
3127 2297 3224 2352 sed
3277 2315 3297 2349 ι
3349 2311 3442 2352 ve-

1868 2386 2090 2453 lociter,
2151 2407 2170 2439 ι
2231 2388 2339 2443 ﬁet.
2394 2387 2542 2443 Feno
2596 2403 2972 2459 comparamus
3023 2397 3270 2458 potentes
3332 2387 3439 2442 hu-

1862 2473 1953 2544 jus
1983 2474 2186 2540 saeculi,
2239 2476 2366 2546 quia
2411 2477 2553 2532 sicut
2597 2477 2778 2533 fenum
2836 2477 3058 2533 ﬁoribus
3084 2485 3334 2532 ornatum
3381 2483 3438 2531 et

1867 2564 2042 2619 viride
2089 2565 2197 2619 cito
2245 2565 2475 2632 arescit,
2525 2567 2607 2621 sic
2652 2567 2740 2622 isti
2779 2566 2986 2630 ornati,
3035 2573 3090 2620 et
3114 2565 3349 2620 virentes
3383 2563 3441 2617 in

1868 2657 2036 2729 gloria
2065 2655 2224 2727 hujus
2252 2658 2432 2713 saeculi
2453 2658 2561 2714 cito
2589 2657 2864 2724 deﬁciunt,
2899 2677 2917 2708 ε
2938 2667 2995 2712 et
3025 2657 3132 2711 cito
3161 2656 3436 2720 decidunt,

1867 2750 2319 2820 quemadmodum
2366 2750 2516 2804 olera
2551 2749 2862 2814 herbarum,
2899 2768 2917 2801 ι
2956 2747 3009 2802 id
3035 2755 3136 2811 est,
3184 2745 3333 2801 olera
3379 2745 3439 2799 in

1868 2839 2028 2894 horto
2055 2855 2162 2894 non
2189 2840 2327 2895 bene
2353 2840 2518 2906 culto,
2580 2839 2672 2894 sed
2701 2837 2919 2910 agresti,
2954 2837 3146 2906 quibus
3187 2836 3339 2906 plebs
3359 2835 3442 2888 in—

1867 2928 2035 2984 ferior
2087 2939 2453 3000 comparatur,
2521 2945 2642 3001 quae
2692 2937 2749 2984 et
2790 2928 2837 2982 si
2875 2927 3016 2982 viret
3075 2927 3205 2992 cito,
3257 2933 3439 2979 tamen

1869 3019 2067 3076 deﬁcit.

1936 3111 2000 3166 Et
2037 3111 2165 3181 quia
2186 3111 2295 3166 cito
2321 3109 2576 3165 deﬁciunt
2617 3110 2751 3173 haec,
2795 3106 2916 3163 ideo
2946 3114 3026 3173 tu,
3069 3107 3210 3160 bone
3257 3104 3438 3165 homo,

1873 3220 1892 3253 ‹
1929 3216 2108 3271 Spera,
2148 3220 2167 3253 ι
2217 3217 2323 3256 non
2372 3200 2426 3255 in
2468 3200 2553 3254 his
2588 3198 2975 3269 prmsentibus,
3021 3196 3118 3250 sed
3168 3214 3187 3246 ι
3239 3193 3295 3248 in
3327 3191 3439 3247 Do-

1867 3290 2036 3354 mino,
2069 3310 2086 3341 ι
2126 3307 2145 3340 ι
2185 3296 2240 3344 ει
2271 3289 2358 3344 fac
2409 3289 2709 3344 bonitatem
2732 3327 2747 3352 ,
2779 3308 2796 3340 ι
2830 3286 2884 3339 id
2921 3294 3037 3350 est,
3087 3283 3242 3354 plura
3270 3282 3430 3336 bona.

1869 3381 2087 3435 Bonitas
2131 3380 2274 3436 enim
2316 3394 2422 3434 non
2455 3379 2523 3433 de
2552 3394 2680 3443 uno,
2730 3377 2823 3432 sed
2847 3378 2912 3433 de
2937 3374 3180 3445 pluribus
3210 3370 3437 3434 dicitur;

1874 3490 1894 3524 ‹
1944 3480 1999 3527 et
2027 3471 2154 3527 iSic
2186 3489 2205 3521 ‹
2243 3470 2485 3524 inhabita
2533 3479 2758 3534 terram,
2813 3487 2831 3521 ›
2882 3467 2935 3521 id
2981 3474 3066 3521 est
3122 3462 3439 3527 Ecclesiam,

1873 3577 1892 3610 ι
1936 3567 1992 3612 ει
2031 3559 2270 3628 pasceris
2317 3558 2370 3611 in
2422 3557 2621 3612 divitiis
2650 3555 2785 3625 ejus,
2826 3575 2844 3606 ι
2877 3556 2930 3610 id
2979 3563 3095 3619 est,
3152 3552 3432 3616 reﬁcieris,

1869 3647 2070 3701 sanctis
2093 3647 2390 3716 Scripturis
2412 3654 2466 3701 et
2494 3647 2677 3700 multis
2691 3645 3064 3714 spiritualibus
3086 3643 3262 3698 donis.

1939 3738 2006 3794 Et
2043 3738 2225 3793 multis
2266 3757 2286 3789 ο
2328 3737 2598 3792 delectare
2620 3738 2674 3792 in
2715 3737 2963 3801 Domino,
3000 3753 3020 3786 ›
3059 3735 3213 3802 quasi
3249 3748 3309 3788 re
3341 3733 3442 3787 tibi

189 3842 383 3903 postea
431 3849 450 3883 ι
488 3847 594 3887 non
649 3839 938 3901 potuerunt
960 3838 1124 3895 stare,
1165 3847 1184 3881 ο
1217 3829 1271 3884 id
1311 3836 1394 3884 est
1423 3840 1647 3898 regnum
1671 3827 1768 3884 Dei
1861 3829 1975 3900 jam
2018 3829 2212 3899 lepida.
2263 3827 2389 3884 Haec
2437 3828 2580 3882 enim
2632 3825 2964 3882 consuetudo
3016 3831 3118 3889 est,
3147 3830 3206 3876 ut
3244 3823 3290 3877 si
3315 3823 3440 3891 quis

191 3925 424 3982 ulterius
445 3925 710 3980 obtinere.

655 4051 724 4109 IN
763 4048 1094 4108 PSALMUM
1148 4045 1389 4103 XXXVI.

479 4162 738 4219 Trruws.
777 4161 843 4216 In
867 4163 1024 4231 finem
1059 4157 1305 4217 Psalmus
1337 4159 1531 4217 David.

273 4296 294 4330 ο
333 4276 448 4333 Noli
495 4277 754 4332 azmulari.
799 4296 816 4329 ι
850 4275 1097 4330 Psalmus
1143 4274 1246 4330 iste
1300 4275 1552 4330 convenit
1595 4271 1765 4329 David

193 4371 472 4441 prophetae
527 4370 612 4424 vel
659 4368 880 4423 cuilibet
919 4365 1086 4434 justo,
1123 4367 1362 4436 dirigens
1392 4368 1445 4422 in
1473 4367 1655 4433 ﬁnem,
1711 4367 1767 4423 id

193 4471 306 4527 est,
355 4461 407 4514 in
449 4459 741 4524 Christum,
796 4459 935 4513 sicut
981 4466 1037 4511 et
1075 4457 1255 4512 caeteri
1304 4456 1513 4526 psalmi.
1567 4457 1768 4512 Videns

1861 3921 2091 3978 accedat
2135 3921 2202 3976 ad
2237 3919 2546 3984 Dominum,
2601 3918 2654 3973 in
2694 3916 2885 3987 primis
2939 3914 3094 3986 quasi
3124 3915 3318 3968 durum
3344 3928 3433 3966 re-

1866 4020 2039 4080 putet,
2089 4019 2376 4080 postquam
2425 4023 2553 4063 vero
2607 4005 2970 4070 consueverit,
3019 4004 3073 4058 in
3110 4017 3175 4058 eo
3202 4000 3439 4056 maxime

1867 4104 2197 4168 delectetur;
2237 4102 2507 4157 delectare
2542 4100 2683 4164 dico,
2725 4119 2743 4150 ι
2797 4106 2852 4153 et
2882 4099 2994 4168 ipse
3022 4095 3168 4151 dabit
3215 4093 3310 4148 tibi
3343 4106 3438 4163 pe-

1866 4200 2084 4256 titiones
2129 4196 2308 4254 cordis
2361 4196 2472 4261 tui,
2505 4213 2525 4249 ι
2563 4208 2672 4250 non
2701 4191 2880 4248 carnis
2909 4190 3002 4247 sed
3035 4186 3364 4261 spirituales.

1961 4289 2030 4344 Et
2095 4288 2222 4357 quia
2301 4286 2468 4356 aliqui
2535 4284 2844 4354 simpliceS‘
2874 4289 3094 4352 possent
3181 4279 3359 4333 dicere
3420 4296 3434 4331 ς

1871 4378 1984 4434 Non
2043 4393 2262 4450 possum
2332 4376 2588 4432 delectari
2647 4375 2732 4429 vel
2794 4386 3013 4442 sperare
3063 4370 3117 4424 in
3179 4368 3438 4432 Domino,

1870 4472 1994 4541 quia
2031 4469 2199 4525 multa
2228 4469 2405 4523 habeo
2431 4474 2676 4536 peccata,
2707 4472 2894 4520 contra
2950 4463 3053 4518 hoc
3106 4461 3320 4516 salubre
3348 4459 3443 4514 dat

195 4553 461 4626 propheta
501 4550 586 4606 vel
636 4549 862 4620 quilibet
899 4547 1094 4616 justus,
1119 4547 1212 4617 qui
1254 4547 1344 4602 hic
1371 4546 1630 4616 loquitur,
1667 4546 1767 4600 im-

1875 4562 2153 4616 consilium
2188 4579 2201 4614 :
2235 4577 2253 4610 ι
2287 4558 2487 4613 Revela
2522 4557 2748 4611 Domino
2775 4555 2918 4608 viam
2944 4562 3111 4617 tuam,
3141 4571 3160 4602 ι
3195 4565 3290 4620 per
3314 4563 3443 4603 con-

196 4645 325 4714 pios
373 4641 708 4713 prosperari,
760 4647 815 4695 et
852 4638 1029 4708 justus
1078 4637 1390 4693 conculcari
1440 4637 1508 4690 ab
1556 4635 1763 4705 impiis,

194 4736 419 4804 etquod
476 4733 694 4803 quidam
756 4731 1026 4802 simplices
1060 4729 1191 4800 justi
1233 4728 1536 4782 inviderent
1579 4736 1771 4797 poten-

196 4828 292 4880 tia:
324 4825 556 4889 illorum,
604 4835 659 4878 et
688 4822 886 4877 vellent
934 4821 1120 4876 ulcisci
1174 4819 1398 4886 injurias
1423 4821 1491 4875 ab
1525 4821 1607 4874 eis
1654 4819 1771 4874 illa-

198 4924 310 4982 tas,
353 4918 636 4990 aliquando
674 4917 838 4972 etiam
893 4915 1094 4970 vellent
1147 4913 1452 4969 conformes
1503 4914 1619 4967 fieri
1665 4914 1769 4980 eis,

198 5009 359 5080 ponit
387 5017 573 5064 contra
626 5012 766 5065 hanc
815 5006 1227 5063 saluberrimam
1258 5006 1580 5071 doctrinam,
1605 5021 1769 5076 quam

199 5101 536 5170 Augustinus
569 5099 977 5155 saluberrimum
998 5106 1184 5168 potum
1241 5099 1504 5152 nominat.
1549 5097 1771 5152 Materia

201 5201 291 5247 est
302 5190 497 5259 justus.
525 5200 581 5248 et
608 5207 639 5248 e
667 5192 939 5247 contrario
971 5190 1191 5259 impius,
1222 5190 1544 5244 secundario
1571 5198 1772 5244 tamen.

203 5282 396 5338 Modus
441 5291 525 5337 est
556 5283 694 5346 talis,
753 5283 895 5352 quod
945 5297 1064 5336 eam
1105 5281 1385 5336 materiam
1432 5281 1512 5335 sic
1563 5280 1772 5335 dividit.

204 5374 264 5428 In
297 5373 486 5443 primis
537 5374 648 5444 agit
692 5374 760 5428 de
783 5373 1320 5444 justozadmonendo
1361 5388 1485 5428 eum
1537 5385 1608 5427 ne
1661 5386 1776 5426 mo-

206 5472 400 5518 veatur
445 5464 643 5520 invidia
706 5479 835 5535 erga
887 5464 1130 5534 impium,
1191 5463 1277 5518 vel
1307 5463 1634 5526 imitatione,
1686 5461 1773 5516 vel

208 5554 314 5617 ira,
356 5553 410 5607 in
461 5553 880 5610 intermiscendo
930 5555 1174 5624 quaedam
1212 5555 1279 5607 de
1331 5554 1516 5623 impio.
1572 5553 1630 5606 In
1689 5568 1774 5607 se-

208 5644 385 5700 cunda
425 5654 578 5716 parte
619 5646 770 5715 ponit
801 5646 928 5716 quid
960 5645 1153 5714 impius
1197 5658 1324 5712 erga
1350 5644 1553 5712 justum
1590 5644 1771 5709 faciat,

208 5735 546 5790 admonendo
577 5735 752 5806 ipsum
798 5743 859 5790 ut
880 5735 1147 5805 patienter
1183 5735 1467 5790 sustineat.
1527 5736 1584 5788 ln
1616 5735 1771 5790 tertia

209 5833 365 5894 parte
400 5827 549 5898 ponit
570 5828 786 5898 praemia
810 5829 966 5899 justi,
995 5843 1118 5884 cum
1153 5828 1515 5884 admonitione
1545 5837 1604 5884 et
1623 5832 1774 5885 dam—

1869 4653 2157 4709 fessionem
2192 4661 2361 4717 tuam,
2393 4650 2448 4704 id
2481 4657 2563 4704 est
2587 4647 2726 4703 mala
2753 4661 2915 4716 opera
2945 4661 3043 4715 per
3067 4658 3186 4712 qua:
3214 4639 3441 4706 incedis,

1869 4754 1925 4800 et
1954 4745 2038 4799 his
2065 4742 2336 4807 revelatis,
2389 4760 2408 4792 ι
2453 4755 2610 4810 Spera
2657 4739 2710 4793 in
2759 4752 2845 4801 eo,
2904 4755 2922 4787 ι
2952 4753 2994 4810 ι(
3031 4742 3085 4786 ει
3120 4735 3249 4803 ipse,
3285 4751 3303 4784 ›
3331 4729 3442 4784 Do-

1872 4834 2053 4888 minus
2107 4850 2126 4883 ‹
2178 4831 2341 4886 faciet
2371 4829 2639 4899 justitiam
2705 4837 2850 4881 tuam
2884 4846 2902 4879 ι
2942 4827 3037 4880 tibi
3079 4823 3284 4880 scilicet
3335 4841 3354 4873 ‹
3386 4826 3445 4878 et

1864 4925 2123 4995 judicium
2171 4931 2348 4984 tuum,
2397 4939 2416 4972 ›
2465 4921 2518 4975 id
2569 4928 2652 4974 est
2691 4918 3072 4973 discretionem
3109 4913 3259 4969 dabit
3309 4911 3439 4978 tibi,

1871 5031 1976 5085 qua
2012 5029 2262 5069 secernas
2299 5013 2497 5068 bonum
2536 5026 2566 5064 a
2608 5009 2771 5064 malo.

1946 5108 2013 5162 Et
2058 5121 2124 5160 ne
2154 5101 2357 5159 dieeret
2386 5103 2598 5172 aliquis,
2631 5101 2782 5156 Licet
2827 5100 3054 5156 habeam
3101 5096 3222 5158 hoc,
3260 5103 3438 5146 tamen

1875 5211 2087 5267 semper
2109 5196 2232 5250 vilis
2256 5211 2370 5260 ero,
2406 5194 2746 5250 commendat
2773 5193 2889 5248 lucc
2931 5191 3091 5254 dona,
3128 5205 3146 5237 ε
3181 5184 3438 5240 Dominus

1869 5289 2136 5358 justitiam
2173 5288 2366 5353 faciet,
2405 5308 2422 5341 ›
2458 5296 2512 5342 ει
2540 5288 2681 5342 illam
2719 5305 2736 5337 ι
2772 5285 2996 5347 educet,
3033 5301 3050 5333 ι
3096 5281 3163 5336 de
3204 5276 3440 5334 tenebris

1879 5382 2037 5451 hujus
2089 5381 2236 5446 vitae,
2283 5381 2335 5434 in
2401 5394 2507 5449 qua
2556 5378 2784 5433 obscura
2841 5383 2896 5430 et
2954 5372 3076 5429 vilis
3133 5375 3438 5452 reputatur,

1886 5491 1904 5523 ι
1945 5471 2096 5542 quasi
2157 5470 2356 5534 lumen,
2394 5487 2413 5520 ι
2457 5467 2513 5521 id
2554 5475 2637 5520 est
2674 5463 2836 5518 faciet
2879 5461 3127 5516 omnibus
3182 5452 3438 5515 lucidam,

1881 5577 2002 5616 cum
2041 5561 2218 5615 dicent
2246 5558 2370 5613 mali
2409 5557 2461 5611 in
2484 5555 2685 5625 judicio
2719 5571 2731 5606 :
2764 5573 2781 5603 ‹
2814 5550 2921 5606 Nos
2957 5545 3213 5604 insensati
3274 5544 3442 5597 vitam

1879 5651 2091 5706 illorum
2162 5648 2562 5703 azstimabamus
2634 5643 2941 5705 insaniam,
2998 5651 3123 5692 ecce
3176 5634 3444 5716 quomodo

1881 5741 2167 5812 computati
2196 5748 2320 5795 sunt
2355 5739 2496 5792 inter
2537 5735 2674 5790 ﬁlios
2702 5735 2796 5788 Dei
2830 5731 2976 5804 (Sap.
3011 5728 3086 5799 v),
3122 5748 3140 5780 ι
3177 5747 3195 5779 ι
3227 5735 3282 5782 ει
3303 5727 3444 5808 judi-

1880 5833 2018 5886 cium
2063 5841 2213 5885 tuum
2260 5829 2450 5884 educet
2498 5835 2749 5897 tanquam
2790 5821 3089 5887 meridiem,
3145 5839 3168 5872 ι’
3197 5819 3248 5875 id
3278 5817 3446 5874 estin
