3984 6484
545 402 650 460 319

1007 397 1360 456 HAYMONIS
1397 395 1874 452 HALBERSTAT.
1918 391 2111 448 EPISC

2230 391 2324 447 PP.
2368 393 2546 450 PARS
2583 393 2626 450 Ι.
2656 425 2723 436 -
2751 393 3106 452 (ΞΟΜΜΕΝΤ.
3146 394 3317 452 BIBL.

3707 400 3817 454 520

545 513 780 568 maxima
818 512 1108 567 constituet
1159 511 1423 574 claritate,
1471 518 1531 562 ut
1583 508 1833 563 omnibus
1866 516 2110 577 apertum
2139 508 2191 566 Α
2220 505 2414 560 ridebit
2439 521 2583 562 eum.
2624 527 2641 558 ι
2675 507 2818 563 Bene
2858 509 2979 564 dico
3027 508 3272 565 irridebit
3311 525 3433 565 eum
3479 529 3499 562 ι
3539 512 3819 582 quoniam

545 605 635 666 sit,
668 605 808 668 dico,
842 603 1018 657 revela
1057 602 1197 655 viam
1238 610 1403 664 tuam,
1447 608 1500 653 et
1553 614 1711 669 spera
1766 599 1818 652 in
1862 597 2108 659 Domino,

544 704 600 747 et
629 693 865 762 acceptis
894 692 1046 747 donis
1083 693 1150 744 ab
1179 706 1264 755 eo,
1288 705 1501 759 semper
1534 709 1552 740 ‹
1585 690 1832 744 subditus
1861 698 1979 744 esto
2009 688 2113 742 Do-

552 783 727 848 mino,
772 803 789 833 ι
826 783 876 836 id
909 790 990 835 est
1013 779 1272 834 famulare
1296 780 1346 834 ei
1376 799 1394 830 ‹
1443 787 1498 834 et
1533 789 1629 834 ora
1658 795 1798 834 eum.
1849 798 1867 830 ι

618 874 687 928 Ει
734 888 800 927 ne
827 871 1050 941 simplex
1088 870 1394 924 admonitus
1433 870 1512 924 sic
1562 869 1798 924 diceret:
1827 869 1966 923 Ecce
2002 867 2116 922 sive

549 961 929 1032 malignentur,
973 960 1085 1014 sive
1130 960 1271 1013 mala
1300 959 1502 1014 faciant
1527 961 1649 1016 dum
1665 959 1856 1029 .justis
1882 975 1988 1013 non
2018 975 2117 1014 no-

552 1059 726 1115 ceant,
779 1065 885 1104 non
926 1049 1180 1104 movebor
1224 1065 1353 1119 erga
1403 1065 1515 1116 eos,
1562 1050 1656 1104 sed
1708 1049 1754 1104 si
1798 1064 2118 1119 prosperen-

553 1148 660 1203 tur,
710 1154 813 1194 non
845 1140 1002 1193 nobis
1022 1138 1164 1192 mala
1203 1137 1460 1204 inferant,
1491 1139 1619 1210 quin
1651 1153 1964 1193 moveamur
2000 1153 2117 1193 ces-

549 1245 672 1283 sare
730 1244 834 1283 non
879 1243 1165 1298 possumus
1203 1245 1216 1282 :
1251 1238 1441 1283 contra
1484 1230 1627 1297 quod
1685 1227 1944 1298 propheta
1986 1229 2115 1283 item

545 1319 697 1388 ponit
727 1320 996 1373 salubrem
1016 1320 1455 1375 admonitionem.
1485 1321 1614 1375 Dico
1640 1338 1653 1373 :
1685 1339 1703 1370 ‹
1733 1320 1978 1375 subditus
2001 1329 2118 1375 esto

547 1410 792 1474 Domino,
822 1418 875 1464 et
920 1410 964 1464 si
1006 1410 1201 1479 impius
1244 1419 1613 1480 prosperatur,
1651 1412 1758 1466 noli
1790 1411 2054 1476 aemulari,
2093 1430 2112 1463 ι

551 1517 724 1569 neque
751 1501 1029 1564 imitando,
1060 1515 1232 1569 neque
1259 1501 1546 1556 invidendo
1587 1521 1605 1551 ‹
1660 1501 1713 1555 in
1761 1518 1844 1566 eo,
1883 1521 1901 1552 ι
1954 1501 2005 1556 id
2035 1512 2120 1556 est

551 1590 604 1645 in
649 1590 1076 1644 consideratione
1110 1589 1272 1655 illius,
1343 1609 1361 1641 ι
1412 1591 1504 1660 qui
1529 1599 1878 1659 prosperatur
1932 1590 1984 1644 in
2032 1590 2117 1643 via

555 1696 683 1743 sua,
723 1701 740 1731 ι
789 1681 839 1734 id
878 1688 961 1734 est
1002 1679 1139 1734 mala
1170 1681 1504 1747 operatione,
1544 1696 1662 1749 qure
1692 1681 1892 1736 incedit
1935 1681 2002 1734 ad
2034 1681 2116 1735 in-

555 1768 770 1821 teritum
803 1776 893 1822 :et
925 1788 940 1818 σ
987 1769 1042 1822 in
1072 1769 1286 1824 homine
1309 1767 1538 1824 faciente
1564 1769 1873 1838 injustitias,
1904 1789 1922 1821 ι
1955 1770 2005 1824 id
2038 1778 2122 1826 est

554 1859 813 1912 bonorum
837 1859 1256 1927 persecutiones.

623 1951 700 2006 Ne
728 1951 994 2006 :emuleris
1018 1952 1158 2016 dico,
1186 1961 1242 2005 et
1270 1952 1314 2006 si
1342 1951 1394 2005 in
1423 1950 1604 2022 aliquo
1634 1951 1792 2006 modo
1821 1960 1999 2006 motus
2026 1967 2084 2007 es
2103 1993 2116 2015 ,

554 2042 798 2098 dimitte:
826 2044 1003 2097 ethoc
1031 2051 1113 2098 est
1141 2060 1159 2093 ‹
1194 2043 1376 2098 desine
1403 2046 1471 2098 ab
1499 2044 1602 2108 ira,
1629 2063 1646 2096 ο
1679 2052 1732 2097 et
1753 2043 1796 2097 si
1820 2043 1976 2114 longo
1996 2044 2120 2099 odio

553 2139 730 2184 motus
752 2147 832 2196 es,
855 2132 1038 2186 desine
1065 2147 1080 2185 :
1110 2133 1286 2187 ethoc
1311 2141 1395 2187 est
1424 2152 1442 2182 ε
1473 2132 1782 2201 derelinque
1809 2131 2067 2197 furorem,
2095 2153 2113 2184 ι

555 2230 609 2274 et
633 2221 677 2274 si
705 2221 990 2290 aliquando
1012 2220 1189 2276 furere
1214 2221 1450 2288 voluisti,
1474 2222 1659 2277 desine
1687 2239 1699 2274 :
1723 2222 1826 2277 hoc
1847 2229 1978 2290 est;
2010 2222 2119 2277 noli

553 2311 794 2366 :emulari
814 2352 829 2377 ,
857 2321 917 2366 ut
941 2312 1265 2383 maligneris.
1307 2332 1326 2364 ι

624 2403 690 2456 Et
712 2403 830 2456 ideo
853 2403 974 2456 dico
1011 2403 1118 2457 noli
1149 2403 1431 2475 malignari
1451 2445 1466 2472 ,
1496 2423 1514 2456 α
1543 2406 1799 2476 quoniam
1827 2406 1920 2475 qui
1961 2405 2118 2460 mali-

553 2501 803 2562 gnantur,
835 2493 1373 2559 exterminabuntur,
1405 2515 1422 2546 ι
1462 2496 1516 2550 id
1548 2502 1632 2549 est
1675 2504 1731 2549 et
1752 2494 2033 2560 malevoli,
2064 2506 2123 2551 et

558 2583 696 2636 mala
744 2583 1035 2649 facientes,
1075 2584 1314 2649 scilicet,
1358 2594 1510 2638 extra
1539 2585 1826 2638 terminum
1876 2599 2119 2654 supernae

548 2675 845 2730 Jerusalem
863 2677 1164 2746 ejicientur.
1186 2694 1203 2726 ι
1225 2673 1564 2730 Sustinentes
1581 2683 1760 2730 autem
1777 2675 2080 2741 Dominum,
2093 2696 2112 2730 ι

555 2767 607 2818 id
631 2775 714 2818 est
733 2781 854 2819 cum
881 2765 1286 2835 longanimitate
1314 2766 1456 2820 mala
1477 2765 1635 2835 hujus
1656 2767 1780 2822 vitae
1802 2767 2117 2836 tolerantes,

553 2853 838 2906 Dominum
860 2863 1316 2908 remuneratorem
1338 2855 1675 2911 attendentes
1705 2874 1722 2907 ι
1760 2857 1862 2927 ipsi
1888 2857 2117 2914 haeredi-

555 2945 741 2999 tabunt
774 2955 971 2999 terram
991 2986 1005 3011 ,
1057 2965 1076 2997 ι
1104 2945 1160 3000 id
1197 2957 1310 3013 est,
1334 2948 1676 3003 baereditario
1700 2947 1822 3019 jure
1843 2949 2118 3004 caelestem

551 3036 900 3104 possidebunt
928 3037 1179 3106 patriam.

625 3126 756 3180 Dico
783 3127 1174 3182 haereditabunt
1193 3129 1442 3197 patriam.
1471 3130 1540 3185 Et
1559 3146 1626 3186 ne
1655 3129 1849 3200 aliquis
1877 3131 2112 3186 diceret:

2217 595 2477 665 prospicit
2503 597 2643 666 quod
2672 599 2851 652 veniet
2881 599 2994 654 dies
3017 597 3162 667 ejus,
3217 621 3236 652 ι
3273 601 3327 655 id
3365 611 3480 665 est,
3505 601 3812 670 judicium.

2217 683 2484 741 Iudicium
2520 689 2764 743 nominat
2799 690 2942 745 diem
2962 731 2978 756 ,
3004 691 3131 760 quia
3174 691 3245 747 ibi
3276 701 3440 747 erunt
3468 693 3664 748 omnia
3701 709 3816 746 ma-

2218 775 2412 831 nifesta
2439 779 2590 845 quasi
2620 777 2672 831 in
2703 778 2811 834 die.

2289 863 2480 918 Merito
2511 865 2758 921 irridebit
2785 882 2878 922 eos
2906 866 3165 923 Dominus
3192 869 3450 939 quoniam
3489 890 3508 921 ‹
3548 880 3813 940 peccato-

2219 971 2307 1010 res
2344 956 2577 1026 gladium
2601 998 2616 1022 ,
2666 977 2684 1008 ι
2735 958 2788 1012 id
2814 967 2898 1013 est
2926 959 3067 1013 mala
3094 975 3256 1028 opera
3290 976 3388 1016 sua
3423 981 3440 1012 ι
3478 963 3814 1030 evaginave-

2217 1055 2372 1108 runt,
2409 1047 2665 1102 {scilicet
2693 1048 2760 1102 de
2810 1049 3224 1118 cogitationibus
3252 1049 3394 1115 suis,
3426 1051 3521 1105 ubi
3571 1053 3814 1106 abscon-

2219 1137 2329 1192 dita
2355 1145 2535 1196 erant,
2568 1137 2622 1191 in
2652 1137 2996 1192 manifestum
3024 1139 3364 1196 deduxerunt
3393 1158 3405 1195 :
3435 1142 3583 1196 sicut
3611 1142 3812 1212 aliquis

2219 1224 2452 1293 gladium
2477 1241 2632 1280 suum
2657 1228 2927 1297 evaginat,
2943 1237 2997 1282 et
3015 1228 3178 1282 etiam
3199 1247 3215 1280 ι
3240 1229 3596 1285 intenderunt
3620 1247 3811 1285 arcum

2219 1329 2398 1378 suum,
2436 1334 2453 1366 ι
2486 1316 2539 1370 id
2567 1324 2652 1370 est
2680 1317 2830 1371 dolos
2854 1307 3015 1396 suos,
3047 1319 3243 1388 quibus
3271 1319 3482 1375 occulte
3513 1319 3809 1376 vulnerent

2221 1412 2360 1465 sicut
2389 1410 2582 1479 aliquis
2608 1411 2818 1466 occulte
2848 1426 2979 1466 arcu
3009 1411 3154 1466 ferit.

2289 1498 2370 1557 A'd
2412 1501 2515 1557 hoc
2555 1503 2904 1568 intenderunt
2928 1518 3112 1558 arcum
3149 1524 3166 1556 ‹
3203 1512 3264 1558 ut
3297 1505 3572 1575 decipiant
3603 1521 3805 1577 paupe.

2220 1607 2369 1656 rem,
2415 1611 2432 1641 ι
2477 1591 2528 1644 id
2565 1599 2648 1644 est
2683 1592 3016 1661 simplicem,
3079 1594 3171 1663 qui
3218 1596 3453 1650 nondum
3497 1597 3639 1651 satis
3681 1611 3801 1665 per-

2222 1681 2350 1736 fecit
2381 1683 2430 1735 in
2453 1682 2756 1750 cognitione
2778 1683 2871 1749 Dei
2899 1701 2917 1733 ‹
2940 1691 2993 1738 et
3019 1685 3254 1754 inopem,
3275 1706 3293 1737 ι
3319 1689 3570 1741 eumdem
3592 1691 3802 1757 accipe,

2223 1773 2314 1840 qui
2349 1772 2499 1840 inops
2557 1772 2782 1836 dicitur,
2837 1769 3280 1842 quiapassibilis
3326 1785 3382 1829 et
3433 1777 3724 1841 mortalis,
3753 1789 3804 1832 et

2144 1869 2191 1927 B
2218 1862 2400 1916 multis
2432 1876 2722 1931 oppressus
2747 1862 2981 1916 miseriis
3009 1865 3166 1934 hujus
3188 1864 3388 1928 mundi,
3408 1866 3474 1919 ad
3499 1868 3605 1921 hoc
3624 1871 3804 1937 evagi-

2219 1961 2378 2005 natur
2408 1951 2640 2022 gladium
2679 1970 2697 2002 ‹
2731 1961 2790 2006 ut
2815 1953 3085 2008 trucidant
3111 1964 3286 2010 rectos
3329 1957 3514 2011 corde.
3549 1976 3568 2008 ι

2287 2042 2392 2111 Ipsi
2423 2042 2845 2112 evaginaverunt
2868 2043 3104 2112 gladium
3135 2052 3190 2099 et
3218 2063 3237 2096 ι
3267 2045 3472 2117 gladius
3497 2060 3698 2100 eorum
3726 2049 3800 2101 in—

2218 2139 2325 2185 tret
2373 2131 2427 2185 in
2482 2132 2644 2186 corda
2697 2131 2973 2200 ipsorum,
3029 2153 3047 2184 ι
3102 2135 3153 2189 id
3202 2145 3324 2197 est,
3369 2135 3496 2189 dum
3545 2139 3800 2192 occidunt

2219 2228 2459 2284 sanctos,
2489 2219 2806 2273 occidantur
2827 2229 2883 2274 et
2913 2221 3013 2289 ipsi
3044 2222 3271 2279 interius
3297 2244 3314 2275 r
3346 2232 3399 2278 et
3423 2241 3587 2280 arcus
3613 2242 3798 2281 eorum

2221 2306 2590 2377 confringatur
2614 2346 2631 2371 ,
2667 2326 2684 2359 ι
2733 2307 2786 2361 id
2826 2317 2909 2363 eSt
2945 2310 3100 2365 dolus
3141 2309 3257 2378 ejus
3304 2311 3557 2366 inefficax
3600 2313 3794 2367 habea-

2221 2401 2328 2460 tur,
2355 2409 2422 2450 ne
2462 2395 2632 2452 bonos
2660 2397 2870 2466 possint
2911 2391 3195 2468 deripere,
3243 2407 3296 2454 et
3339 2400 3441 2456 sibi
3486 2401 3792 2457 conformes

2219 2484 2448 2540 efficere.

2235 2574 2240 2578 ’
2292 2577 2418 2632 Haec
2441 2577 2620 2632 omnia
2652 2577 2814 2634 faciet
2837 2578 3175 2649 tihi‘impius,
3201 2589 3253 2636 et
3282 2581 3442 2635 etiam
3465 2596 3590 2636 cum
3611 2591 3663 2636 tu
3686 2583 3788 2637 eris

2218 2684 2439 2739 pauper,
2471 2669 2558 2724 ille
2596 2671 3020 2741 prosperabitur,
3066 2673 3157 2727 sed
3206 2681 3261 2726 tu
3304 2675 3486 2728 omnia
3522 2675 3789 2744 patienter

2218 2759 2399 2813 omnia
2429 2759 2666 2826 sustine,
2707 2761 2833 2829 quia
2867 2779 2886 2812 ‹
2921 2760 3114 2816 melius
3160 2762 3430 2817 modicum
3461 2764 3643 2832 justo,
3685 2784 3702 2816 ι
3737 2765 3782 2818 id

2218 2856 2300 2903 est
2318 2888 2333 2914 ,
2365 2863 2462 2902 sua
2488 2849 2772 2904 modicitas
2800 2858 2854 2904 et
2877 2860 3166 2920 paupertas
3193 2870 3212 2902 ‹
3241 2868 3402 2921 super
3428 2853 3650 2908 divitias
3670 2869 3784 2924 pec-

2219 2948 2459 2994 catorum
2491 2940 2704 2994 multas.
2741 2957 2760 2992 ›

2291 3029 2359 3083 Et
2377 3031 2528 3096 bene
2556 3031 2677 3084 dico
2697 3070 2712 3095 ,
2741 3030 2934 3085 melius
2957 3039 3041 3086 est
3071 3049 3089 3081 σ
3124 3033 3377 3102 quoniam
3400 3034 3623 3088 brachia
3643 3077 3656 3099 ,
3687 3055 3704 3084 ι
3736 3036 3783 3088 id

2223 3130 2306 3176 est
2328 3162 2342 3186 ,
2373 3121 2721 3177 fortitudines
2746 3132 2801 3178 et
2841 3133 3134 3194 potestates
3169 3146 3187 3176 ε
3226 3136 3575 3197 peccatorum
3604 3137 3782 3183 conte-

557 3215 809 3282 Quismm
828 3217 916 3270 diu
944 3217 1140 3286 ροωιιῑι
1163 3220 1464 3274 sustinere?
1493 3220 1623 3275 dicit
1653 3238 1666 3273 ε
1697 3239 1715 3271 ι
1738 3199 1794 3275 et
1820 3221 1994 3275 adhuc
2021 3237 2118 3290 νυ-
2146 3199 2192 3261 C
2223 3219 2431 3276 rentur,
2465 3230 2484 3262 ›
2513 3212 2564 3265 id
2591 3221 2674 3267 est
2695 3212 3060 3279 destruentur,
3090 3223 3145 3268 et
3170 3215 3381 3270 inutilia
3403 3218 3628 3271 omnino
3652 3218 3786 3271 inre-

557 3309 769 3372 sillum,
807 3329 824 3361 ›
871 3309 1068 3379 quasi,
1109 3327 1219 3366 non
1255 3312 1472 3367 deficias
1518 3312 1862 3378 sustinendo,
1911 3321 2124 3383 tempus

557 3402 702 3456 enim
732 3402 895 3457 breve
921 3410 1037 3467 est,
1085 3405 1278 3459 nedum
1308 3405 1419 3459 vita
1460 3404 1715 3460 hominis.
1756 3405 1886 3458 Dico
1921 3405 2124 3460 sustine

553 3492 806 3559 pusillum
840 3510 858 3542 r
895 3501 948 3546 et
976 3507 1081 3547 non
1104 3493 1208 3548 erit
1232 3501 1503 3564 peccator,
1537 3512 1556 3546 ι
1582 3509 1688 3548 non
1710 3495 1849 3562 quod
1869 3502 2122 3562 peccato-

557 3582 632 3636 ris
657 3582 956 3636 substantia
983 3569 1196 3652 pereat,
1237 3583 1331 3638 sed
1373 3599 1480 3638 non
1509 3583 1642 3648 erit,
1670 3584 1722 3638 id
1748 3591 1866 3649 est,
1895 3598 2122 3654 peccare

555 3687 659 3726 non
689 3672 882 3740 poterit
914 3687 928 3725 :
961 3681 1014 3726 et
1042 3672 1367 3729 concedatur
1396 3673 1538 3742 quod
1584 3681 1711 3728 tunc
1746 3692 1764 3724 ‹
1801 3687 2012 3743 quaeras
2039 3672 2122 3727 lo-

554 3782 674 3820 cum
724 3765 867 3834 ejus,
906 3787 924 3820 I
979 3767 1031 3822 id
1067 3776 1182 3834 est,
1222 3784 1292 3824 an
1332 3768 1514 3838 aliquo
1554 3770 1713 3823 modo
1761 3768 1814 3822 in
1861 3767 1966 3821 alia
2011 3767 2119 3822 vita

554 3867 807 3926 peccator
835 3860 905 3913 sit
939 3861 1276 3914 necessarius
1310 3878 1328 3909 ι
1366 3869 1422 3914 et
1446 3875 1552 3914 non
1585 3859 1847 3913 invenies.
1878 3879 1897 3910 ι
1927 3859 1986 3912 1η
2020 3858 2122 3912 hac

553 3947 660 4000 vita
705 3948 1073 4003 tantummodo
1107 3957 1360 4018 peccator
1392 3957 1478 4003 est
1519 3948 1889 4013 necessarius,
1930 3949 1986 4002 in
2015 3963 2121 4018 qua

550 4050 650 4103 per
673 4051 794 4089 eum
826 4035 957 4102 justi
986 4037 1381 4091 examinantur.

627 4125 844 4178 Dixerat
871 4126 996 4192 quia
1038 4126 1364 4181 sustinentes
1407 4125 1693 4180 Dominum
1731 4125 2122 4182 haireditabunt

553 4225 752 4268 terram
788 4234 800 4268 :
829 4231 970 4270 nunc
995 4217 1314 4271 determinat
1340 4217 1607 4286 quomodo
1631 4217 1984 4284 sustinentes,
2011 4217 2120 4273 sci-

553 4307 677 4360 licet
703 4321 807 4360 non
839 4308 928 4376 qui
955 4307 1105 4361 inviti
1132 4317 1189 4362 et
1216 4317 1644 4375 murmurantes,
1670 4311 1762 4365 sed
1783 4311 1874 4380 qui
1898 4310 1949 4364 in
1972 4325 2122 4364 man-

552 4399 835 4454 suetudine
877 4408 931 4454 et
962 4400 1324 4471 simplicitate.
1368 4401 1449 4456 Ad
1484 4401 1588 4456 hoc
1614 4401 1959 4457 continuatur
1989 4419 2002 4455 :
2040 4401 2121 4456 lo-

551 4503 676 4543 cum
707 4490 1006 4557 peccatoris
1034 4506 1137 4544 non
1161 4491 1401 4546 invenies
1423 4492 1476 4546 in
1507 4493 1608 4546 alia
1641 4493 1769 4547 vita.
1802 4511 1819 4542 (
1855 4492 2116 4548 Mansueti

551 4591 734 4636 autem
771 4582 902 4636 vita.
943 4601 960 4633 ι
1011 4601 1028 4632 r
1071 4581 1334 4636 Mansueti
1364 4592 1543 4637 autem
1573 4583 1966 4638 haereditabunt
2007 4591 2117 4638 ter-

552 4687 670 4725 ram
726 4691 742 4721 ι
787 4671 1114 4736 viventium,
1170 4689 1188 4721 ί
1225 4671 1298 4727 ibi
1328 4672 1736 4728 delectabuntur
1778 4674 1834 4729 in
1883 4673 2122 4727 multitu-

551 4763 675 4819 dine
730 4765 899 4832 pacis.
941 4784 956 4815 ι
997 4762 1072 4819 lbi
1115 4765 1170 4818 in
1211 4773 1468 4821 aeternum
1501 4767 1772 4831 viventes,
1808 4782 1908 4822 nec
1943 4782 1973 4820 a
2002 4766 2118 4820 dia-

551 4853 675 4906 bolo
703 4892 716 4915 ,
749 4868 920 4920 neque
949 4869 980 4906 a
1007 4870 1168 4909 carne
1197 4871 1288 4910 sua
1320 4857 1500 4925 aliquo
1527 4858 1685 4913 modo
1732 4857 2120 4928 impugnabun-

553 4949 658 5005 tur,
690 4958 789 4996 nec
817 4943 994 5011 aliqua
1019 4945 1234 5014 penitus
1264 4945 1632 5014 inquietudine
1670 4946 2046 4999 turbabuntur.

624 5034 700 5087 De
726 5035 960 5088 secunda
999 5045 1152 5104 parte
1179 5036 1394 5106 incipit,
1426 5037 1690 5091 mansueti
1715 5035 2124 5090 delectabuntur

552 5123 608 5177 in
639 5138 800 5193 pace,
833 5126 925 5179 sed
957 5126 1175 5180 interim
1206 5125 1257 5180 in
1290 5127 1390 5180 hac
1435 5126 1544 5180 vita
1577 5146 1596 5177 ί
1633 5133 1884 5195 peccator
1918 5125 2123 5194 justum

551 5213 891 5278 observabit,
951 5237 968 5268 ι
1011 5216 1297 5286 diligenter
1331 5218 1498 5271 vitam
1539 5217 1704 5287 ipsius
1732 5217 2002 5286 inquiret,
2037 5226 2122 5270 at-

556 5305 780 5360 tendens
818 5306 860 5359 si
901 5307 951 5360 in
983 5307 1161 5376 aliquo
1199 5308 1250 5360 ei
1291 5321 1486 5362 nocere
1514 5308 1684 5376 possit
1714 5326 1726 5361 :
1758 5316 1809 5362 et
1838 5324 1960 5362 cum
1992 5307 2125 5361 nihil

557 5399 729 5468 possit
750 5408 939 5452 contra
965 5415 1087 5453 eum
1119 5400 1354 5464 ratione,
1386 5400 1542 5469 quasi
1563 5399 1804 5456 bestialis
1833 5419 1849 5451 ‹
1879 5399 2127 5453 stridebit

553 5505 715 5560 super
753 5506 877 5544 eum
928 5491 1180 5545 dentibus
1216 5491 1346 5556 suis,
1390 5511 1408 5543 ι
1452 5492 1504 5547 id
1530 5501 1632 5556 est,
1662 5492 1838 5547 lividis
1865 5492 2129 5546 corrosio-

553 5582 716 5636 nibus
744 5589 798 5635 et
825 5580 1269 5636 detractionibus.

628 5671 719 5727 Sic
746 5672 993 5727 stridebit
1018 5667 1267 5743 peccator
1292 5690 1452 5744 super
1470 5675 1707 5745 justum;
1735 5681 1789 5725 tu
1813 5681 2012 5736 autem,
2046 5673 2129 5725 vir

555 5763 716 5830 bone,
745 5778 812 5817 ne
838 5778 1012 5830 cures,
1044 5765 1135 5820 sed
1166 5765 1348 5821 deride
1378 5780 1516 5831 eum,
1553 5764 1680 5834 quia
1717 5783 1733 5813 ι
1768 5763 2021 5817 Dominus
2049 5763 2124 5816 ir—

2223 3299 2442 3354 nientur
2469 3315 2483 3354 :
2515 3319 2532 3351 r
2558 3300 2732 3369 justos
2760 3310 2960 3368 autem,
2997 3321 3014 3354 ι
3043 3305 3288 3372 quamvis
3317 3306 3556 3360 modicos
3585 3315 3639 3360 et
3662 3322 3785 3376 pau-

2222 3404 2381 3458 peres
2409 3408 2427 3440 ‹
2461 3390 2744 3445 confirmat
2773 3391 3051 3460 Dominus,
3089 3413 3107 3446 ›
3138 3397 3188 3449 in
3213 3397 3350 3452 bono
3393 3399 3696 3467 proposito,
3733 3411 3786 3452 et

2224 3494 2318 3548 spe
2353 3479 2544 3534 futurae
2580 3481 2949 3537 beatitudinis.

2293 3569 2356 3622 Et
2383 3570 2522 3623 bene
2551 3569 2673 3624 dico
2698 3570 2985 3625 confirmat
3023 3571 3198 3640 justos
3231 3587 3246 3627 :
3278 3572 3411 3629 falsa
3441 3592 3672 3646 namque
3698 3592 3785 3631 eo-

2222 3673 2339 3711 rum
2367 3660 2632 3712 sententia
2663 3667 2775 3723 est,
2807 3661 2897 3729 qui
2924 3671 3116 3729 putant
3145 3663 3430 3718 Dominum
3459 3681 3565 3720 non
3598 3683 3787 3737 cogno-

2222 3764 2373 3803 scere
2401 3751 2515 3804 huic
2545 3766 2664 3820 quae
2690 3761 2919 3822 aguntur
2943 3754 2996 3807 in
3025 3755 3128 3810 hac
3151 3756 3292 3822 vita,
3327 3758 3456 3826 quia
3483 3778 3502 3809 ι
3533 3759 3787 3814 Dominus

2222 3840 2372 3893 novit
2413 3841 2526 3893 dies
2559 3840 3054 3907 immaculatorum,
3099 3863 3117 3896 θ
3159 3861 3179 3896 ι
3220 3853 3293 3910 et,
3330 3865 3349 3898 ι
3390 3846 3498 3917 ipse
3529 3847 3788 3902 Dominus

2227 3944 2246 3976 ε
2269 3927 2372 3980 erit
2397 3927 2682 3982 haereditas
2725 3943 2934 3994 eorum,
2966 3950 2983 3979 ι
3012 3931 3062 3985 id
3084 3939 3190 3997 est,
3208 3930 3476 3999 justorum
3502 3952 3520 3985 ι
3549 3935 3600 3987 in
3622 3943 3786 3988 reter-

2222 4032 2370 4079 num,
2402 4036 2420 4067 ι
2442 4018 2698 4071 Dominus
2725 4018 2921 4072 dicitur
2947 4019 3230 4074 haereditas
3244 4018 3672 4091 justorum,quia
3692 4023 3791 4078 sic-

2222 4113 2282 4159 ut
2336 4107 2621 4162 hrereditas
2666 4109 2838 4177 pascit
2877 4117 2932 4162 et
2971 4118 3235 4164 sustentat
3278 4125 3669 4180 possessorem,
3715 4113 3792 4167 sic

2223 4198 2480 4254 Dominus
2503 4202 2554 4254 in
2577 4202 2679 4254 hac
2700 4202 2808 4255 vita
2831 4202 2963 4266 suis,
2997 4210 3053 4256 et
3081 4203 3299 4257 tandem
3325 4204 3380 4257 in
3405 4203 3513 4258 alia
3539 4205 3652 4259 vita
3676 4219 3788 4260 om-

2222 4291 2436 4363 nimoda
2473 4292 2575 4346 erit
2597 4292 2840 4346 refectio.

2292 4381 2359 4434 Et
2388 4380 2506 4435 ideo
2533 4401 2552 4432 ι
2581 4396 2685 4435 non
2709 4381 3121 4448 confundentur,
3155 4404 3174 4438 ι
3208 4385 3315 4439 imo
3343 4385 3594 4441 voluntas
3614 4400 3790 4441 eorum

2222 4469 2532 4538 implebitur
2556 4489 2574 4521 ι
2597 4471 2649 4523 in
2666 4479 2906 4539 tempore
2929 4471 3070 4528 malo
3087 4513 3102 4538 ,
3125 4491 3151 4544 )_
3178 4473 3230 4528 id
3247 4483 3358 4540 est,
3383 4475 3437 4528 in
3468 4475 3556 4529 die
3579 4476 3760 4544 judicii
3778 4517 3792 4540 ,

2223 4559 2363 4628 quod
2392 4560 2590 4613 malum
2621 4560 2725 4614 erit
2757 4559 2963 4630 impiis,
3005 4562 3096 4630 qui
3125 4571 3252 4618 tunc
3296 4550 3701 4619 damnabuntur
3744 4566 3793 4619 in

2224 4659 2424 4704 :eterna
2441 4650 2802 4717 damnatione,
2819 4660 2946 4706 tunc
2963 4650 3096 4720 justi
3114 4668 3221 4707 non
3244 4654 3665 4720 confundentur,
3681 4657 3793 4711 etin

2225 4742 2326 4796 hac
2349 4741 2457 4795 vita
2487 4741 2640 4810 plene
2662 4757 2690 4794 a
2715 4741 2825 4795 Deo
2845 4742 3181 4810 reficiuntur,
3203 4745 3343 4815 quod
3364 4753 3447 4799 est
3467 4763 3485 4795 r
3515 4746 3710 4800 diebus
3729 4745 3797 4798 fa-

2224 4831 2356 4894 mis,
2398 4851 2416 4884 ι
2447 4831 2499 4884 id
2541 4839 2656 4893 est,
2696 4831 2747 4885 in
2786 4832 2895 4885 vita
2927 4817 3043 4886 'hac
3087 4849 3192 4902 qua
3250 4834 3498 4887 esuriunt
3530 4835 3709 4889 sancti
3749 4842 3798 4888 et

2225 4923 2414 4976 sitiunt
2433 4922 2695 4991 justitiam
2729 4943 2746 4972 ι
2777 4924 3158 4978 saturabuntur
3187 4945 3205 4975 ι
3240 4925 3614 4993 spiritualibus
3643 4927 3794 4986 ciliis,

2229 5025 2259 5064 e
2285 5012 2560 5065 contrario
2591 5012 2682 5064 [iet
2710 5013 3085 5081 peccatoribus
3105 5055 3119 5078 ,
3152 5015 3327 5069 ethoc
3358 5016 3458 5070 sub
3483 5017 3796 5085 probatione

2226 5102 2406 5171 ponit;
2441 5103 2518 5157 sic
2559 5103 2688 5171 justi
2715 5119 2820 5157 non
2850 5104 3246 5160 confundentur
3270 5106 3324 5159 in
3354 5114 3599 5176 tempore
3628 5107 3796 5167 malo,

2227 5192 2351 5259 quia
2376 5192 2473 5244 soli
2505 5202 2814 5261 peccatores
2845 5193 3115 5262 peribunt.

2300 5305 2448 5360 Tunc
2480 5306 2693 5374 quidem
2747 5316 3058 5375 peccatores
3101 5309 3370 5377 peribunt.
3415 5308 3473 5362 ln
3524 5309 3630 5364 hac
3675 5324 3801 5362 vero

2229 5398 2337 5451 vita
2365 5417 2382 5446 ι
2416 5398 2619 5451 inimici
2641 5397 2873 5462 Domini,
2907 5418 2922 5450 ι
2955 5399 3006 5452 id
3032 5408 3133 5464 est,
3161 5399 3258 5468 ipsi
3287 5407 3603 5468 peccatores
3632 5417 3650 5449 ι
3679 5414 3799 5453 mox

2229 5498 2289 5542 ut
2335 5487 2706 5552 honorificati,
2754 5508 2771 5539 ι
2819 5489 2870 5543 id
2910 5497 3021 5553 est,
3061 5490 3228 5543 habiti
3272 5490 3323 5543 in
3357 5490 3660 5544 reverentia
3691 5509 3710 5541 ι
3751 5499 3802 5543 et

2227 5579 2449 5634 exaltati
2491 5578 2710 5642 fuerint,
2763 5599 2779 5629 ›
2831 5595 2925 5649 per
2956 5581 3224 5649 potentias
3249 5588 3304 5634 et
3338 5578 3628 5649 dignitates
3656 5597 3676 5630 ι
3707 5579 3798 5633 de-

2233 5672 2496 5735 ficientes,
2538 5691 2554 5720 ι
2600 5669 2842 5734 assidue,
2888 5671 3066 5724 ethoc
3098 5679 3182 5723 est
3217 5690 3234 5718 ι
3270 5669 3541 5732 deﬁcient,
3568 5687 3587 5719 ι
3615 5666 3798 5738 paula-

2231 5762 2324 5814 tim
2357 5759 2498 5812 cnim
2527 5759 2801 5826 deficiunt,
2832 5759 3057 5813 labendo
3086 5759 3325 5828 quotidie
3357 5759 3408 5813 in
3438 5757 3688 5829 graviora
3714 5756 3801 5810 de.
