3984 6508
228 447 336 504 321

1324 456 1356 462 ”
1406 449 1840 506 EXPLANATIO
1878 450 1945 505 IN
1985 449 2319 506 PSALMOS.

3373 469 3478 525 ωε

227 559 366 613 licta
403 575 420 608 ε
454 555 914 651 quemadmodum
949 554 1142 610 fumus.
1184 578 1200 608 ›
1254 557 1406 651 Sicut
1444 561 1586 613 enim
1633 559 1809 612 fumus
1838 563 1886 620 Α
1911 560 2249 651 Antichristi.
2278 563 2334 617 Si
2362 565 2612 635 loquatur
2636 586 2771 626 unus
2798 573 3166 643 solusjustus,
3194 578 3323 634 dicit
3352 599 3368 631 ι
3396 582 3458 651 ju

232 656 451 717 quanto
500 646 658 699 altius
700 647 970 708 ascendit,
1013 655 1163 699 tanto
1203 648 1374 716 magis
1423 656 1732 702 attenuatur
1756 658 1811 701 et

229 737 420 792 deﬁcit
448 751 461 789 :
489 736 568 790 sic
591 735 715 788 mali
738 744 936 803 quanto
960 737 1179 791 altiores
1205 747 1472 807 occupant
1493 739 1808 801 sententias,

233 839 392 882 tanto
421 827 592 894 magis
615 840 644 877 a
681 826 821 880 bono
847 826 1124 880 deﬁciunt.
1157 828 1262 882 Per
1296 829 1490 883 multas
1523 838 1703 898 partes
1724 843 1811 882 os-

231 923 414 976 tendit
446 920 588 990 quod
623 918 813 972 melior
847 927 930 972 cst
956 918 1236 974 modicitas
1263 917 1397 996 justi
1422 935 1582 989 quam
1614 920 1810 974 divitia:

233 1018 592 1081 peccatorum
604 1049 619 1061 .

311 1103 452 1156 Ecce
492 1101 643 1171 ponit
687 1115 908 1154 causam
949 1114 1114 1168 quare
1161 1106 1413 1168 peccator
1445 1097 1658 1153 deﬁciat
1686 1100 1809 1168 quia

239 1213 257 1244 ι
297 1192 632 1248 mutuabitur
653 1199 906 1259 peccator
934 1209 951 1240 ›
981 1206 1008 1242 a
1035 1191 1142 1244 Deo
1169 1208 1187 1239 ‹
1218 1198 1271 1244 et
1292 1191 1396 1243 nOn
1427 1189 1612 1243 solvet.
1652 1209 1670 1241 ι
1701 1188 1812 1241 Mu-

233 1292 456 1338 tuamur
481 1282 696 1352 quidem
725 1297 758 1334 a
788 1281 898 1336 Deo
926 1281 1183 1351 quidquid
1211 1281 1500 1344 habemus,
1529 1296 1648 1349 quae
1677 1281 1812 1334 bene

234 1374 402 1429 solvit
429 1374 521 1442 qui
553 1374 623 1426 ad
670 1373 772 1426 hoc
820 1373 989 1426 utitur
1017 1372 1171 1426 donis
1220 1370 1349 1436 Dei,
1397 1372 1464 1426 ad
1512 1387 1632 1440 quae
1672 1369 1814 1425 Deus

233 1465 476 1520 instituit
505 1482 518 1517 :
549 1472 609 1517 ut
643 1464 686 1517 si
714 1464 910 1517 habeat
956 1463 1198 1526 divitias,
1249 1463 1525 1532 dispenset
1559 1478 1649 1516 eas
1677 1477 1810 1532 pau-

233 1556 480 1626 peribus,
511 1563 566 1610 et
595 1555 646 1608 in
672 1555 882 1608 caateris
923 1554 1078 1608 donis
1108 1552 1353 1608 similiter
1383 1571 1394 1606 :
1425 1561 1679 1622 peccator
1705 1567 1812 1606 non

235 1645 434 1710 solvit,
468 1643 648 1712 justus
679 1653 858 1699 autem
898 1645 1035 1698 bene
1076 1643 1264 1707 solvit,
1297 1643 1502 1698 scilicet
1537 1662 1554 1695 ι
1591 1644 1812 1698 misere-

235 1745 350 1803 tur,
389 1755 408 1790 ι
442 1737 494 1791 id
534 1745 646 1801 est,
687 1737 775 1805 pia
809 1733 1089 1790 affectione
1128 1750 1257 1806 erga
1294 1735 1516 1794 afflictos
1545 1743 1810 1798 movetur,

236 1828 386 1896 quod
412 1827 595 1896 utique
615 1827 746 1881 satis
766 1826 842 1879 illi
864 1834 966 1890 est,
992 1824 1083 1894 qui
1115 1841 1218 1879 non
1245 1825 1406 1879 habet
1428 1825 1568 1894 quod
1595 1823 1809 1877 tribuat.

232 1916 425 1972 Justus
469 1925 647 1970 autem
691 1916 977 1970 miseretur
1029 1932 1048 1965 ι
1096 1923 1150 1968 et
1197 1914 1361 1968 etiam
1384 1915 1661 1979 retribuet,
1710 1934 1728 1965 ι
1764 1913 1809 1968 si
1841 1899 1884 1956 Β

233 2009 375 2078 quid
405 2009 582 2063 habet.

312 2097 439 2152 Ideo
470 2097 757 2152 miseretur
790 2105 846 2151 et
873 2097 1034 2152 etiam
1073 2098 1367 2162 retribuet,
1397 2117 1415 2148 ‹
1443 2099 1693 2167 quoniam
1719 2100 1812 2152 be-

235 2185 553 2240 nedcentes
583 2185 664 2250 ei,
699 2204 718 2237 ›
765 2205 782 2235 ι
818 2185 1061 2249 Domino,
1091 2205 1108 2237 ι
1138 2187 1189 2241 id
1210 2195 1310 2250 est,
1340 2188 1543 2258 gratias
1570 2197 1808 2258 agentes,

234 2272 512 2327 solventes
541 2288 604 2327 ea
629 2288 749 2342 qua:
778 2288 808 2326 a
835 2273 1060 2328 Domino
1085 2275 1311 2327 mutuati
1344 2281 1501 2329 erant
1532 2293 1544 2327 :
1584 2294 1602 2326 ι
1641 2275 1812 2330 haere-

233 2365 490 2419 ditabunt
534 2372 768 2428 terram,
810 2381 828 2414 ι
863 2364 1156 2418 viventium
1197 2381 1209 2417 :
1251 2383 1269 2413 ι
1306 2364 1689 2419 maledicentes
1722 2379 1814 2418 au-

235 2465 393 2520 tem,
431 2474 450 2507 ι
486 2455 539 2508 id
579 2463 663 2509 est
699 2471 802 2510 non
831 2464 1050 2526 agentes
1096 2456 1168 2510 illi
1209 2456 1434 2534 Domino
1466 2457 1651 2528 dignas
1691 2473 1812 2528 gra-

237 2549 351 2601 tias
378 2547 442 2602 de
470 2548 704 2616 acceptis
731 2549 1044 2603 muneribus
1072 2566 1091 2599 ι
1133 2549 1486 2618 disperibunt.
1521 2569 1538 2599 ι

316 2641 459 2695 Bene
480 2640 629 2705 dico,
653 2641 795 2710 quod
817 2641 947 2711 justi
978 2641 1373 2696 haereditabunt
1393 2650 1636 2708 terram,
1668 2642 1812 2712 quod

236 2729 327 2784 eis
379 2744 476 2800 per
529 2730 632 2784 hoc
674 2732 930 2796 eveniet,
979 2733 1103 2800 quia
1161 2748 1191 2785 a
1239 2733 1464 2787 Domino
1511 2734 1814 2804 diriguntur

231 2837 408 2892 opera
456 2836 678 2877 eorum:
707 2823 810 2878 hoc
839 2823 1009 2877 dicit:
1048 2843 1065 2875 ι
1104 2839 1318 2895 gressus
1344 2865 1359 2888 ,
1401 2824 1520 2879 rid
1561 2834 1642 2880 est
1667 2866 1680 2888 ,
1736 2825 1816 2878 af-

234 2917 508 2972 fectiones
535 2926 589 2972 et
621 2932 784 2986 opera
816 2935 834 2967 ‹
873 2917 1108 2972 hominis
1135 2938 1155 2969 ι
1185 2918 1322 2972 bene
1360 2918 1570 2972 ratione
1614 2918 1816 2972 utentis

246 3027 266 3057 ι
309 3008 632 3078 diriguntur,
674 3027 692 3059 ›
725 3007 775 3062 id
799 3017 916 3074 est,
950 3009 1080 3063 recti
1121 3007 1465 3063 inveniuntur
1493 3028 1512 3060 ι
1545 3009 1684 3080 apud
1712 3009 1814 3065 Do-

237 3101 484 3165 minum,
519 3119 536 3151 ι
581 3101 632 3155 id
665 3109 777 3166 est,
821 3101 874 3155 in
921 3101 1271 3172 dispositione
1309 3098 1521 3157 Domiiii
1551 3117 1565 3155 :
1595 3103 1737 3158 sicut
1770 3103 1813 3158 si

236 3191 514 3244 diceretur
541 3191 605 3245 de
631 3191 808 3261 aliquo
834 3201 1053 3262 potente
1075 3233 1088 3258 ,
1129 3193 1221 3262 qui
1247 3193 1384 3248 bene
1412 3189 1719 3264 disponeret
1747 3194 1812 3249 de
1839 3228 1884 3294 α

235 3282 425 3352 aliquo
455 3284 594 3354 apud
631 3298 751 3338 eum
780 3285 916 3340 bene
942 3300 1104 3354 opera
1138 3284 1304 3355 ipsius
1332 3285 1634 3355 diriguntur
1659 3303 1671 3339 :
1711 3286 1814 3341 Do-

241 3373 423 3427 minus
447 3374 626 3444 dirigit
655 3389 870 3444 gressus
886 3375 1014 3444 justi
1043 3393 1062 3425 ‹
1090 3383 1145 3430 et
1171 3374 1313 3429 viam
1331 3415 1346 3439 ,
1376 3395 1394 3426 ι
1428 3375 1480 3429 id
1505 3375 1618 3439 ast",
1647 3376 1813 3430 vitam

240 3464 443 3518 bonam
481 3464 642 3518 istius
687 3465 818 3532 justi
865 3464 1050 3519 directi
1089 3482 1108 3516 ε
1143 3464 1287 3518 volet
1333 3482 1350 3514 ι
1401 3460 1678 3519 Dominus.
1719 3463 1815 3520 Vel

243 3571 268 3600 -ι
306 3552 447 3604 viam
467 3590 482 3611 ,
519 3571 536 3602 ι
570 3551 622 3604 id
664 3560 748 3604 est
774 3561 1039 3621 praecepta
1067 3560 1124 3607 et
1161 3552 1538 3608 institutiones‘
1569 3554 1686 3624 ejus
1711 3556 1816 3608 Do-

244 3639 381 3692 mini
405 3637 546 3691 volet
571 3639 720 3708 sequi
747 3639 834 3694 ille
859 3640 1036 3695 homo.
1067 3638 1164 3694 Vel
1197 3657 1215 3690 ‹
1246 3639 1411 3704 viam,
1440 3659 1458 3692 ι
1494 3641 1546 3696 id
1569 3638 1652 3696 est
1675 3643 1815 3697 bona

243 3742 412 3796 opera
439 3743 558 3797 quae
586 3727 712 3783 fecit
736 3728 1000 3784 Christus.

323 3817 444 3871 ldeo
472 3833 596 3872 cum
625 3819 908 3883 ceciderit,
947 3819 999 3873 id
1043 3827 1126 3874 est
1161 3818 1482 3890 peccaverit,
1528 3820 1688 3875 homo
1731 3818 1818 3873 ille

243 3927 267 3958 ι
305 3924 411 3961 non
445 3907 744 3973 collidetur,
784 3929 802 3961 ι
839 3909 894 3963 id
926 3917 1008 3963 est
1039 3925 1214 3978 neque
1242 3909 1597 3964 criminaliter
1627 3925 1817 3979 pecca-

240 4000 325 4054 bit
343 4040 356 4064 ,
390 4015 564 4069 neque
589 4000 642 4053 in
662 3999 960 4055 venialibus
981 3999 1348 4069 permanebit,
1385 4017 1403 4049 ι
1437 3999 1692 4068 quoniam
1717 4001 1817 4054 Do-

241 4090 425 4144 minus
441 4099 706 4159 supponet
724 4105 913 4144 manus
934 4107 1057 4145 suas
1077 4132 1091 4157 ,
1129 4109 1147 4142 ι
1178 4089 1230 4144 id
1263 4099 1344 4144 est
1375 4091 1630 4144 auxilium
1659 4106 1815 4145 suum

241 4196 354 4250 quo
386 4181 732 4234 sustineatur.
765 4179 937 4236 Habet
980 4181 1085 4236 alia
1116 4181 1399 4235 translatio
1430 4196 1445 4234 :
1484 4182 1608 4251 quia
1636 4181 1816 4236 Domi-

240 4270 427 4325 minus
456 4269 741 4326 confirmat
779 4287 994 4326 manum
1036 4273 1152 4342 ejus
1183 4290 1196 4325 :
1229 4272 1520 4327 secundum
1553 4274 1693 4342 quod
1741 4275 1814 4328 ita

242 4362 457 4432 legetur
485 4379 497 4416 :
530 4379 548 4412 ‹
580 4361 712 4416 Cum
735 4362 990 4417 ceciderit
1016 4382 1033 4414 ι
1060 4362 1412 4432 corporaliter
1439 4363 1664 4428 scilicet,
1691 4379 1812 4418 cum

241 4455 521 4509 occidetur
578 4462 633 4507 et
695 4453 1047 4524 flagellabitur
1108 4473 1125 4505 ι
1177 4469 1281 4508 non
1322 4453 1637 4519 collidetur,
1682 4474 1699 4506 ι
1761 4455 1814 4509 in

1910 650 2031 704 nior
2081 651 2192 718 fui,
2249 675 2267 706 ι
2300 656 2351 710 id
2393 666 2507 722 est,
2557 661 2747 718 similis
2789 681 2906 718 sum
2953 667 3058 722 illis
3094 669 3283 737 primis
3315 650 3478 740 justls

1917 758 1935 790 ι
1976 750 2028 794 et
2065 745 2250 810 senui,
2284 764 2302 797 ι
2350 747 2401 800 id
2432 757 2514 802 est
2558 751 2746 807 similis
2777 770 2894 808 sum
2934 755 3040 810 illis
3077 759 3480 831 novissimisju-

1911 831 2039 897 stis,
2070 835 2125 887 in
2165 849 2393 903 quorum
2441 847 2680 909 tempore
2718 845 2822 898 erit
2859 845 3070 912 justitia
3116 849 3169 902 in
3204 849 3475 921 decrepita

1909 930 2066 1010 aetate
2096 939 2108 975 :
2137 939 2241 976 non
2279 927 2421 993 quod
2457 927 2588 996 justi
2629 931 2912 999 deﬁciant,
2949 939 3042 992 sed
3085 938 3139 991 in
3176 939 3357 995 multis
3383 943 3474 1010 qui

1904 1009 2033 1079 justi
2081 1012 2404 1068 videbantur
2454 1015 2694 1087 frigescit
2747 1022 3001 1078 Charitas.
3061 1024 3153 1081 Sic
3207 1041 3266 1081 se
3325 1009 3475 1082 com-

1909 1111 2066 1172 parat
2112 1104 2399 1173 Apostolus
2444 1106 2545 1162 illis
2597 1111 2934 1178 novissimis,
2965 1116 3054 1170 ubi
3107 1117 3283 1172 dicit:
3323 1137 3340 1169 σ
3371 1119 3480 1175 Nos

1911 1192 2001 1262 qui
2029 1193 2259 1248 vivimus
2280 1236 2294 1259 ,
2325 1197 2417 1265 qui
2444 1198 2642 1253 residui
2671 1216 2890 1267 sumus,
2934 1206 3211 1274 rapiemur
3233 1209 3287 1262 in
3325 1209 3480 1263 nubis

1909 1281 2007 1335 bus
2027 1281 2239 1335 obviam
2259 1283 2472 1346 Christo
2499 1287 2551 1340 in
2581 1303 2703 1342 aera
2721 1288 2772 1359 (I
2799 1290 2946 1345 Thes.
2964 1294 3057 1363 1v).
3084 1314 3101 1344 ι
3121 1296 3249 1351 Dico
3265 1297 3483 1367 juvenis

1910 1370 1986 1424 fui
2013 1380 2070 1458 et
2091 1374 2243 1426 senui
2264 1412 2278 1438 ,
2315 1392 2333 1424 ι
2367 1383 2420 1428 et
2446 1375 2497 1428 in
2531 1376 2675 1432 nullo
2699 1387 2940 1449 tempore
2963 1382 3069 1436 vidi
3095 1385 3299 1452 justum
3326 1387 3478 1440 dere-

1910 1462 2097 1517 lictum
2147 1483 2166 1515 ι
2221 1480 2251 1518 a
2299 1465 2556 1532 Domino,
2612 1469 2742 1538 quin
2789 1471 3062 1528 conferret
3115 1475 3165 1528 ei
3220 1475 3482 1532 Dominus

1911 1553 2192 1622 spirituale
2234 1556 2493 1611 auxilium
2527 1576 2540 1611 :
2598 1576 2615 1609 ι
2653 1574 2752 1614 nec
2783 1575 2996 1626 semen,
3038 1583 3056 1614 ›
3089 1564 3140 1617 id
3177 1573 3281 1630 est,
3317 1581 3481 1634 opera

1918 1663 1935 1695 ι
1971 1645 2105 1714 ejus,
2147 1666 2166 1700 ι
2214 1664 2231 1696 ι
2269 1663 2515 1716 quaerens
2537 1665 2752 1721 panem,
2778 1672 2795 1703 ι
2833 1653 2886 1707 id
2908 1663 3017 1720 est,
3053 1655 3298 1727 indigens
3319 1672 3479 1726 pane,

1913 1735 2117 1789 scilicet
2143 1736 2372 1805 Spiritali
2407 1739 2788 1795 viviﬁcatione.
2829 1741 3077 1798 Custodit
3114 1747 3256 1800 enim
3295 1748 3480 1803 Domi-

1913 1841 2016 1880 nus
2061 1825 2245 1881 ﬁdeles
2279 1843 2438 1894 suos,
2471 1838 2526 1885 et
2553 1846 2742 1886 eorum
2777 1847 2938 1900 opera
2969 1835 3225 1902 viviﬁcat,
3272 1845 3325 1891 et
3378 1839 3480 1893 sibi

1911 1915 2121 1985 placere
2147 1916 2292 1971 facit.

1981 2004 2105 2059 ldeo
2135 2006 2276 2059 Deus
2306 2020 2410 2060 non
2443 2007 2990 2081 derelinquitjustum
3021 2028 3175 2068 suum
3195 2055 3209 2077 ,
3241 2015 3366 2083 quia
3403 2025 3482 2070 ta-

1911 2095 2016 2149 lem
2044 2109 2104 2150 se
2131 2097 2367 2161 exhibet,
2398 2112 2558 2166 quem
2597 2098 2856 2156 Dominus
2892 2103 3050 2172 digne
3090 2105 3357 2174 respicere
3385 2106 3481 2161 de-

1910 2187 2057 2252 beat,
2077 2187 2284 2242 scilicet
2313 2206 2332 2238 ‹
2363 2197 2472 2243 tota
2493 2190 2601 2256 die,
2628 2209 2649 2243 ι
2676 2191 2729 2245 id
2751 2200 2834 2248 est
2856 2194 3068 2249 assidue
3098 2213 3115 2244 ‹
3146 2197 3430 2250 miseretur
3458 2217 3475 2248 ι

1909 2277 1997 2346 pia
2025 2278 2328 2344 affectione,
2356 2298 2374 2330 ‹
2403 2290 2477 2342 et,
2509 2300 2526 2331 ι
2558 2282 2602 2335 si
2627 2284 2752 2351 quid
2773 2284 2933 2339 habet
2962 2305 2978 2335 ι
3012 2287 3337 2349 commodat,
3364 2307 3382 2338 ι
3425 2287 3477 2342 id

1911 2373 1994 2420 est
2023 2366 2210 2421 tribuit
2236 2369 2612 2422 necessitatem
2639 2370 2886 2437 patienti.
2911 2371 3228 2429 Commodat
3268 2375 3484 2444 proprie

1913 2455 2060 2519 dicit,
2094 2457 2218 2525 quia
2245 2458 2336 2525 qui
2358 2457 2657 2528 dispensat,
2687 2460 2789 2514 sibi
2819 2463 2966 2516 reddi
2992 2472 3291 2532 exspectat,
3321 2479 3426 2519 non
3449 2479 3483 2518 a

1912 2560 2169 2616 paupere,
2205 2548 2298 2602 sed
2334 2563 2364 2600 a
2394 2548 2658 2604 Domino:
2689 2559 2742 2605 et
2780 2551 2906 2620 quia
2932 2552 3112 2620 justus
3145 2556 3218 2608 ita
3248 2569 3482 2610 commo-

1913 2637 2025 2702 dat,
2057 2637 2178 2691 ideo
2214 2655 2231 2687 ι
2269 2652 2450 2692 semen
2480 2639 2644 2703 illius,
2681 2659 2699 2691 ι
2729 2641 2782 2695 id
2803 2651 2886 2695 est
2911 2641 3049 2696 bona
3076 2645 3318 2712 operatio
3342 2644 3483 2700 illius

1920 2743 1938 2776 ι
1968 2725 2020 2777 in
2045 2724 2439 2792 benedictione,
2465 2745 2482 2778 ›
2509 2727 2562 2781 id
2583 2737 2667 2782 est
2686 2728 2740 2782 in
2769 2729 3102 2785 incremento
3121 2752 3138 2781 ‹
3159 2733 3282 2786 erit.
3313 2751 3331 2784 ›
3359 2732 3482 2786 Haec

1914 2827 1998 2872 est
2021 2819 2164 2873 enim
2196 2818 2480 2874 manifesta
2509 2821 2740 2885 veritas,
2771 2823 2912 2891 quod
2941 2823 2986 2876 si
3015 2823 3135 2892 quis
3164 2823 3332 2878 libere
3361 2824 3476 2878 dis-

1913 2918 2104 2979 pensat
2145 2909 2360 2980 aliquod
2388 2910 2586 2966 bonum
2629 2912 2730 2967 sibi
2761 2928 2789 2966 a
2814 2913 2923 2968 Deo
2947 2913 3313 2979 commissum,
3331 2921 3481 2968 tanto

1915 3002 2087 3072 magis
2115 3001 2352 3057 abundat
2378 3001 2433 3056 in
2463 3003 2690 3057 eodem:
2724 3011 2784 3057 ut
2820 3004 2867 3058 si
2907 3005 3029 3072 quis
3073 3003 3266 3058 doceat
3311 3003 3478 3069 alios,

1915 3091 2000 3146 vel
2020 3093 2160 3146 bona
2199 3106 2294 3146 sua
2324 3091 2379 3146 in
2418 3091 2788 3163 eleemosynas
2819 3093 3124 3148 distribuat.
3159 3092 3312 3148 Unde
3339 3092 3481 3164 Apo-

1915 3183 2086 3240 stolus
2110 3197 2334 3253 monens
2355 3183 2423 3238 ad
2451 3182 2821 3254 eleemosynas
2842 3184 3000 3238 dicit:
3032 3204 3050 3236 ‹
3080 3185 3146 3239 Et
3161 3184 3376 3255 augebit
3399 3187 3481 3240 in-

1916 3280 2189 3326 crementa
2221 3270 2430 3342 frugum
2451 3272 2673 3342 justitiae
2702 3271 2756 3342 (Ι
2779 3269 2899 3326 Cor.
2929 3272 3027 3343 ix).
3064 3292 3082 3326 ι

1913 3356 1915 3359 ’
1985 3363 2053 3416 Et
2097 3362 2221 3432 quia
2270 3362 2527 3416 Dominus
2566 3362 2640 3416 ita
2685 3361 2814 3417 facit
2852 3363 3045 3431 justis,
3078 3363 3199 3418 ideo
3227 3371 3284 3418 tu
3313 3363 3482 3420 frater

1915 3450 2162 3520 simplex,
2189 3467 2207 3501 ι
2229 3450 2435 3505 declina
2450 3466 2478 3504 a
2495 3451 2656 3516 malo,
2678 3471 2696 3504 ι
2725 3459 2778 3507 et
2802 3453 2929 3521 quia
2951 3468 3057 3509 non
3085 3452 3351 3508 sufﬁceret
3368 3471 3481 3510 ces-

1917 3554 2038 3594 sare
2065 3554 2097 3593 a
2126 3538 2283 3601 malo,
2316 3539 2418 3592 nisi
2449 3539 2604 3594 ﬁeret
2640 3541 2857 3604 bonum,
2890 3542 3108 3608 subdit:
3137 3561 3157 3592 ‹
3185 3553 3240 3597 et
3264 3543 3350 3598 fac
3382 3545 3478 3599 bo-

1915 3645 2069 3695 num,
2111 3649 2129 3680 ›
2156 3639 2208 3684 et
2239 3631 2318 3684 sic
2344 3649 2362 3679 ι
2405 3631 2644 3686 inhabita
2671 3652 2690 3683 ι
2729 3633 2926 3687 caelum
2967 3653 2986 3684 ‹
3025 3636 3077 3688 in
3099 3635 3351 3690 saeculum
3381 3652 3480 3691 sa:-

1917 3717 2056 3780 culi,
2103 3737 2121 3768 ι
2168 3719 2221 3772 id
2260 3726 2345 3772 est
2387 3719 2438 3770 in
2469 3727 2748 3773 internum.
2791 3719 3046 3775 Habitant
3097 3725 3313 3791 quidem
3349 3726 3481 3794 justi

1918 3808 1972 3862 in
2003 3808 2101 3862 hac
2129 3808 2239 3862 vita
2264 3823 2358 3877 spe
2379 3808 2591 3873 coelum,
2623 3810 2763 3878 quod
2790 3811 3140 3880 possidebunt
3162 3813 3216 3866 in
3245 3814 3350 3868 alia
3371 3817 3481 3870 vita

1919 3900 1970 3953 in
2003 3916 2078 3955 re.

1987 3993 2116 4048 Dico
2142 3993 2224 4045 fac
2254 3993 2476 4058 bonum,
2502 4002 2555 4048 et
2582 3993 2760 4049 facere
2791 3995 2951 4050 debes
2971 4036 2985 4060 ,
3019 4014 3038 4046 ‹
3064 3996 3190 4066 quia
3224 3996 3484 4054 Dominus

1914 4091 2059 4137 amat
2084 4083 2376 4153 judicium,
2411 4103 2428 4134 9
2461 4084 2514 4138 id
2542 4092 2625 4140 est
2661 4085 3072 4151 discretionem,
3097 4102 3200 4156 qua
3229 4099 3482 4156 separent

1909 4172 2040 4243 justi
2069 4173 2207 4228 bona
2248 4189 2276 4226 a
2316 4173 2512 4227 malis:
2550 4184 2604 4228 et
2633 4175 2745 4244 ipse
2776 4175 3034 4230 Dominus
3065 4194 3083 4226 ‹
3117 4192 3220 4231 non
3247 4177 3477 4232 derelin-

1915 4273 2043 4334 quet
2076 4284 2093 4316 ι
2139 4265 2191 4318 in
2223 4265 2324 4318 hac
2350 4265 2457 4318 vita
2504 4283 2522 4315 ‹
2563 4275 2778 4321 sanctos
2808 4281 2953 4332 suos,
2999 4287 3015 4319 ι
3058 4267 3165 4323 imo
3200 4287 3218 4318 ι
3261 4285 3480 4325 conser-

1913 4355 2196 4414 vabuntur,
2231 4373 2248 4404 ι
2275 4353 2518 4408 ducendo
2546 4371 2565 4405 ‹
2595 4354 2648 4408 in
2670 4363 2950 4409 aeternum.
2988 4374 3006 4406 ι

1984 4443 2062 4496 Ex
2088 4457 2194 4511 quo
2221 4442 2330 4496 dixi
2354 4440 2534 4509 junior
2571 4442 2646 4496 fui
2665 4483 2679 4506 ,
2709 4444 2899 4512 incipit
2937 4459 3064 4512 pars
3092 4447 3275 4500 tertia.
3313 4448 3444 4503 Dico
3464 4489 3480 4515 ,

241 4545 462 4612 animo,
486 4546 538 4599 id
565 4554 680 4610 est,
731 4560 834 4600 non
881 4547 1124 4615 peccabit
1165 4546 1219 4600 in
1260 4546 1470 4612 animo,
1503 4565 1521 4598 ‹
1557 4548 1681 4616 quia
1711 4548 1812 4602 Do-
1839 4567 1888 4626 Ι)
1914 4536 2375 4591 conservabuntur
2403 4543 2457 4588 et
2482 4535 2800 4590 obtinebunt
2828 4535 2975 4589 illam
3009 4537 3377 4592 haereditatem
3415 4540 3485 4594 ad

242 4637 427 4691 minus
471 4636 754 4692 confirmat
789 4651 1008 4692 manum
1049 4634 1164 4716 ejus
1192 4676 1206 4702 ,
1259 4656 1276 4687 ›
1321 4636 1380 4690 id
1424 4645 1508 4690 est
1544 4638 1814 4707 operatio-

240 4744 370 4784 nem
396 4725 527 4796 ejus.

318 4821 461 4875 Bene
483 4821 625 4884 dico,
645 4819 786 4889 quod
802 4835 907 4873 non
923 4819 1204 4874 collidetur
1225 4816 1348 4886 quia
1373 4831 1471 4886 ego
1490 4815 1810 4883 vidijustum

242 4912 573 4967 custoditum
602 4928 632 4965 a
659 4911 883 4965 Domino
910 4927 962 4964 in
987 4908 1131 4963 omni
1159 4917 1414 4976 tempore,
1438 4917 1491 4961 et
1515 4907 1640 4960 dum
1656 4906 1813 4974 justi-

242 5005 322 5059 tia
360 5001 573 5071 juvenis
615 5010 788 5066 esset,
821 5011 876 5057 et
913 5001 1168 5071 parvula,
1212 5008 1265 5054 et
1297 5000 1421 5052 dum
1458 4999 1726 5068 perfecta,
1757 5007 1812 5054 et

245 5095 376 5148 dum
401 5093 456 5147 in
477 5094 628 5148 senio
653 5110 665 5146 :
699 5093 744 5147 si
773 5092 1021 5161 loquatur
1051 5098 1216 5143 totum
1247 5103 1439 5157 corpus
1464 5099 1768 5144 sanctorum
1797 5109 1809 5144 :

244 5183 404 5253 quasi
451 5183 655 5238 diceret
699 5200 710 5235 :
751 5199 768 5231 ‹
816 5181 1004 5236 Junior
1033 5179 1136 5244 fui,
1176 5198 1193 5230 ι
1243 5179 1294 5231 id
1341 5185 1423 5232 est
1458 5177 1704 5248 juvenis,
1754 5187 1814 5232 ut

243 5275 304 5330 in
359 5283 596 5342 tempore
643 5272 774 5327 Abel
823 5284 877 5326 et
928 5270 1186 5332 aliorum,
1217 5268 1431 5338 quando
1477 5266 1684 5336 justitia
1721 5283 1816 5338 per

246 5361 422 5419 solam
479 5361 649 5432 legem
711 5359 1010 5414 naturalem
1067 5357 1340 5412 colebatur
1387 5355 1810 5424 aliquantulum,

246 5454 429 5509 adulta
456 5452 588 5518 fuit,
613 5467 735 5507 cum
760 5451 928 5521 legem
958 5449 1210 5517 scriptam
1245 5447 1475 5516 recepit,
1510 5455 1562 5500 et
1593 5447 1647 5499 in
1680 5456 1809 5501 tem-

243 5559 380 5616 pore
409 5545 602 5616 gratia?
613 5542 852 5613 perfecta
874 5540 973 5594 fuit
1000 5557 1012 5592 :
1037 5539 1228 5608 probat
1252 5537 1374 5605 quia
1396 5537 1576 5606 junior
1597 5535 1806 5604 fuisset,

245 5635 432 5690 dicens
477 5652 492 5689 :
540 5652 560 5686 ι
605 5633 804 5688 ctenim
845 5629 1030 5690 senui,
1075 5648 1092 5678 ι
1126 5627 1177 5680 id
1206 5635 1319 5690 est,
1351 5627 1415 5680 ad
1461 5629 1806 5682 reverendam

244 5734 462 5780 aetatem
509 5725 659 5788 veni,
702 5723 753 5776 id
784 5729 896 5784 est,
927 5719 991 5772 ad
1023 5727 1229 5786 tempus
1273 5716 1398 5770 illud
1439 5717 1490 5771 in
1519 5733 1624 5787 quo
1654 5718 1809 5787 frige-

248 5815 353 5870 scit
377 5814 610 5872 Charitas
627 5812 933 5874 multorum,
950 5811 1088 5864 sicut
1112 5808 1348 5862 futurum
1380 5817 1462 5862 est
1489 5807 1542 5861 in
1564 5817 1803 5878 tempore

1917 4643 2078 4698 quam
2123 4627 2617 4693 conservabuntur;
2646 4636 2700 4682 et
2729 4628 2832 4681 hoc
2872 4629 3128 4683 habemus
3166 4630 3485 4699 interposito

1917 4733 2074 4772 versu
2104 4718 2193 4772 ubi
2222 4719 2457 4773 dicitur:
2486 4718 2624 4774 Justi
2655 4728 2832 4773 autem
2859 4721 3254 4776 hareditabunt
3281 4732 3482 4777 terram

1918 4809 2211 4863 viventium
2233 4848 2248 4872 ,
2288 4817 2343 4862 ct
2370 4809 2473 4862 hoc
2501 4823 2607 4862 non
2647 4809 2714 4862 ad
2739 4817 2977 4878 tempus,
3010 4811 3104 4864 sed
3133 4812 3480 4866 internaliter.

1917 4901 2071 4968 Quod
2103 4901 2262 4963 dicit,
2294 4907 2349 4954 et
2394 4898 2714 4953 habitabunt
2742 4900 2793 4952 in
2825 4899 3078 4954 swculnm
3105 4902 3284 4956 saeculi
3323 4918 3484 4970 super

1916 5005 2034 5046 eam
2051 5031 2064 5054 ,
2089 4989 2334 5059 superius
2356 4989 2646 5053 benedixit,
2671 4990 2794 5058 quia
2823 5005 3162 5059 possessores
3186 5001 3239 5045 et
3271 4993 3479 5046 Domini

1916 5089 2072 5136 erunt
2101 5089 2260 5135 teme
2282 5079 2444 5133 illius.

1985 5172 2307 5242 lnterposuit
2329 5171 2396 5225 de
2426 5170 2625 5240 impiis,
2650 5181 2710 5224 ut
2737 5187 2835 5241 per
2855 5187 3068 5240 pcenam
3089 5185 3272 5225 eorum
3306 5171 3482 5225 deter-

1916 5274 2036 5320 reat
2072 5264 2267 5332 justos.
2321 5262 2706 5318 Continuatio:
2740 5263 2877 5318 Justi
2919 5264 3386 5317 conservabuntur
3423 5262 3476 5315 in

1916 5365 2200 5418 :eternum,
2229 5354 2321 5409 sed
2355 5355 2500 5424 impii
2529 5356 2823 5424 punientur
2849 5355 2900 5407 in
2931 5361 3212 5418 aeternum,
3241 5373 3259 5404 ι
3292 5362 3349 5407 et
3386 5367 3476 5406 se-

1915 5462 2060 5512 men,
2100 5466 2118 5498 ι
2157 5447 2208 5500 id
2233 5455 2314 5500 est
2334 5460 2517 5512 Opera,
2549 5465 2567 5496 ε
2604 5444 2887 5515 impiorum
2915 5443 3133 5512 peribit,
3168 5462 3185 5494 ι
3213 5442 3338 5512 quia
3359 5442 3478 5495 nul-

1914 5537 2020 5591 lam
2069 5535 2306 5591 conferet
2337 5536 2643 5589 utilitatem.
2687 5533 2825 5589 Justi
2859 5544 3036 5589 autem
3082 5533 3474 5589 haereditabunt

1915 5641 2144 5695 terram,
2172 5638 2275 5684 etc.
2309 5630 2453 5682 Dixit
2479 5629 2618 5697 quod
2650 5629 2906 5681 Dominus
2933 5627 3075 5680 illam
3106 5625 3475 5681 hmreditatem

1913 5721 2002 5773 dat
2028 5719 2228 5773 sanctis
2251 5720 2382 5781 suis,
2406 5717 2563 5769 modo
2585 5732 2650 5770 ne
2675 5717 2866 5785 aliquis
2892 5715 3306 5784 parvipenderet
3328 5729 3472 5778 eam,

1919 5811 2175 5866 describit
2206 5825 2323 5864 eam
2351 5818 2404 5862 et
2427 5808 2640 5877 dignam
2669 5806 2919 5861 ostendit.
2949 5804 3293 5861 Continuatio
3320 5824 3330 5860 :
