3984 6448
581 381 690 438 523

1035 377 1386 438 HAYMONIS
1425 378 1899 434 HALBERSTAT.
1938 379 2152 434 EPISC.
2194 380 2342 438 OPP.
2385 379 2565 436 PARS
2606 388 2645 436 1.
2682 411 2749 422 --
2787 381 3145 439 COMMENT.
3185 385 3354 445 BlBL.
3724 391 3828 449 ac;

649 493 834 549 Sancti
867 493 1262 548 haereditabunt
1291 499 1489 545 terram
1514 505 1635 559 quae
1663 499 1746 546 est
1776 491 1931 546 valde
1952 491 2111 562 digna
2128 531 2143 555 ,
2177 495 2220 554 Α
2249 507 2358 558 res,
2389 511 2408 542 ι
2438 500 2493 545 ει
2515 492 2782 548 elevatum
2805 495 2945 552 sicut
2971 497 3161 554 cedros
3179 496 3394 565 Libani,
3417 519 3436 551 ι
3460 501 3517 555 id
3536 511 3625 558 est
3653 514 3834 561 trans-

579 585 706 654 quia
726 583 800 640 ibi
831 602 850 635 ι
878 598 941 638 os
960 583 1114 653 justi,
1145 601 1166 636 ι
1191 583 1245 637 id
1269 590 1353 637 est
1374 596 1469 637 cor
1487 583 1630 650 quod
1653 583 1773 638 ideo
1795 598 1857 638 os
1882 585 2142 651 nominat,

576 674 703 744 quia
730 674 972 744 aperitur
996 674 1136 727 sicut
1158 686 1250 738 os,
1278 680 1332 725 et
1356 671 1498 727 Deus
1527 671 1714 740 implet
1737 672 1888 737 illud,
1925 693 1942 724 ι
1973 673 2144 728 medi-

577 763 782 818 tabitur
807 763 1140 832 sapientiam,
1175 780 1195 815 ι
1230 775 1338 815 non
1363 759 1582 815 dubiam
1608 761 1880 832 cogitans,
1909 761 2004 817 sed
2027 777 2147 816 cer-

577 861 689 908 tam
721 853 921 908 habens
949 852 1013 906 de
1040 851 1134 905 Dei
1165 849 1492 920 cognitione,
1530 867 1548 900 ι
1582 857 1639 905 ει
1663 850 1843 920 lingua
1863 851 2002 921 ejus,
2036 869 2055 902 ι
2091 851 2144 906 id

576 951 660 998 est
687 942 898 997 affectio
927 959 945 992 ι
971 941 1223 1011 loquetur
1257 958 1275 991 ›
1304 940 1465 994 modo
1498 954 1633 994 suo:
1663 939 1904 995 laudabit
1940 940 2142 1005 Deum,

572 1031 796 1096 scilicet,
823 1031 888 1086 de
918 1045 1016 1086 sua
1048 1031 1411 1088 restitutione.

641 1121 708 1175 Et
737 1121 900 1175 etiam
935 1120 1010 1175 ibi
1034 1138 1052 1170 ‹
1089 1119 1205 1186 lex,
1245 1139 1263 1172 ι
1300 1118 1355 1173 id
1381 1127 1467 1174 est
1491 1117 1738 1173 voluntas
1765 1136 1784 1170 ι
1815 1117 1915 1173 Dei
1947 1115 2083 1187 ejus,
2116 1137 2135 1169 ι

569 1214 663 1283 qui
691 1213 892 1269 dicitur
919 1214 1062 1268 Deus
1089 1212 1224 1281 ejus,
1257 1214 1381 1283 quia
1413 1213 1582 1268 multa
1602 1213 1742 1268 bona
1774 1212 1901 1268 fecit
1923 1213 1973 1269 ei
1998 1231 2013 1267 :
2036 1214 2141 1268 erit

575 1323 594 1354 ι
625 1305 678 1358 in
719 1305 884 1360 corde
927 1305 1129 1373 ipsius,
1165 1324 1184 1357 ι
1217 1305 1271 1360 id
1304 1313 1388 1360 est
1418 1305 1473 1360 in
1519 1304 1792 1359 voluntate
1839 1306 2024 1375 ipsius.
2064 1307 2138 1360 Ea

565 1394 712 1450 enim
735 1395 880 1448 volet
901 1394 975 1448 ibi
997 1394 1196 1462 justus,
1219 1410 1338 1465 qua:
1365 1395 1497 1449 sciet
1520 1395 1686 1450 Deum
1706 1395 1840 1452 velle
1864 1413 1876 1448 :
1909 1414 1927 1446 ε
1958 1407 2012 1450 ει
2031 1411 2137 1450 non

568 1483 1087 1552 supplantabuntur,
1137 1503 1156 1535 ι
1207 1484 1260 1537 id
1308 1494 1392 1539 est
1439 1484 1798 1554 impedientur
1851 1504 1869 1536 ‹
1921 1500 2137 1554 gressus

567 1574 782 1644 ejus...
820 1574 876 1628 id
909 1581 993 1628 est
1037 1573 1346 1629 affectiones
1391 1585 1446 1628 et
1488 1588 1652 1643 opera
1695 1573 1812 1643 ejus
1859 1576 1987 1645 quin
2033 1577 2134 1631 im-

564 1663 817 1734 pleantur
845 1678 1033 1720 omnes
1066 1663 1376 1720 affectiones
1403 1663 1539 1732 ejus.

635 1753 746 1809 Nec
778 1754 940 1808 etiam
967 1754 1072 1808 erit
1117 1753 1222 1819 ibi,
1264 1754 1357 1823 qui
1385 1754 1515 1808 velit
1541 1753 1888 1823 supplantare
1913 1770 2130 1825 gressus

2244 580 2560 636 eendcntem
2591 581 2726 636 alios
2751 593 2997 655 potentes
3026 586 3078 640 in
3105 587 3388 642 altitudine
3410 587 3574 658 hujus
3600 593 3826 658 saeculi,

2243 670 2384 724 sicut
2423 670 2619 726 cedrus
2659 671 2852 728 Libani
2881 673 3019 729 alias
3065 675 3119 729 in
3156 676 3438 732 altitudine
3475 690 3710 748 superat
3744 697 3826 737 ar-

2243 760 2426 815 bores.

2313 852 2432 908 Vidi
2458 853 2537 910 sic
2559 854 2878 922 exaltatum,
2915 875 2934 908 ι
2972 867 3027 913 ει
3055 859 3276 913 transivi
3311 879 3330 912 ι
3360 859 3476 916 haec
3504 863 3819 932 praesentia,

2239 952 2296 998 et
2319 945 2537 1014 przevidi
2561 947 2756 1001 mentis
2782 946 3062 1003 affectione
3094 958 3148 1003 et
3177 951 3414 1020 agilitate
3446 951 3630 1008 futura
3659 972 3676 1008 :
3713 974 3733 1006 ι
3773 967 3824 1012 et

2239 1049 2368 1089 ecce
2395 1055 2416 1087 ›
2447 1035 2521 1090 ibi
2555 1053 2573 1086 ε
2602 1051 2711 1090 non
2739 1046 2858 1092 erat
2885 1056 2904 1089 ›
2940 1047 3194 1108 peccator
3223 1057 3241 1090 ι
3276 1049 3332 1095 et
3358 1042 3586 1110 quaesivi
3608 1058 3770 1108 eum,
3798 1064 3818 1098 ι

2241 1123 2293 1180 id
2321 1135 2405 1181 est
2431 1125 2714 1196 diligenter
2741 1127 3079 1183 consideravi
3103 1145 3272 1200 quare
3300 1131 3372 1185 ibi
3396 1136 3503 1186 nun
3529 1145 3687 1189 esset
3721 1155 3740 1186 ι
3771 1149 3820 1192 ει

2239 1230 2344 1269 non
2372 1223 2458 1270 est
2501 1216 2752 1272 inventus
2797 1217 2945 1273 locus
2988 1218 3138 1290 ejus,
3173 1239 3192 1272 ›
3218 1221 3273 1276 id
3295 1232 3381 1278 est
3404 1227 3637 1294 cognovi
3686 1232 3820 1297 quod

2239 1320 2343 1359 non
2380 1305 2573 1361 habeat
2603 1307 2802 1362 locum.

2306 1397 2373 1451 Et
2399 1399 2520 1467 quia
2556 1399 2628 1453 ibi
2657 1400 2806 1470 impii
2837 1415 2945 1455 non
2969 1401 3169 1456 habent
3196 1401 3390 1469 locum,
3411 1419 3544 1478 ergo
3574 1417 3640 1462 ut
3669 1409 3746 1464 ibi
3768 1421 3817 1465 tu

2234 1489 2412 1558 possis
2433 1488 2631 1544 habere
2661 1489 2836 1545 locum
2860 1509 2878 1540 ι
2900 1493 3109 1546 custodi
3139 1492 3523 1561 innocentiam,
3558 1516 3578 1549 ι
3603 1499 3816 1555 custodi

2233 1577 2373 1632 bene
2411 1577 2570 1633 dico:
2598 1580 2725 1648 quia
2767 1580 2923 1634 multi
2955 1581 3112 1636 malis
3150 1585 3596 1652 persuasionibus
3630 1590 3815 1644 volunt

2233 1681 2351 1723 eam
2381 1670 2478 1724 tibi
2504 1669 2670 1724 furari
2700 1690 2717 1720 ε
2753 1681 2810 1726 ει
2833 1673 2955 1728 vide
2976 1674 3310 1743 :equitatem,
3343 1695 3362 1728 ι
3390 1675 3443 1730 id
3477 1687 3566 1733 est
3594 1694 3810 1749 aequum

2232 1773 2498 1828 cognosce
2546 1770 2599 1816 te
2637 1776 2851 1831 semper
2891 1764 3221 1832 puniendum
3250 1767 3315 1820 ad
3350 1774 3497 1822 tuam
3527 1771 3811 1825 exanima-

563 1843 699 1912 ejus,
719 1844 769 1898 id
788 1851 872 1898 est
891 1842 1185 1914 justi,quia
1211 1860 1228 1894 ι
1249 1853 1522 1914 peccator,
1544 1862 1562 1893 ι
1582 1843 1922 1900 diabolusvel
1945 1845 2125 1909 homo,
2157 1849 2205 1908 B
2237 1847 2435 1904 tionem
2469 1867 2482 1902 :
2521 1849 2642 1904 ideo
2694 1851 2839 1907 videt
2885 1854 3193 1922 aequitatem
3241 1873 3260 1906 ι
3303 1858 3566 1926 quoniam
3606 1860 3808 1916 homini

566 1951 587 1985 ι
620 1934 924 1990 considerat
945 1941 1000 1990 et
1023 1935 1217 2004 quaerit
1249 1953 1267 1985 ι
1300 1933 1563 1988 invidiosa
1590 1933 1874 1989 affectione
1896 1951 1915 1986 ι
1949 1935 2132 1990 morti-

562 2024 726 2081 ficare
766 2040 911 2080 eum.
961 2045 979 2078 ι
1031 2025 1235 2080 Invidia
1283 2025 1500 2094 quidem
1545 2031 1869 2080 tormentum
1925 2026 2133 2080 anima-

562 2129 684 2168 rum
737 2129 924 2170 eorum
971 2115 1114 2182 erit,
1153 2115 1244 2184 qui
1294 2113 1498 2168 invidia
1543 2113 1599 2170 in
1643 2113 1748 2169 hac
1782 2115 1892 2170 vita
1939 2129 2130 2185 pecca-

558 2209 776 2256 verunt.
1205 2250 1215 2259 ,

627 2291 888 2347 Peccator
911 2291 1108 2361 quaerit
1121 2289 1689 2360 mortificarejustum,
1713 2309 1731 2344 ί
1756 2291 2014 2349 Dominus
2036 2309 2128 2349 au-

557 2364 667 2437 tem
707 2396 816 2436 non
859 2381 1195 2451 derelinquet
1231 2397 1385 2446 eum,
1419 2401 1437 2432 »
1463 2382 1702 2452 justum,
1742 2401 1761 2433 ε
1799 2383 1853 2438 in
1878 2385 2126 2441 manibus

552 2466 701 2536 ejus,
732 2487 751 2520 ι
787 2468 839 2524 id
865 2477 948 2524 est
974 2469 1248 2524 voluntate
1275 2469 1355 2523 vel
1394 2470 1696 2538 peccatoris
1734 2479 2022 2539 potestate,
2066 2479 2126 2525 ut

551 2556 946 2627 possitjustum
971 2559 1229 2612 damnare
1261 2577 1279 2608 ‹
1311 2572 1413 2612 nec
1447 2578 1466 2608 ι
1501 2559 1617 2626 ipse
1645 2559 1900 2614 Dominus
1925 2579 1943 2610 ‹
1974 2560 2126 2614 dam—

551 2648 704 2703 nabit
728 2663 873 2711 eum,
903 2666 922 2699 ι
944 2646 1168 2714 justum,
1204 2665 1222 2698 ‹
1245 2662 1366 2701 cum
1386 2647 1736 2716 judicabitur,
1760 2667 1779 2699 ι
1810 2649 1862 2703 id
1876 2658 1958 2703 est
1972 2650 2123 2704 dam-

550 2739 770 2793 nabitur
819 2738 1014 2806 impius
1049 2755 1067 2788 ‹
1098 2737 1203 2800 illi,
1252 2755 1270 2788 ι
1317 2736 1373 2791 id
1421 2744 1506 2792 est
1555 2737 1624 2792 ad
1667 2739 1925 2792 honorem
1965 2739 2116 2810 justi.

551 2821 762 2899 Decipit
807 2829 954 2884 enim
1003 2829 1300 2884 vindictam
1341 2827 1550 2898 justus,
1603 2844 1728 2884 cum
1779 2830 2122 2886 damnabitur

549 2918 768 2988 impius.

617 3006 908 3076 Possumus
935 3016 989 3060 et
1017 3007 1090 3060 ita
1119 3007 1300 3076 legere
1324 3006 1576 3075 praedicta
1601 3024 1614 3059 :
1645 3005 1770 3062 ldeo
1792 3007 1922 3076 justi
1950 3008 2119 3065 hznre-

547 3093 792 3150 ditabunt
821 3103 1042 3160 terram,
1075 3095 1201 3164 quia
1237 3095 1291 3148 in
1320 3095 1422 3150 hac
1455 3096 1562 3150 vita
1596 3114 1614 3146 ι
1647 3111 1709 3151 os
1735 3097 1866 3166 justi
1899 3099 2119 3154 medita-

2233 1938 2480 2006 paciiico,
2514 1957 2532 1990 ι
2568 1939 2623 1993 id
2645 1948 2744 2004 est,
2776 1941 2866 2010 qui
2898 1943 3168 2011 patienter
3186 1952 3366 2012 portat
3388 1947 3626 2002 adversa
3657 1949 3810 2018 hujus

2233 2025 2374 2092 vitae,
2409 2034 2462 2081 et
2489 2025 2591 2081 sibi
2621 2027 2800 2083 debita
2830 2029 3066 2100 deputat,
3092 2049 3110 2082 ι
3142 2041 3269 2087 sunt
3295 2034 3558 2105 reliquiae,
3597 2061 3619 2088 ο
3653 2038 3710 2094 id
3735 2051 3808 2095 est

2227 2114 2338 2168 vita
2363 2122 2582 2182 aeterna,
2628 2131 2748 2186 qua:
2776 2117 2881 2172 sibi
2929 2118 2986 2172 in
3024 2129 3295 2189 posterum
3325 2133 3667 2180 reservatur.
3721 2128 3807 2183 Vel

2234 2224 2254 2258 ι
2287 2207 2545 2276 reliquiae,
2578 2227 2598 2260 ι
2633 2209 2689 2264 id
2717 2220 2800 2264 est
2820 2210 2961 2266 bona
2993 2209 3135 2268 fama
3160 2221 3281 2284 post
3311 2224 3566 2271 mortem.

2294 2298 2462 2354 Justis
2485 2308 2611 2355 sunt
2631 2300 2888 2370 reliquiae,
2919 2322 2937 2353 ι
2970 2303 3152 2374 injusti
3177 2315 3356 2360 autem
3385 2307 3749 2376 disperihunt,
3781 2331 3798 2361 ι

2225 2390 2279 2446 id
2298 2399 2382 2446 est
2404 2392 2796 2447 damnabantur
2824 2412 2843 2444 ι
2873 2394 3032 2449 simul
3053 2395 3293 2466 reliquie
3316 2397 3610 2468 impiorum
3644 2399 3802 2454 inter-

2224 2485 2394 2540 ibunt.
2449 2502 2470 2538 ι
2520 2486 2670 2555 lmpii
2712 2485 3019 2556 relinquunt
3062 2488 3165 2545 sibi
3202 2489 3496 2554 secundum
3544 2506 3802 2560 praesum-

2222 2575 2458 2645 ptionem
2485 2591 2637 2631 suam
2671 2577 2835 2631 vitam
2864 2587 2987 2651 post
3025 2587 3278 2643 mortem,
3307 2594 3427 2650 quae
3454 2581 3704 2651 reliquiae
3726 2585 3800 2637 in.

2223 2667 2464 2720 teribunt
2491 2667 2590 2731 eis,
2628 2667 2754 2736 quia
2781 2645 2929 2724 nullo
2973 2669 3131 2725 modo
3155 2645 3612 2726 vitamvzeternam
3644 2674 3799 2728 habe-

2219 2755 2375 2820 bunt,
2424 2754 2509 2809 vel
2547 2755 2804 2826 reliquiae,
2842 2757 2896 2813 id
2938 2767 3022 2813 est
3045 2758 3210 2826 fama,
3259 2760 3451 2814 domus
3497 2769 3553 2815 et
3608 2772 3796 2818 caetera

2219 2858 2338 2914 quae
2369 2843 2697 2916 relinquunt,
2728 2845 3043 2913 interibunt,
3084 2847 3137 2902 id
3161 2857 3245 2904 est
3269 2849 3640 2905 destruentur.

2286 2933 2443 2990 Modo
2469 2949 2539 2990 ne
2567 2935 2770 2991 diceret
2813 2937 3040 3006 simplex
3081 2939 3408 3007 admonitus,
3457 2939 3793 2999 Sufficientes

2216 3026 2390 3082 habeo
2415 3041 2604 3083 causas
2629 3043 2797 3098 quare
2825 3029 2963 3084 bene
2985 3045 3146 3102 agere
3169 3030 3342 3087 debeo
3367 3040 3423 3086 et
3452 3034 3682 3103 impium
3707 3051 3791 3090 su-

2216 3119 2418 3174 stinere
2440 3159 2456 3187 ,
2503 3135 2611 3175 non
2639 3135 2858 3192 possum
2903 3133 3124 3178 autem:
3158 3124 3398 3178 ostendit
3449 3125 3501 3180 ei
3537 3128 3790 3196 propheta

542 3183 720 3250 bitur,
742 3202 762 3235 ι
808 3185 1048 3239 studiose
1075 3201 1094 3234 ι
1126 3184 1443 3253 sapientiam
1465 3225 1478 3248 ,
1508 3203 1526 3237 ›
1560 3185 1613 3239 id
1637 3192 1720 3240 est
1749 3187 2112 3257 cognitionem

542 3271 637 3293 ,με
673 3291 684 3293 _
797 3271 966 3293 πμ---
1140 3273 1387 3293 .-μημ
1745 3291 1758 3293 μ
1783 3275 1802 3293 ι

2222 3226 2321 3266 non
2350 3183 2539 3267 deesse
2565 3183 2892 3281 potentiam,
2945 3214 3104 3269 utsic
3133 3214 3346 3270 dicatur
3381 3233 3395 3268 :
3433 3183 3657 3293 lnjusti.
3677 3233 3792 3287 per.

541 3271 641 3327 Dei
666 3291 684 3324 ι
718 3282 774 3328 et
796 3271 975 3344 lingua
998 3271 1114 3342 ejus
1139 3273 1388 3344 loquetur
1404 3275 1668 3344 judicium
1693 3295 1712 3328 ›
1739 3275 1807 3329 ad
1836 3277 2108 3334 litteram:

549 3384 570 3418 α
602 3365 690 3421 lex
716 3367 880 3421 etiam
907 3367 1003 3422 Dei
1029 3366 1175 3436 ejus,
1210 3389 1230 3422 ι
1267 3369 1321 3424 id
1349 3379 1434 3425 est
1474 3380 1741 3441 praecepta
1775 3374 1923 3443 ejus,
1953 3384 2112 3432 erunt

546 3473 566 3506 ι
597 3455 651 3508 in
693 3457 856 3511 corde
896 3457 1087 3536 ipsius,
1123 3478 1141 3510 ι
1173 3460 1224 3514 id
1255 3469 1336 3514 est
1366 3459 1419 3514 in
1457 3461 1731 3518 voluntate
1761 3463 1906 3533 ejus,
1938 3466 1991 3520 id
2028 3477 2112 3522 est

539 3543 682 3598 volet
702 3543 870 3615 legem
890 3547 941 3600 ei
961 3547 1184 3617 implere
1211 3567 1229 3600 ‹
1259 3559 1313 3604 ει
1335 3565 1440 3605 non
1457 3551 1943 3621 supplantabuntur
1964 3573 2110 3628 gres-

546 3650 565 3682 ι
599 3647 690 3687 sus
715 3633 852 3704 ejus,
882 3652 900 3685 ι
928 3634 1058 3703 justi
1084 3637 1310 3703 scilicet,
1333 3638 1384 3693 id
1411 3648 1493 3694 est
1520 3655 1625 3696 non
1655 3653 1835 3712 potest
1860 3645 2108 3715 impediri

536 3722 666 3790 quin
691 3723 910 3793 impleat
929 3725 1240 3782 affectiones
1261 3729 1397 3799 ejus,
1425 3745 1526 3785 nec
1553 3732 1706 3787 deest
1730 3734 1822 3803 qui
1842 3735 1969 3790 velit
1991 3751 2108 3807 sup-

537 3812 817 3881 plantare:
845 3817 970 3885 quia
998 3836 1015 3868 (
1053 3820 1355 3874 considerat
1380 3831 1631 3890 peccator
1649 3821 1872 3891 justum,
1905 3843 1923 3876 ι
1950 3826 2004 3880 id
2025 3835 2108 3882 est

533 3903 818 3975 diligenter
836 3906 1084 3972 attendit,
1108 3925 1176 3963 an
1205 3910 1260 3963 in
1289 3909 1467 3980 aliquo
1499 3913 1672 3982 possit
1700 3914 1958 3984 impedire
1981 3931 2106 3972 eum

541 4013 559 4044 ι
596 4004 652 4049 ει
679 3997 874 4064 quatrit
901 3997 1228 4054 mortificare
1257 4014 1379 4054 eum
1409 4020 1427 4051 ι
1455 4009 1510 4055 ει
1534 4001 1810 4058 voluntate
1840 4013 1895 4058 et
1917 4021 2101 4075 opere.

537 4103 558 4135 ι
591 4086 854 4141 Dominus
872 4096 1053 4142 autem
1069 4105 1174 4145 non
1191 4090 1527 4160 derelinquet
1545 4106 1691 4156 eum,
1714 4113 1731 4143 ι
1752 4093 1980 4162 justum,
2004 4117 2021 4147 ι
2049 4097 2103 4152 in

532 4173 812 4239 manibus,
847 4193 866 4226 ι
904 4175 960 4231 id
993 4187 1078 4232 est
1114 4179 1168 4232 in
1195 4185 1462 4248 potestate
1497 4199 1516 4231 ς
1548 4181 1664 4252 ejus
1703 4202 1721 4234 ι
1765 4185 2099 4252 peccatoris,

533 4279 552 4312 ι
588 4276 688 4318 nec
724 4281 744 4314 ›
782 4264 896 4332 ipse
927 4265 1186 4323 Dominus
1225 4287 1245 4322 ε
1285 4269 1564 4328 damnabit
1602 4291 1758 4342 eum,
1799 4297 1817 4330 ι
1866 4277 2096 4347 justum,

540 4370 558 4402 ι
589 4367 710 4407 cum
725 4353 1058 4423 judicabitur
1076 4359 1172 4425 illi,
1198 4381 1217 4414 ι
1239 4372 1298 4417 ιιι
1317 4377 1500 4432 supra.
1519 4366 1614 4421 Vel
1641 4385 1659 4418 ‹
1686 4368 2098 4429 damnabitcum

526 4442 542 4470 ’
551 4452 703 4499 ustus
725 4443 1057 4513 judicabitur
1090 4449 1188 4516 illi,
1223 4471 1241 4502 ι
1276 4453 1330 4508 id
1356 4465 1440 4508 est
1459 4456 1526 4510 ad
1546 4456 1877 4514 voluntatem
1906 4477 2098 4531 pecca-

525 4531 683 4622 toris.
705 4531 860 4589 Licet
887 4537 1030 4590 enim
1059 4536 1240 4606 justus
1282 4541 1570 4610 aliquando
1607 4547 1676 4601 ab
1716 4527 2094 4622 impiis—flagel-
2123 4527 2173 4588 θ

465 4617 470 4625 ’
523 4619 682 4688 letur,
709 4623 1009 4692 occidatur,
1033 4637 1088 4682 et
1115 4629 1236 4686 aliis
1269 4631 1442 4687 modis
1463 4634 1949 4703 judicetur,tamen
1982 4617 2087 4698 non

522 4712 745 4768 damnat
789 4730 913 4771 cum
953 4717 1247 4787 Dominus,
1286 4722 1380 4778 sed
1426 4736 1606 4780 servat
1659 4727 1886 4784 illaesum
1921 4731 2088 4788 inter-

519 4800 648 4856 itus.

590 4890 658 4946 Et
706 4892 832 4962 quia
876 4895 1136 4951 Dominus
1184 4897 1258 4954 ita
1307 4903 1541 4958 custodit
1589 4903 1805 4972 justos,
1855 4908 1977 4964 ideo
2029 4919 2082 4965 tu

523 4998 542 5030 ι
572 4991 825 5052 exspecta
862 5003 881 5038 ›
931 5002 1026 5056 per
1062 4987 1544 5061 longanimitatem,
1570 4998 1695 5052 dum
1725 5007 1780 5052 et
1810 5020 1828 5052 ‹
1871 5006 2079 5060 custodi

516 5070 663 5136 vias,
699 5091 718 5122 ι
755 5073 808 5126 id
846 5084 928 5128 est
973 5088 1238 5147 prwcepta
1275 5098 1292 5130 ‹
1322 5079 1439 5149 ejus
1466 5101 1484 5132 ι
1533 5101 1552 5136 ι
1590 5094 1644 5138 et
1678 5087 1790 5156 ipse
1826 5090 2082 5156 Dominus

514 5163 771 5219 exaltabit
802 5175 852 5220 te
879 5187 898 5218 ι
943 5168 1119 5224 dando
1154 5171 1382 5226 virtutes
1429 5192 1446 5223 ε
1480 5184 1538 5229 ut
1564 5153 1874 5237 [hereditate
1901 5186 2078 5255 capias

514 5262 716 5307 terram
743 5271 765 5306 ι
809 5255 1142 5311 viventium:
1177 5261 1276 5314 nisi
1308 5263 1452 5316 enim
1493 5265 1566 5319 ita
1611 5269 1940 5326 exaltaretur
1982 5276 2078 5332 ho-

514 5356 621 5406 mo,
649 5342 899 5414 indignus
931 5360 1075 5400 esset
1100 5364 1296 5416 capere
1323 5367 1434 5406 rem
1465 5362 1608 5410 tuam
1642 5361 1883 5426 arduam,
1915 5380 2076 5433 quam

512 5435 798 5500 tcrramde
827 5451 930 5505 qua
960 5439 1275 5508 simpliciter
1303 5445 1457 5499 modo
1481 5449 1653 5503 credis
1682 5468 1699 5499 ε
1730 5451 1933 5507 videbis
1955 5471 2074 5509 cum

509 5538 820 5596 peccatores
840 5533 1114 5601 perierint.
1147 5557 1165 5589 ›

582 5617 825 5714 Fitubcne
843 5623 964 5678 dico
988 5628 1129 5694 quod
1165 5641 1472 5697 peccatores
1500 5617 1785 5705 peribunt,
1822 5642 1946 5709 quia
1975 5658 2074 5714 ego

515 5725 532 5756 ο
573 5709 679 5762 vidi
704 5711 922 5781 impium
954 5720 1406 5788 supet'exaltatum
1441 5746 1457 5776 ι
1493 5739 1655 5794 super
1676 5727 1882 5797 aliquos
1907 5733 2074 5788 mino-

2211 3300 2386 3368 ibunt,
2415 3322 2433 3354 ι
2465 3301 2612 3357 salus
2640 3312 2817 3358 autem
2843 3304 3132 3378 justprum,
3163 3325 3182 3357 ι
3218 3307 3272 3360 id
3298 3311 3382 3360 est
3404 3307 3655 3362 remissio
3680 3324 3792 3378 pee-

2209 3399 2475 3458 catorum,
2506 3392 2562 3447 id
2592 3402 2677 3448 est
2720 3402 2957 3463 potestas
3001 3395 3136 3450 bene
3163 3398 3422 3467 operandi
3461 3407 3547 3454 est
3579 3420 3598 3452 ‹
3634 3417 3663 3454 a
3693 3401 3790 3458 Do-

2209 3482 2376 3544 mino,
2410 3502 2429 3534 ι
2469 3499 2488 3532 α
2529 3490 2586 3537 ει
2622 3502 2640 3534 ι
2689 3482 2804 3552 ipse
2845 3481 3104 3539 Dominus
3133 3493 3215 3540 est
3247 3503 3265 3534 ι
3298 3496 3579 3556 protector
3611 3506 3787 3544 eorum

2209 3572 2262 3626 in
2314 3581 2554 3642 tempore
2609 3572 2994 3640 tribulationis,
3027 3593 3045 3627 ι
3099 3574 3154 3632 id
3200 3584 3284 3632 est
3330 3577 3385 3632 in
3417 3581 3524 3635 hac
3549 3582 3681 3646 vita,
3724 3599 3788 3637 ne

2207 3661 2475 3717 laedantur
2496 3663 2618 3719 telis
2644 3663 2867 3719 inimici.

2283 3771 2301 3804 ‹
2333 3753 2398 3806 Et
2426 3753 2664 3809 abundat
2701 3769 2794 3811 eos
2817 3755 3077 3812 Dominus
3112 3779 3131 3812 ι
3171 3759 3238 3815 ad
3266 3758 3404 3815 bene
3428 3763 3786 3831 operandam,

2213 3860 2231 3894 ι
2260 3851 2317 3897 et
2338 3843 2589 3900 liberabit
2612 3861 2708 3902 eos
2737 3867 2755 3900 ι
2820 3865 2840 3899 ι
2877 3864 2908 3902 a
2937 3851 3113 3920 poenis
3141 3853 3520 3917 exterioribus,
3571 3865 3629 3908 ut
3661 3856 3786 3924 jam

2206 3933 2352 3988 nullo
2391 3936 2551 3990 modo
2577 3946 2843 3993 vexentur
2864 3939 3027 3994 etiam
3055 3941 3108 3995 in
3138 3957 3364 4013 corpore
3388 3963 3402 3997 :
3456 3963 3474 3996 ι
3507 3955 3563 3999 ει
3585 3946 3785 4017 eripiet

2203 4036 2297 4077 eos
2337 4037 2365 4076 a
2407 4027 2781 4092 peccatoribus
2821 4046 2840 4079 ι
2883 4042 3006 4082 cum
3055 4031 3214 4084 ducet
3249 4047 3344 4088 eos
3383 4033 3451 4087 de
3490 4035 3602 4088 vita
3643 4035 3778 4090 hac:

2211 4128 2230 4161 ι
2259 4121 2310 4166 ει
2337 4112 2564 4168 salvabit
2589 4127 2681 4170 eos
2713 4134 2731 4166 ι
2784 4124 2985 4172 aeterna
3017 4119 3350 4189 salvatione,
3377 4135 3604 4195 propter
3646 4125 3775 4190 hoc,

2203 4203 2327 4272 quia
2350 4213 2704 4274 speraverant
2733 4206 2786 4260 in
2818 4221 2902 4261 eo.
2942 4228 2962 4262 ι

2615 4343 2683 4398 ΙΝ
2721 4343 3067 4404 ΡὸΑΙιΜυΜι
3090 4340 3348 4406 XXXVII.

2201 4449 2458 4506 Trruws.
2491 4449 2560 4506 In
2604 4453 2762 4522 ﬁnem
2794 4455 3026 4580 ρδαίηὲἵδ
3053 4458 3220 4540 David
3249 4463 3304 4516 in
3346 4470 3773 4522 rememoralionc

2869 4542 2926 4578 sa
2998 4539 3092 4580 αιι.

2869 4539 3092 4582 sabbati.

2267 4672 2285 4703 ι
2321 4653 2565 4720 Domine,
2613 4672 2680 4710 ne
2709 4659 2761 4712 in
2806 4659 3012 4715 furore.
3049 4682 3068 4715 ι
3101 4661 3344 4718 Psalmus
3378 4664 3481 4720 iste
3519 4670 3774 4725 convenit

2191 4741 2357 4796 David
2378 4745 2652 4813 prophetae
2683 4748 2767 4802 vel
2788 4748 2877 4802 alii
2909 4753 3217 4820 poenitenti,
3266 4753 3486 4810 habitu‘s
3515 4756 3576 4812 in
3605 4773 3774 4816 remo-

2189 4833 2487 4888 moratione
2508 4835 2734 4900 sabbati,
2768 4838 2820 4893 id
2846 4849 2928 4894 est
2960 4850 3177 4896 εειεηιω
3204 4843 3430 4912 requiei,
3460 4847 3620 4917 cujus
3649 4865 3770 4904 cum

2187 4937 2481 4978 memorem
2511 4941 2570 4980 se
2594 4926 2722 4980 facit
2750 4930 3015 4998 paenitens
3039 4933 3132 5001 qui
3165 4932 3252 4986 hic
3279 4933 3538 5002 loquitur,
3589 4939 3772 4995 multis

2191 5026 2250 5066 se
2280 5011 2461 5082 affligit
2507 5017 2699 5080 modis,
2731 5027 2788 5071 ut
2814 5020 2881 5073 ad
2926 5020 3070 5074 illam
3101 5025 3381 5091 pervenire
3405 5027 3601 5093 possit,
3627 5030 3770 5099 psal~

2190 5115 2309 5154 mus
2334 5102 2455 5158 dico
2483 5105 2722 5175 dirigens
2752 5124 2849 5164 nos
2893 5111 2946 5165 in
2976 5112 3157 5176 finem,
3195 5113 3247 5166 id
3273 5122 3355 5167 est
3383 5114 3434 5168 in
3463 5115 3765 5177 Christum.

2188 5190 2400 5246 Habent
2424 5195 2643 5263 quidam
2687 5197 2832 5263 libri,
2883 5200 2936 5254 in
2967 5205 3476 5261 commemoratione
3509 5223 3768 5278 peccato-

2188 5297 2325 5335 rum.
2378 5283 2474 5338 Est
2518 5287 2661 5339 enim
2696 5287 2747 5341 in
2781 5289 2884 5344 hoc
2929 5291 3136 5359 psalmo
3182 5296 3409 5350 materia
3465 5300 3764 5366 paenitens,

2185 5371 2368 5429 multis
2419 5376 2633 5444 quidem
2687 5378 2908 5434 affectus
2947 5382 3180 5438 miseriis
3224 5400 3321 5453 pro
3357 5388 3596 5454 peccatis
3625 5393 3763 5447 suis.

2186 5459 2372 5517 Modus
2401 5474 2482 5518 est
2520 5465 2641 5520 talis
2669 5484 2680 5519 :
2720 5467 2775 5520 1n
2801 5469 2970 5536 prima
2998 5482 3150 5539 parte
3173 5484 3316 5538 orat,
3346 5477 3488 5546 quod
3517 5478 3597 5532 sic
3626 5494 3766 5548 pur-

2183 5561 2337 5620 getur
2365 5567 2460 5621 per
2490 5554 2736 5609 miserias
2776 5574 2909 5626 quas
2942 5560 3030 5616 hic
3077 5563 3326 5628 sustinet,
3369 5574 3424 5618 ut
3455 5564 3577 5634 post
3619 5569 3767 5624 hanc

2182 5643 2343 5696 vitam
2377 5645 2510 5699 nihil
2538 5648 2791 5714 patiatur.
2836 5650 2889 5704 In
2920 5654 3153 5708 secunda
3177 5664 3331 5723 parte
3350 5657 3633 5711 en‘umerat
3656 5665 3766 5714 mi-

2180 5734 2350 5789 serias
2389 5752 2522 5805 quas
2548 5739 2634 5793 hic
2663 5741 2907 5797 sustinet.
2958 5743 3014 5798 In
3048 5746 3204 5800 tertia
3230 5756 3381 5817 parte
3420 5750 3653 5806 ostendit
3700 5767 3764 5810 se
