3984 6466
192 398 306 455 525

1356 387 1798 446 EXPLANATIO
1835 384 1901 438 IN
1941 383 2284 444 PSKLMOS.

3357 388 3463 444 526

195 521 475 578 nunquam
505 502 674 561 Deum
696 503 838 558 inter
868 509 945 558 tot
967 501 1106 561 mala
1132 500 1456 567 deseruisse,
1508 503 1602 558 sed
1633 515 1778 555 sem-
1809 505 1859 562 Α
1885 500 2192 570 exemplum
2241 502 2522 570 peccandi,
2579 501 2722 557 sicut
2774 499 2998 558 vulnera
3047 510 3471 572 corrumpuntur

195 617 300 672 per
322 603 377 656 in
403 615 470 654 eo
493 611 763 667 sperasse,
806 605 861 651 et
885 597 952 649 ad
984 596 1231 665 graviora
1260 595 1570 664 patiendum
1610 608 1670 648 se
1697 607 1788 661 pa-

199 703 379 748 ratum
426 706 569 746 esse.
623 689 681 744 In
705 689 810 743 line
839 687 991 757 ponit
1027 687 1083 740 in
1113 685 1462 741 conclusione
1498 684 1787 755 quamdam

198 783 618 839 exsultationem
641 781 706 836 de
727 780 1010 848 impetrata
1033 776 1210 832 venia.
1233 775 1466 830 intendit
1486 790 1585 830 nos
1605 774 1789 830 admo-

200 888 360 938 nere,
407 886 514 927 non
543 877 603 925 ut
629 869 932 932 timeamus,
980 867 1124 921 sicut
1149 865 1279 920 fecit
1307 865 1360 919 in
1391 863 1496 919 alio
1520 863 1788 932 poeniten-

180 962 322 1016 ‘tiali
351 960 581 1032 psalmo,
611 959 706 1014 sed
732 966 791 1012 ut
825 957 936 1028 jam
967 956 1236 1027 patienter
1263 954 1627 1010 sustineamus
1649 968 1792 1024 quae-

201 1067 420 1123 cunque
446 1051 585 1106 mala
609 1049 676 1106 ad
702 1049 1079 1121 purgationem
1105 1055 1480 1118 peccatorum,
1523 1061 1590 1102 ac
1624 1048 1672 1102 si
1714 1047 1790 1101 ita

201 1149 452 1198 moneret
477 1141 747 1210 paenitens
771 1139 862 1208 qui
896 1138 1155 1206 loquitur.

279 1231 414 1295 Noli,
446 1231 633 1296 frater,
663 1244 853 1299 rogare
882 1229 1048 1282 Deum
1068 1268 1083 1288 .
1118 1236 1179 1282 ut
1205 1227 1344 1283 mala
1375 1226 1534 1297 hujus
1559 1227 1685 1281 vitae
1708 1241 1794 1282 re-

204 1333 424 1379 moveat
451 1337 480 1376 a
515 1332 566 1376 te
588 1361 604 1386 ,
653 1320 749 1375 sed
778 1334 875 1390 per
911 1319 1043 1382 [1:80,
1074 1327 1279 1372 aeterna
1312 1327 1589 1372 removeat
1615 1331 1795 1372 exem-

202 1413 300 1484 plo
320 1411 449 1476 mei,
480 1410 573 1480 qui
603 1424 709 1464 non
731 1410 799 1464 de
824 1408 941 1462 istis
966 1423 1083 1472 oro,
1113 1407 1210 1461 sed
1237 1407 1306 1462 de
1335 1407 1460 1473 illis,
1487 1407 1566 1462 sic
1591 1425 1604 1460 :
1639 1424 1658 1457 ‹
1688 1406 1793 1461 Do-

203 1502 390 1570 mine,
427 1516 496 1555 ne
535 1500 589 1554 in
634 1497 816 1552 lurore
853 1506 944 1552 tuo
971 1511 1166 1568 arguas
1191 1512 1302 1551 me.
1337 1517 1356 1550 ι
1386 1497 1622 1570 Legatur
1649 1496 1794 1553 istud

203 1594 351 1650 sicut
371 1593 424 1647 in
452 1592 558 1647 alio
579 1591 788 1662 psalmo
815 1589 1119 1659 expositum
1143 1597 1246 1644 est.

281 1679 390 1735 Nec
411 1680 574 1734 debes
595 1687 718 1748 post
758 1680 898 1734 hanc
937 1678 1106 1732 vitam
1135 1692 1394 1748 arguere,
1437 1678 1695 1748 quoniam
1739 1678 1794 1733 in

203 1770 314 1825 hac
340 1771 445 1824 vita
477 1769 646 1823 multa
676 1768 816 1824 mala
861 1770 1122 1825 sustineo.
1156 1772 1270 1826 Hoc
1300 1770 1452 1834 dicit,
1485 1787 1504 1820 ι
1537 1766 1794 1838 quoniam

1887 590 2078 660 prius,
2133 590 2326 646 deinde
2381 593 2634 647 emittunt
2671 590 2919 646 fetorem.
2977 589 3306 648 Putruerunt
3345 591 3472 650 dico

1893 702 1911 734 ι
1933 698 1962 736 a
1983 680 2122 738 facie
2155 683 2476 752 insipientia:
2494 699 2648 749 meae,
2671 702 2689 735 ι
2718 683 2773 738 id
2792 691 2876 737 est
2898 693 3117 753 propter
3146 681 3468 753 sapientiam
3563 691 3566 694 ’

1891 771 2304 845 [insipientiam]
2323 787 2521 838 meam,
2549 788 2670 844 quae
2695 773 2826 828 mihi
2859 788 3071 842 semper
3095 787 3334 844 praesens
3361 780 3466 829 est.

1956 863 2024 918 Et
2051 863 2107 918 in
2140 871 2348 917 tantum
2372 873 2714 934 putruerunt,
2745 863 2889 933 quod
2921 879 3024 936 ego
3051 881 3069 914 ε
3098 864 3264 919 miser
3298 864 3472 919 factus

1889 968 2033 1016 sum,
2057 971 2076 1004 ι
2106 952 2160 1006 id
2191 962 2277 1007 est
2305 953 2562 1008 miserum
2586 968 2672 1008 me
2694 961 2947 1024 reputans
2975 971 2993 1004 ε
3027 962 3084 1009 et
3113 962 3370 1009 curvatus
3390 994 3406 1019 ,
3443 972 3462 1005 ι

1890 1041 1942 1097 id
1965 1041 2173 1110 estjam
2199 1057 2307 1097 non
2335 1041 2632 1112 respiciens
2665 1041 2861 1097 coelum
2888 1043 3031 1098 sicut
3056 1043 3309 1098 deberem
3332 1083 3348 1108 ,
3379 1041 3478 1101 sed

1889 1133 2003 1189 sola
2028 1133 2142 1188 hare
2165 1141 2378 1188 terrena
2405 1133 2545 1188 sicut
2573 1133 2791 1188 brutum
2818 1132 3040 1198 animal,
3070 1140 3331 1188 curvatus
3355 1133 3479 1189 dico

1889 1240 2009 1280 mea
2040 1225 2379 1294 reputatione
2406 1243 2424 1275 ι
2444 1239 2617 1293 usque
2643 1224 2697 1277 in
2723 1222 2909 1288 linem,
2931 1243 2949 1276 ι
2983 1223 3036 1278 id
3056 1234 3141 1278 est
3167 1225 3220 1278 in
3243 1232 3475 1290 tantum,

1890 1316 2034 1385 quod
2079 1315 2225 1369 nulla
2252 1315 2426 1370 bestia
2457 1315 2528 1370 sit
2555 1314 2728 1384 magis
2764 1313 3012 1379 turbata,
3041 1330 3201 1385 quam
3235 1329 3333 1385 ego
3357 1327 3478 1368 mea

1891 1406 2249 1475 mputationc.
2280 1404 2376 1460 Vel
2405 1405 2480 1460 ita
2507 1422 2520 1458 :
2564 1403 2702 1471 Quia
2744 1403 2824 1458 sic
2848 1411 3172 1474 putruerunt
3197 1405 3480 1460 cicatrices

1889 1511 2048 1561 mete,
2095 1496 2216 1552 ideo
2247 1497 2414 1552 miser
2445 1495 2624 1551 factus
2669 1509 2791 1550 sum
2838 1493 2981 1548 sicut
3024 1502 3248 1564 portans
3283 1483 3480 1548 multas

1892 1586 2162 1651 miserias,
2201 1587 2316 1642 sive
2355 1601 2456 1656 ego
2484 1585 2618 1640 mihi
2657 1584 2775 1654 ipse
2809 1583 3040 1649 faciam,
3097 1583 3212 1638 sive
3261 1583 3481 1640 aliunde

1892 1675 2026 1730 mihi
2051 1675 2378 1742 inferantur,
2421 1685 2477 1732 et
2517 1675 2572 1730 in
2599 1683 2809 1730 tantum
2840 1673 3028 1741 miser,
3061 1674 3204 1744 quod
3230 1688 3329 1744 ego
3353 1689 3478 1728 cur—

1894 1772 2050 1819 vatus
2099 1781 2242 1831 sum,
2291 1766 2345 1821 id
2389 1773 2502 1830 est,
2551 1765 2842 1836 depressus
2869 1765 3108 1835 pondere
3137 1763 3483 1819 miseriarum

205 1859 422 1927 sagitta:
453 1867 579 1924 tum,
619 1877 637 1910 ι
670 1858 723 1913 id
747 1867 831 1914 est
853 1873 1025 1929 pmnte
1050 1859 1154 1914 illa:
1177 1867 1522 1930 peccatorum
1544 1871 1680 1926 quas
1707 1857 1789 1910 in-
1823 1841 1871 1904 Β
1898 1871 2070 1926 usque
2096 1856 2152 1910 in
2179 1856 2341 1911 finem
2371 1859 2494 1910 vitae
2521 1871 2674 1919 meae,
2699 1855 2781 1909 vel
2809 1870 2977 1924 usque
3006 1856 3061 1910 in
3091 1855 3275 1919 finem,
3301 1854 3355 1910 id
3376 1861 3483 1920 est,

203 1947 379 2004 ﬁxisti
403 1948 550 2002 Δάαι.
580 1947 813 2003 Minatus
836 1956 919 2003 est
947 1949 1092 2002 enim
1115 1949 1255 2004 Deus
1277 1948 1428 2013 Adae,
1479 1947 1634 2017 quasi
1659 1961 1820 2001 arcu.

205 2038 464 2092 intenso:
519 2056 538 2088 ι
563 2037 625 2092 in
677 2052 1000 2107 quacunque
1055 2039 1144 2093 die
1183 2037 1486 2094 comederis
1535 2038 1602 2092 de
1648 2035 1796 2108 ligno

203 2126 454 2182 scicntia:
501 2127 627 2181 boni
675 2132 732 2182 et
783 2126 932 2190 mali,
971 2134 1147 2182 morte
1187 2126 1438 2182 morieris
1472 2123 1629 2198 (Gen.
1656 2125 1739 2195 ιι).
1771 2143 1790 2176 ι

202 2217 294 2272 Eo
327 2225 502 2271 autem
543 2216 870 2285 infringente
908 2215 1304 2282 obedientiam,
1353 2224 1481 2272 sunt
1523 2215 1574 2271 ei
1617 2214 1797 2271 inﬁxae

205 2309 423 2380 sagittae
453 2307 579 2372 Dei,
608 2309 836 2371 scilicet,
883 2305 1058 2362 factus
1096 2321 1179 2362 est
1209 2307 1452 2362 mortalis
1496 2315 1550 2360 et
1585 2306 1799 2376 patiens

201 2403 444 2473 peccati,
476 2418 597 2471 qua:
645 2409 864 2456 manent
890 2401 1135 2456 ecclesiae
1165 2399 1220 2454 in
1249 2399 1374 2474 filiis
1400 2399 1552 2465 Adae,
1580 2398 1648 2455 de
1681 2397 1798 2468 qui-

204 2494 318 2548 bus
341 2493 610 2563 paznitcns
633 2492 722 2546 hic
765 2492 917 2556 dicit,
965 2492 1148 2546 infixae
1175 2499 1301 2547 sunt
1325 2491 1483 2557 mihi,
1508 2497 1568 2546 et
1591 2497 1670 2556 tu,
1695 2490 1800 2546 Do-

205 2582 382 2646 mine,
421 2596 529 2636 non
557 2580 840 2636 extraxisti
868 2597 897 2633 a
918 2596 1005 2634 me
1027 2581 1252 2651 sagittas
1276 2580 1420 2646 illas,
1443 2595 1545 2635 nec
1574 2579 1796 2636 allevia-

204 2671 306 2737 sti,
339 2671 433 2725 sed
467 2691 484 2722 ι
519 2670 853 2726 confirmasti
883 2689 902 2721 ι
933 2671 1087 2739 quasi
1124 2670 1382 2740 magister
1407 2685 1569 2741 supra
1598 2671 1654 2726 in
1682 2686 1802 2727 cor-

205 2771 424 2817 rectum
461 2761 785 2832 discipulum
839 2777 859 2812 ι
899 2775 1120 2815 manum
1168 2769 1336 2827 tuam,
1373 2778 1393 2812 ι
1449 2760 1504 2815 id
1528 2770 1611 2814 est
1637 2761 1802 2816 vindi-

203 2859 360 2905 ctam
385 2860 534 2905 tuam
569 2869 587 2901 ι
625 2866 788 2922 super
811 2865 921 2916 me,
957 2869 976 2901 ι
1011 2849 1064 2903 id
1086 2856 1188 2914 est,
1218 2863 1314 2920 per
1358 2848 1450 2903 illa
1498 2848 1637 2904 mala
1661 2863 1804 2906 com~

200 2943 456 3015 primens
479 2958 586 2997 me.

286 3032 356 3086 Et
377 3032 591 3086 interim
613 3031 943 3087 confirmasti
969 3046 1187 3086 manum
1209 3046 1370 3102 super
1392 3045 1498 3098 me,
1527 3031 1670 3103 quod
1687 3031 1803 3103 jam

213 3139 390 3178 conon
421 3132 508 3178 est
534 3124 737 3178 sanitas
763 3123 814 3177 in
843 3139 1005 3178 carne
1029 3138 1168 3189 mea,
1213 3141 1232 3174 ι
1265 3123 1392 3193 quia
1414 3123 1664 3178 omnibus
1690 3140 1805 3179 ma-

1896 1944 1954 1999 in
1995 1952 2201 1999 tantum
2228 1945 2373 2015 quod
2412 1943 2592 2001 nullus
2613 1943 2726 2013 jam
2754 1952 2933 2013 potest
2961 1944 3192 2014 deprimi
3221 1943 3362 1998 ultra
3397 1957 3486 1998 me

1897 2035 2165 2105 aliquibus
2190 2036 2446 2102 miseriis,
2487 2044 2542 2090 et
2571 2035 2700 2106 quia
2741 2038 2819 2090 sic
2845 2051 2966 2090 sum
2996 2034 3174 2090 factus
3219 2036 3387 2091 miser
3431 2043 3489 2089 et

1895 2135 2183 2192 curvatus,
2231 2126 2354 2181 ideo
2388 2144 2406 2177 c
2440 2135 2551 2182 tota
2596 2126 2685 2181 die
2709 2165 2725 2192 ,
2760 2144 2778 2178 ι
2819 2125 2873 2180 id
2911 2133 3014 2192 est,
3046 2125 3263 2181 assidue
3295 2145 3313 2176 ι
3351 2141 3488 2181 con-

1897 2216 2146 2272 tristatus
2173 2217 2515 2286 ingrediebar
2558 2235 2577 2268 ›
2629 2217 2696 2271 de
2724 2216 2943 2271 tristitia
2971 2216 3027 2270 in
3069 2216 3367 2270 tristitiam.
3391 2215 3491 2270 Vel

1903 2324 1924 2358 ι
1958 2306 2319 2378 ingrediebar,
2355 2324 2376 2358 ι
2435 2307 2491 2362 id
2526 2314 2630 2373 est,
2685 2307 3050 2363 conversabar
3077 2305 3218 2361 inter
3245 2305 3494 2360 homines

1899 2399 2277 2455 contristatus.

1969 2487 2093 2543 ideo
2120 2487 2339 2557 quidem
2359 2485 2715 2542 contristatus
2740 2484 3106 2556 ingrediebar,
3139 2499 3246 2540 non
3270 2499 3368 2555 pro
3395 2483 3494 2540 ali-

1899 2593 2009 2648 quo
2045 2579 2243 2633 damno
2293 2577 2602 2647 temporalis
2649 2577 2766 2642 rei,
2809 2577 2905 2630 sed
2958 2595 2977 2627 ι
3013 2575 3271 2645 quoniam
3319 2574 3492 2630 lumbi

1901 2673 2032 2737 mei,
2062 2690 2080 2726 ι
2117 2671 2172 2725 id
2199 2678 2305 2734 est,
2356 2668 2624 2740 fragilitas
2670 2683 2804 2724 mea:
2839 2667 3194 2732 carnalitatis,
3232 2684 3251 2717 ι
3284 2666 3492 2737 impleti
3545 2675 3550 2680 ‘

1903 2774 2030 2823 sunt
2060 2764 2424 2828 illusionibus,
2448 2784 2466 2816 ι
2500 2764 2553 2818 id
2576 2771 2681 2826 est,
2712 2759 3121 2830 deceptionibus
3142 2758 3362 2815 diaboli.
3394 2757 3499 2813 Per

1903 2857 2149 2922 lumbos,
2192 2854 2283 2910 ubi
2323 2856 2480 2910 sedes
2533 2852 2808 2917 libidinis,
2843 2851 2896 2906 id
2921 2858 3027 2916 est,
3067 2849 3302 2905 carnalis
3340 2848 3498 2904 volu-

1904 2949 2110 3020 ptatis,
2158 2947 2457 3017 accipimus
2502 2958 2886 3017 quamcunque
2931 2941 3114 2998 carnis
3139 2941 3497 3016 voluptatem,

1905 3047 1962 3094 et
2003 3039 2058 3094 in
2107 3046 2318 3093 tantum
2367 3045 2495 3092 sunt
2543 3035 2714 3090 lumbi
2758 3035 2863 3089 mei
2901 3032 3108 3104 impleti
3136 3032 3496 3098 illusionibus,

1906 3128 2050 3198 quod
2070 3126 2184 3196 jam
2233 3146 2268 3184 ο
2291 3140 2398 3180 non
2429 3133 2513 3181 est
2540 3125 2742 3180 sanitas
2774 3123 2828 3179 in
2863 3138 3032 3179 carne
3075 3137 3217 3188 mea,
3255 3141 3275 3175 ›
3331 3120 3388 3176 id
3413 3130 3501 3177 est

208 3214 288 3268 lis
312 3220 396 3267 est
432 3227 562 3268 caro
603 3226 720 3266 mea
770 3226 1045 3281 possessa.
1096 3186 1162 3266 ιιι-
1187 3186 1352 3277 fam—8.
1382 3220 1438 3266 et
1462 3211 1800 3277 lassitudine.
1831 3186 1874 3248 Ο
1905 3186 2112 3274 nullum
2143 3234 2315 3289 gemis
2345 3217 2634 3290 voluptatis
2661 3225 2746 3273 est
2777 3217 2830 3272 in
2860 3231 2968 3287 quo
2996 3230 3107 3271 non
3143 3186 3247 3270 sim
3286 3215 3498 3270 illusus.

205 3313 274 3362 et
301 3303 422 3358 aliis
448 3301 781 3371 huiusmodi,
809 3307 914 3356 nbn
944 3310 1028 3356 est
1051 3302 1257 3357 sanitas
1285 3302 1415 3356 mihi
1449 3303 1590 3364 dico.
1615 3311 1669 3358 et
1690 3303 1806 3357 haec

217 3416 238 3448 ε
281 3411 312 3450 a
338 3395 497 3460 facie,
530 3414 549 3445 ι
603 3394 657 3449 id
684 3403 788 3458 est,
819 3409 848 3446 a
876 3393 1162 3464 praesentia
1209 3411 1227 3444 ι
1265 3393 1382 3458 ira,
1419 3413 1438 3445 ι
1481 3394 1535 3449 id
1562 3401 1664 3458 est,
1690 3376 1808 3447 vin;

213 3486 378 3540 dicta:
411 3505 430 3538 ‹
461 3494 589 3550 tuae,
620 3504 638 3536 ι
686 3486 892 3540 habens
921 3484 1138 3553 quidem
1188 3483 1243 3538 in
1269 3485 1521 3554 praesenti
1568 3485 1812 3540 conside-

215 3573 436 3628 ratione
479 3573 797 3638 vindictam,
849 3587 1012 3640 quam
1041 3570 1284 3626 facturus
1323 3581 1408 3627 est
1437 3573 1504 3627 de
1551 3575 1809 3643 peccatis,

218 3660 427 3716 nullam
474 3661 624 3716 carni
675 3677 810 3716 meae
847 3676 1028 3730 quaero
1077 3659 1345 3730 quietem;
1397 3679 1416 3712 ι
1449 3678 1555 3717 non
1587 3671 1670 3717 est
1707 3679 1811 3733 pax

219 3751 440 3806 ossibus
464 3751 620 3815 meis,
652 3770 670 3803 ι
721 3752 774 3805 id
807 3759 906 3814 est,
955 3752 1148 3806 robora
1178 3750 1375 3806 animae
1399 3752 1809 3819 conturbantur,

215 3846 278 3895 et
304 3839 428 3894 inde
451 3855 557 3895 non
579 3856 776 3896 accuso
807 3849 880 3904 te,
910 3840 1157 3906 Domine,
1189 3841 1286 3895 scd
1309 3840 1426 3895 hare
1448 3849 1556 3895 tota
1579 3841 1813 3899 turbatio

216 3937 307 3986 est
330 3929 462 3984 mihi
497 3948 516 3981 ι
546 3946 575 3984 a
598 3930 758 3998 facie,
783 3951 802 3984 ι
839 3931 893 3984 id
922 3939 1004 3984 est
1030 3937 1249 4000 propter
1270 3931 1613 4000 praesentiam
1644 3951 1662 3982 ‹
1682 3946 1812 4001 pec-

218 4029 471 4076 catorum
501 4036 762 4076 meorum.
801 4040 820 4074 ›
856 4019 1220 4075 Considerans
1245 4021 1391 4074 enim
1425 4029 1651 4091 peccata
1690 4037 1808 4088 sua,

218 4113 424 4167 timens
459 4111 754 4166 vindictam
786 4111 880 4165 Dei
909 4125 1008 4180 pro
1034 4110 1271 4179 peccatis
1297 4111 1423 4178 illis,
1457 4113 1813 4167 conturbatur

215 4213 280 4260 et
303 4203 361 4258 in
383 4216 608 4273 corpore
635 4212 692 4258 et
721 4203 774 4257 in
801 4203 1002 4256 anima.

294 4293 439 4348 Bene
465 4292 586 4349 dico
611 4294 798 4350 turbor
834 4309 931 4363 pro
975 4291 1232 4362 peccatis,
1270 4293 1397 4363 quia
1443 4309 1564 4349 mea
1590 4302 1812 4364 peccata

216 4388 394 4444 multa
420 4396 566 4453 sunt,
597 4389 702 4443 hoc
727 4397 828 4452 est,
887 4405 908 4438 ι
938 4388 1191 4456 quoniam
1223 4387 1539 4456 iniquitates
1564 4404 1698 4444 mea:
1721 4403 1814 4444 su-

214 4495 522 4550 pergressae
569 4487 694 4534 sunt
733 4487 896 4550 caput
945 4495 1124 4534 meum
1159 4498 1180 4532 ι
1219 4487 1276 4533 et
1313 4479 1417 4534 sibi
1464 4480 1810 4551 subjecerunt

216 4581 467 4626 mentem
496 4585 704 4634 meam,
754 4586 772 4619 ι
810 4579 865 4624 ct
913 4577 1038 4624 sunt
1063 4577 1299 4641 gravata:
1344 4584 1506 4639 super
1552 4586 1639 4626 me
1671 4571 1809 4626 sicut

216 4678 364 4717 onus
393 4677 586 4730 grave.
627 4680 645 4711 ι
684 4660 840 4715 Sicut
874 4661 1020 4716 enim
1046 4676 1184 4716 onus
1207 4675 1371 4732 grave
1399 4669 1703 4732 portantem
1726 4663 1816 4718 de-

216 4752 434 4824 primit,
461 4752 540 4806 sic
563 4752 676 4806 ista:
709 4751 1020 4820 iniquitates
1043 4752 1351 4822 deprimunt
1380 4753 1642 4808 animum.

300 4839 400 4895 Hic
423 4840 629 4911 incipit,
655 4841 880 4906 scilicet,
905 4855 1227 4897 enumerare
1251 4843 1500 4900 miserias
1525 4859 1662 4912 quas
1689 4859 1812 4900 sus-

222 4928 400 4993 tinet,
441 4943 577 4996 quas
617 4928 777 4982 simul
817 4929 870 4982 in
898 4930 1148 4998 pnesenti
1182 4943 1342 4984 versu
1381 4933 1811 5003 comprehendit.

221 5019 354 5073 Ideo
379 5017 501 5072 dico
543 5019 686 5088 quod
716 5031 1076 5088 supergressa:
1104 5027 1249 5085 sunt,
1298 5023 1425 5092 quia
1476 5041 1495 5074 ι
1530 5023 1812 5081 cicatrices

222 5122 366 5162 meae
394 5115 717 5176 putruerunt
747 5118 804 5162 et
830 5116 1099 5177 corrupta:
1131 5118 1277 5163 sunt.
1321 5128 1340 5162 ι
1383 5112 1428 5166 A
1456 5111 1812 5170 similitudine

225 5197 364 5253 dicit
395 5215 409 5251 :
447 5198 572 5266 quia
596 5198 736 5254 sicut
761 5198 1045 5254 cicatrices
1069 5200 1219 5270 prius
1256 5211 1595 5270 putrescunt,
1623 5213 1812 5273 postea

226 5290 503 5359 rumpitur
527 5304 680 5356 caro,
720 5289 798 5345 sic
818 5301 1039 5360 peccata
1069 5299 1257 5345 sanata
1287 5292 1341 5345 in
1365 5293 1690 5362 baptismate
1712 5310 1812 5363 pu-

229 5389 501 5450 trescunt,
530 5383 740 5453 quando
768 5382 1068 5452 cogitamus
1106 5397 1170 5437 ea
1210 5397 1511 5438 renovare:
1564 5399 1810 5438 corrum-

228 5480 456 5542 puntur,
487 5473 700 5542 quando
728 5474 794 5527 ad
833 5482 1011 5527 actum
1054 5473 1421 5543 perducimus.
1479 5474 1690 5532 Habent
1708 5475 1810 5530 ali-

232 5562 330 5632 qui
377 5561 498 5618 libri
536 5571 847 5633 :corrnptze
892 5571 1019 5618 sunt
1061 5571 1118 5617 et
1171 5571 1528 5634 putruerunt,
1590 5575 1646 5620 et
1684 5575 1814 5621 tunc

234 5666 325 5712 est
361 5671 653 5712 conversus
682 5657 833 5718 ordo,
873 5657 999 5726 quia
1049 5655 1200 5726 prius
1229 5665 1650 5727 corrumpuntur
1688 5673 1811 5713 cum

235 5748 494 5804 dicuntur
532 5748 599 5804 ad
627 5757 840 5815 actum,
891 5747 1084 5804 deinde
1109 5755 1330 5816 putrent
1357 5762 1480 5803 cum
1521 5747 1641 5803 aliis
1685 5749 1816 5805 dant

1837 4526 1888 4588 D

1977 3308 2044 3362 Et
2071 3308 2199 3376 quia
2233 3307 2308 3361 ita
2335 3321 2454 3361 sum
2483 3306 2706 3371 illusus,
2735 3304 2856 3361 ideo
2912 3323 2931 3355 ι
2964 3302 3195 3359 afﬂictus
3219 3318 3338 3358 sum
3374 3321 3393 3354 ›
3443 3302 3500 3356 in

1906 3411 2135 3468 corpore
2191 3416 2208 3448 ι
2242 3404 2297 3450 et
2326 3393 2641 3450 humiliatus
2685 3409 2806 3450 sum
2835 3413 2854 3448 ι
2900 3392 2957 3448 in
2984 3393 3167 3447 anima
3202 3409 3220 3442 ι
3253 3391 3436 3456 nimis,
3475 3410 3497 3443 ι

1908 3489 1963 3544 id
1987 3497 2090 3554 est,
2123 3487 2301 3552 valde,
2339 3495 2394 3540 et
2420 3486 2586 3541 etiam
2625 3485 2909 3557 gemebam
2933 3484 2988 3538 in
3009 3483 3173 3539 corde
3193 3497 3335 3547 meo,
3375 3501 3394 3534 ‹
3448 3490 3504 3536 et

1909 3580 1978 3633 ab
2005 3578 2096 3633 illo
2119 3578 2322 3647 gemitu
2350 3577 2530 3631 cordis
2551 3576 2660 3630 mei
2688 3575 2967 3645 rugiebam
2988 3612 3004 3638 ,
3025 3592 3044 3624 ›
3077 3572 3133 3626 id
3154 3580 3240 3627 est
3251 3585 3502 3640 prorum-

1911 3667 2103 3736 pebam
2137 3666 2192 3719 in
2220 3664 2487 3734 rugitum,
2538 3664 2595 3719 id
2618 3672 2702 3718 est
2731 3674 2853 3718 cum
2903 3675 3102 3732 magno
3129 3660 3400 3717 desiderio
3443 3659 3500 3712 in

1911 3757 2227 3823 clamarem,
2256 3756 2399 3812 sicut
2430 3755 2515 3810 leo
2542 3755 2706 3824 rugit,
2732 3769 2859 3810 cum
2881 3753 3120 3822 aliquam
3145 3765 3328 3807 escam
3357 3751 3501 3806 desi-

1912 3847 2086 3902 derat.

1981 3937 2098 4008 Ego
2126 3934 2404 4008 rugiebam
2427 3975 2444 4002 ,
2481 3954 2500 3987 ι
2554 3942 2612 3990 et
2643 3947 2805 3989 omne
2855 3930 3187 3988 desiderium
3225 3943 3429 3996 meum,
3470 3945 3506 3986 ο

1911 4028 2161 4094 Domine,
2187 4038 2272 4084 est
2300 4035 2428 4083 ante
2450 4035 2522 4092 te,
2552 4046 2571 4080 ι
2615 4027 2669 4080 id
2697 4033 2782 4080 est
2804 4023 2937 4084 niliil
2966 4021 3213 4080 desidero
3235 4021 3338 4078 nisi
3361 4021 3506 4091 quod

1913 4121 2010 4176 tibi
2038 4119 2237 4190 placet,
2273 4137 2292 4170 ι
2330 4128 2386 4174 et
2421 4118 2654 4188 gemitus
2683 4131 2838 4172 meus
2863 4132 2970 4172 non
3005 4123 3091 4170 est
3114 4130 3146 4169 a
3177 4122 3229 4168 te
3280 4113 3506 4169 abscon-

1911 4211 2077 4274 ditus,
2114 4228 2133 4260 ›
2169 4209 2278 4264 imo
2303 4209 2398 4263 tibi
2423 4210 2561 4264 bene
2581 4207 2850 4276 cognitus,
2879 4214 2982 4260 eta
3013 4193 3066 4259 te
3084 4204 3359 4274 probatus.

1982 4299 2127 4354 Bene
2153 4298 2276 4354 dico
2301 4298 2556 4368 gemitus,
2585 4298 2713 4367 quia
2741 4305 2925 4351 tantus
2968 4303 3054 4350 est
3077 4294 3310 4365 gemitus
3340 4292 3499 4360 mihi,

1911 4391 2056 4462 quod
2087 4409 2105 4442 ‹
2139 4406 2234 4445 cor
2263 4406 2464 4454 meum,
2498 4409 2518 4442 ι
2562 4390 2616 4445 id
2654 4397 2738 4446 est
2761 4388 2942 4442 anima
2972 4400 3116 4450 mea,
3152 4403 3170 4436 ι
3204 4385 3504 4440 conturba-

1914 4492 2027 4537 tum
2062 4489 2146 4538 est
2169 4521 2185 4547 ,
2229 4502 2246 4534 ι
2281 4491 2338 4537 et
2367 4481 2511 4552 quod
2541 4495 2638 4535 cor
2668 4481 2740 4535 sit
2773 4479 3050 4534 turbatum
3087 4475 3358 4540 ostendit,
3414 4477 3500 4530 dl-

1915 4589 2046 4628 cens
2074 4573 2328 4628 virtutem
2359 4572 2524 4626 animi
2574 4570 2836 4626 defecisse
2862 4577 2918 4624 et
2962 4567 3260 4631 rationem,
3317 4575 3374 4620 et
3403 4566 3507 4622 hoc

1915 4671 2001 4718 est
2047 4681 2066 4712 ι
2103 4660 2429 4730 derelinqnit
2457 4674 2542 4714 me
2572 4659 2746 4713 virtus
2797 4672 2940 4721 mea,
2975 4674 2994 4708 ι
3051 4655 3105 4710 id
3131 4665 3216 4711 est
3243 4653 3506 4724 fortitudo

1916 4752 2084 4806 animi
2130 4750 2210 4806 sic
2242 4751 2471 4816 defecit,
2521 4747 2665 4819 quod
2699 4747 2813 4816 jam
2857 4745 2991 4802 nihil
3021 4745 3254 4801 tolerare
3277 4752 3502 4816 potest:

1923 4863 1942 4896 ι
1976 4853 2032 4899 et
2055 4843 2219 4898 etiam
2249 4842 2428 4897 lumen
2453 4843 2755 4907 oculorum,
2792 4859 2811 4892 ι
2848 4840 2903 4894 ἰτι
2925 4848 3010 4896 cst
3040 4839 3178 4895 ratio
3228 4857 3260 4913 «η
3280 4854 3387 4918 non
3420 4845 3508 4894 est

1917 4952 2164 5002 mecum,
2197 4944 2256 4991 et
2279 4935 2456 5006 ipsum
2491 4954 2510 4987 ι
2541 4934 2788 5004 quamvis
2810 4932 2942 4988 mihi
2967 4931 3214 4987 naturale
3237 4938 3400 4994 esset,
3418 4926 3507 4985 vel

1923 5048 1942 5080 ι
1971 5028 2172 5097 ipsum,
2203 5047 2222 5080 ι
2258 5027 2312 5081 id
2339 5035 2424 5081 est
2465 5025 3002 5097 quantulumcunque
3025 5031 3160 5087 erat,
3190 5022 3243 5076 id
3270 5029 3354 5076 est
3381 5034 3504 5092 per-

1917 5117 2027 5172 didi
2067 5115 2450 5171 discretionem
2479 5115 2606 5171 boni
2631 5124 2686 5170 et
2713 5114 2861 5170 mali.

1992 5225 2010 5257 ‹
2041 5207 2108 5260 Et
2130 5206 2194 5260 ad
2223 5205 2498 5262 cumulum
2523 5206 2765 5261 omnium
2793 5203 3077 5266 malorum,
3125 5197 3284 5254 amici
3319 5197 3444 5262 mei,
3475 5217 3494 5248 ι

1916 5299 1971 5354 id
2002 5306 2086 5353 est
2115 5298 2189 5352 illi
2219 5298 2313 5366 qui
2362 5298 2495 5353 mihi
2544 5299 2633 5368 pio
2661 5313 2726 5352 ac
2765 5295 2906 5351 fideli
2942 5307 3128 5348 amore
3172 5292 3503 5366 putabantur

1915 5403 2036 5443 esse
2063 5387 2335 5457 conjuncti
2371 5389 2488 5445 sine
2517 5390 2696 5460 aliqua
2733 5386 3052 5457 cognatione
3079 5383 3278 5447 carnis,
3307 5390 3363 5436 et
3408 5381 3500 5450 qui

1917 5478 2050 5534 mihi
2076 5479 2269 5535 solatio
2295 5493 2415 5535 esse
2459 5480 2793 5543 debuissent,
2829 5495 2846 5528 ι
2881 5486 2936 5530 et
2964 5473 3192 5544 proximi
3220 5471 3326 5525 mei
3360 5490 3380 5524 υ
3415 5486 3502 5525 se~

1919 5572 2152 5627 cundum
2179 5587 2396 5628 carnem
2437 5590 2455 5623 α
2489 5570 3052 5642 appropinquaverunt
3077 5586 3097 5619 ι
3129 5563 3388 5637 paulatim
3411 5579 3505 5620 ac-

1919 5661 2160 5716 cedendo
2193 5678 2212 5712 c
2248 5661 2534 5716 adversum
2562 5675 2671 5725 me,
2712 5667 2769 5714 et
2807 5665 3092 5720 steterunt,
3126 5655 3178 5709 id
3204 5663 3286 5711 est
3313 5668 3501 5726 perse‘

1920 5762 2247 5809 veraverunt
2273 5767 2398 5820 erga
2431 5767 2516 5807 mc
2541 5752 2593 5806 in
2633 5751 2790 5806 malis
2821 5743 3048 5804 actibus.
