3984 6480
473 441 576 500 527

925 428 1280 487 HAYMONIS
1317 421 1795 481 HALBERSTAT.
1835 418 2051 474 EPISC.
2093 415 2242 471 OPP.
2283 412 2461 466 PARS
2498 411 2539 466 I.
2579 378 2646 448 -έ
2683 405 3035 462 COMMENT.
3080 405 3249 459 BIBL.

3623 400 3737 459 δεῖ

547 554 712 610 Amici
745 551 846 606 mei
875 550 1088 604 fuerunt
1117 552 1302 600 contra
1335 555 1442 605 me,
1473 548 1527 594 et
1550 537 1642 606 qui
1671 551 1778 590 non
1801 533 2045 589 fecerunt
2071 533 2123 590 A
2216 526 2327 594 Ego
2356 533 2434 579 tot
2463 523 2600 578 mala
2628 522 2868 576 sustineo
2893 519 3036 588 quod
3071 519 3237 572 etiam
3282 514 3510 578 morior,
3535 524 3595 569 et
3621 520 3742 568 hoc

477 646 608 700 mihi
635 641 798 706 mala,
829 640 1030 694 nullum
1076 636 1320 689 fecerunt
1342 631 1626 685 solatium:
1671 628 1774 681 hoc
1797 632 1900 689 est,
1941 642 1959 674 ι
1994 629 2048 677 ει

480 737 569 806 ἰιιί
591 733 744 803 juxta
775 746 859 784 me
893 735 1064 790 erant,
1112 745 1129 776 ι
1173 725 1225 778 id
1265 731 1348 776 est
1383 717 1654 790 conjuncti
1695 715 1827 771 mihi
1868 714 2047 784 aliqua

481 804 797 894 cognatione
826 817 906 873 vel
935 813 1168 870 amicitia
1203 832 1221 863 ι
1248 812 1315 866 ι1ε
1339 811 1495 878 longe
1519 815 1802 871 steterunt,
1833 824 1850 857 ι
1887 804 1941 858 id
1967 811 2050 857 est

479 919 817 970 recesserunt
841 925 871 962 a
902 923 984 961 me
1011 905 1214 960 nullum
1245 903 1478 957 ferentes
1526 899 1802 963 solatium,
1840 901 1894 949 et
1924 902 2050 947 tunc

477 1003 610 1058 mihi
652 1002 730 1056 sic
774 995 1065 1058 derelicto,
1119 995 1216 1058 illi,
1277 1013 1293 1044 ι
1325 993 1417 1061 qui
1455 991 1770 1060 quaarebant
1814 987 2048 1041 animam

477 1105 652 1146 meam
691 1107 709 1139 ι
752 1086 972 1150 tollere,
1004 1086 1056 1139 id
1086 1092 1168 1137 est
1204 1083 1472 1136 dzemones
1506 1090 1561 1135 et
1602 1077 1837 1132 ministri
1863 1090 2049 1130 eorum

480 1196 500 1229 ι
534 1179 643 1231 vim
688 1176 996 1239 faciebant,
1033 1193 1052 1226 ι
1108 1172 1159 1226 id
1207 1179 1289 1225 est
1332 1169 1618 1224 manifesta
1669 1167 1810 1222 mala
1847 1165 2050 1220 inferec

475 1269 626 1324 bant.

543 1356 612 1410 Et
646 1370 750 1409 non
782 1362 987 1408 tantum
1020 1350 1159 1404 mala
1201 1348 1535 1410 inferebant,
1578 1345 1671 1400 sed
1711 1345 1872 1398 etiam
1905 1341 2045 1396 mala

476 1443 727 1498 dicebant
763 1440 1046 1496 manifeste
1071 1450 1123 1494 et
1151 1437 1359 1492 occulte
1415 1454 1428 1489 :
1476 1443 1532 1489 et
1584 1434 1688 1488 hoc
1736 1442 1850 1495 est,
1904 1450 1922 1482 ι
1956 1431 2045 1499 qui

476 1532 820 1602 inquirebant
872 1530 1000 1584 mihi
1056 1528 1234 1592 mala,
1281 1527 1445 1580 locuti
1501 1531 1626 1580 sunt
1677 1523 1974 1586 vanitates,
2023 1541 2041 1572 ι

479 1622 535 1678 id
580 1631 702 1686 est,
758 1619 1042 1676 manifesta
1109 1616 1390 1672 mendacia
1455 1633 1466 1668 :
1532 1624 1592 1668 ut
1640 1629 1761 1668 cum
1794 1613 2050 1666 ‘dieerent

479 1695 595 1767 hac
627 1710 894 1764 mundana
920 1706 1162 1762 sufficere
1191 1707 1257 1759 ad
1289 1704 1708 1767 beatitudinem,
1740 1710 1794 1756 et
1817 1701 2046 1764 similia,

479 1808 535 1854 et
573 1814 680 1853 non
708 1806 917 1851 tantum
949 1794 1233 1849 manifeste
1260 1793 1512 1847 dicebant
1550 1791 1689 1846 mala
1710 1831 1724 1855 ,
1765 1791 1859 1844 sed
1886 1790 2047 1842 etiam

2150 625 2231 671 est
2256 615 2396 684 quod
2423 614 2581 678 dicit,
2614 631 2632 664 ι
2666 610 2868 666 inimici
2894 618 3073 663 autem
3100 608 3204 661 mei
3231 607 3450 670 vivunt,
3484 625 3503 658 ι
3536 605 3589 658 id
3623 614 3735 667 est,

2148 703 2459 759 existimant
2486 703 2650 756 vitam
2680 715 2799 754 esse
2829 699 2882 753 in
2911 699 2997 753 his
3022 696 3336 762 mundanis,
3370 713 3391 746 ‹
3427 703 3485 749 ει
3522 694 3737 748 conﬁr-

2149 797 2280 851 mati
2323 804 2448 850 sunt
2487 808 2648 863 super
2686 806 2792 856 me,
2850 811 2870 843 ι
2919 791 3125 846 scilicet
3159 790 3226 844 ad
3271 789 3554 843 inferenda
3592 786 3739 840 mihi

2149 886 2288 940 mala
2320 904 2332 938 :
2368 904 2386 935 ι
2429 891 2484 939 ει
2507 881 2844 951 multiplicati
2873 889 3000 935 sunt
3030 899 3049 930 )
3070 889 3138 934 σει
3168 895 3396 934 numero
3424 888 3479 932 et
3510 878 3739 948 gravius

2151 975 2388 1031 nocendo
2420 992 2438 1024 ι
2467 974 2558 1043 qui
2582 974 2809 1028 oderunt
2831 985 2917 1026 me
2946 971 3147 1040 inique.
3186 989 3206 1022 ι

2220 1067 2287 1120 Ει
2311 1083 2412 1120 non
2446 1074 2651 1120 tantum
2697 1063 3004 1118 inferebant
3040 1063 3170 1116 mihi
3198 1063 3368 1126 mala,
3419 1063 3517 1117 sed
3562 1063 3735 1116 etiam

2157 1178 2176 1210 ι
2211 1158 2564 1212 detrahebant
2592 1157 2722 1210 mihi
2755 1176 2773 1206 ›
2818 1155 2895 1208 illi
2931 1175 2948 1205 ‹
2985 1156 3071 1222 Qui
3105 1156 3409 1209 retribuaut
3455 1155 3601 1208 mala
3635 1170 3738 1223 pro

2149 1251 2324 1313 bonis,
2372 1269 2388 1300 ι
2430 1249 2617 1302 ethoc
2661 1257 2830 1302 totum
2878 1245 3148 1299 faciebant
3193 1245 3336 1299 nulla
3381 1245 3488 1299 alia
3527 1261 3735 1309 causa,

2150 1341 2252 1394 nisi
2286 1358 2303 1389 ι
2339 1339 2592 1408 quoniam
2616 1338 2882 1407 sequebar
2905 1337 3217 1391 bonitatem.
3257 1356 3275 1388 ι

2221 1433 2319 1487 Ηίε
2364 1430 2968 1502 ponitexsultationem.
3011 1428 3400 1483 Continuatio:
3447 1429 3569 1499 Ego
3621 1429 3735 1482 ha‘c

2149 1526 2328 1580 omnia
2351 1524 2546 1594 patior,
2576 1533 2631 1577 et
2653 1532 2728 1588 ιιι,
2766 1541 2783 1573 ι
2820 1521 3064 1586 Domine,
3095 1521 3236 1575 Deus
3267 1536 3443 1586 meus,
3481 1541 3497 1572 ι
3537 1521 3734 1575 salutis

2152 1632 2284 1672 mere
2315 1616 2493 1680 dator,
2525 1616 2577 1670 id
2604 1623 2714 1678 εει,
2744 1615 2834 1683 qui
2857 1613 2973 1683 jam
3001 1614 3266 1667 exaudisti
3292 1628 3377 1667 me
3421 1631 3440 1663 ‹
3474 1627 3548 1667 ne
3580 1613 3734 1666 dere-

2151 1707 2364 1775 linquas
2413 1721 2531 1769 me,
2581 1724 2597 1755 »
2640 1705 2693 1758 id
2732 1711 2843 1766 est,
2893 1719 2960 1758 ne
2999 1703 3280 1772 permittas
3316 1719 3402 1758 me
3446 1704 3655 1756 cadere
3684 1704 3736 1756 in

2151 1793 2431 1850 criminale
2446 1801 2738 1861 peccatum.
2760 1791 3029 1845 Permittit
3055 1791 3198 1844 enim
3231 1790 3372 1845 Deus
3398 1793 3607 1845 cadere
3638 1789 3734 1843 ali-

486 1907 504 1939 ι
534 1898 644 1942 tota
668 1889 751 1958 die
777 1886 1170 1940 meditabantur
1191 1883 1358 1948 dolos,
1381 1903 1399 1934 ι
1429 1883 1482 1936 id
1521 1890 1634 1946 est,
1676 1881 1722 1935 si
1765 1879 2053 1948 aliquando
2082 1874 2128 1933 B
2159 1885 2374 1955 quando
2400 1900 2526 1939 suos
2556 1885 2623 1938 ad
2644 1883 3034 1938 correctionem
3063 1882 3348 1952 majorem,
3380 1893 3439 1938 ut
3468 1883 3731 1944 Petrum;

480 1979 729 2033 dicebant
757 1978 925 2040 bona,
955 1990 1063 2029 non
1104 1975 1244 2028 bona
1262 2013 1276 2039 ,
1305 1973 1399 2028 sed
1425 1971 1726 2028 seductoria
1759 1969 2054 2024 intentione

480 2069 747 2124 dicebant.

558 2175 576 2208 ι
613 2157 725 2226 Ego
748 2165 926 2209 autem
952 2151 1382 2223 nonzaudiebam,
1413 2171 1431 2203 ›
1457 2151 1509 2205 id
1537 2159 1642 2216 est,
1669 2165 1776 2204 non
1801 2149 2055 2203 movebar

488 2247 556 2302 de
573 2260 760 2300 eorum
783 2243 1113 2298 maledictis:
1145 2257 1245 2312 ego
1268 2241 1389 2296 dico
1416 2241 1472 2295 in
1497 2241 1601 2296 hoc
1628 2241 1867 2294 existens
1897 2257 1914 2289 ι
1939 2247 2057 2292 tan-

483 2352 644 2402 quam
694 2335 922 2399 surdus,
971 2351 989 2385 ι
1053 2333 1108 2386 id
1158 2339 1273 2396 est,
1323 2332 1464 2386 sicut
1507 2331 1702 2385 surdus
1742 2345 1849 2384 non
1893 2331 2055 2384 habet

486 2425 718 2494 aliquem
758 2431 938 2477 aetum
967 2422 1182 2476 auditus
1202 2462 1215 2487 ,
1249 2421 1327 2476 sic
1352 2435 1453 2476 nec
1480 2437 1581 2491 ego
1611 2421 1844 2490 aliquem
1874 2430 2053 2474 actum

484 2515 736 2571 motionis
760 2533 772 2568 :
795 2523 850 2568 et
868 2529 1018 2568 eram
1038 2529 1164 2584 erga
1185 2513 1569 2567 maledicentes
1587 2531 1605 2562 ι
1634 2512 1776 2566 sicut
1795 2519 1996 2574 mutus,
2029 2529 2046 2561 ι

483 2620 539 2664 ει
565 2611 690 2678 quia
726 2617 906 2662 mutus
945 2607 1179 2673 etsinon
1208 2619 1463 2676 expressa
1488 2618 1638 2669 voce,
1667 2611 1846 2656 tamen
1876 2601 2054 2670 aliquo

476 2701 691 2768 mugitu
721 2699 802 2752 vel
846 2698 1046 2752 indicio
1091 2697 1271 2764 aliquo
1316 2696 1453 2749 iram
1485 2709 1636 2748 suam
1668 2691 1954 2762 exprimit,
1994 2698 2055 2744 ut

487 2805 640 2844 suam
687 2787 996 2842 manifestet
1033 2785 1429 2848 constantiam,
1461 2783 1594 2838 dicit
1640 2802 1658 2833 ι
1702 2790 1756 2837 ει
1784 2797 1890 2836 non
1922 2794 2051 2849 ape-

487 2879 636 2932 riens
681 2892 742 2930 os
795 2891 981 2940 suum,
1031 2893 1049 2926 ›
1100 2874 1156 2930 id
1193 2881 1277 2930 est
1320 2872 1466 2927 nullo
1517 2871 1678 2927 modo
1724 2871 2053 2940 respondens

489 2964 996 3035 impmperantibus.

559 3059 626 3111 Et
674 3073 779 3111 non
830 3065 1036 3109 tantum
1083 3069 1189 3109 non
1236 3052 1501 3108 habebam
1545 3061 1724 3106 actum
1776 3050 2049 3115 audiendi,

490 3147 585 3204 sed
627 3163 726 3202 nec
755 3147 1085 3216 potentiam,
1113 3155 1167 3199 et
1211 3145 1316 3198 hoc
1354 3151 1464 3208 εει,
1499 3162 1517 3194 ‹
1552 3142 1728 3196 factus
1765 3157 1884 3196 sum
1915 3141 2054 3195 sicut

2155 1987 2212 2032 et
2238 1977 2281 2032 si
2314 1975 2600 2044 aliquando
2630 1974 2996 2043 derelinquas,
3030 1993 3048 2024 ι
3083 1989 3150 2029 ηε
3171 1973 3485 2030 discesseris
3506 1991 3537 2028 a
3573 1991 3686 2036 me.
3714 1996 3729 2026 l

2155 2066 2207 2120 id
2237 2073 2349 2128 est,
2388 2085 2406 2117 ι
2441 2079 2508 2118 ηε
2537 2063 2815 2132 permittas
2846 2079 2930 2117 me
2981 2078 3324 2132 perseverare
3377 2065 3430 2118 in
3470 2075 3734 2134 peccato.

2154 2155 2249 2210 sed
2277 2171 2293 2204 ι
2331 2154 2546 2208 intende
2572 2153 2624 2207 in
2656 2151 3013 2220 adjutorium,
3061 2169 3238 2208 meum
3259 2195 3274 2218 ,
3313 2174 3330 2205 ι
3363 2155 3412 2209 id
3448 2164 3569 2220 est,
3615 2156 3738 2209 date

2155 2247 2451 2308 intentum,
2483 2253 2541 2298 ut
2567 2260 2650 2298 me
2678 2245 2899 2314 adjuves
2934 2244 3001 2298 ad
3027 2245 3162 2299 bene
3197 2245 3551 2314 operandam.

2561 2373 2628 2427 IN
2665 2371 2996 2428 PSALMUM
3036 2372 3317 2428 XXXVIII.

2225 2487 2484 2542 Τιτυιυε.
2530 2485 2598 2539 In
2617 2486 2772 2554 ﬁnem
2795 2486 3058 2538 canticum
3080 2485 3248 2538 David
3276 2502 3369 2555 pro
3395 2485 3666 2540 Idithum.

2231 2621 2249 2652 ‹
2286 2600 2405 2654 Dixi
2439 2616 2452 2652 :
2483 2597 2813 2653 Custodiam.
2853 2617 2870 2648 ι
2902 2595 3100 2651 Volens
3130 2596 3326 2651 Esdras
3353 2597 3622 2652 honorem
3664 2597 3736 2651 fa-

2155 2708 2277 2748 cere
2303 2691 2531 2746 Idithum
2553 2731 2567 2755 ,
2597 2691 2688 2759 qui
2718 2689 2818 2742 fuit
2855 2705 2993 2743 unus
3031 2691 3096 2742 de
3129 2697 3359 2758 quatuor
3382 2692 3736 2760 praeceptori-

2153 2787 2253 2840 bus
2274 2827 2287 2849 .
2313 2802 2434 2840 eum
2465 2800 2646 2839 arcam
2669 2783 2878 2837 Domini
2904 2783 2968 2837 de
2992 2782 3117 2853 Sylo
3138 2785 3483 2846 reducerent,
3515 2786 3585 2838 ad
3617 2799 3734 2837 me-

2153 2876 2379 2930 moriam
2411 2875 2580 2944 ipsius
2609 2874 2757 2942 ponit
2786 2887 2979 2926 nomen
3025 2873 3141 2942 ejus
3170 2873 3220 2926 in
3253 2873 3419 2942 ipsius
3446 2874 3651 2942 psalmi
3686 2875 3734 2926 in

2157 2966 2536 3022 titulationem.
2577 2966 2728 3020 Licet
2773 2973 2952 3020 autem
2989 2967 3042 3019 in
3078 2965 3393 3035 quibusdam
3441 2967 3735 3036 scripturis

2155 3059 2521 3122 inveniamus,
2566 3059 2710 3112 hunc
2739 3056 3002 3126 psalmum
3031 3055 3161 3112 fecit
3194 3055 3454 3121 Idithum,
3486 3067 3544 3111 et
3586 3059 3734 3112 hunc

2157 3150 2345 3204 Emam
2366 3189 2380 3212 ,
2405 3157 2534 3210 ete.,
2559 3159 2734 3202 tamen
2760 3147 3160 3216 intelligendum
3189 3155 3272 3201 est
3295 3163 3324 3200 a
3351 3147 3515 3201 David
3538 3163 3733 3202 omnes

491 3241 653 3294 homo
696 3253 802 3292 non
845 3237 1101 3300 audiens,
1149 3253 1167 3286 ›
1218 3234 1272 3289 id
1317 3243 1401 3288 est
1438 3248 1546 3288 non
1581 3239 1770 3302 potens
1806 3230 1994 3285 audire
2037 3243 2051 3284 :
2083 3207 2128 3270 (ἶ
2157 3237 2327 3292 factos
2360 3252 2498 3291 esse.
2532 3235 2596 3289 Ili
2626 3245 2806 3289 autem
2837 3234 3028 3290 fecisse
3068 3236 3342 3300 dicuntur,
3372 3237 3498 3305 quia
3532 3251 3730 3291 recen—

490 3338 546 3383 et
571 3343 693 3383 eum
722 3327 968 3397 superius
992 3326 1233 3390 dixisset,
1269 3342 1287 3374 ι
1318 3325 1457 3379 sicut
1478 3332 1659 3378 mutus
1679 3337 1786 3377 non
1809 3321 2057 3391 aperiens

487 3431 551 3472 os
575 3431 753 3480 suum,
788 3436 806 3468 ι
835 3431 902 3469 ηε
924 3414 1147 3468 inferret
1169 3413 1382 3482 aliquis,
1404 3413 1524 3467 ideo
1549 3421 1729 3466 mutus
1758 3425 1904 3476 eras,
1931 3409 2056 3479 quia

490 3522 597 3561 non
622 3507 858 3561 habebas
883 3505 1024 3559 unde
1054 3505 1431 3575 responderes,
1465 3503 1582 3558 ideo
1610 3503 1806 3566 subdit,
1831 3520 1848 3551 ι
1871 3509 1926 3555 ει
1950 3515 2058 3555 non

493 3598 700 3652 habens
740 3597 792 3650 in
838 3610 932 3650 ore
988 3611 1085 3650 suo
1129 3595 1534 3664 redargutiones
1581 3614 1600 3646 ι
1645 3603 1832 3648 contra
1869 3605 2057 3662 perse-

492 3694 744 3756 quentes,
779 3687 830 3739 id
854 3695 966 3751 est,
1000 3685 1248 3754 quamvis
1275 3685 1531 3740 haberem
1557 3684 1698 3739 unde
1735 3698 1948 3753 possem
1975 3698 2077 3744 re—,

489 3775 850 3845 prehendere,
882 3773 1164 3828 tamenl’ui
1190 3774 1344 3844 quasi
1374 3789 1480 3828 non
1516 3774 1738 3829 habens.

560 3866 657 3920 Hie
685 3866 871 3936 incipit
894 3867 960 3920 de
989 3866 1149 3920 tertia
1195 3873 1368 3934 parte.
1413 3864 1795 3918 Continuatio:
1840 3865 1916 3918 Ita
1965 3865 2059 3929 tri-

489 3959 665 4024 bulor,
684 3959 780 4012 sed
805 3967 984 4011 tamen
1008 3951 1220 4024 speravi
1244 3958 1391 4010 inte.
1420 3957 1485 4009 Et
1521 3973 1539 4004 ι
1570 3955 1824 4024 quoniam
1849 3957 2060 4024 speravi

493 4051 546 4103 in
571 4056 621 4101 te
651 4066 669 4097 ι
697 4047 816 4100 ideo
844 4063 862 4094 ι
898 4053 972 4108 ιιι,
999 4045 1242 4108 Domine,
1259 4043 1402 4098 Deus
1423 4058 1592 4107 meus,
1619 4045 1872 4099 exaudies
1897 4061 2000 4100 me.
2035 4066 2053 4097 ι

566 4136 833 4192 Exaudies
862 4144 914 4190 et
941 4136 1105 4189 debes
1134 4134 1389 4189 exaudire
1425 4151 1442 4183 ι
1476 4134 1603 4202 quia
1637 4153 1654 4184 ι
1687 4147 1785 4205 ego
1817 4153 1835 4185 ι
1864 4134 1996 4200 dixi,
2035 4155 2054 4186 ι

495 4231 550 4284 id
577 4239 691 4292 est,
721 4227 1011 4284 deliberavi
1059 4245 1078 4277 (
1114 4241 1182 4281 ne
1226 4227 1427 4280 inimici
1462 4227 1600 4293 mei,
1645 4247 1662 4280 ι
1714 4228 1767 4283 id
1802 4238 1914 4294 εει,
1948 4229 2060 4283 dia-

493 4319 601 4375 boli
639 4328 695 4373 et
738 4333 923 4372 eorum
955 4317 1220 4382 ministri,
1254 4325 1309 4371 et
1354 4317 1399 4370 si
1446 4317 1604 4371 modo
1643 4316 1876 4388 gaudent
1899 4333 2060 4389 super

492 4427 583 4468 me
620 4429 638 4461 ι
672 4410 954 4480 nequando
974 4449 988 4472 ,
1025 4429 1043 4461 ο
1079 4409 1130 4463 id
1155 4417 1266 4473 est,
1293 4409 1348 4463 in
1375 4407 1480 4462 fine
1509 4427 1528 4460 ι
1561 4409 1826 4480 gaudeant
1847 4427 1943 4480 pro
1973 4425 2058 4465 me

495 4501 729 4566 devicto,
760 4521 778 4552 ›
810 4509 867 4554 ει
891 4515 1076 4554 revera
1103 4500 1429 4569 gauderent,
1454 4501 1582 4570 quia
1623 4520 1641 4551 ι
1674 4501 1797 4556 dum
1822 4516 2057 4556 commo-

493 4602 690 4649 ventur
729 4594 893 4663 pedes
929 4594 1065 4659 mei,
1102 4612 1122 4644 ›
1166 4594 1217 4647 id
1251 4602 1364 4659 est,
1395 4595 1522 4648 dum
1553 4595 1753 4651 fuerint
1779 4582 2055 4663 commoti,

501 4702 520 4735 ι
554 4685 719 4740 locuti
747 4693 870 4738 sunt
896 4698 1086 4753 magna
1119 4699 1280 4753 super
1308 4700 1394 4738 me
1414 4724 1430 4750 ,
1465 4703 1482 4736 ι
1515 4684 1567 4738 id
1592 4693 1710 4750 est,
1735 4695 1924 4740 contra
1947 4704 2052 4755 me,

497 4777 621 4846 quia
651 4777 716 4830 de
739 4791 858 4830 mea
899 4775 1210 4830 infirmitate
1239 4778 1561 4847 gaudebant.

567 4867 634 4921 Et
661 4868 780 4921 ideo
800 4869 1054 4922 exaudies
1072 4908 1086 4932 ,
1108 4869 1233 4936 quia
1257 4869 1382 4924 licet
1403 4869 1516 4938 jam
1543 4869 1710 4924 multa
1737 4869 1876 4924 mala
1901 4873 2059 4926 susti-

494 4959 620 5022 nui,
650 4966 829 5011 tamen
871 4956 1037 5010 multo
1062 4957 1212 5026 plura
1243 4967 1462 5026 paratus
1503 4975 1620 5013 sum
1656 4961 1919 5014 sustinere
1940 5001 1955 5025 ,
2003 4970 2058 5015 et

495 5047 599 5104 hoc
625 5054 740 5113 est,
769 5064 789 5098 ι
831 5047 1085 5116 quoniam
1116 5061 1214 5117 ego
1243 5047 1296 5100 in
1337 5047 1541 5119 ﬂagella
1589 5069 1606 5100 ι
1639 5049 1948 5105 sustinenda
1980 5052 2058 5107 ire

504 5159 522 5190 ι
554 5147 773 5209 paratus
809 5154 926 5193 sum
961 5159 979 5191 ι
1012 5153 1110 5209 pro
1137 5153 1320 5194 amore
1350 5148 1470 5205 tuo,
1494 5150 1548 5195 et
1573 5157 1786 5210 semper
1813 5147 2060 5212 peccato;

496 5245 616 5284 rum
641 5230 953 5283 memoriam
980 5230 1152 5284 habeo
1170 5269 1184 5294 ,
1215 5237 1268 5283 et
1298 5230 1401 5284 hoc
1421 5230 1571 5294 dicit,
1603 5249 1622 5281 ι
1649 5241 1703 5284 ει
1733 5233 1883 5286 dolor
1908 5249 2058 5289 meus

496 5322 550 5375 in
581 5329 869 5389 conspectu
905 5334 1023 5375 meo
1055 5333 1297 5390 semper,
1347 5339 1365 5371 ι
1403 5320 1455 5374 id
1492 5329 1598 5386 est,
1643 5322 2055 5390 praecedentium

495 5419 839 5479 peccatorum
861 5410 1174 5463 memoriam
1207 5423 1420 5478 semper
1441 5411 1613 5464 habeo
1643 5410 1696 5463 in
1732 5412 1914 5465 corde.

565 5501 689 5556 Ideo
715 5515 927 5570 quoque
948 5501 1205 5554 exaudies
1235 5519 1252 5549 ι
1279 5501 1536 5568 quoniam
1569 5501 1919 5567 annuntiabo,
1955 5522 1972 5554 ι
2006 5503 2060 5557 id

496 5598 607 5652 est,
632 5590 926 5644 confitebor
950 5608 966 5639 ι
998 5589 1332 5657 iniquitatem
1358 5604 1531 5643 meam
1561 5610 1578 5642 ι
1612 5608 1631 5641 ι
1660 5599 1715 5645 ει
1733 5592 2002 5662 cogitabo,
2035 5612 2053 5645 ι

497 5679 551 5732 id
586 5689 698 5742 est.
730 5680 988 5734 sollicitus
1019 5693 1112 5733 ero
1147 5696 1165 5729 ι
1210 5694 1308 5748 pro
1335 5688 1558 5747 peccato
1591 5695 1711 5736 meo
1761 5701 1778 5734 ›
1811 5681 2058 5739 faciendo

497 5785 657 5840 opera
687 5786 782 5841 per
809 5787 926 5841 qua:
956 5773 1086 5825 mihi
1108 5778 1387 5840 peccatum
1418 5770 1708 5827 relaxetur.

2159 3337 2412 3391 suerunt,
2442 3335 2497 3380 et
2542 3341 2647 3380 non
2691 3333 2898 3379 tantum
2935 3333 3155 3395 propter
3188 3326 3322 3390 hoc,
3363 3327 3456 3381 sed
3492 3328 3732 3381 maxime
3793 3322 3795 3324 ’

2159 3417 2277 3471 ideo
2297 3457 2310 3480 ,
2334 3417 2458 3486 quia
2487 3415 2856 3484 interpretatio
2887 3415 3045 3485 hujus
3079 3417 3340 3480 nominis,
3363 3415 3632 3479 Idithum,
3661 3417 3732 3484 ip-

2160 3507 2272 3561 sius
2311 3506 2500 3574 psalmi
2539 3505 2920 3574 proprietatem
2946 3506 3195 3561 ostendit.
3235 3505 3466 3561 Idithum
3495 3520 3733 3576 namque

2160 3597 2466 3652 transiliens
2483 3597 2891 3666 interpretatur,
2915 3605 2970 3651 et
2993 3597 3080 3652 hic
3101 3600 3167 3651 de
3189 3582 3525 3651 transiliente
3543 3599 3730 3652 omnia

2162 3689 2472 3759 temporalia
2494 3689 2689 3758 agitur.
2720 3687 2873 3742 Hune
2895 3688 3160 3757 psalmum
3188 3688 3309 3742 ideo
3336 3689 3606 3742 canticum
3628 3704 3733 3742 no-

2158 3781 2356 3843 minat,
2400 3779 2525 3848 quia
2569 3779 2657 3832 hic
2697 3778 2981 3847 quamdam
3009 3778 3418 3834 exsultationem
3442 3780 3730 3848 proponit,

2161 3871 2391 3934 scilicet,
2426 3870 2584 3922 finem
2629 3879 2898 3932 nostrum,
2941 3869 2993 3921 id
3039 3877 3149 3932 est,
3181 3868 3475 3933 Christum,
3505 3879 3558 3922 et
3592 3867 3729 3922 licet

2162 3962 2250 4015 hic
2269 3961 2512 4030 quaadam
2540 3959 2711 4013 tristia
2735 3967 3129 4027 proponantur,
3153 3968 3330 4012 tamen
3358 3959 3472 4026 ipsa
3489 3958 3610 4011 laeta
3640 3974 3732 4012 re—

2162 4060 2418 4121 putautur
2439 4064 2532 4118 spe
2555 4049 2678 4103 ﬁnis
2705 4049 2863 4103 illius.
2891 4048 3100 4102 Titulus
3128 4048 3207 4103 sic
3233 4049 3520 4117 exponitur
3549 4069 3560 4099 :
3588 4047 3730 4102 Can-

2162 4141 2328 4194 ticum
2360 4139 2502 4194 istud
2530 4139 2782 4194 convenit
2807 4137 2973 4191 David
2995 4139 3267 4208 prophetae
3292 4138 3616 4192 transilienti
3649 4138 3732 4192 vel

2160 4232 2354 4299 cuique
2400 4229 2725 4284 transilienti
2769 4228 3008 4282 habitum
3039 4244 3137 4298 pro
3160 4228 3421 4292 Idithum,
3453 4229 3508 4282 id
3533 4239 3638 4293 est,
3663 4230 3730 4282 ad

2160 4321 2419 4376 honorem
2458 4319 2721 4383 Idithum,
2769 4318 2823 4371 id
2857 4326 2970 4382 est,
3018 4317 3385 4372 transilientis.
3411 4317 3547 4371 Cum
3585 4321 3731 4372 enim

2160 4413 2394 4469 ostendit
2440 4410 2598 4464 talem
2638 4421 2759 4464 esse
2795 4408 3206 4473 transilientem,
3233 4417 3311 4473 ut,
3336 4408 3540 4462 relictis
3569 4424 3728 4462 mun-

2162 4507 2349 4569 danis,
2378 4504 2444 4558 ad
2485 4502 2722 4558 cmlestia
2764 4502 2942 4567 saliat,
2983 4518 3233 4572 magnum
3280 4502 3541 4556 honorem
3577 4504 3730 4556 exhi-

2163 4601 2281 4662 bet;
2327 4595 2596 4650 canticum
2622 4595 2777 4658 dico,
2814 4594 3050 4662 dirigens
3091 4595 3142 4647 in
3194 4593 3385 4658 finein,
3428 4595 3480 4648 id
3527 4606 3643 4660 est,
3677 4598 3730 4649 in

2162 4689 2457 4745 Christum.
2488 4687 2707 4741 Materia
2736 4696 2819 4740 est
2852 4687 3156 4742 transiliens
3177 4728 3192 4753 ,
3219 4688 3268 4741 id
3293 4697 3375 4742 est
3398 4729 3412 4752 ,
3453 4687 3732 4758 perfectus

2163 4780 2282 4846 ille,
2323 4779 2412 4847 qui
2451 4778 2596 4831 omni
2641 4777 3033 4830 mundanorum
3072 4777 3344 4846 voluptate
3391 4781 3729 4847 postposita,

2162 4873 2290 4928 solis
2337 4872 2646 4927 cmlestibus
2685 4872 2886 4935 inhiat,
2933 4879 2987 4924 et
3029 4872 3190 4925 etiam
3237 4873 3391 4938 talis,
3449 4875 3541 4942 qui
3595 4875 3732 4927 adeo

2162 4961 2432 5033 perfectus
2478 4970 2585 5026 est,
2627 4971 2687 5015 ut
2726 4962 2888 5015 etiam
2932 4961 3167 5031 linguam
3212 4977 3363 5016 suam
3428 4979 3457 5017 a
3503 4974 3732 5033 peccato

2159 5053 2379 5109 omnino
2416 5052 2695 5114 cohibeat,
2739 5051 2878 5104 hanc
2911 5065 3005 5119 per
3041 5059 3220 5120 partes
3263 5053 3334 5105 ita
3381 5052 3641 5120 disponit.
3673 5053 3732 5106 In

2158 5146 2328 5216 prima
2355 5145 2588 5199 ostendit
2617 5143 2703 5196 ille
2731 5142 3038 5196 transiliens
3077 5157 3134 5196 se
3177 5153 3356 5198 tacere
3401 5145 3635 5208 mundo,
3679 5147 3734 5198 id

2158 5245 2273 5300 est,
2306 5233 2635 5297 hominibus,
2663 5243 2716 5288 et
2739 5234 2883 5302 loqui
2907 5234 3033 5287 Deo.
3057 5233 3114 5287 In
3137 5235 3369 5288 secunda
3399 5244 3554 5303 parte
3579 5251 3734 5289 com-

2157 5334 2312 5397 parat
2347 5327 2462 5381 hazc
2487 5325 2753 5380 mundana
2782 5341 2902 5379 cum
2932 5325 3239 5380 cmlestibus
3258 5368 3272 5392 ,
3298 5329 3588 5381 ostendens
3613 5328 3733 5382 ha:c

2161 5432 2281 5472 esse
2328 5433 2497 5481 vana,
2553 5415 2641 5468 illa
2692 5415 3011 5484 appetenda.
3047 5415 3105 5469 In
3169 5417 3322 5471 tertia
3379 5425 3536 5486 parte
3575 5419 3735 5486 ponit

2159 5507 2488 5569 orationem,
2520 5507 2579 5558 ut
2607 5521 2636 5558 a
2676 5504 2828 5558 malis
2871 5504 3145 5566 liberetur,
3190 5514 3246 5560 et
3281 5505 3522 5560 coelestia
3552 5507 3733 5560 valeat

2159 5597 2423 5652 obtinere.
2451 5596 2677 5650 Intentio
2693 5605 2774 5650 est
2785 5593 2960 5661 justos
2981 5596 3290 5662 admonere,
3311 5606 3418 5652 uta
3441 5601 3734 5652 mundanis

2160 5685 2499 5756 postpositis,
2532 5686 2598 5738 ad
2625 5685 2864 5739 caelestia
2896 5697 3186 5741 transeant.

2230 5773 2336 5828 Vos
2355 5774 2482 5844 justi
2511 5775 2672 5830 nolite
2712 5777 2825 5832 hmc
2867 5776 3134 5830 mundana
3165 5787 3444 5848 appetere,
3475 5779 3568 5835 sed
3595 5793 3704 5834 con
