3984 6516
164 480 271 538 5‘29

1320 461 1754 522 EXPLANATIO
1790 461 1856 515 IN
1896 461 2234 518 PSALMOS.

3289 459 3393 514 530

166 592 400 647 siderate
434 602 520 642 me
570 584 660 655 qui
701 603 718 635 ι
763 584 902 648 dixi,
939 602 957 635 ι
1010 582 1064 636 id
1098 589 1210 646 est,
1257 575 1545 634 deliberavi
1587 573 1728 645 apud
1762 575 1801 637 Α
1829 571 1987 638 desit,
2022 590 2041 623 ι
2073 572 2297 643 posuisti
2326 573 2438 628 dies
2464 586 2611 628 meos
2645 569 3032 628 mcusurabiles
3067 591 3084 623 ι
3114 571 3168 626 in
3198 571 3392 642 quibus

168 694 254 733 me
287 680 490 748 ipsum,
519 695 537 727 ‹
569 674 877 729 Custodiam
903 673 1017 726 vias
1039 685 1225 741 meas.»
1253 669 1447 738 quibus
1471 667 1641 721 debeo
1661 664 1729 718 ad

169 769 331 823 Deum
355 765 628 826 accedere,
645 778 751 817 non
771 760 884 830 jam
911 760 1032 816 dico
1055 757 1376 814 abstinendo
1403 772 1434 811 a
1464 755 1626 818 furto,
1647 753 1730 808 vel

165 875 197 912 a
228 857 455 921 talibus,
497 869 618 924 qum
663 852 844 908 omnia
881 849 996 920 jam
1044 849 1247 904 removi
1302 862 1333 902 a
1380 861 1496 910 me,
1529 843 1625 899 sed
1653 843 1733 898 sic

165 948 465 1006 custodiam
499 965 517 998 ‹
548 954 608 1000 ut
649 964 668 997 ι
693 943 809 1014 jam
852 943 1104 1012 deinceps
1133 960 1155 994 ‹
1193 955 1300 996 non
1341 937 1649 1006 delinquam
1677 933 1732 988 in

166 1039 346 1109 lingua
377 1050 516 1092 mea.
557 1053 576 1087 ι

237 1153 303 1208 Ει
327 1160 386 1206 ιιι
411 1165 517 1206 non
543 1148 851 1217 delinquam
887 1165 905 1198 ‹
935 1143 1093 1215 posui
1121 1143 1202 1198 ori
1230 1155 1348 1196 meo
1378 1138 1680 1196 custodiam
1709 1155 1728 1188 ι

166 1252 295 1298 tunc
330 1261 348 1293 (
390 1256 512 1296 cum
539 1239 859 1294 consisteret
900 1243 1151 1306 peccator
1175 1234 1464 1288 adversum
1490 1244 1597 1294 me,
1628 1247 1647 1281 ›
1683 1226 1737 1281 id

164 1344 252 1390 est
271 1377 286 1400 ,
307 1335 397 1404 qui
421 1333 638 1388 volebat
660 1331 726 1386 ad
749 1330 1032 1384 maledicta
1068 1342 1391 1398 provocare,
1423 1333 1478 1380 et
1503 1324 1582 1379 sic
1615 1336 1738 1376 cum

165 1428 488 1484 consisteret
519 1430 772 1496 peccator
815 1422 1100 1476 adversum
1137 1435 1253 1485 me,
1294 1417 1452 1488 posui
1496 1415 1579 1471 ori
1616 1427 1740 1468 meo

165 1518 493 1580 custodiam;
525 1515 618 1569 sed
641 1514 766 1584 quia
785 1512 962 1567 omnis
985 1511 1158 1576 actio,
1187 1524 1306 1580 quae
1342 1508 1402 1563 ﬁt
1447 1523 1515 1562 ex
1544 1504 1740 1561 delibe-

166 1607 396 1671 ratione,
427 1604 485 1659 ﬁt
508 1602 728 1668 certior,
755 1600 1052 1670 praemittit,
1078 1599 1186 1654 dixi
1214 1594 1563 1662 :Custodiam
1597 1590 1740 1647 enim

166 1701 239 1753 ab
297 1697 443 1752 omni
509 1694 671 1749 malo.
735 1691 982 1748 Custodit
1034 1691 1334 1754 rationem,
1383 1701 1502 1757 quae
1568 1685 1744 1739 bonus

162 1791 368 1861 janitor
406 1786 606 1842 emittit
647 1782 959 1847 emittenda,
990 1783 1188 1838 retinet
1228 1797 1334 1837 non
1376 1779 1688 1835 emittenda.

253 1919 271 1952 ι
300 1899 461 1955 Ροευί
489 1894 1065 1962 custodiam,iseilicet
1086 1914 1104 1945 ί
1132 1893 1372 1948 obmutui
1395 1911 1412 1945 ι
1431 1899 1485 1947 ει
1510 1893 1614 1948 hoc
1637 1906 1744 1946 non
1774 1915 1820 1974 Β
1847 1893 2109 2000 alliga;

165 2007 238 2047 ex
270 1993 371 2055 ira,
394 1989 488 2044 sed
514 2005 581 2043 ex
609 1987 934 2051 humilitate,
964 1995 1019 2040 et
1049 1985 1152 2040 hoc
1181 1993 1265 2040 est
1291 2003 1309 2035 ‹
1343 1992 1397 2039 ει
1431 1983 1744 2039 humiliatus

165 2101 293 2139 sum
331 2102 348 2134 ι
383 2089 561 2136 mente
590 2079 813 2134 scilicet.
865 2077 930 2131 Et
977 2092 1085 2132 non
1139 2085 1346 2131 tantum
1371 2075 1611 2130 obmutui
1637 2089 1744 2129 non

163 2174 405 2229 dicendo
452 2171 586 2225 mala
607 2210 622 2235 ,
653 2169 749 2224 sed
778 2167 944 2224 etiam
992 2167 1136 2221 tacui
1175 2167 1315 2220 bona
1337 2205 1353 2230 ,
1400 2173 1456 2220 et
1498 2164 1600 2219 hoc
1630 2173 1744 2225 est,

171 2285 192 2317 ι
227 2273 286 2320 ει
311 2263 434 2317 silui
467 2277 497 2316 a
531 2261 704 2316 bonis.
736 2279 754 2310 ι
783 2256 937 2313 Juste
961 2264 1100 2312 tacet
1123 2257 1224 2310 iste
1248 2256 1422 2310 bonus
1451 2254 1557 2309 illis
1586 2254 1748 2309 obsti'

166 2357 320 2410 natis
342 2396 356 2419 ,
387 2369 526 2423 quos
559 2351 706 2407 videt
729 2359 949 2420 paratos
978 2349 1046 2403 ad
1071 2347 1493 2403 conculcandum
1525 2347 1747 2402 verbum

165 2446 288 2500 Dei.
341 2443 600 2498 Dominus
643 2440 786 2494 enim
833 2439 964 2494 dicit
1009 2439 1064 2492 in
1114 2436 1404 2506 Evangelio
1455 2453 1469 2489 :
1516 2452 1536 2486 ς
1573 2433 1748 2488 Nolite

164 2545 423 2592 sanctum
453 2534 582 2588 dare
611 2529 836 2585 canibus
855 2569 870 2595 ,
902 2543 1076 2598 neque
1098 2528 1425 2599 margaritas
1468 2533 1593 2580 ante
1623 2539 1749 2596 por-

162 2643 268 2684 cos
291 2641 544 2696 spargere
572 2623 783 2695 (Matth.
803 2621 918 2694 vn).
936 2641 954 2672 ι
974 2620 1130 2686 Silui,
1158 2621 1298 2685 dico,
1323 2635 1354 2674 a
1373 2618 1550 2683 bonis,
1577 2635 1594 2668 ι
1626 2625 1682 2672 ει
1723 2636 1740 2668 i

166 2735 240 2774 ex
281 2718 381 2772 hoc
414 2736 434 2768 ι
469 2722 758 2770 renovatus
787 2722 872 2768 est
915 2711 1068 2767 dolor
1112 2725 1283 2765 meus.
1318 2729 1337 2763 ›
1381 2708 1562 2764 Doluit
1601 2708 1745 2762 enim

161 2811 278 2866 iste
312 2808 490 2878 justus
534 2819 694 2875 super
733 2811 1114 2873 peccatorem,
1169 2815 1292 2855 cum
1337 2815 1458 2855 eum
1500 2807 1750 2869 peccator

162 2906 496 2970 provocaret
511 2899 576 2951 ad
600 2897 757 2950 iram.
782 2892 935 2948 Nunc
953 2907 1084 2947 vero
1115 2899 1407 2946 renovatur
1434 2889 1590 2946 dolor
1616 2889 1745 2951 iste,

161 3004 300 3044 cum
321 3001 415 3042 eos
437 2987 512 3041 ita
534 2985 835 3041 obstinatos
856 2990 1163 3055 cognoscat,
1183 2990 1243 3036 ut
1263 2981 1344 3038 eis
1365 2981 1526 3036 etiam
1549 2981 1748 3037 bonum

158 3097 281 3136 non
315 3083 510 3135 audeat
531 3077 844 3148 prmdicare.

239 3196 536 3264 Postquam
571 3191 808 3248 ostendit
840 3205 898 3247 se
941 3185 1123 3245 tacere
1168 3191 1401 3255 mundo,
1433 3190 1667 3246 ostendit
1690 3205 1748 3246 se

159 3286 322 3356 loqui
342 3253 470 3341 Deo.
488 3282 868 3356 Continuatio:
892 3281 1012 3336 Istis
1036 3281 1311 3346 tacui,sed
1334 3298 1353 3332 ι
1383 3253 1476 3335 cor
1497 3295 1696 3345 meum,
1722 3301 1740 3332 ι
1775 3253 1823 3316 C

160 3378 226 3432 id
259 3385 376 3442 est,
407 3374 616 3430 affectio
644 3388 762 3428 mea
797 3391 815 3422 ‹
861 3371 1126 3426 concaluit
1156 3372 1295 3424 intra
1337 3385 1426 3424 me
1461 3390 1479 3422 ι
1515 3371 1634 3441 igne
1669 3372 1751 3426 di-

159 3467 423 3522 lectionis
443 3505 457 3529 ,
486 3473 541 3519 et
570 3479 674 3518 non
708 3471 916 3517 tantum
940 3460 1238 3525 concaluit,
1271 3461 1364 3514 sed
1388 3461 1548 3514 etiam
1595 3460 1748 3517 ardet

168 3555 300 3619 ibi,
327 3562 381 3610 et
415 3554 516 3607 hoc
549 3559 631 3606 est
663 3567 676 3604 :
711 3569 728 3600 ι
763 3557 817 3603 ει
844 3549 900 3603 in
921 3549 1268 3603 meditatione
1299 3564 1418 3602 mea
1444 3551 1752 3606 exardescit

170 3642 352 3712 ignis,
403 3659 422 3692 ι
456 3639 510 3692 id
533 3645 634 3703 est,
673 3637 904 3692 meditor
931 3636 1209 3691 exardenti
1231 3638 1532 3692 dilectione.
1564 3639 1620 3693 Si
1650 3641 1749 3695 ha-

159 3733 364 3794 betur,
382 3729 718 3794 exardescet,
743 3742 840 3798 per
858 3727 985 3783 illud
1011 3726 1251 3783 futurum
1273 3729 1545 3785 notabitur
1564 3746 1750 3803 perse-

154 3820 446 3876 verantia.
1190 3838 1192 3840 ν

249 3911 394 3981 Ignis
439 3909 743 3965 exardescit
789 3910 843 3964 in
892 3911 1417 3978 meameditatione,
1447 3921 1503 3968 et
1545 3915 1613 3970 ab
1657 3915 1750 3970 illa

166 4025 187 4056 ι
237 4004 454 4058 locutus
481 4017 598 4057 sum
627 4003 679 4057 in
715 4002 892 4072 lingua
922 4017 1062 4069 mea,
1089 4021 1107 4054 ι
1138 4003 1189 4058 id
1211 4013 1312 4070 est,
1343 4007 1666 4062 annuntians
1686 4022 1750 4063 ea

159 4109 303 4165 quae
332 4092 531 4148 ardens
575 4091 853 4149 meditatio
881 4094 1243 4159 ministrabit,
1285 4095 1416 4150 illud
1443 4096 1647 4152 scilicet
1674 4097 1752 4154 lo-

155 4193 338 4241 cutus
357 4198 496 4248 sum,
533 4201 550 4234 ‹
579 4183 823 4249 Domine,
862 4192 1047 4238 notum
1071 4183 1157 4239 fac
1177 4185 1307 4239 mihi
1329 4185 1489 4242 ﬁnem
1512 4203 1744 4254 meum,»

158 4277 225 4330 id
282 4283 403 4339 est,
453 4274 521 4328 da
573 4273 704 4328 mihi
751 4288 936 4328 veram
979 4276 1338 4346 cognitionem
1384 4278 1450 4333 de
1479 4277 1618 4334 Filio
1661 4289 1753 4334 tuo

159 4366 430 4430 Christo,
460 4376 520 4419 ut
548 4364 838 4436 intelligam
884 4381 1006 4421 eum
1053 4377 1544 4424 consummatorcm
1573 4385 1751 4426 meum

159 4458 271 4529 qui
304 4473 392 4512 me
414 4456 671 4523 redimat,
699 4465 752 4514 et
781 4457 1243 4515 immortalitatem
1277 4460 1409 4516 mihi
1444 4462 1712 4517 restituat.

1830 662 1970 727 vivo,
2003 661 2056 716 id
2078 671 2182 727 est,
2208 677 2313 716 non
2339 671 2594 725 aeternos,
2619 661 2712 716 sed
2735 659 3046 716 dcfectivos.
3079 661 3230 716 Alius
3249 663 3392 718 enim

1831 760 1941 806 tres
1965 737 2080 806 dies
2107 751 2193 804 vel
2235 767 2434 815 annos,
2469 751 2605 805 alius
2648 759 2896 816 centum,
2950 751 3087 806 alius
3119 754 3397 825 sexaginta

1831 841 2016 906 habet,
2042 851 2096 895 et
2119 841 2345 911 quisque
2366 857 2485 896 cum
2505 850 2654 896 certa
2677 857 2948 908 mensura,
2981 860 3000 892 ‹
3020 851 3076 899 ει
3099 845 3396 900 substantia

1832 945 1972 996 mea,
2015 929 2294 1010 i_scilicet,
2319 944 2425 984 non
2463 928 2739 985 renovatio
2777 946 2937 1000 quam
2968 931 3094 987 fecit
3126 931 3397 999 Christus,

1833 1023 1928 1079 sed
1953 1031 2105 1079 vetus
2147 1023 2377 1078 essentia
2419 1023 2810 1092 corruptibilis,
2843 1039 3005 1094 quam
3039 1026 3300 1082 traximus
3328 1028 3401 1103 ab

1833 1115 2003 1170 Adam
2022 1156 2037 1181 ,
2063 1125 2145 1170 est
2170 1135 2188 1166 ι
2226 1125 2477 1184 tanquam
2507 1115 2731 1169 nihilum
2753 1124 2877 1170 ante
2903 1127 2976 1182 te,
3013 1137 3033 1170 ι
3062 1135 3167 1174 non
3196 1119 3315 1175 dico
3338 1121 3398 1176 in

1836 1214 2124 1276 conSpectu
2162 1205 2472 1272 hominum,
2516 1205 2608 1274 qui
2657 1206 3002 1275 magniﬁcant
3035 1208 3306 1265 hominem
3331 1211 3402 1266 ad

1836 1300 2292 1368 comparationem
2342 1298 2668 1363 bestiarum,
2702 1298 2796 1352 sed
2833 1317 2852 1350 ι
2883 1307 3010 1354 ante
3040 1307 3121 1365 te,
3159 1320 3179 1352 ι
3205 1301 3259 1357 id
3294 1309 3403 1368 est,

1838 1391 1891 1446 in
1917 1391 2203 1461 praesentia
2245 1401 2354 1445 tua.
2385 1389 2512 1445 Dies
2553 1389 2697 1444 enim
2735 1387 2809 1443 ita
2851 1398 2976 1444 sunt
3002 1388 3252 1464 fragiles,
3279 1392 3406 1448 sub-

1839 1481 2036 1537 stantia
2061 1480 2138 1534 sic
2161 1480 2396 1551 indigna.

1911 1570 2018 1626 Sed
2067 1579 2242 1626 tamen
2287 1569 2529 1640 quamvis
2561 1570 2665 1626 hoc
2701 1584 2808 1624 non
2849 1569 3149 1626 attenderet
3176 1588 3196 1622 ι
3229 1569 3430 1628 omnis

1841 1662 2022 1727 homo,
2043 1681 2061 1713 ι
2091 1671 2562 1733 quantumcunque
2602 1662 2672 1718 sit
2693 1662 2890 1733 justus,
2918 1680 2936 1713 ‹
2969 1665 3177 1727 vivens,
3197 1681 3216 1715 ι
3249 1659 3403 1716 futu-

1841 1768 1963 1806 rum
1988 1761 2070 1808 est
2092 1752 2234 1806 enim
2261 1751 2580 1822 aliquando,
2617 1753 2828 1822 quando
2866 1751 3112 1807 subditus
3139 1766 3245 1806 non
3279 1749 3408 1817 erit,

1843 1853 1928 1899 est
1951 1863 1967 1894 ‹
1993 1844 2243 1899 universa
2261 1844 2492 1910 vanitas,
2525 1864 2542 1896 ι
2564 1845 2619 1899 id
2645 1851 2745 1910 est,
2773 1845 3016 1899 subditus
3041 1853 3125 1899 est
3147 1844 3411 1898 universa

2855 1933 3006 1990 Licet
3051 1923 3199 1989 enim
3232 1935 3411 2005 justus

1843 2023 2195 2094 spiritualiter
2217 2039 2323 2078 non
2344 2022 2590 2092 subjiciat
2611 2039 2669 2080 se
2686 2024 2769 2078 his
2790 2024 3095 2090 mundanis,
3118 2025 3412 2080 secundum

1843 2131 2039 2185 corpus
2064 2123 2238 2170 tamen
2272 2115 2577 2170 necessario
2609 2114 2865 2184 subjacet.
2893 2112 3115 2183 Oportet
3139 2114 3284 2168 enim
3313 2129 3412 2170 co-

1844 2206 2017 2277 gitare
2043 2205 2110 2260 de
2131 2204 2276 2258 victu
2306 2213 2362 2258 et
2399 2204 2617 2259 vestitu.
2662 2202 2812 2259 Unde
2839 2205 3038 2261 Paulus
3065 2223 3078 2259 :
3118 2222 3136 2256 ι
3174 2203 3414 2261 Vanitati

1844 2304 2093 2353 creatura
2121 2296 2363 2366 subjecta
2394 2302 2478 2349 est
2508 2309 2615 2348 non
2653 2295 2838 2350 volens
2865 2294 3042 2366 (Rom.
3065 2294 3206 2366 vui).
3259 2314 3276 2346 ι
3316 2293 3416 2350 llic

1845 2385 2033 2455 incipit
2077 2384 2310 2440 secunda
2340 2398 2485 2452 pars.
2512 2383 2854 2438 Continuatio
2880 2401 2896 2438 :
2923 2383 3107 2441 Omnis
3145 2384 3306 2440 homo
3331 2394 3418 2439 est

1845 2475 2091 2532 subditus
2117 2474 2362 2539 vanitati,
2391 2481 2612 2544 propter
2635 2474 2955 2530 hoc'debere
2994 2490 3208 2530 cessare
3234 2490 3264 2528 a
3290 2489 3416 2545 pec—

1846 2573 1984 2621 cato.
2032 2563 2356 2634 Diapsalma.
2393 2582 2412 2615 ι
2456 2564 2835 2619 Verumtamen
2872 2566 3165 2634 pertransit
3196 2565 3357 2620 homo
3392 2584 3412 2618 ι

1847 2657 1914 2712 de
1941 2665 2163 2727 peccato
2187 2656 2239 2710 in
2262 2663 2562 2726 peccatum,
2585 2655 2661 2709 ita
2687 2663 2746 2708 ut
2771 2671 2876 2710 non
2909 2663 3115 2710 tantum
3137 2655 3207 2710 sit
3230 2656 3415 2712 subdi-

1850 2754 1934 2801 tus
1954 2746 2207 2810 vanitati,
2236 2746 2329 2801 sed
2354 2744 2519 2800 etiam
2546 2744 2860 2814 de'peccato
2901 2744 2955 2798 in
2982 2754 3260 2814 peccatum
3287 2761 3412 2814 per-

1850 2845 2108 2901 transeat,
2160 2851 2468 2906 quanquam
2491 2835 2690 2890 existat
2735 2853 2754 2886 ί
2805 2835 2859 2888 in
2905 2834 3136 2905 imagine
3168 2853 3186 2886 ι
3216 2833 3333 2900 Dei,
3365 2835 3419 2890 id

1849 2939 1966 2994 est,
2003 2929 2074 2983 sit
2115 2927 2307 2982 similis
2345 2928 2394 2982 ei
2432 2942 2529 2996 per
2568 2926 2849 2980 rationem.
2884 2924 3050 2980 ‘llanc
3094 2927 3419 2982 sententiam

1852 3023 2164 3089 comprobat
2186 3018 2288 3074 alia
2327 3018 2627 3084 translatio,
2656 3033 2776 3088 quae
2800 3017 2961 3072 habet
2990 3039 3001 3070 :
3031 3033 3340 3089 quanquam
3360 3019 3417 3073 in

1853 3110 2086 3182 imagine
2106 3109 2199 3164 Dei
2230 3107 2659 3173 ambulethomo,
2677 3116 2855 3163 tamen
2882 3122 3018 3162 vane
3040 3108 3415 3164 conturbatur.

1852 3202 1982 3257 Dico
2014 3200 2306 3272 pertransit
2330 3199 2516 3263 homo,
2545 3209 2599 3254 et
2619 3213 2726 3253 non
2757 3207 2962 3253 tantum
2985 3198 3299 3268 pertransit,
3328 3199 3424 3254 sed

1851 3294 2015 3348 etiam
2074 3311 2092 3344 ‹
2148 3291 2500 3348 conturbatur
2546 3310 2564 3342 ›
2610 3289 2792 3345 multis
2843 3291 3180 3359 passionibus
3232 3292 3417 3355 animi,

1850 3383 2074 3448 scilicet,
2097 3383 2316 3452 gaudio,
2345 3381 2549 3446 dolore,
2583 3395 2698 3450 spe,
2743 3371 3026 3447 timore,et
3051 3382 3338 3449 similibus,
3365 3391 3421 3437 et

1849 3476 1951 3532 hoc
1996 3495 2013 3526 ς
2060 3474 2281 3543 frustra,
2317 3495 2334 3527 ›
2371 3475 2496 3545 quia
2519 3489 2705 3529 omnes
2731 3474 2845 3531 ista:
2871 3477 3303 3546 perturbationes
3342 3477 3424 3532 in-

1849 3569 2005 3624 utiles
2034 3577 2177 3648 sunt.
3057 3563 3060 3578 '

1925 3660 2025 3714 Hic
2054 3659 2204 3730 eligit
2226 3657 2493 3730 quoddam
2521 3674 2689 3728 genus
2719 3659 3003 3724 vitiorum,
3035 3660 3086 3712 in
3129 3675 3234 3727 quo
3261 3668 3346 3714 εει
3369 3668 3425 3715 ει

1854 3749 2302 3822 pertransitus,et
2331 3749 2694 3812 conturbatio,
2723 3747 2947 3810 scilicet,
2978 3745 3424 3801 avaritiam.Per—

1854 3839 2207 3896 transitenim
2222 3839 2385 3894 homo
2402 3847 2455 3893 et
2475 3837 2847 3902 conturbatur,
2868 3835 2994 3906 quia
3017 3854 3034 3886 ι
3065 3835 3422 3890 thesaurizati

1856 3930 1910 3986 in
1930 3944 2039 3999 quo
2065 3943 2291 3999 magnus
2317 3926 2574 3982 transitus
2608 3943 2620 3978 :
2652 3925 2779 3994 quia
2804 3925 3035 3979 declinat
3057 3925 3108 3978 in
3143 3924 3244 3980 hoc
3268 3925 3428 3980 homo

1853 4022 1921 4077 ad
1945 4021 2248 4085 avaritiam,
2288 4029 2343 4075 et
2376 4019 2432 4073 in
2464 4033 2529 4074 eo
2563 4019 2704 4087 quod
2746 4019 3094 4088 perturbatur
3138 4018 3329 4073 timore
3363 4034 3432 4076 ne

1852 4114 2042 4185 perdat
2065 4112 2148 4167 vel
2174 4111 2449 4167 minuatur
2471 4129 2484 4166 :
2517 4109 2842 4165 thesaurizat
2857 4118 2912 4166 et
2937 4110 3130 4166 stultus
3156 4119 3240 4166 est
3263 4129 3275 4163 :
3302 4111 3429 4181 quia

1858 4225 1876 4258 ‹
1936 4206 2147 4277 ignorat
2191 4203 2278 4258 cui
2335 4202 2679 4274 congregabit
2723 4216 2787 4258 ea
2833 4220 2853 4254 ι
2900 4217 3020 4273 quae
3064 4204 3426 4276 congregavit.

1855 4294 2008 4368 Saepe
2063 4295 2206 4350 enim
2262 4293 2502 4364 possidet
2560 4293 2846 4361 inimicus,
2908 4308 3030 4363 quae
3080 4296 3428 4367 congregavit

1855 4402 2072 4443 avarus.

1925 4477 2152 4534 Ostensa
2178 4475 2433 4546 qualitate
2456 4475 2732 4544 przesentis
2759 4473 2898 4540 vitae,
2929 4476 3081 4544 ponit
3105 4478 3428 4548 oppositum,

245 4569 325 4623 Et
357 4587 376 4620 ι
413 4577 597 4624 notum
637 4569 720 4625 fac
753 4570 882 4624 mihi
927 4586 1206 4626 numerum
1243 4573 1450 4628 dierum
1496 4594 1514 4625 ι
1559 4576 1753 4644 quibus
1782 4596 1832 4655 ι)
1857 4571 2082 4652 scilicet,
2105 4569 2233 4638 quid
2264 4569 2334 4624 sit
2360 4569 2612 4625 omnibus
2641 4570 3018 4640 appetendum.
3046 4571 3428 4629 Continuatio:

162 4660 307 4714 vivo
341 4677 358 4709 ‹
393 4659 513 4729 quis
542 4666 647 4725 est,
672 4678 690 4711 ι
728 4661 781 4714 id
803 4669 904 4725 est,
929 4661 1104 4729 qualis
1129 4672 1236 4728 est,
1267 4663 1492 4729 scilicet,
1517 4673 1576 4718 ut
1602 4665 1758 4721 intel-

163 4753 349 4823 ligam
375 4762 674 4821 praesentes
704 4752 817 4807 dies
847 4752 1144 4809 defectivos
1174 4769 1314 4820 esse,
1344 4765 1399 4810 et
1427 4757 1503 4812 sic
1531 4766 1761 4816 :eternos

165 4845 478 4915 inquiram.
513 4844 604 4900 Vel
627 4846 700 4900 ita
734 4864 746 4899 :
783 4863 799 4896 ι
840 4845 1034 4901 Notum
1051 4847 1133 4900 fac
1174 4863 1476 4914 numerum,
1515 4873 1533 4901 ι
1577 4851 1631 4906 id
1656 4863 1758 4920 est,

165 4935 510 4991 inﬁnitatem
531 4976 544 5002 ,
576 4936 629 4990 id
654 4944 754 5000 est,
781 4937 1132 4990 aeternitatem
1166 4956 1184 4988 ‹
1219 4937 1425 4992 dierum
1446 4955 1708 5009 meorum,
1737 4962 1756 4994 ι

167 5024 426 5089 scilicet,
449 5026 641 5095 quibus
675 5026 850 5080 vivam
876 5025 928 5079 in
954 5025 1057 5079 alia
1085 5026 1224 5092 vita,
1257 5027 1310 5081 id
1333 5038 1435 5094 est,
1463 5027 1545 5084 fac
1573 5047 1657 5086 me
1680 5032 1761 5086 in-

169 5117 462 5187 telligere,
503 5117 737 5180 scilicet,
780 5118 921 5185 quod
953 5115 1084 5184 justi
1125 5117 1177 5170 in
1229 5118 1332 5172 alia
1379 5119 1485 5173 vita
1531 5119 1763 5176 habeant

167 5207 569 5264 aeternitatem.
586 5207 714 5260 Dico
730 5215 911 5260 notum
935 5205 1035 5273 fac,
1053 5205 1293 5272 Domine,
1315 5207 1475 5262 ﬁnem
1503 5219 1558 5264 et
1584 5226 1762 5266 nume-

173 5314 339 5363 rum,
364 5305 444 5362 ut,
475 5297 596 5352 istis
621 5297 866 5368 cognitis,
903 5316 920 5347 ‹
945 5297 1108 5351 sciam
1137 5316 1154 5347 ι
1187 5307 1241 5352 ει
1261 5299 1553 5370 intelligam
1582 5319 1600 5351 ‹
1632 5303 1761 5372 quid

169 5389 336 5446 desit
361 5387 513 5452 mibi,
548 5407 565 5437 ι
601 5386 653 5441 id
682 5396 786 5452 est,
805 5387 1098 5442 Christum.
1121 5387 1460 5459 Cognoscens
1489 5391 1630 5446 enim
1651 5391 1764 5461 jus-

172 5491 280 5536 tus
307 5477 582 5533 Christum
604 5492 722 5532 esse
750 5478 907 5532 ﬁnem
930 5478 1099 5532 nostri
1122 5478 1343 5546 laboris,
1371 5491 1425 5537 et
1449 5498 1762 5540 remunera-

171 5583 369 5629 torem
398 5570 452 5624 in
458 5569 659 5638 judicio
683 5569 976 5624 secundum
994 5571 1181 5624 merita
1203 5571 1638 5645 uniuscujusque,
1664 5577 1766 5632 scit

169 5664 252 5719 ad
287 5675 416 5716 eum
452 5661 837 5727 festinandum,
870 5675 968 5718 nec
989 5661 1056 5731 .in
1093 5661 1210 5718 istis
1235 5664 1517 5721 mundanis
1544 5665 1768 5724 ulterius

169 5767 318 5810 esse
342 5751 737 5807 conﬁdendum.

260 5842 403 5896 Dico
429 5841 556 5914 quid
585 5841 753 5904 desit,
782 5841 904 5910 quia
929 5855 1054 5896 vere
1086 5840 1266 5908 deest,
1301 5850 1353 5897 et
1386 5862 1402 5894 ι
1438 5859 1561 5900 ecce
1594 5866 1608 5896 ι
1642 5845 1767 5915 quid

527 5933 792 5992 PATROL.
839 5931 1052 5994 CXVI.

1865 4661 1955 4716 Sic
1982 4661 2334 4716 conturbatur
2363 4660 2547 4725 homo,
2567 4678 2584 4709 ι
2613 4669 2667 4714 ει
2688 4675 2851 4725 nunc,
2873 4679 2892 4713 ι
2924 4660 2977 4716 id
3001 4671 3103 4728 est,
3129 4663 3232 4718 hoc
3257 4663 3435 4718 consi-

1863 4753 2052 4808 derato
2094 4770 2112 4802 ι
2141 4767 2260 4822 quae
2283 4760 2367 4808 est
2390 4752 2721 4820 exspectatio
2747 4751 2901 4806 mea?
2931 4770 2950 4804 ι
2981 4751 3034 4807 id
3061 4760 3166 4820 est,
3192 4769 3313 4824 qum
3340 4753 3434 4810 de-

1863 4843 1964 4898 beo
2021 4843 2376 4912 exspectare?
2419 4841 2503 4895 An
2555 4842 2668 4896 haec
2719 4842 3031 4897 mundana?
3085 4843 3168 4899 An
3219 4847 3435 4900 Deum?

1873 4953 1891 4985 ι
1937 4950 2117 4990 nonne
2165 4933 2463 4989 Dominus?
2519 4953 2537 4985 ι
2590 4933 2748 4989 Certe
2798 4935 3054 4990 Dominus
3101 4939 3435 5008 exspectatio
3475 4981 3478 4984 .

1867 5039 1986 5078 mea
2015 5042 2028 5077 :
2058 5042 2077 5074 ι
2109 5031 2164 5079 ει
2189 5023 2485 5078 substantia
2508 5038 2648 5088 mea,
2680 5042 2698 5076 ι
2727 5023 2781 5080 id
2801 5033 2904 5090 εει,
2925 5026 3132 5094 puritas
3153 5041 3285 5081 mea
3309 5041 3437 5082 con-

1867 5113 2103 5170 scientiae
2134 5121 2402 5168 renovata
2443 5128 2540 5184 per
2587 5112 2858 5170 Christum
2889 5133 2907 5165 ‹
2945 5123 3027 5169 εει
3053 5115 3192 5184 apud
3214 5122 3265 5170 te
3286 5155 3300 5180 ,
3333 5135 3351 5168 ι
3383 5117 3434 5172 id

1865 5213 1978 5272 est,
2013 5206 2174 5276 digna
2201 5213 2260 5260 ut
2285 5219 2406 5260 eam
2432 5205 2717 5274 approbes.
2745 5203 2901 5260 Nulla
2925 5205 3070 5260 enim
3107 5205 3430 5270 substantia,

1865 5297 1971 5352 nisi
1992 5311 2111 5366 quae
2133 5297 2204 5351 sit
2228 5304 2483 5350 renovata
2512 5311 2609 5366 per
2636 5294 2938 5363 Christum,
2967 5297 3122 5368 digna
3148 5306 3232 5354 εει
3262 5299 3314 5353 in
3343 5306 3432 5352 tua

1862 5387 2175 5458 praesentari
2212 5388 2516 5457 praesentia.

1936 5479 2377 5549 Quandoquidem
2407 5494 2526 5534 mea
2552 5480 2847 5537 substantia
2875 5479 3013 5550 apud
3044 5487 3097 5536 te
3139 5489 3251 5547 cst,
3281 5495 3436 5554 ergo,

1868 5569 2112 5636 Domine,
2150 5588 2167 5620 ε
2202 5583 2332 5625 erue
2353 5583 2440 5624 me
2465 5571 2533 5625 ab
2560 5570 2808 5626 omnibus
2832 5569 3202 5638 iniquitatibus
3225 5569 3377 5635 meis,
3411 5590 3433 5624 ι
3483 5589 3490 5596 δ

1869 5675 1936 5715 ηε
1975 5661 2106 5731 ipsae
2153 5660 2284 5716 mihi
2325 5659 2539 5715 valeant
2581 5657 2844 5714 dominari
2877 5671 2892 5712 :
2927 5666 2982 5712 et
3021 5658 3182 5714 debes
3222 5673 3434 5726 eruere,

1868 5750 1993 5821 quia
2024 5758 2076 5804 tu
2110 5770 2128 5802 ι
2157 5749 2348 5806 dedisti
2378 5747 2818 5819 meopprobrium
2849 5745 3116 5816 insipienti
3144 5767 3161 5801 ι
3195 5748 3249 5804 in
3277 5765 3438 5820 quem

1873 5843 2130 5914 insipiens
2149 5841 2355 5914 jaceret
2390 5839 2696 5914 opprobria.

2938 5929 2965 5987 1

2977 5930 3006 5989 1
