  <div class='ocr_page' id='page_1' title='image "/cluster/home/n/w/nwhite01/storage/ocr_20150623/116/hvd.32044015466881/171.png"; bbox 0 0 3984 6488; ppageno 0'>
   <div class='ocr_carea' id='block_1_1' title="bbox 552 471 647 527">
    <p class='ocr_par' dir='ltr' id='par_1_1' title="bbox 552 471 647 527">
     <span class='ocr_line' id='line_1_1' title="bbox 552 471 647 527; baseline 0 0"><span class='ocrx_word' id='word_1_1' title='bbox 552 471 647 527; x_wconf 67' lang='grc'><strong>531</strong></span> 
     </span>
    </p>
   </div>
   <div class='ocr_carea' id='block_1_2' title="bbox 1009 443 2126 525">
    <p class='ocr_par' dir='ltr' id='par_1_2' title="bbox 1009 453 2119 525">
     <span class='ocr_line' id='line_1_2' title="bbox 1009 453 2119 525; baseline -0.014 1"><span class='ocrx_word' id='word_1_2' title='bbox 1009 463 1362 525; x_wconf 72' lang='grc' dir='ltr'><strong>ΗΔῖΜΟΝΙΒ</strong></span> <span class='ocrx_word' id='word_1_3' title='bbox 1403 455 1884 517; x_wconf 74' lang='lat' dir='ltr'><strong>HALBERSTAT.</strong></span> <span class='ocrx_word' id='word_1_4' title='bbox 1924 453 2119 511; x_wconf 82' lang='lat' dir='ltr'><strong>EHSC</strong></span> 
     </span>
    </p>
   </div>
   <div class='ocr_carea' id='block_1_3' title="bbox 2235 443 3327 525">
    <p class='ocr_par' dir='ltr' id='par_1_3' title="bbox 2235 443 3327 507">
     <span class='ocr_line' id='line_1_3' title="bbox 2235 443 3327 507; baseline -0.006 0"><span class='ocrx_word' id='word_1_5' title='bbox 2235 451 2333 507; x_wconf 84' lang='lat' dir='ltr'><strong>PP.</strong></span> <span class='ocrx_word' id='word_1_6' title='bbox 2375 451 2554 506; x_wconf 68' lang='lat' dir='ltr'><strong>PARS</strong></span> <span class='ocrx_word' id='word_1_7' title='bbox 2596 451 2728 505; x_wconf 83' lang='grc'><strong>1.-</strong></span> <span class='ocrx_word' id='word_1_8' title='bbox 2763 446 3116 507; x_wconf 72' lang='lat' dir='ltr'><strong>COMMENT.</strong></span> <span class='ocrx_word' id='word_1_9' title='bbox 3157 443 3327 503; x_wconf 81' lang='lat' dir='ltr'><strong>BlBL.</strong></span> 
     </span>
    </p>
   </div>
   <div class='ocr_carea' id='block_1_4' title="bbox 3694 442 3808 504">
    <p class='ocr_par' dir='ltr' id='par_1_4' title="bbox 3694 442 3808 504">
     <span class='ocr_line' id='line_1_4' title="bbox 3694 442 3808 504; baseline -0.018 0"><span class='ocrx_word' id='word_1_10' title='bbox 3694 442 3808 504; x_wconf 72' lang='lat'><strong>33!</strong></span> 
     </span>
    </p>
   </div>
   <div class='ocr_carea' id='block_1_5' title="bbox 621 554 3809 651">
    <p class='ocr_par' dir='ltr' id='par_1_5' title="bbox 621 554 3809 651">
     <span class='ocr_line' id='line_1_5' title="bbox 621 554 3809 651; baseline -0.009 -14"><span class='ocrx_word' id='word_1_11' title='bbox 621 583 688 637; x_wconf 79' lang='lat' dir='ltr'><strong>Et</strong></span> <span class='ocrx_word' id='word_1_12' title='bbox 712 595 812 651; x_wconf 81' lang='lat' dir='ltr'><strong>ego</strong></span> <span class='ocrx_word' id='word_1_13' title='bbox 828 593 898 636; x_wconf 77' lang='lat' dir='ltr'><strong>ea</strong></span> <span class='ocrx_word' id='word_1_14' title='bbox 933 579 1071 635; x_wconf 89' lang='lat' dir='ltr'><strong>bene</strong></span> <span class='ocrx_word' id='word_1_15' title='bbox 1096 573 1342 637; x_wconf 87' lang='lat' dir='ltr'><strong>sustinui,</strong></span> <span class='ocrx_word' id='word_1_16' title='bbox 1371 580 1425 626; x_wconf 88' lang='lat' dir='ltr'><strong>et</strong></span> <span class='ocrx_word' id='word_1_17' title='bbox 1448 571 1552 627; x_wconf 88' lang='lat' dir='ltr'><strong>hoc</strong></span> <span class='ocrx_word' id='word_1_18' title='bbox 1572 578 1654 624; x_wconf 90' lang='lat' dir='ltr'><strong>est</strong></span> <span class='ocrx_word' id='word_1_19' title='bbox 1677 582 1694 624; x_wconf 88' lang='lat'><strong>:</strong></span> <span class='ocrx_word' id='word_1_20' title='bbox 1722 585 1740 621; x_wconf 80' lang='grc' dir='ltr'><strong>ι</strong></span> <span class='ocrx_word' id='word_1_21' title='bbox 1769 565 2044 631; x_wconf 90' lang='lat' dir='ltr'><strong>Obmutui,</strong></span> <span class='ocrx_word' id='word_1_22' title='bbox 2066 573 2120 618; x_wconf 82' lang='lat' dir='ltr'><strong>et</strong></span> <span class='ocrx_word' id='word_1_23' title='bbox 2150 570 2195 629; x_wconf 78' lang='grc' dir='ltr'><strong>Α</strong></span> <span class='ocrx_word' id='word_1_24' title='bbox 2223 561 2324 615; x_wconf 82' lang='lat' dir='ltr'><strong>beo</strong></span> <span class='ocrx_word' id='word_1_25' title='bbox 2347 570 2551 614; x_wconf 86' lang='lat' dir='ltr'><strong>certam</strong></span> <span class='ocrx_word' id='word_1_26' title='bbox 2574 558 2904 612; x_wconf 75' lang='lat' dir='ltr'><strong>mansionem</strong></span> <span class='ocrx_word' id='word_1_27' title='bbox 2934 556 3006 611; x_wconf 87' lang='lat' dir='ltr'><strong>ibi</strong></span> <span class='ocrx_word' id='word_1_28' title='bbox 3033 555 3116 611; x_wconf 90' lang='lat' dir='ltr'><strong>vel</strong></span> <span class='ocrx_word' id='word_1_29' title='bbox 3134 556 3339 622; x_wconf 91' lang='lat' dir='ltr'><strong>sedem,</strong></span> <span class='ocrx_word' id='word_1_30' title='bbox 3366 554 3458 610; x_wconf 88' lang='lat' dir='ltr'><strong>sed</strong></span> <span class='ocrx_word' id='word_1_31' title='bbox 3479 554 3660 611; x_wconf 82' lang='lat' dir='ltr'><strong>adhuc</strong></span> <span class='ocrx_word' id='word_1_32' title='bbox 3681 570 3809 611; x_wconf 82' lang='lat' dir='ltr'><strong>sum</strong></span> 
     </span>
    </p>
   </div>
   <div class='ocr_carea' id='block_1_6' title="bbox 546 657 2117 742">
    <p class='ocr_par' dir='ltr' id='par_1_6' title="bbox 546 657 2117 742">
     <span class='ocr_line' id='line_1_6' title="bbox 546 657 2117 742; baseline -0.013 -14"><span class='ocrx_word' id='word_1_33' title='bbox 546 686 659 728; x_wconf 78' lang='lat' dir='ltr'><strong>non</strong></span> <span class='ocrx_word' id='word_1_34' title='bbox 700 670 887 742; x_wconf 86' lang='lat' dir='ltr'><strong>aperui</strong></span> <span class='ocrx_word' id='word_1_35' title='bbox 949 684 1012 725; x_wconf 91' lang='lat' dir='ltr'><strong>os</strong></span> <span class='ocrx_word' id='word_1_36' title='bbox 1068 680 1244 722; x_wconf 87' lang='lat' dir='ltr'><strong>meum</strong></span> <span class='ocrx_word' id='word_1_37' title='bbox 1273 682 1291 715; x_wconf 77' lang='grc' dir='ltr'><strong>ι</strong></span> <span class='ocrx_word' id='word_1_38' title='bbox 1337 671 1396 718; x_wconf 82' lang='grc' dir='ltr'><strong>ιιι</strong></span> <span class='ocrx_word' id='word_1_39' title='bbox 1461 662 1518 716; x_wconf 89' lang='lat' dir='ltr'><strong>in</strong></span> <span class='ocrx_word' id='word_1_40' title='bbox 1560 659 1666 715; x_wconf 87' lang='lat' dir='ltr'><strong>alio</strong></span> <span class='ocrx_word' id='word_1_41' title='bbox 1708 657 1950 731; x_wconf 85' lang='lat' dir='ltr'><strong>psalmo,</strong></span> <span class='ocrx_word' id='word_1_42' title='bbox 2010 670 2117 710; x_wconf 87' lang='lat' dir='ltr'><strong>non</strong></span> 
     </span>
    </p>
   </div>
   <div class='ocr_carea' id='block_1_7' title="bbox 553 743 2119 833">
    <p class='ocr_par' dir='ltr' id='par_1_7' title="bbox 553 743 2119 833">
     <span class='ocr_line' id='line_1_7' title="bbox 553 743 2119 833; baseline -0.013 -15"><span class='ocrx_word' id='word_1_43' title='bbox 553 760 769 833; x_wconf 80' lang='lat' dir='ltr'><strong>aperui,</strong></span> <span class='ocrx_word' id='word_1_44' title='bbox 816 773 916 816; x_wconf 91' lang='lat' dir='ltr'><strong>nec</strong></span> <span class='ocrx_word' id='word_1_45' title='bbox 944 759 1104 814; x_wconf 90' lang='lat' dir='ltr'><strong>istam</strong></span> <span class='ocrx_word' id='word_1_46' title='bbox 1141 752 1511 825; x_wconf 82' lang='lat' dir='ltr'><strong>paenitentiam</strong></span> <span class='ocrx_word' id='word_1_47' title='bbox 1555 764 1622 804; x_wconf 82' lang='lat' dir='ltr'><strong>ex</strong></span> <span class='ocrx_word' id='word_1_48' title='bbox 1666 764 1753 804; x_wconf 91' lang='lat' dir='ltr'><strong>me</strong></span> <span class='ocrx_word' id='word_1_49' title='bbox 1799 745 1985 810; x_wconf 86' lang='lat' dir='ltr'><strong>habui,</strong></span> <span class='ocrx_word' id='word_1_50' title='bbox 2025 743 2119 800; x_wconf 85' lang='lat' dir='ltr'><strong>sed</strong></span> 
     </span>
    </p>
   </div>
   <div class='ocr_carea' id='block_1_8' title="bbox 2227 644 3805 719">
    <p class='ocr_par' dir='ltr' id='par_1_8' title="bbox 2227 644 3805 719">
     <span class='ocr_line' id='line_1_8' title="bbox 2227 644 3805 719; baseline -0.001 -20"><span class='ocrx_word' id='word_1_51' title='bbox 2227 664 2245 699; x_wconf 73' lang='grc' dir='ltr'><strong>ι</strong></span> <span class='ocrx_word' id='word_1_52' title='bbox 2278 647 2613 718; x_wconf 85' lang='lat' dir='ltr'><strong>peregrinus.</strong></span> <span class='ocrx_word' id='word_1_53' title='bbox 2640 664 2659 697; x_wconf 75' lang='grc' dir='ltr'><strong>ι</strong></span> <span class='ocrx_word' id='word_1_54' title='bbox 2681 646 2909 701; x_wconf 89' lang='lat' dir='ltr'><strong>tendens</strong></span> <span class='ocrx_word' id='word_1_55' title='bbox 2922 646 2991 701; x_wconf 91' lang='lat' dir='ltr'><strong>ad</strong></span> <span class='ocrx_word' id='word_1_56' title='bbox 3016 644 3159 699; x_wconf 83' lang='lat' dir='ltr'><strong>illaut</strong></span> <span class='ocrx_word' id='word_1_57' title='bbox 3184 659 3474 719; x_wconf 73' lang='lat' dir='ltr'><strong>supernam</strong></span> <span class='ocrx_word' id='word_1_58' title='bbox 3498 644 3805 707; x_wconf 84' lang='lat' dir='ltr'><strong>civitatem,</strong></span> 
     </span>
    </p>
   </div>
   <div class='ocr_carea' id='block_1_9' title="bbox 2226 733 3806 807">
    <p class='ocr_par' dir='ltr' id='par_1_9' title="bbox 2226 733 3806 807">
     <span class='ocr_line' id='line_1_9' title="bbox 2226 733 3806 807; baseline -0.002 -16"><span class='ocrx_word' id='word_1_59' title='bbox 2226 757 2246 791; x_wconf 75' lang='grc' dir='ltr'><strong>ι</strong></span> <span class='ocrx_word' id='word_1_60' title='bbox 2294 738 2434 793; x_wconf 89' lang='lat' dir='ltr'><strong>sicut</strong></span> <span class='ocrx_word' id='word_1_61' title='bbox 2491 750 2679 794; x_wconf 90' lang='lat' dir='ltr'><strong>omnes</strong></span> <span class='ocrx_word' id='word_1_62' title='bbox 2732 744 2917 807; x_wconf 83' lang='lat' dir='ltr'><strong>patres</strong></span> <span class='ocrx_word' id='word_1_63' title='bbox 2956 734 3086 802; x_wconf 91' lang='lat' dir='ltr'><strong>mei,</strong></span> <span class='ocrx_word' id='word_1_64' title='bbox 3138 753 3158 786; x_wconf 73' lang='grc' dir='ltr'><strong>ι</strong></span> <span class='ocrx_word' id='word_1_65' title='bbox 3207 733 3448 799; x_wconf 82' lang='lat' dir='ltr'><strong>scilicet,</strong></span> <span class='ocrx_word' id='word_1_66' title='bbox 3501 733 3806 797; x_wconf 80' lang='lat' dir='ltr'><strong>Abraham,</strong></span> 
     </span>
    </p>
   </div>
   <div class='ocr_carea' id='block_1_10' title="bbox 552 824 3806 924">
    <p class='ocr_par' dir='ltr' id='par_1_10' title="bbox 552 824 3806 924">
     <span class='ocr_line' id='line_1_10' title="bbox 552 824 3806 924; baseline -0.009 -14"><span class='ocrx_word' id='word_1_67' title='bbox 552 824 808 924; x_wconf 74' lang='lat' dir='ltr'><strong>quoniam</strong></span> <span class='ocrx_word' id='word_1_68' title='bbox 839 869 859 904; x_wconf 72' lang='grc' dir='ltr'><strong><em>ο</em></strong></span> <span class='ocrx_word' id='word_1_69' title='bbox 899 858 957 905; x_wconf 89' lang='grc' dir='ltr'><strong>ιιι</strong></span> <span class='ocrx_word' id='word_1_70' title='bbox 1002 824 1181 903; x_wconf 79' lang='lat' dir='ltr'><strong>fecisti</strong></span> <span class='ocrx_word' id='word_1_71' title='bbox 1207 864 1226 898; x_wconf 71' lang='grc' dir='ltr'><strong>ι</strong></span> <span class='ocrx_word' id='word_1_72' title='bbox 1264 844 1319 899; x_wconf 90' lang='lat' dir='ltr'><strong>in</strong></span> <span class='ocrx_word' id='word_1_73' title='bbox 1365 858 1452 898; x_wconf 90' lang='lat' dir='ltr'><strong>me</strong></span> <span class='ocrx_word' id='word_1_74' title='bbox 1495 840 1637 895; x_wconf 88' lang='lat' dir='ltr'><strong>hanc</strong></span> <span class='ocrx_word' id='word_1_75' title='bbox 1681 837 2014 910; x_wconf 81' lang='lat' dir='ltr'><strong>patientiam,</strong></span> <span class='ocrx_word' id='word_1_76' title='bbox 2066 842 2123 890; x_wconf 85' lang='lat' dir='ltr'><strong>et</strong></span> <span class='ocrx_word' id='word_1_77' title='bbox 2219 828 2389 924; x_wconf 47' lang='lat' dir='ltr'><strong>lenae,</strong></span> <span class='ocrx_word' id='word_1_78' title='bbox 2418 827 2620 894; x_wconf 66' lang='grc'><strong>³³001),</strong></span> <span class='ocrx_word' id='word_1_79' title='bbox 2649 834 2702 883; x_wconf 71' lang='grc' dir='ltr'><strong>ει</strong></span> <span class='ocrx_word' id='word_1_80' title='bbox 2723 826 2815 881; x_wconf 76' lang='lat' dir='ltr'><strong>alii</strong></span> <span class='ocrx_word' id='word_1_81' title='bbox 2845 826 2936 896; x_wconf 87' lang='lat' dir='ltr'><strong>qui</strong></span> <span class='ocrx_word' id='word_1_82' title='bbox 2963 834 3024 880; x_wconf 91' lang='lat' dir='ltr'><strong>ut</strong></span> <span class='ocrx_word' id='word_1_83' title='bbox 3046 840 3106 884; x_wconf 86' lang='lat' dir='ltr'><strong>se</strong></span> <span class='ocrx_word' id='word_1_84' title='bbox 3127 824 3444 897; x_wconf 77' lang='lat' dir='ltr'><strong>peregrinos</strong></span> <span class='ocrx_word' id='word_1_85' title='bbox 3478 824 3534 878; x_wconf 85' lang='lat' dir='ltr'><strong>in</strong></span> <span class='ocrx_word' id='word_1_86' title='bbox 3558 824 3668 879; x_wconf 84' lang='lat' dir='ltr'><strong>hac</strong></span> <span class='ocrx_word' id='word_1_87' title='bbox 3695 824 3806 878; x_wconf 72' lang='lat' dir='ltr'><strong>vita</strong></span> 
     </span>
    </p>
   </div>
   <div class='ocr_carea' id='block_1_11' title="bbox 552 932 2120 1012">
    <p class='ocr_par' dir='ltr' id='par_1_11' title="bbox 552 932 2120 1012">
     <span class='ocr_line' id='line_1_11' title="bbox 552 932 2120 1012; baseline -0.011 -15"><span class='ocrx_word' id='word_1_88' title='bbox 552 942 678 1012; x_wconf 85' lang='lat' dir='ltr'><strong>quia</strong></span> <span class='ocrx_word' id='word_1_89' title='bbox 707 938 934 996; x_wconf 83' lang='lat' dir='ltr'><strong>sustinui</strong></span> <span class='ocrx_word' id='word_1_90' title='bbox 962 936 1042 993; x_wconf 91' lang='lat' dir='ltr'><strong>sic</strong></span> <span class='ocrx_word' id='word_1_91' title='bbox 1059 977 1074 1003; x_wconf 91' lang='lat'><strong>,</strong></span> <span class='ocrx_word' id='word_1_92' title='bbox 1107 934 1227 991; x_wconf 89' lang='lat' dir='ltr'><strong>ideo</strong></span> <span class='ocrx_word' id='word_1_93' title='bbox 1249 944 1328 1001; x_wconf 91' lang='lat' dir='ltr'><strong>tu,</strong></span> <span class='ocrx_word' id='word_1_94' title='bbox 1359 932 1603 998; x_wconf 87' lang='lat' dir='ltr'><strong>Domine,</strong></span> <span class='ocrx_word' id='word_1_95' title='bbox 1629 944 1816 985; x_wconf 82' lang='lat' dir='ltr'><strong>amove</strong></span> <span class='ocrx_word' id='word_1_96' title='bbox 1842 943 1875 982; x_wconf 86' lang='lat' dir='ltr'><strong>a</strong></span> <span class='ocrx_word' id='word_1_97' title='bbox 1901 942 1989 983; x_wconf 91' lang='lat' dir='ltr'><strong>me</strong></span> <span class='ocrx_word' id='word_1_98' title='bbox 2013 941 2120 983; x_wconf 91' lang='lat' dir='ltr'><strong>non</strong></span> 
     </span>
    </p>
   </div>
   <div class='ocr_carea' id='block_1_12' title="bbox 554 1019 2124 1098">
    <p class='ocr_par' dir='ltr' id='par_1_12' title="bbox 554 1019 2124 1098">
     <span class='ocr_line' id='line_1_12' title="bbox 554 1019 2124 1098; baseline -0.011 -12"><span class='ocrx_word' id='word_1_99' title='bbox 554 1039 760 1086; x_wconf 87' lang='lat' dir='ltr'><strong>tantum</strong></span> <span class='ocrx_word' id='word_1_100' title='bbox 782 1027 1122 1098; x_wconf 83' lang='lat' dir='ltr'><strong>iniquitates,</strong></span> <span class='ocrx_word' id='word_1_101' title='bbox 1148 1023 1427 1081; x_wconf 79' lang='lat' dir='ltr'><strong>scd‘etiam</strong></span> <span class='ocrx_word' id='word_1_102' title='bbox 1456 1035 1646 1093; x_wconf 76' lang='lat' dir='ltr'><strong>pmnas</strong></span> <span class='ocrx_word' id='word_1_103' title='bbox 1668 1019 2011 1090; x_wconf 86' lang='lat' dir='ltr'><strong>iniquitatum</strong></span> <span class='ocrx_word' id='word_1_104' title='bbox 2029 1056 2044 1081; x_wconf 91' lang='lat'><strong>,</strong></span> <span class='ocrx_word' id='word_1_105' title='bbox 2068 1021 2124 1070; x_wconf 91' lang='lat' dir='ltr'><strong>et</strong></span> 
     </span>
    </p>
   </div>
   <div class='ocr_carea' id='block_1_13' title="bbox 552 1110 2121 1188">
    <p class='ocr_par' dir='ltr' id='par_1_13' title="bbox 552 1110 2121 1188">
     <span class='ocr_line' id='line_1_13' title="bbox 552 1110 2121 1188; baseline -0.011 -9"><span class='ocrx_word' id='word_1_106' title='bbox 552 1118 656 1179; x_wconf 85' lang='lat' dir='ltr'><strong>hoc</strong></span> <span class='ocrx_word' id='word_1_107' title='bbox 677 1130 780 1186; x_wconf 88' lang='lat' dir='ltr'><strong>est,</strong></span> <span class='ocrx_word' id='word_1_108' title='bbox 801 1139 820 1174; x_wconf 75' lang='grc' dir='ltr'><strong>ι</strong></span> <span class='ocrx_word' id='word_1_109' title='bbox 848 1132 1037 1176; x_wconf 88' lang='lat' dir='ltr'><strong>amove</strong></span> <span class='ocrx_word' id='word_1_110' title='bbox 1051 1134 1081 1172; x_wconf 89' lang='lat' dir='ltr'><strong>a</strong></span> <span class='ocrx_word' id='word_1_111' title='bbox 1102 1130 1189 1173; x_wconf 89' lang='lat' dir='ltr'><strong>me</strong></span> <span class='ocrx_word' id='word_1_112' title='bbox 1204 1115 1386 1188; x_wconf 88' lang='lat' dir='ltr'><strong>plagas</strong></span> <span class='ocrx_word' id='word_1_113' title='bbox 1400 1123 1537 1178; x_wconf 92' lang='lat' dir='ltr'><strong>tuas,</strong></span> <span class='ocrx_word' id='word_1_114' title='bbox 1569 1132 1587 1166; x_wconf 75' lang='grc' dir='ltr'><strong>ι</strong></span> <span class='ocrx_word' id='word_1_115' title='bbox 1616 1119 1793 1184; x_wconf 88' lang='lat' dir='ltr'><strong>potest</strong></span> <span class='ocrx_word' id='word_1_116' title='bbox 1815 1110 1978 1164; x_wconf 90' lang='lat' dir='ltr'><strong>etiam</strong></span> <span class='ocrx_word' id='word_1_117' title='bbox 1998 1120 2121 1162; x_wconf 90' lang='lat' dir='ltr'><strong>cum</strong></span> 
     </span>
    </p>
   </div>
   <div class='ocr_carea' id='block_1_14' title="bbox 551 1201 2122 1282">
    <p class='ocr_par' dir='ltr' id='par_1_14' title="bbox 551 1201 2122 1282">
     <span class='ocr_line' id='line_1_14' title="bbox 551 1201 2122 1282; baseline -0.009 -15"><span class='ocrx_word' id='word_1_118' title='bbox 551 1213 652 1267; x_wconf 87' lang='lat' dir='ltr'><strong>hoc</strong></span> <span class='ocrx_word' id='word_1_119' title='bbox 679 1210 824 1282; x_wconf 87' lang='lat' dir='ltr'><strong>quod</strong></span> <span class='ocrx_word' id='word_1_120' title='bbox 848 1224 1009 1280; x_wconf 86' lang='lat' dir='ltr'><strong>supra</strong></span> <span class='ocrx_word' id='word_1_121' title='bbox 1032 1207 1263 1278; x_wconf 85' lang='lat' dir='ltr'><strong>legimus</strong></span> <span class='ocrx_word' id='word_1_122' title='bbox 1292 1204 1629 1269; x_wconf 89' lang='lat' dir='ltr'><strong>continuari,</strong></span> <span class='ocrx_word' id='word_1_123' title='bbox 1658 1203 1760 1266; x_wconf 90' lang='lat' dir='ltr'><strong>sic,</strong></span> <span class='ocrx_word' id='word_1_124' title='bbox 1789 1201 2042 1272; x_wconf 91' lang='lat' dir='ltr'><strong>quoniam</strong></span> <span class='ocrx_word' id='word_1_125' title='bbox 2067 1207 2122 1253; x_wconf 91' lang='lat' dir='ltr'><strong>tu</strong></span> 
     </span>
    </p>
   </div>
   <div class='ocr_carea' id='block_1_15' title="bbox 549 1292 2119 1373">
    <p class='ocr_par' dir='ltr' id='par_1_15' title="bbox 549 1292 2119 1373">
     <span class='ocr_line' id='line_1_15' title="bbox 549 1292 2119 1373; baseline -0.01 -15"><span class='ocrx_word' id='word_1_126' title='bbox 549 1302 747 1368; x_wconf 75' lang='lat' dir='ltr'><strong>fecisti,</strong></span> <span class='ocrx_word' id='word_1_127' title='bbox 768 1302 881 1373; x_wconf 90' lang='lat' dir='ltr'><strong>jam</strong></span> <span class='ocrx_word' id='word_1_128' title='bbox 920 1313 1109 1355; x_wconf 82' lang='lat' dir='ltr'><strong>amove</strong></span> <span class='ocrx_word' id='word_1_129' title='bbox 1133 1313 1165 1353; x_wconf 91' lang='lat' dir='ltr'><strong>a</strong></span> <span class='ocrx_word' id='word_1_130' title='bbox 1190 1312 1276 1353; x_wconf 89' lang='lat' dir='ltr'><strong>me</strong></span> <span class='ocrx_word' id='word_1_131' title='bbox 1298 1296 1483 1368; x_wconf 86' lang='lat' dir='ltr'><strong>plagas</strong></span> <span class='ocrx_word' id='word_1_132' title='bbox 1510 1294 1630 1351; x_wconf 90' lang='lat' dir='ltr'><strong>illas</strong></span> <span class='ocrx_word' id='word_1_133' title='bbox 1651 1335 1666 1360; x_wconf 94' lang='lat'><strong>,</strong></span> <span class='ocrx_word' id='word_1_134' title='bbox 1694 1292 1949 1364; x_wconf 90' lang='lat' dir='ltr'><strong>quoniam</strong></span> <span class='ocrx_word' id='word_1_135' title='bbox 1973 1331 1988 1357; x_wconf 96' lang='lat'><strong>,</strong></span> <span class='ocrx_word' id='word_1_136' title='bbox 2016 1300 2119 1344; x_wconf 93' lang='lat' dir='ltr'><strong>etc.</strong></span> 
     </span>
    </p>
   </div>
   <div class='ocr_carea' id='block_1_16' title="bbox 621 1385 2124 1463">
    <p class='ocr_par' dir='ltr' id='par_1_16' title="bbox 621 1385 2124 1463">
     <span class='ocr_line' id='line_1_16' title="bbox 621 1385 2124 1463; baseline -0.006 -14"><span class='ocrx_word' id='word_1_137' title='bbox 621 1396 754 1451; x_wconf 90' lang='lat' dir='ltr'><strong>Dico</strong></span> <span class='ocrx_word' id='word_1_138' title='bbox 790 1408 999 1459; x_wconf 89' lang='lat' dir='ltr'><strong>amove,</strong></span> <span class='ocrx_word' id='word_1_139' title='bbox 1044 1403 1100 1448; x_wconf 89' lang='lat' dir='ltr'><strong>ct</strong></span> <span class='ocrx_word' id='word_1_140' title='bbox 1137 1407 1272 1463; x_wconf 90' lang='lat' dir='ltr'><strong>opus</strong></span> <span class='ocrx_word' id='word_1_141' title='bbox 1327 1399 1409 1447; x_wconf 90' lang='lat' dir='ltr'><strong>est</strong></span> <span class='ocrx_word' id='word_1_142' title='bbox 1450 1398 1511 1445; x_wconf 92' lang='lat' dir='ltr'><strong>ut</strong></span> <span class='ocrx_word' id='word_1_143' title='bbox 1552 1402 1832 1454; x_wconf 82' lang='lat' dir='ltr'><strong>amoveas,</strong></span> <span class='ocrx_word' id='word_1_144' title='bbox 1868 1385 2124 1457; x_wconf 83' lang='lat' dir='ltr'><strong>quoniam</strong></span> 
     </span>
    </p>
   </div>
   <div class='ocr_carea' id='block_1_17' title="bbox 557 1478 2126 1559">
    <p class='ocr_par' dir='ltr' id='par_1_17' title="bbox 557 1478 2126 1559">
     <span class='ocr_line' id='line_1_17' title="bbox 557 1478 2126 1559; baseline -0.002 -22"><span class='ocrx_word' id='word_1_145' title='bbox 557 1505 575 1537; x_wconf 74' lang='grc' dir='ltr'><strong>ι</strong></span> <span class='ocrx_word' id='word_1_146' title='bbox 596 1500 713 1559; x_wconf 73' lang='lat' dir='ltr'><strong>ego</strong></span> <span class='ocrx_word' id='word_1_147' title='bbox 741 1485 911 1542; x_wconf 82' lang='lat' dir='ltr'><strong>defeci</strong></span> <span class='ocrx_word' id='word_1_148' title='bbox 932 1527 947 1551; x_wconf 93' lang='lat'><strong>,</strong></span> <span class='ocrx_word' id='word_1_149' title='bbox 984 1504 1004 1540; x_wconf 72' lang='grc' dir='ltr'><strong>ι</strong></span> <span class='ocrx_word' id='word_1_150' title='bbox 1039 1484 1090 1539; x_wconf 87' lang='lat' dir='ltr'><strong>id</strong></span> <span class='ocrx_word' id='word_1_151' title='bbox 1112 1494 1215 1550; x_wconf 87' lang='lat' dir='ltr'><strong>est,</strong></span> <span class='ocrx_word' id='word_1_152' title='bbox 1251 1500 1359 1540; x_wconf 91' lang='lat' dir='ltr'><strong>non</strong></span> <span class='ocrx_word' id='word_1_153' title='bbox 1387 1483 1535 1554; x_wconf 90' lang='lat' dir='ltr'><strong>potui</strong></span> <span class='ocrx_word' id='word_1_154' title='bbox 1564 1482 1834 1547; x_wconf 87' lang='lat' dir='ltr'><strong>sustinere</strong></span> <span class='ocrx_word' id='word_1_155' title='bbox 1862 1498 1883 1531; x_wconf 73' lang='grc' dir='ltr'><strong>ι</strong></span> <span class='ocrx_word' id='word_1_156' title='bbox 1917 1495 1948 1534; x_wconf 91' lang='lat' dir='ltr'><strong>a</strong></span> <span class='ocrx_word' id='word_1_157' title='bbox 1971 1478 2126 1534; x_wconf 86' lang='lat' dir='ltr'><strong>forti-</strong></span> 
     </span>
    </p>
   </div>
   <div class='ocr_carea' id='block_1_18' title="bbox 552 1564 2124 1639">
    <p class='ocr_par' dir='ltr' id='par_1_18' title="bbox 552 1564 2124 1639">
     <span class='ocr_line' id='line_1_18' title="bbox 552 1564 2124 1639; baseline -0.005 -7"><span class='ocrx_word' id='word_1_158' title='bbox 552 1564 739 1633; x_wconf 84' lang='lat' dir='ltr'><strong>tudine</strong></span> <span class='ocrx_word' id='word_1_159' title='bbox 784 1591 975 1633; x_wconf 89' lang='lat' dir='ltr'><strong>manus</strong></span> <span class='ocrx_word' id='word_1_160' title='bbox 1039 1583 1171 1639; x_wconf 71' lang='lat' dir='ltr'><strong>tuae,</strong></span> <span class='ocrx_word' id='word_1_161' title='bbox 1225 1594 1242 1627; x_wconf 76' lang='grc' dir='ltr'><strong>ι</strong></span> <span class='ocrx_word' id='word_1_162' title='bbox 1292 1573 1346 1629; x_wconf 92' lang='lat' dir='ltr'><strong>id</strong></span> <span class='ocrx_word' id='word_1_163' title='bbox 1389 1567 1500 1639; x_wconf 67' lang='lat' dir='ltr'><strong>est,</strong></span> <span class='ocrx_word' id='word_1_164' title='bbox 1553 1571 1675 1627; x_wconf 82' lang='lat' dir='ltr'><strong>forti</strong></span> <span class='ocrx_word' id='word_1_165' title='bbox 1750 1571 1987 1625; x_wconf 87' lang='lat' dir='ltr'><strong>vindicta</strong></span> <span class='ocrx_word' id='word_1_166' title='bbox 2035 1577 2124 1624; x_wconf 89' lang='lat' dir='ltr'><strong>tua</strong></span> 
     </span>
    </p>
   </div>
   <div class='ocr_carea' id='block_1_19' title="bbox 559 1660 2123 1738">
    <p class='ocr_par' dir='ltr' id='par_1_19' title="bbox 559 1660 2123 1738">
     <span class='ocr_line' id='line_1_19' title="bbox 559 1660 2123 1738; baseline -0.003 -19"><span class='ocrx_word' id='word_1_167' title='bbox 559 1688 577 1719; x_wconf 74' lang='grc' dir='ltr'><strong>ι</strong></span> <span class='ocrx_word' id='word_1_168' title='bbox 619 1668 673 1723; x_wconf 90' lang='lat' dir='ltr'><strong>in</strong></span> <span class='ocrx_word' id='word_1_169' title='bbox 708 1667 1180 1738; x_wconf 81' lang='lat' dir='ltr'><strong>increpationibus,</strong></span> <span class='ocrx_word' id='word_1_170' title='bbox 1211 1684 1229 1717; x_wconf 77' lang='grc' dir='ltr'><strong>ι</strong></span> <span class='ocrx_word' id='word_1_171' title='bbox 1264 1671 1417 1720; x_wconf 88' lang='lat' dir='ltr'><strong>notat</strong></span> <span class='ocrx_word' id='word_1_172' title='bbox 1446 1660 1615 1720; x_wconf 89' lang='lat' dir='ltr'><strong>Deum</strong></span> <span class='ocrx_word' id='word_1_173' title='bbox 1637 1662 1928 1718; x_wconf 84' lang='lat' dir='ltr'><strong>vindictam</strong></span> <span class='ocrx_word' id='word_1_174' title='bbox 1970 1675 2123 1716; x_wconf 89' lang='lat' dir='ltr'><strong>suam</strong></span> 
     </span>
    </p>
   </div>
   <div class='ocr_carea' id='block_1_20' title="bbox 554 1752 2125 1826">
    <p class='ocr_par' dir='ltr' id='par_1_20' title="bbox 554 1752 2125 1826">
     <span class='ocr_line' id='line_1_20' title="bbox 554 1752 2125 1826; baseline -0.006 -9"><span class='ocrx_word' id='word_1_175' title='bbox 554 1762 733 1817; x_wconf 85' lang='lat' dir='ltr'><strong>facere</strong></span> <span class='ocrx_word' id='word_1_176' title='bbox 754 1761 820 1816; x_wconf 90' lang='lat' dir='ltr'><strong>ad</strong></span> <span class='ocrx_word' id='word_1_177' title='bbox 851 1762 971 1825; x_wconf 91' lang='lat' dir='ltr'><strong>hoc,</strong></span> <span class='ocrx_word' id='word_1_178' title='bbox 1003 1767 1063 1814; x_wconf 94' lang='lat' dir='ltr'><strong>ut</strong></span> <span class='ocrx_word' id='word_1_179' title='bbox 1090 1759 1331 1815; x_wconf 81' lang='lat' dir='ltr'><strong>retrahat</strong></span> <span class='ocrx_word' id='word_1_180' title='bbox 1353 1757 1628 1813; x_wconf 86' lang='lat' dir='ltr'><strong>hominem</strong></span> <span class='ocrx_word' id='word_1_181' title='bbox 1659 1770 1690 1810; x_wconf 94' lang='lat' dir='ltr'><strong>a</strong></span> <span class='ocrx_word' id='word_1_182' title='bbox 1716 1763 1960 1826; x_wconf 88' lang='lat' dir='ltr'><strong>peccato.</strong></span> <span class='ocrx_word' id='word_1_183' title='bbox 1989 1752 2125 1809; x_wconf 87' lang='lat' dir='ltr'><strong>Con-</strong></span> 
     </span>
    </p>
   </div>
   <div class='ocr_carea' id='block_1_21' title="bbox 556 1847 2124 1921">
    <p class='ocr_par' dir='ltr' id='par_1_21' title="bbox 556 1847 2124 1921">
     <span class='ocr_line' id='line_1_21' title="bbox 556 1847 2124 1921; baseline -0.004 -15"><span class='ocrx_word' id='word_1_184' title='bbox 556 1851 781 1906; x_wconf 90' lang='lat' dir='ltr'><strong>tinuatio</strong></span> <span class='ocrx_word' id='word_1_185' title='bbox 797 1868 810 1904; x_wconf 92' lang='lat'><strong>:</strong></span> <span class='ocrx_word' id='word_1_186' title='bbox 828 1849 979 1916; x_wconf 92' lang='lat' dir='ltr'><strong>Dico,</strong></span> <span class='ocrx_word' id='word_1_187' title='bbox 996 1849 1182 1921; x_wconf 82' lang='lat' dir='ltr'><strong>plagas</strong></span> <span class='ocrx_word' id='word_1_188' title='bbox 1203 1859 1323 1904; x_wconf 90' lang='lat' dir='ltr'><strong>tuas</strong></span> <span class='ocrx_word' id='word_1_189' title='bbox 1336 1856 1390 1903; x_wconf 91' lang='lat' dir='ltr'><strong>et</strong></span> <span class='ocrx_word' id='word_1_190' title='bbox 1403 1847 1594 1903; x_wconf 82' lang='lat' dir='ltr'><strong>fortem</strong></span> <span class='ocrx_word' id='word_1_191' title='bbox 1609 1860 1828 1901; x_wconf 90' lang='lat' dir='ltr'><strong>manum</strong></span> <span class='ocrx_word' id='word_1_192' title='bbox 1850 1852 1995 1899; x_wconf 89' lang='lat' dir='ltr'><strong>tuam</strong></span> <span class='ocrx_word' id='word_1_193' title='bbox 2018 1857 2124 1899; x_wconf 91' lang='lat' dir='ltr'><strong>non</strong></span> 
     </span>
    </p>
   </div>
   <div class='ocr_carea' id='block_1_22' title="bbox 556 1935 2205 2008">
    <p class='ocr_par' dir='ltr' id='par_1_22' title="bbox 556 1935 2205 2008">
     <span class='ocr_line' id='line_1_22' title="bbox 556 1935 2205 2008; baseline -0.005 -11"><span class='ocrx_word' id='word_1_194' title='bbox 556 1956 775 2008; x_wconf 88' lang='lat' dir='ltr'><strong>accuso,</strong></span> <span class='ocrx_word' id='word_1_195' title='bbox 823 1941 916 1997; x_wconf 90' lang='lat' dir='ltr'><strong>sed</strong></span> <span class='ocrx_word' id='word_1_196' title='bbox 973 1940 1233 1996; x_wconf 86' lang='lat' dir='ltr'><strong>conﬁteor</strong></span> <span class='ocrx_word' id='word_1_197' title='bbox 1274 1953 1360 1995; x_wconf 90' lang='lat' dir='ltr'><strong>me</strong></span> <span class='ocrx_word' id='word_1_198' title='bbox 1404 1937 1605 1995; x_wconf 91' lang='lat' dir='ltr'><strong>habere</strong></span> <span class='ocrx_word' id='word_1_199' title='bbox 1652 1935 2031 2007; x_wconf 86' lang='lat' dir='ltr'><strong>iniquitatem:</strong></span> <span class='ocrx_word' id='word_1_200' title='bbox 2075 1942 2129 1989; x_wconf 83' lang='lat' dir='ltr'><strong>et</strong></span> <span class='ocrx_word' id='word_1_201' title='bbox 2158 1941 2205 2000; x_wconf 77' lang='grc' dir='ltr'><em>Β</em></span> 
     </span>
    </p>
   </div>
   <div class='ocr_carea' id='block_1_23' title="bbox 557 2025 2121 2105">
    <p class='ocr_par' dir='ltr' id='par_1_23' title="bbox 557 2025 2121 2105">
     <span class='ocr_line' id='line_1_23' title="bbox 557 2025 2121 2105; baseline -0.006 -20"><span class='ocrx_word' id='word_1_202' title='bbox 557 2050 577 2085; x_wconf 71' lang='lat' dir='ltr'>c</span> <span class='ocrx_word' id='word_1_203' title='bbox 618 2042 840 2105; x_wconf 84' lang='lat' dir='ltr'><strong>propter</strong></span> <span class='ocrx_word' id='word_1_204' title='bbox 869 2032 1209 2103; x_wconf 84' lang='lat' dir='ltr'><strong>iniquitatem</strong></span> <span class='ocrx_word' id='word_1_205' title='bbox 1238 2028 1547 2100; x_wconf 87' lang='lat' dir='ltr'><strong>corripuisti</strong></span> <span class='ocrx_word' id='word_1_206' title='bbox 1577 2046 1595 2080; x_wconf 75' lang='grc' dir='ltr'><strong>ι</strong></span> <span class='ocrx_word' id='word_1_207' title='bbox 1631 2041 1718 2083; x_wconf 90' lang='lat' dir='ltr'><strong>me</strong></span> <span class='ocrx_word' id='word_1_208' title='bbox 1743 2044 1763 2078; x_wconf 76' lang='grc' dir='ltr'><strong>ι</strong></span> <span class='ocrx_word' id='word_1_209' title='bbox 1795 2025 2069 2081; x_wconf 89' lang='lat' dir='ltr'><strong>hominem</strong></span> <span class='ocrx_word' id='word_1_210' title='bbox 2102 2040 2121 2076; x_wconf 72' lang='grc' dir='ltr'><strong>ι</strong></span> 
     </span>
    </p>
   </div>
   <div class='ocr_carea' id='block_1_24' title="bbox 554 2112 2127 2192">
    <p class='ocr_par' dir='ltr' id='par_1_24' title="bbox 554 2112 2127 2192">
     <span class='ocr_line' id='line_1_24' title="bbox 554 2112 2127 2192; baseline -0.006 -15"><span class='ocrx_word' id='word_1_211' title='bbox 554 2120 851 2192; x_wconf 69' lang='lat' dir='ltr'><strong>disciplinis</strong></span> <span class='ocrx_word' id='word_1_212' title='bbox 876 2121 999 2176; x_wconf 89' lang='lat' dir='ltr'><strong>tuis.</strong></span> <span class='ocrx_word' id='word_1_213' title='bbox 1024 2119 1122 2175; x_wconf 88' lang='lat' dir='ltr'><strong>llic</strong></span> <span class='ocrx_word' id='word_1_214' title='bbox 1141 2125 1358 2175; x_wconf 90' lang='lat' dir='ltr'><strong>notatur</strong></span> <span class='ocrx_word' id='word_1_215' title='bbox 1371 2116 1653 2188; x_wconf 86' lang='lat' dir='ltr'><strong>judicium,</strong></span> <span class='ocrx_word' id='word_1_216' title='bbox 1677 2125 1733 2171; x_wconf 92' lang='lat' dir='ltr'><strong>et</strong></span> <span class='ocrx_word' id='word_1_217' title='bbox 1756 2112 2127 2170; x_wconf 85' lang='lat' dir='ltr'><strong>misericordia</strong></span> 
     </span>
    </p>
   </div>
   <div class='ocr_carea' id='block_1_25' title="bbox 556 2202 2129 2282">
    <p class='ocr_par' dir='ltr' id='par_1_25' title="bbox 556 2202 2129 2282">
     <span class='ocr_line' id='line_1_25' title="bbox 556 2202 2129 2282; baseline -0.008 -14"><span class='ocrx_word' id='word_1_218' title='bbox 556 2213 671 2268; x_wconf 87' lang='lat' dir='ltr'><strong>Del.</strong></span> <span class='ocrx_word' id='word_1_219' title='bbox 689 2213 746 2268; x_wconf 89' lang='lat' dir='ltr'><strong>In</strong></span> <span class='ocrx_word' id='word_1_220' title='bbox 768 2213 870 2268; x_wconf 90' lang='lat' dir='ltr'><strong>hoc</strong></span> <span class='ocrx_word' id='word_1_221' title='bbox 882 2210 1165 2282; x_wconf 80' lang='lat' dir='ltr'><strong>judicium,</strong></span> <span class='ocrx_word' id='word_1_222' title='bbox 1182 2210 1327 2280; x_wconf 91' lang='lat' dir='ltr'><strong>quod</strong></span> <span class='ocrx_word' id='word_1_223' title='bbox 1347 2217 1570 2281; x_wconf 86' lang='lat' dir='ltr'><strong>propter</strong></span> <span class='ocrx_word' id='word_1_224' title='bbox 1588 2206 1924 2277; x_wconf 89' lang='lat' dir='ltr'><strong>iniquitatem</strong></span> <span class='ocrx_word' id='word_1_225' title='bbox 1946 2202 2129 2274; x_wconf 65' lang='lat' dir='ltr'><strong>ﬂagel-</strong></span> 
     </span>
    </p>
   </div>
   <div class='ocr_carea' id='block_1_26' title="bbox 554 2295 2129 2372">
    <p class='ocr_par' dir='ltr' id='par_1_26' title="bbox 554 2295 2129 2372">
     <span class='ocr_line' id='line_1_26' title="bbox 554 2295 2129 2372; baseline -0.004 -14"><span class='ocrx_word' id='word_1_226' title='bbox 554 2305 661 2369; x_wconf 86' lang='lat' dir='ltr'><strong>lat,</strong></span> <span class='ocrx_word' id='word_1_227' title='bbox 688 2304 818 2359; x_wconf 90' lang='lat' dir='ltr'><strong>etin</strong></span> <span class='ocrx_word' id='word_1_228' title='bbox 846 2304 947 2358; x_wconf 87' lang='lat' dir='ltr'><strong>hoc</strong></span> <span class='ocrx_word' id='word_1_229' title='bbox 980 2300 1352 2359; x_wconf 86' lang='lat' dir='ltr'><strong>misericordia</strong></span> <span class='ocrx_word' id='word_1_230' title='bbox 1372 2341 1386 2366; x_wconf 95' lang='lat'><strong>,</strong></span> <span class='ocrx_word' id='word_1_231' title='bbox 1413 2300 1556 2372; x_wconf 83' lang='lat' dir='ltr'><strong>quod</strong></span> <span class='ocrx_word' id='word_1_232' title='bbox 1601 2297 1932 2368; x_wconf 88' lang='lat' dir='ltr'><strong>correptorie</strong></span> <span class='ocrx_word' id='word_1_233' title='bbox 1974 2295 2129 2367; x_wconf 85' lang='lat' dir='ltr'><strong>quasi</strong></span> 
     </span>
    </p>
   </div>
   <div class='ocr_carea' id='block_1_27' title="bbox 550 2388 1881 2467">
    <p class='ocr_par' dir='ltr' id='par_1_27' title="bbox 550 2388 1881 2467">
     <span class='ocr_line' id='line_1_27' title="bbox 550 2388 1881 2467; baseline -0.008 -17"><span class='ocrx_word' id='word_1_234' title='bbox 550 2404 707 2466; x_wconf 84' lang='lat' dir='ltr'><strong>pater</strong></span> <span class='ocrx_word' id='word_1_235' title='bbox 738 2391 992 2465; x_wconf 84' lang='lat' dir='ltr'><strong>ﬂagellat,</strong></span> <span class='ocrx_word' id='word_1_236' title='bbox 1023 2399 1082 2446; x_wconf 90' lang='lat' dir='ltr'><strong>ut</strong></span> <span class='ocrx_word' id='word_1_237' title='bbox 1113 2391 1182 2446; x_wconf 88' lang='lat' dir='ltr'><strong>ad</strong></span> <span class='ocrx_word' id='word_1_238' title='bbox 1208 2392 1349 2446; x_wconf 88' lang='lat' dir='ltr'><strong>viam</strong></span> <span class='ocrx_word' id='word_1_239' title='bbox 1371 2389 1618 2467; x_wconf 81' lang='lat' dir='ltr'><strong>veritatis</strong></span> <span class='ocrx_word' id='word_1_240' title='bbox 1641 2388 1881 2442; x_wconf 89' lang='lat' dir='ltr'><strong>reducat.</strong></span> 
     </span>
    </p>
   </div>
   <div class='ocr_carea' id='block_1_28' title="bbox 624 2477 2129 2558">
    <p class='ocr_par' dir='ltr' id='par_1_28' title="bbox 624 2477 2129 2558">
     <span class='ocr_line' id='line_1_28' title="bbox 624 2477 2129 2558; baseline -0.008 -15"><span class='ocrx_word' id='word_1_241' title='bbox 624 2486 973 2558; x_wconf 85' lang='lat' dir='ltr'><strong>Corripuisti,</strong></span> <span class='ocrx_word' id='word_1_242' title='bbox 1019 2493 1073 2541; x_wconf 90' lang='lat' dir='ltr'><strong>et</strong></span> <span class='ocrx_word' id='word_1_243' title='bbox 1120 2485 1177 2540; x_wconf 91' lang='lat' dir='ltr'><strong>in</strong></span> <span class='ocrx_word' id='word_1_244' title='bbox 1228 2491 1437 2539; x_wconf 87' lang='lat' dir='ltr'><strong>tantum</strong></span> <span class='ocrx_word' id='word_1_245' title='bbox 1460 2482 1606 2554; x_wconf 85' lang='lat' dir='ltr'><strong>quod</strong></span> <span class='ocrx_word' id='word_1_246' title='bbox 1637 2502 1655 2533; x_wconf 75' lang='grc' dir='ltr'><strong>ι</strong></span> <span class='ocrx_word' id='word_1_247' title='bbox 1694 2480 1869 2535; x_wconf 86' lang='lat' dir='ltr'><strong>fecisti</strong></span> <span class='ocrx_word' id='word_1_248' title='bbox 1895 2477 2129 2532; x_wconf 87' lang='lat' dir='ltr'><strong>animam</strong></span> 
     </span>
    </p>
   </div>
   <div class='ocr_carea' id='block_1_29' title="bbox 551 2571 2128 2649">
    <p class='ocr_par' dir='ltr' id='par_1_29' title="bbox 551 2571 2128 2649">
     <span class='ocr_line' id='line_1_29' title="bbox 551 2571 2128 2649; baseline -0.008 -13"><span class='ocrx_word' id='word_1_249' title='bbox 551 2579 667 2649; x_wconf 85' lang='lat' dir='ltr'><strong>ejus</strong></span> <span class='ocrx_word' id='word_1_250' title='bbox 712 2578 990 2635; x_wconf 87' lang='lat' dir='ltr'><strong>tabescere</strong></span> <span class='ocrx_word' id='word_1_251' title='bbox 1035 2576 1176 2632; x_wconf 91' lang='lat' dir='ltr'><strong>sicut</strong></span> <span class='ocrx_word' id='word_1_252' title='bbox 1213 2590 1495 2631; x_wconf 87' lang='lat' dir='ltr'><strong>araneam.</strong></span> <span class='ocrx_word' id='word_1_253' title='bbox 1530 2594 1548 2626; x_wconf 75' lang='grc' dir='ltr'><strong>ι</strong></span> <span class='ocrx_word' id='word_1_254' title='bbox 1580 2573 1735 2629; x_wconf 89' lang='lat' dir='ltr'><strong>Sicut</strong></span> <span class='ocrx_word' id='word_1_255' title='bbox 1753 2571 1899 2627; x_wconf 90' lang='lat' dir='ltr'><strong>enim</strong></span> <span class='ocrx_word' id='word_1_256' title='bbox 1916 2584 2128 2641; x_wconf 74' lang='lat' dir='ltr'><strong>aranea</strong></span> 
     </span>
    </p>
   </div>
   <div class='ocr_carea' id='block_1_30' title="bbox 550 2659 2130 2739">
    <p class='ocr_par' dir='ltr' id='par_1_30' title="bbox 550 2659 2130 2739">
     <span class='ocr_line' id='line_1_30' title="bbox 550 2659 2130 2739; baseline -0.007 -13"><span class='ocrx_word' id='word_1_257' title='bbox 550 2671 619 2726; x_wconf 86' lang='lat' dir='ltr'><strong>ad</strong></span> <span class='ocrx_word' id='word_1_258' title='bbox 643 2668 830 2724; x_wconf 90' lang='lat' dir='ltr'><strong>inutile</strong></span> <span class='ocrx_word' id='word_1_259' title='bbox 849 2682 985 2739; x_wconf 90' lang='lat' dir='ltr'><strong>opus</strong></span> <span class='ocrx_word' id='word_1_260' title='bbox 1008 2665 1311 2720; x_wconf 82' lang='lat' dir='ltr'><strong>faciendum</strong></span> <span class='ocrx_word' id='word_1_261' title='bbox 1328 2704 1355 2732; x_wconf 46' lang='lat'><strong>,,</strong></span> <span class='ocrx_word' id='word_1_262' title='bbox 1369 2662 1625 2739; x_wconf 80' lang='lat' dir='ltr'><strong>interiora</strong></span> <span class='ocrx_word' id='word_1_263' title='bbox 1647 2678 1743 2717; x_wconf 90' lang='lat' dir='ltr'><strong>sua</strong></span> <span class='ocrx_word' id='word_1_264' title='bbox 1771 2660 2029 2725; x_wconf 79' lang='lat' dir='ltr'><strong>extrahit,</strong></span> <span class='ocrx_word' id='word_1_265' title='bbox 2050 2659 2130 2715; x_wconf 89' lang='lat' dir='ltr'><strong>sic</strong></span> 
     </span>
    </p>
   </div>
   <div class='ocr_carea' id='block_1_31' title="bbox 550 2750 2128 2830">
    <p class='ocr_par' dir='ltr' id='par_1_31' title="bbox 550 2750 2128 2830">
     <span class='ocr_line' id='line_1_31' title="bbox 550 2750 2128 2830; baseline -0.008 -15"><span class='ocrx_word' id='word_1_266' title='bbox 550 2766 802 2830; x_wconf 76' lang='lat' dir='ltr'><strong>peccator</strong></span> <span class='ocrx_word' id='word_1_267' title='bbox 823 2757 1017 2812; x_wconf 71' lang='lat' dir='ltr'><strong>animae</strong></span> <span class='ocrx_word' id='word_1_268' title='bbox 1043 2770 1153 2813; x_wconf 71' lang='lat' dir='ltr'><strong>suae</strong></span> <span class='ocrx_word' id='word_1_269' title='bbox 1174 2754 1229 2809; x_wconf 92' lang='lat' dir='ltr'><strong>in</strong></span> <span class='ocrx_word' id='word_1_270' title='bbox 1252 2753 1495 2826; x_wconf 90' lang='lat' dir='ltr'><strong>appetitu</strong></span> <span class='ocrx_word' id='word_1_271' title='bbox 1517 2750 1905 2808; x_wconf 86' lang='lat' dir='ltr'><strong>mundanorum</strong></span> <span class='ocrx_word' id='word_1_272' title='bbox 1929 2763 2128 2804; x_wconf 90' lang='lat' dir='ltr'><strong>consu-</strong></span> 
     </span>
    </p>
   </div>
   <div class='ocr_carea' id='block_1_32' title="bbox 552 2842 2129 2922">
    <p class='ocr_par' dir='ltr' id='par_1_32' title="bbox 552 2842 2129 2922">
     <span class='ocr_line' id='line_1_32' title="bbox 552 2842 2129 2922; baseline -0.007 -15"><span class='ocrx_word' id='word_1_273' title='bbox 552 2853 683 2918; x_wconf 89' lang='lat' dir='ltr'><strong>mit,</strong></span> <span class='ocrx_word' id='word_1_274' title='bbox 705 2866 824 2922; x_wconf 82' lang='lat' dir='ltr'><strong>quae</strong></span> <span class='ocrx_word' id='word_1_275' title='bbox 850 2850 922 2904; x_wconf 91' lang='lat' dir='ltr'><strong>ita</strong></span> <span class='ocrx_word' id='word_1_276' title='bbox 954 2863 1091 2904; x_wconf 91' lang='lat' dir='ltr'><strong>vana</strong></span> <span class='ocrx_word' id='word_1_277' title='bbox 1122 2854 1278 2913; x_wconf 88' lang='lat' dir='ltr'><strong>sunt,</strong></span> <span class='ocrx_word' id='word_1_278' title='bbox 1307 2854 1368 2900; x_wconf 87' lang='lat' dir='ltr'><strong>ut</strong></span> <span class='ocrx_word' id='word_1_279' title='bbox 1385 2845 1612 2900; x_wconf 88' lang='lat' dir='ltr'><strong>virtutes</strong></span> <span class='ocrx_word' id='word_1_280' title='bbox 1641 2843 1805 2899; x_wconf 90' lang='lat' dir='ltr'><strong>animi</strong></span> <span class='ocrx_word' id='word_1_281' title='bbox 1825 2842 1960 2898; x_wconf 87' lang='lat' dir='ltr'><strong>nihil</strong></span> <span class='ocrx_word' id='word_1_282' title='bbox 1988 2842 2042 2896; x_wconf 91' lang='lat' dir='ltr'><strong>in</strong></span> <span class='ocrx_word' id='word_1_283' title='bbox 2065 2853 2129 2896; x_wconf 91' lang='lat' dir='ltr'><strong>eo</strong></span> 
     </span>
    </p>
   </div>
   <div class='ocr_carea' id='block_1_33' title="bbox 550 2932 2130 3012">
    <p class='ocr_par' dir='ltr' id='par_1_33' title="bbox 550 2932 2130 3012">
     <span class='ocr_line' id='line_1_33' title="bbox 550 2932 2130 3012; baseline -0.008 -16"><span class='ocrx_word' id='word_1_284' title='bbox 550 2948 861 3012; x_wconf 88' lang='lat' dir='ltr'><strong>operentur.</strong></span> <span class='ocrx_word' id='word_1_285' title='bbox 903 2935 1017 2993; x_wconf 82' lang='lat' dir='ltr'><strong>Hoc</strong></span> <span class='ocrx_word' id='word_1_286' title='bbox 1043 2935 1206 2992; x_wconf 91' lang='lat' dir='ltr'><strong>etiam</strong></span> <span class='ocrx_word' id='word_1_287' title='bbox 1236 2933 1364 2990; x_wconf 91' lang='lat' dir='ltr'><strong>facit</strong></span> <span class='ocrx_word' id='word_1_288' title='bbox 1390 2932 1531 2989; x_wconf 91' lang='lat' dir='ltr'><strong>Deus</strong></span> <span class='ocrx_word' id='word_1_289' title='bbox 1554 2934 1622 2988; x_wconf 90' lang='lat' dir='ltr'><strong>ad</strong></span> <span class='ocrx_word' id='word_1_290' title='bbox 1643 2932 2040 2996; x_wconf 88' lang='lat' dir='ltr'><strong>correctiones,</strong></span> <span class='ocrx_word' id='word_1_291' title='bbox 2068 2937 2130 2985; x_wconf 92' lang='lat' dir='ltr'><strong>ut</strong></span> 
     </span>
    </p>
   </div>
   <div class='ocr_carea' id='block_1_34' title="bbox 552 3024 2129 3098">
    <p class='ocr_par' dir='ltr' id='par_1_34' title="bbox 552 3024 2129 3098">
     <span class='ocr_line' id='line_1_34' title="bbox 552 3024 2129 3098; baseline -0.006 -13"><span class='ocrx_word' id='word_1_292' title='bbox 552 3047 675 3086; x_wconf 81' lang='lat' dir='ltr'><strong>cum</strong></span> <span class='ocrx_word' id='word_1_293' title='bbox 709 3032 871 3086; x_wconf 87' lang='lat' dir='ltr'><strong>homo</strong></span> <span class='ocrx_word' id='word_1_294' title='bbox 899 3044 957 3086; x_wconf 91' lang='lat' dir='ltr'><strong>se</strong></span> <span class='ocrx_word' id='word_1_295' title='bbox 977 3029 1139 3085; x_wconf 91' lang='lat' dir='ltr'><strong>vilem</strong></span> <span class='ocrx_word' id='word_1_296' title='bbox 1161 3028 1238 3084; x_wconf 91' lang='lat' dir='ltr'><strong>sic</strong></span> <span class='ocrx_word' id='word_1_297' title='bbox 1257 3026 1600 3098; x_wconf 79' lang='lat' dir='ltr'><strong>cognoverit,</strong></span> <span class='ocrx_word' id='word_1_298' title='bbox 1625 3024 1818 3081; x_wconf 89' lang='lat' dir='ltr'><strong>saltem</strong></span> <span class='ocrx_word' id='word_1_299' title='bbox 1845 3029 2129 3081; x_wconf 91' lang='lat' dir='ltr'><strong>converta-</strong></span> 
     </span>
    </p>
   </div>
   <div class='ocr_carea' id='block_1_35' title="bbox 555 3118 2128 3189">
    <p class='ocr_par' dir='ltr' id='par_1_35' title="bbox 555 3118 2128 3189">
     <span class='ocr_line' id='line_1_35' title="bbox 555 3118 2128 3189; baseline -0.004 -12"><span class='ocrx_word' id='word_1_300' title='bbox 555 3130 660 3189; x_wconf 90' lang='lat' dir='ltr'><strong>tur,</strong></span> <span class='ocrx_word' id='word_1_301' title='bbox 686 3133 739 3178; x_wconf 90' lang='lat' dir='ltr'><strong>ct</strong></span> <span class='ocrx_word' id='word_1_302' title='bbox 762 3122 889 3177; x_wconf 92' lang='lat' dir='ltr'><strong>licet</strong></span> <span class='ocrx_word' id='word_1_303' title='bbox 909 3122 984 3178; x_wconf 88' lang='lat' dir='ltr'><strong>ita</strong></span> <span class='ocrx_word' id='word_1_304' title='bbox 1012 3120 1227 3178; x_wconf 84' lang='lat' dir='ltr'><strong>deﬁciat</strong></span> <span class='ocrx_word' id='word_1_305' title='bbox 1250 3120 1305 3175; x_wconf 93' lang='lat' dir='ltr'><strong>in</strong></span> <span class='ocrx_word' id='word_1_306' title='bbox 1328 3119 1445 3174; x_wconf 85' lang='lat' dir='ltr'><strong>istis</strong></span> <span class='ocrx_word' id='word_1_307' title='bbox 1467 3118 1766 3184; x_wconf 87' lang='lat' dir='ltr'><strong>inutilibus,</strong></span> <span class='ocrx_word' id='word_1_308' title='bbox 1805 3137 1823 3169; x_wconf 76' lang='grc' dir='ltr'><strong>ι</strong></span> <span class='ocrx_word' id='word_1_309' title='bbox 1856 3122 2128 3171; x_wconf 87' lang='lat' dir='ltr'><strong>verumta-</strong></span> 
     </span>
    </p>
   </div>
   <div class='ocr_carea' id='block_1_36' title="bbox 558 3208 2122 3272">
    <p class='ocr_par' dir='ltr' id='par_1_36' title="bbox 558 3208 2122 3272">
     <span class='ocr_line' id='line_1_36' title="bbox 558 3208 2122 3272; baseline -0.005 -5"><span class='ocrx_word' id='word_1_310' title='bbox 558 3234 577 3267; x_wconf 72' lang='grc' dir='ltr'><strong>ι</strong></span> <span class='ocrx_word' id='word_1_311' title='bbox 609 3230 730 3270; x_wconf 90' lang='lat' dir='ltr'><strong>men</strong></span> <span class='ocrx_word' id='word_1_312' title='bbox 752 3214 929 3269; x_wconf 88' lang='lat' dir='ltr'><strong>omnis</strong></span> <span class='ocrx_word' id='word_1_313' title='bbox 956 3213 1121 3269; x_wconf 89' lang='lat' dir='ltr'><strong>homo</strong></span> <span class='ocrx_word' id='word_1_314' title='bbox 1149 3230 1167 3263; x_wconf 76' lang='grc' dir='ltr'><strong>ι</strong></span> <span class='ocrx_word' id='word_1_315' title='bbox 1194 3209 1429 3267; x_wconf 87' lang='lat' dir='ltr'><strong>carnalis</strong></span> <span class='ocrx_word' id='word_1_316' title='bbox 1441 3208 1648 3265; x_wconf 87' lang='lat' dir='ltr'><strong>scilicet</strong></span> <span class='ocrx_word' id='word_1_317' title='bbox 1671 3208 2073 3272; x_wconf 71' lang='lat' dir='ltr'><strong>«conturbatur,</strong></span> <span class='ocrx_word' id='word_1_318' title='bbox 2102 3224 2122 3258; x_wconf 78' lang='grc' dir='ltr'><strong>ι</strong></span> 
     </span>
    </p>
   </div>
   <div class='ocr_carea' id='block_1_37' title="bbox 549 3389 2120 3468">
    <p class='ocr_par' dir='ltr' id='par_1_37' title="bbox 549 3389 2120 3468">
     <span class='ocr_line' id='line_1_37' title="bbox 549 3389 2120 3468; baseline -0.006 -16"><span class='ocrx_word' id='word_1_319' title='bbox 549 3397 654 3468; x_wconf 86' lang='lat' dir='ltr'><strong>legi</strong></span> <span class='ocrx_word' id='word_1_320' title='bbox 686 3397 741 3452; x_wconf 89' lang='lat' dir='ltr'><strong>in</strong></span> <span class='ocrx_word' id='word_1_321' title='bbox 771 3396 990 3453; x_wconf 89' lang='lat' dir='ltr'><strong>bonum.</strong></span> <span class='ocrx_word' id='word_1_322' title='bbox 1037 3391 1382 3450; x_wconf 91' lang='lat' dir='ltr'><strong>Continuatio</strong></span> <span class='ocrx_word' id='word_1_323' title='bbox 1408 3409 1422 3446; x_wconf 91' lang='lat'><strong>:</strong></span> <span class='ocrx_word' id='word_1_324' title='bbox 1446 3390 1771 3462; x_wconf 89' lang='lat' dir='ltr'><strong>Corripuisti</strong></span> <span class='ocrx_word' id='word_1_325' title='bbox 1800 3389 2076 3445; x_wconf 89' lang='lat' dir='ltr'><strong>hominem</strong></span> <span class='ocrx_word' id='word_1_326' title='bbox 2106 3404 2120 3442; x_wconf 88' lang='lat'><strong>:</strong></span> 
     </span>
    </p>
   </div>
   <div class='ocr_carea' id='block_1_38' title="bbox 550 3481 2124 3558">
    <p class='ocr_par' dir='ltr' id='par_1_38' title="bbox 550 3481 2124 3558">
     <span class='ocr_line' id='line_1_38' title="bbox 550 3481 2124 3558; baseline -0.006 -14"><span class='ocrx_word' id='word_1_327' title='bbox 550 3497 606 3544; x_wconf 90' lang='lat' dir='ltr'><strong>et</strong></span> <span class='ocrx_word' id='word_1_328' title='bbox 638 3489 712 3543; x_wconf 90' lang='lat' dir='ltr'><strong>ita</strong></span> <span class='ocrx_word' id='word_1_329' title='bbox 739 3486 1079 3558; x_wconf 89' lang='lat' dir='ltr'><strong>corripuisti,</strong></span> <span class='ocrx_word' id='word_1_330' title='bbox 1109 3493 1247 3541; x_wconf 88' lang='lat' dir='ltr'><strong>utse</strong></span> <span class='ocrx_word' id='word_1_331' title='bbox 1272 3485 1487 3556; x_wconf 90' lang='lat' dir='ltr'><strong>penitus</strong></span> <span class='ocrx_word' id='word_1_332' title='bbox 1518 3484 1717 3539; x_wconf 89' lang='lat' dir='ltr'><strong>mundo</strong></span> <span class='ocrx_word' id='word_1_333' title='bbox 1748 3481 2124 3547; x_wconf 84' lang='lat' dir='ltr'><strong>mortiﬁcaret,</strong></span> 
     </span>
    </p>
   </div>
   <div class='ocr_carea' id='block_1_39' title="bbox 557 3573 2121 3643">
    <p class='ocr_par' dir='ltr' id='par_1_39' title="bbox 557 3573 2121 3643">
     <span class='ocr_line' id='line_1_39' title="bbox 557 3573 2121 3643; baseline -0.006 -8"><span class='ocrx_word' id='word_1_334' title='bbox 557 3581 696 3635; x_wconf 89' lang='lat' dir='ltr'><strong>sicut</strong></span> <span class='ocrx_word' id='word_1_335' title='bbox 725 3593 921 3634; x_wconf 84' lang='lat' dir='ltr'><strong>aranea</strong></span> <span class='ocrx_word' id='word_1_336' title='bbox 946 3592 1004 3634; x_wconf 90' lang='lat' dir='ltr'><strong>se</strong></span> <span class='ocrx_word' id='word_1_337' title='bbox 1023 3577 1312 3632; x_wconf 84' lang='lat' dir='ltr'><strong>mortiﬁcat</strong></span> <span class='ocrx_word' id='word_1_338' title='bbox 1332 3576 1386 3630; x_wconf 91' lang='lat' dir='ltr'><strong>in</strong></span> <span class='ocrx_word' id='word_1_339' title='bbox 1407 3590 1504 3631; x_wconf 90' lang='lat' dir='ltr'><strong>suo</strong></span> <span class='ocrx_word' id='word_1_340' title='bbox 1531 3588 1778 3643; x_wconf 89' lang='lat' dir='ltr'><strong>corpore,</strong></span> <span class='ocrx_word' id='word_1_341' title='bbox 1801 3581 1856 3629; x_wconf 88' lang='lat' dir='ltr'><strong>et</strong></span> <span class='ocrx_word' id='word_1_342' title='bbox 1882 3573 1986 3629; x_wconf 91' lang='lat' dir='ltr'><strong>hoc</strong></span> <span class='ocrx_word' id='word_1_343' title='bbox 2002 3580 2085 3627; x_wconf 89' lang='lat' dir='ltr'><strong>est</strong></span> <span class='ocrx_word' id='word_1_344' title='bbox 2107 3588 2121 3625; x_wconf 89' lang='lat'><strong>:</strong></span> 
     </span>
    </p>
   </div>
   <div class='ocr_carea' id='block_1_40' title="bbox 561 3662 2125 3735">
    <p class='ocr_par' dir='ltr' id='par_1_40' title="bbox 561 3662 2125 3735">
     <span class='ocr_line' id='line_1_40' title="bbox 561 3662 2125 3735; baseline -0.004 -12"><span class='ocrx_word' id='word_1_345' title='bbox 561 3689 583 3723; x_wconf 77' lang='grc' dir='ltr'><strong>ι</strong></span> <span class='ocrx_word' id='word_1_346' title='bbox 628 3668 923 3735; x_wconf 75' lang='lat' dir='ltr'><strong>tabescere,</strong></span> <span class='ocrx_word' id='word_1_347' title='bbox 963 3686 983 3721; x_wconf 70' lang='grc' dir='ltr'><strong>ο</strong></span> <span class='ocrx_word' id='word_1_348' title='bbox 1018 3667 1071 3722; x_wconf 90' lang='lat' dir='ltr'><strong>id</strong></span> <span class='ocrx_word' id='word_1_349' title='bbox 1093 3674 1197 3732; x_wconf 91' lang='lat' dir='ltr'><strong>est,</strong></span> <span class='ocrx_word' id='word_1_350' title='bbox 1223 3665 1479 3731; x_wconf 77' lang='lat' dir='ltr'><strong>deiicere,</strong></span> <span class='ocrx_word' id='word_1_351' title='bbox 1508 3665 1561 3720; x_wconf 91' lang='lat' dir='ltr'><strong>in</strong></span> <span class='ocrx_word' id='word_1_352' title='bbox 1597 3665 1702 3733; x_wconf 91' lang='lat' dir='ltr'><strong>ira,</strong></span> <span class='ocrx_word' id='word_1_353' title='bbox 1728 3662 1996 3734; x_wconf 90' lang='lat' dir='ltr'><strong>quodjam</strong></span> <span class='ocrx_word' id='word_1_354' title='bbox 2018 3679 2125 3718; x_wconf 92' lang='lat' dir='ltr'><strong>non</strong></span> 
     </span>
    </p>
   </div>
   <div class='ocr_carea' id='block_1_41' title="bbox 553 3757 2124 3829">
    <p class='ocr_par' dir='ltr' id='par_1_41' title="bbox 553 3757 2124 3829">
     <span class='ocr_line' id='line_1_41' title="bbox 553 3757 2124 3829; baseline -0.003 -13"><span class='ocrx_word' id='word_1_355' title='bbox 553 3761 921 3818; x_wconf 83' lang='lat' dir='ltr'><strong>irasceretur;</strong></span> <span class='ocrx_word' id='word_1_356' title='bbox 958 3759 1095 3816; x_wconf 89' lang='lat' dir='ltr'><strong>etin</strong></span> <span class='ocrx_word' id='word_1_357' title='bbox 1127 3757 1559 3829; x_wconf 82' lang='lat' dir='ltr'><strong>concupiscentia</strong></span> <span class='ocrx_word' id='word_1_358' title='bbox 1581 3798 1595 3825; x_wconf 91' lang='lat'><strong>,</strong></span> <span class='ocrx_word' id='word_1_359' title='bbox 1634 3758 1773 3828; x_wconf 89' lang='lat' dir='ltr'><strong>quod</strong></span> <span class='ocrx_word' id='word_1_360' title='bbox 1799 3757 1932 3813; x_wconf 87' lang='lat' dir='ltr'><strong>nihil</strong></span> <span class='ocrx_word' id='word_1_361' title='bbox 1958 3770 2124 3826; x_wconf 85' lang='lat' dir='ltr'><strong>cupe-</strong></span> 
     </span>
    </p>
   </div>
   <div class='ocr_carea' id='block_1_42' title="bbox 551 3848 2126 3918">
    <p class='ocr_par' dir='ltr' id='par_1_42' title="bbox 551 3848 2126 3918">
     <span class='ocr_line' id='line_1_42' title="bbox 551 3848 2126 3918; baseline -0.004 -12"><span class='ocrx_word' id='word_1_362' title='bbox 551 3859 655 3917; x_wconf 88' lang='lat' dir='ltr'><strong>ret,</strong></span> <span class='ocrx_word' id='word_1_363' title='bbox 682 3850 815 3906; x_wconf 88' lang='lat' dir='ltr'><strong>nulli</strong></span> <span class='ocrx_word' id='word_1_364' title='bbox 837 3848 1102 3905; x_wconf 88' lang='lat' dir='ltr'><strong>invideret</strong></span> <span class='ocrx_word' id='word_1_365' title='bbox 1129 3887 1143 3913; x_wconf 93' lang='lat'><strong>,</strong></span> <span class='ocrx_word' id='word_1_366' title='bbox 1188 3856 1245 3904; x_wconf 90' lang='lat' dir='ltr'><strong>et</strong></span> <span class='ocrx_word' id='word_1_367' title='bbox 1281 3863 1506 3918; x_wconf 83' lang='lat' dir='ltr'><strong>prorsus</strong></span> <span class='ocrx_word' id='word_1_368' title='bbox 1548 3849 1749 3903; x_wconf 90' lang='lat' dir='ltr'><strong>mundo</strong></span> <span class='ocrx_word' id='word_1_369' title='bbox 1771 3864 1830 3904; x_wconf 89' lang='lat' dir='ltr'><strong>se</strong></span> <span class='ocrx_word' id='word_1_370' title='bbox 1855 3857 2126 3903; x_wconf 90' lang='lat' dir='ltr'><strong>mortuum</strong></span> 
     </span>
    </p>
   </div>
   <div class='ocr_carea' id='block_1_43' title="bbox 554 3936 2126 4011">
    <p class='ocr_par' dir='ltr' id='par_1_43' title="bbox 554 3936 2126 4011">
     <span class='ocr_line' id='line_1_43' title="bbox 554 3936 2126 4011; baseline -0.003 -15"><span class='ocrx_word' id='word_1_371' title='bbox 554 3941 822 3998; x_wconf 87' lang='lat' dir='ltr'><strong>redderet.</strong></span> <span class='ocrx_word' id='word_1_372' title='bbox 860 3939 1084 4011; x_wconf 86' lang='lat' dir='ltr'><strong>Pinguis</strong></span> <span class='ocrx_word' id='word_1_373' title='bbox 1120 3938 1264 3994; x_wconf 90' lang='lat' dir='ltr'><strong>enim</strong></span> <span class='ocrx_word' id='word_1_374' title='bbox 1314 3939 1493 3993; x_wconf 90' lang='lat' dir='ltr'><strong>anima</strong></span> <span class='ocrx_word' id='word_1_375' title='bbox 1543 3953 1661 4008; x_wconf 72' lang='lat' dir='ltr'><strong>quae</strong></span> <span class='ocrx_word' id='word_1_376' title='bbox 1708 3939 1789 3993; x_wconf 92' lang='lat' dir='ltr'><strong>ira</strong></span> <span class='ocrx_word' id='word_1_377' title='bbox 1833 3946 1888 3996; x_wconf 91' lang='lat' dir='ltr'><strong>et</strong></span> <span class='ocrx_word' id='word_1_378' title='bbox 1928 3936 2126 3992; x_wconf 88' lang='lat' dir='ltr'><strong>talibus</strong></span> 
     </span>
    </p>
   </div>
   <div class='ocr_carea' id='block_1_44' title="bbox 550 4027 2125 4100">
    <p class='ocr_par' dir='ltr' id='par_1_44' title="bbox 550 4027 2125 4100">
     <span class='ocr_line' id='line_1_44' title="bbox 550 4027 2125 4100; baseline -0.001 -16"><span class='ocrx_word' id='word_1_379' title='bbox 550 4029 707 4100; x_wconf 87' lang='lat' dir='ltr'><strong>plena</strong></span> <span class='ocrx_word' id='word_1_380' title='bbox 744 4037 847 4096; x_wconf 89' lang='lat' dir='ltr'><strong>est,</strong></span> <span class='ocrx_word' id='word_1_381' title='bbox 881 4030 1156 4084; x_wconf 88' lang='lat' dir='ltr'><strong>tabescere</strong></span> <span class='ocrx_word' id='word_1_382' title='bbox 1194 4027 1412 4092; x_wconf 89' lang='lat' dir='ltr'><strong>dicitur,</strong></span> <span class='ocrx_word' id='word_1_383' title='bbox 1460 4028 1599 4084; x_wconf 88' lang='lat' dir='ltr'><strong>sicut</strong></span> <span class='ocrx_word' id='word_1_384' title='bbox 1639 4042 1862 4095; x_wconf 86' lang='lat' dir='ltr'><strong>aranea,</strong></span> <span class='ocrx_word' id='word_1_385' title='bbox 1890 4044 2011 4098; x_wconf 81' lang='lat' dir='ltr'><strong>quae</strong></span> <span class='ocrx_word' id='word_1_386' title='bbox 2036 4042 2125 4083; x_wconf 83' lang='lat' dir='ltr'><strong>se-</strong></span> 
     </span>
    </p>
   </div>
   <div class='ocr_carea' id='block_1_45' title="bbox 553 4115 2128 4191">
    <p class='ocr_par' dir='ltr' id='par_1_45' title="bbox 553 4115 2128 4191">
     <span class='ocr_line' id='line_1_45' title="bbox 553 4115 2128 4191; baseline -0.001 -16"><span class='ocrx_word' id='word_1_387' title='bbox 553 4122 726 4191; x_wconf 89' lang='lat' dir='ltr'><strong>ipsam</strong></span> <span class='ocrx_word' id='word_1_388' title='bbox 790 4118 1099 4175; x_wconf 86' lang='lat' dir='ltr'><strong>mortiﬁcat.</strong></span> <span class='ocrx_word' id='word_1_389' title='bbox 1145 4115 1332 4173; x_wconf 81' lang='lat' dir='ltr'><strong>Justus</strong></span> <span class='ocrx_word' id='word_1_390' title='bbox 1377 4117 1458 4174; x_wconf 89' lang='lat' dir='ltr'><strong>sic</strong></span> <span class='ocrx_word' id='word_1_391' title='bbox 1500 4118 1727 4174; x_wconf 85' lang='lat' dir='ltr'><strong>tabescit</strong></span> <span class='ocrx_word' id='word_1_392' title='bbox 1775 4119 1830 4174; x_wconf 90' lang='lat' dir='ltr'><strong>in</strong></span> <span class='ocrx_word' id='word_1_393' title='bbox 1888 4118 2128 4189; x_wconf 88' lang='lat' dir='ltr'><strong>appetitu</strong></span> 
     </span>
    </p>
   </div>
   <div class='ocr_carea' id='block_1_46' title="bbox 553 4210 2128 4279">
    <p class='ocr_par' dir='ltr' id='par_1_46' title="bbox 553 4210 2128 4279">
     <span class='ocr_line' id='line_1_46' title="bbox 553 4210 2128 4279; baseline 0.001 -12"><span class='ocrx_word' id='word_1_394' title='bbox 553 4210 876 4278; x_wconf 68' lang='lat' dir='ltr'><strong>caelestium,</strong></span> <span class='ocrx_word' id='word_1_395' title='bbox 903 4228 922 4263; x_wconf 82' lang='grc'><strong>‹</strong></span> <span class='ocrx_word' id='word_1_396' title='bbox 947 4217 1319 4265; x_wconf 89' lang='lat' dir='ltr'><strong>verumtamen</strong></span> <span class='ocrx_word' id='word_1_397' title='bbox 1353 4211 1531 4266; x_wconf 90' lang='lat' dir='ltr'><strong>omnis</strong></span> <span class='ocrx_word' id='word_1_398' title='bbox 1556 4212 1717 4267; x_wconf 91' lang='lat' dir='ltr'><strong>homo</strong></span> <span class='ocrx_word' id='word_1_399' title='bbox 1748 4230 1767 4265; x_wconf 75' lang='grc' dir='ltr'><strong>ι</strong></span> <span class='ocrx_word' id='word_1_400' title='bbox 1793 4212 2047 4279; x_wconf 89' lang='lat' dir='ltr'><strong>carnalis,</strong></span> <span class='ocrx_word' id='word_1_401' title='bbox 2071 4213 2128 4268; x_wconf 91' lang='lat' dir='ltr'><strong>in</strong></span> 
     </span>
    </p>
   </div>
   <div class='ocr_carea' id='block_1_47' title="bbox 554 4299 2126 4373">
    <p class='ocr_par' dir='ltr' id='par_1_47' title="bbox 554 4299 2126 4373">
     <span class='ocr_line' id='line_1_47' title="bbox 554 4299 2126 4373; baseline 0.001 -16"><span class='ocrx_word' id='word_1_402' title='bbox 554 4302 794 4373; x_wconf 90' lang='lat' dir='ltr'><strong>appetitu</strong></span> <span class='ocrx_word' id='word_1_403' title='bbox 817 4299 1233 4366; x_wconf 90' lang='lat' dir='ltr'><strong>mundanorum,</strong></span> <span class='ocrx_word' id='word_1_404' title='bbox 1259 4313 1366 4354; x_wconf 89' lang='lat' dir='ltr'><strong>non</strong></span> <span class='ocrx_word' id='word_1_405' title='bbox 1388 4300 1685 4370; x_wconf 87' lang='lat' dir='ltr'><strong>respiciens</strong></span> <span class='ocrx_word' id='word_1_406' title='bbox 1695 4300 1926 4373; x_wconf 90' lang='lat' dir='ltr'><strong>justum,</strong></span> <span class='ocrx_word' id='word_1_407' title='bbox 1948 4309 2003 4358; x_wconf 91' lang='lat' dir='ltr'><strong>et</strong></span> <span class='ocrx_word' id='word_1_408' title='bbox 2024 4302 2126 4358; x_wconf 92' lang='lat' dir='ltr'><strong>hoc</strong></span> 
     </span>
    </p>
   </div>
   <div class='ocr_carea' id='block_1_48' title="bbox 557 4388 1628 4460">
    <p class='ocr_par' dir='ltr' id='par_1_48' title="bbox 557 4388 1628 4460">
     <span class='ocr_line' id='line_1_48' title="bbox 557 4388 1628 4460; baseline 0 -16"><span class='ocrx_word' id='word_1_409' title='bbox 557 4410 577 4444; x_wconf 77' lang='grc' dir='ltr'><strong>ι</strong></span> <span class='ocrx_word' id='word_1_410' title='bbox 610 4407 747 4447; x_wconf 88' lang='lat' dir='ltr'><strong>vane</strong></span> <span class='ocrx_word' id='word_1_411' title='bbox 772 4409 791 4443; x_wconf 74' lang='grc' dir='ltr'><strong>ι</strong></span> <span class='ocrx_word' id='word_1_412' title='bbox 825 4402 908 4446; x_wconf 91' lang='lat' dir='ltr'><strong>est</strong></span> <span class='ocrx_word' id='word_1_413' title='bbox 941 4388 1087 4460; x_wconf 88' lang='lat' dir='ltr'><strong>quod</strong></span> <span class='ocrx_word' id='word_1_414' title='bbox 1110 4406 1131 4442; x_wconf 72' lang='grc' dir='ltr'><strong>ι</strong></span> <span class='ocrx_word' id='word_1_415' title='bbox 1166 4389 1575 4446; x_wconf 87' lang='lat' dir='ltr'><strong>conturbantur.</strong></span> <span class='ocrx_word' id='word_1_416' title='bbox 1608 4410 1628 4444; x_wconf 74' lang='grc' dir='ltr'><strong>ι</strong></span> 
     </span>
    </p>
   </div>
   <div class='ocr_carea' id='block_1_49' title="bbox 622 4481 2125 4558">
    <p class='ocr_par' dir='ltr' id='par_1_49' title="bbox 622 4481 2125 4558">
     <span class='ocr_line' id='line_1_49' title="bbox 622 4481 2125 4558; baseline 0.003 -20"><span class='ocrx_word' id='word_1_417' title='bbox 622 4482 727 4538; x_wconf 79' lang='lat' dir='ltr'><strong>Alii</strong></span> <span class='ocrx_word' id='word_1_418' title='bbox 760 4481 1181 4547; x_wconf 88' lang='lat' dir='ltr'><strong>conturbantur,</strong></span> <span class='ocrx_word' id='word_1_419' title='bbox 1224 4490 1282 4536; x_wconf 91' lang='lat' dir='ltr'><strong>et</strong></span> <span class='ocrx_word' id='word_1_420' title='bbox 1305 4495 1404 4553; x_wconf 88' lang='lat' dir='ltr'><strong>ego</strong></span> <span class='ocrx_word' id='word_1_421' title='bbox 1436 4496 1544 4538; x_wconf 90' lang='lat' dir='ltr'><strong>non</strong></span> <span class='ocrx_word' id='word_1_422' title='bbox 1569 4486 1862 4541; x_wconf 88' lang='lat' dir='ltr'><strong>conturbor</strong></span> <span class='ocrx_word' id='word_1_423' title='bbox 1902 4500 2003 4558; x_wconf 92' lang='lat' dir='ltr'><strong>pro</strong></span> <span class='ocrx_word' id='word_1_424' title='bbox 2039 4486 2125 4543; x_wconf 88' lang='lat' dir='ltr'><strong>his</strong></span> 
     </span>
    </p>
   </div>
   <div class='ocr_carea' id='block_1_50' title="bbox 554 4571 2125 4647">
    <p class='ocr_par' dir='ltr' id='par_1_50' title="bbox 554 4571 2125 4647">
     <span class='ocr_line' id='line_1_50' title="bbox 554 4571 2125 4647; baseline 0.001 -16"><span class='ocrx_word' id='word_1_425' title='bbox 554 4573 870 4637; x_wconf 88' lang='lat' dir='ltr'><strong>mundanis,</strong></span> <span class='ocrx_word' id='word_1_426' title='bbox 897 4579 953 4628; x_wconf 89' lang='lat' dir='ltr'><strong>et</strong></span> <span class='ocrx_word' id='word_1_427' title='bbox 970 4571 1091 4628; x_wconf 90' lang='lat' dir='ltr'><strong>ideo</strong></span> <span class='ocrx_word' id='word_1_428' title='bbox 1104 4580 1186 4639; x_wconf 90' lang='lat' dir='ltr'><strong>tu,</strong></span> <span class='ocrx_word' id='word_1_429' title='bbox 1217 4590 1236 4624; x_wconf 72' lang='grc' dir='ltr'><strong>ι</strong></span> <span class='ocrx_word' id='word_1_430' title='bbox 1267 4572 1510 4639; x_wconf 86' lang='lat' dir='ltr'><strong>Domine,</strong></span> <span class='ocrx_word' id='word_1_431' title='bbox 1542 4592 1560 4626; x_wconf 84' lang='grc'><strong>›</strong></span> <span class='ocrx_word' id='word_1_432' title='bbox 1582 4574 1889 4647; x_wconf 86' lang='lat' dir='ltr'><strong>Diapsalma</strong></span> <span class='ocrx_word' id='word_1_433' title='bbox 1921 4591 1938 4630; x_wconf 91' lang='lat'><strong>:</strong></span> <span class='ocrx_word' id='word_1_434' title='bbox 1985 4597 2004 4630; x_wconf 74' lang='grc' dir='ltr'><strong>ι</strong></span> <span class='ocrx_word' id='word_1_435' title='bbox 2032 4593 2125 4633; x_wconf 87' lang='lat' dir='ltr'><strong>ex-</strong></span> 
     </span>
    </p>
   </div>
   <div class='ocr_carea' id='block_1_51' title="bbox 2221 916 3805 992">
    <p class='ocr_par' dir='ltr' id='par_1_51' title="bbox 2221 916 3805 992">
     <span class='ocr_line' id='line_1_51' title="bbox 2221 916 3805 992; baseline -0.004 -16"><span class='ocrx_word' id='word_1_436' title='bbox 2221 918 2621 992; x_wconf 86' lang='lat' dir='ltr'><strong>signiﬁcarent,</strong></span> <span class='ocrx_word' id='word_1_437' title='bbox 2656 926 2711 974; x_wconf 91' lang='lat' dir='ltr'><strong>et</strong></span> <span class='ocrx_word' id='word_1_438' title='bbox 2743 917 2811 972; x_wconf 88' lang='lat' dir='ltr'><strong>ad</strong></span> <span class='ocrx_word' id='word_1_439' title='bbox 2849 917 2996 973; x_wconf 85' lang='lat' dir='ltr'><strong>illam</strong></span> <span class='ocrx_word' id='word_1_440' title='bbox 3023 917 3301 973; x_wconf 91' lang='lat' dir='ltr'><strong>civitatem</strong></span> <span class='ocrx_word' id='word_1_441' title='bbox 3334 929 3526 972; x_wconf 88' lang='lat' dir='ltr'><strong>veram</strong></span> <span class='ocrx_word' id='word_1_442' title='bbox 3550 916 3805 980; x_wconf 73' lang='lat' dir='ltr'><strong>tendere.</strong></span> 
     </span>
    </p>
   </div>
   <div class='ocr_carea' id='block_1_52' title="bbox 2223 1006 3809 1073">
    <p class='ocr_par' dir='ltr' id='par_1_52' title="bbox 2223 1006 3809 1073">
     <span class='ocr_line' id='line_1_52' title="bbox 2223 1006 3809 1073; baseline -0.002 -8"><span class='ocrx_word' id='word_1_443' title='bbox 2223 1026 2331 1066; x_wconf 89' lang='lat' dir='ltr'><strong>non</strong></span> <span class='ocrx_word' id='word_1_444' title='bbox 2350 1010 2594 1067; x_wconf 85' lang='lat' dir='ltr'><strong>fecerunt</strong></span> <span class='ocrx_word' id='word_1_445' title='bbox 2617 1009 2718 1066; x_wconf 89' lang='lat' dir='ltr'><strong>sibi</strong></span> <span class='ocrx_word' id='word_1_446' title='bbox 2743 1009 2798 1063; x_wconf 88' lang='lat' dir='ltr'><strong>in</strong></span> <span class='ocrx_word' id='word_1_447' title='bbox 2824 1009 2928 1064; x_wconf 85' lang='lat' dir='ltr'><strong>hac</strong></span> <span class='ocrx_word' id='word_1_448' title='bbox 2949 1009 3061 1063; x_wconf 87' lang='lat' dir='ltr'><strong>vita</strong></span> <span class='ocrx_word' id='word_1_449' title='bbox 3092 1007 3279 1063; x_wconf 87' lang='lat' dir='ltr'><strong>domos</strong></span> <span class='ocrx_word' id='word_1_450' title='bbox 3304 1047 3320 1073; x_wconf 91' lang='lat'><strong>,</strong></span> <span class='ocrx_word' id='word_1_451' title='bbox 3345 1006 3440 1063; x_wconf 88' lang='lat' dir='ltr'><strong>sed</strong></span> <span class='ocrx_word' id='word_1_452' title='bbox 3473 1007 3530 1061; x_wconf 90' lang='lat' dir='ltr'><strong>in</strong></span> <span class='ocrx_word' id='word_1_453' title='bbox 3560 1006 3809 1062; x_wconf 70' lang='lat' dir='ltr'><strong>tentoriis</strong></span> 
     </span>
    </p>
   </div>
   <div class='ocr_carea' id='block_1_53' title="bbox 2224 1100 3084 1170">
    <p class='ocr_par' dir='ltr' id='par_1_53' title="bbox 2224 1100 3084 1170">
     <span class='ocr_line' id='line_1_53' title="bbox 2224 1100 3084 1170; baseline -0.003 -12"><span class='ocrx_word' id='word_1_454' title='bbox 2224 1103 2419 1160; x_wconf 85' lang='lat' dir='ltr'><strong>morati</strong></span> <span class='ocrx_word' id='word_1_455' title='bbox 2444 1109 2604 1167; x_wconf 88' lang='lat' dir='ltr'><strong>sunt,</strong></span> <span class='ocrx_word' id='word_1_456' title='bbox 2632 1109 2772 1157; x_wconf 84' lang='lat' dir='ltr'><strong>teste</strong></span> <span class='ocrx_word' id='word_1_457' title='bbox 2806 1100 3084 1170; x_wconf 82' lang='lat' dir='ltr'><strong>Apostolo.</strong></span> 
     </span>
    </p>
   </div>
   <div class='ocr_carea' id='block_1_54' title="bbox 2292 1188 3807 1262">
    <p class='ocr_par' dir='ltr' id='par_1_54' title="bbox 2292 1188 3807 1262">
     <span class='ocr_line' id='line_1_54' title="bbox 2292 1188 3807 1262; baseline -0.004 -13"><span class='ocrx_word' id='word_1_458' title='bbox 2292 1192 2360 1249; x_wconf 87' lang='lat' dir='ltr'><strong>Et</strong></span> <span class='ocrx_word' id='word_1_459' title='bbox 2386 1193 2513 1262; x_wconf 87' lang='lat' dir='ltr'><strong>quia</strong></span> <span class='ocrx_word' id='word_1_460' title='bbox 2534 1192 2608 1247; x_wconf 91' lang='lat' dir='ltr'><strong>ita</strong></span> <span class='ocrx_word' id='word_1_461' title='bbox 2633 1206 2755 1247; x_wconf 90' lang='lat' dir='ltr'><strong>sum</strong></span> <span class='ocrx_word' id='word_1_462' title='bbox 2775 1191 2914 1261; x_wconf 83' lang='lat' dir='ltr'><strong>apud</strong></span> <span class='ocrx_word' id='word_1_463' title='bbox 2936 1198 3009 1256; x_wconf 87' lang='lat' dir='ltr'><strong>te,</strong></span> <span class='ocrx_word' id='word_1_464' title='bbox 3032 1189 3154 1246; x_wconf 90' lang='lat' dir='ltr'><strong>ideo</strong></span> <span class='ocrx_word' id='word_1_465' title='bbox 3185 1206 3204 1240; x_wconf 75' lang='grc' dir='ltr'><strong>ι</strong></span> <span class='ocrx_word' id='word_1_466' title='bbox 3237 1189 3455 1244; x_wconf 87' lang='lat' dir='ltr'><strong>remitte</strong></span> <span class='ocrx_word' id='word_1_467' title='bbox 3470 1196 3679 1253; x_wconf 57' lang='lat' dir='ltr'><strong>aestus,</strong></span> <span class='ocrx_word' id='word_1_468' title='bbox 3709 1207 3728 1240; x_wconf 82' lang='lat' dir='ltr'><strong>I</strong></span> <span class='ocrx_word' id='word_1_469' title='bbox 3761 1188 3807 1243; x_wconf 78' lang='lat' dir='ltr'><strong>id</strong></span> 
     </span>
    </p>
   </div>
   <div class='ocr_carea' id='block_1_55' title="bbox 2224 1280 3806 1354">
    <p class='ocr_par' dir='ltr' id='par_1_55' title="bbox 2224 1280 3806 1354">
     <span class='ocr_line' id='line_1_55' title="bbox 2224 1280 3806 1354; baseline -0.004 -13"><span class='ocrx_word' id='word_1_470' title='bbox 2224 1293 2334 1352; x_wconf 89' lang='lat' dir='ltr'><strong>est,</strong></span> <span class='ocrx_word' id='word_1_471' title='bbox 2390 1284 2634 1341; x_wconf 80' lang='lat' dir='ltr'><strong>fomitem</strong></span> <span class='ocrx_word' id='word_1_472' title='bbox 2683 1283 2892 1354; x_wconf 83' lang='lat' dir='ltr'><strong>peccati</strong></span> <span class='ocrx_word' id='word_1_473' title='bbox 2956 1300 2977 1335; x_wconf 71' lang='grc' dir='ltr'><strong>ι</strong></span> <span class='ocrx_word' id='word_1_474' title='bbox 3029 1291 3089 1338; x_wconf 80' lang='grc' dir='ltr'><strong>ιιι</strong></span> <span class='ocrx_word' id='word_1_475' title='bbox 3150 1280 3437 1352; x_wconf 84' lang='lat' dir='ltr'><strong>refrigerer</strong></span> <span class='ocrx_word' id='word_1_476' title='bbox 3487 1282 3806 1351; x_wconf 78' lang='lat' dir='ltr'><strong>priusquam</strong></span> 
     </span>
    </p>
   </div>
   <div class='ocr_carea' id='block_1_56' title="bbox 2223 1368 3807 1441">
    <p class='ocr_par' dir='ltr' id='par_1_56' title="bbox 2223 1368 3807 1441">
     <span class='ocr_line' id='line_1_56' title="bbox 2223 1368 3807 1441; baseline -0.004 -10"><span class='ocrx_word' id='word_1_477' title='bbox 2223 1377 2414 1431; x_wconf 88' lang='lat' dir='ltr'><strong>abeam</strong></span> <span class='ocrx_word' id='word_1_478' title='bbox 2463 1393 2482 1427; x_wconf 75' lang='grc' dir='ltr'><strong>ι</strong></span> <span class='ocrx_word' id='word_1_479' title='bbox 2565 1375 2634 1430; x_wconf 90' lang='lat' dir='ltr'><strong>ab</strong></span> <span class='ocrx_word' id='word_1_480' title='bbox 2703 1373 2807 1429; x_wconf 86' lang='lat' dir='ltr'><strong>hac</strong></span> <span class='ocrx_word' id='word_1_481' title='bbox 2876 1373 3006 1428; x_wconf 87' lang='lat' dir='ltr'><strong>vita.</strong></span> <span class='ocrx_word' id='word_1_482' title='bbox 3051 1371 3267 1427; x_wconf 87' lang='lat' dir='ltr'><strong>Etenim</strong></span> <span class='ocrx_word' id='word_1_483' title='bbox 3309 1371 3355 1426; x_wconf 89' lang='lat' dir='ltr'><strong>si</strong></span> <span class='ocrx_word' id='word_1_484' title='bbox 3404 1368 3807 1441; x_wconf 80' lang='lat' dir='ltr'><strong>irrefrigeratus</strong></span> 
     </span>
    </p>
   </div>
   <div class='ocr_carea' id='block_1_57' title="bbox 2226 1461 3805 1534">
    <p class='ocr_par' dir='ltr' id='par_1_57' title="bbox 2226 1461 3805 1534">
     <span class='ocr_line' id='line_1_57' title="bbox 2226 1461 3805 1534; baseline -0.003 -14"><span class='ocrx_word' id='word_1_485' title='bbox 2226 1464 2409 1520; x_wconf 85' lang='lat' dir='ltr'><strong>abiero</strong></span> <span class='ocrx_word' id='word_1_486' title='bbox 2437 1463 2569 1534; x_wconf 91' lang='lat' dir='ltr'><strong>quin</strong></span> <span class='ocrx_word' id='word_1_487' title='bbox 2596 1462 2995 1519; x_wconf 84' lang='lat' dir='ltr'><strong>mortiﬁcentur</strong></span> <span class='ocrx_word' id='word_1_488' title='bbox 3030 1461 3085 1518; x_wconf 89' lang='lat' dir='ltr'><strong>in</strong></span> <span class='ocrx_word' id='word_1_489' title='bbox 3115 1477 3203 1518; x_wconf 87' lang='lat' dir='ltr'><strong>me</strong></span> <span class='ocrx_word' id='word_1_490' title='bbox 3219 1462 3607 1533; x_wconf 84' lang='lat' dir='ltr'><strong>suggestiones</strong></span> <span class='ocrx_word' id='word_1_491' title='bbox 3639 1461 3805 1525; x_wconf 66' lang='lat' dir='ltr'><strong>mala,</strong></span> 
     </span>
    </p>
   </div>
   <div class='ocr_carea' id='block_1_58' title="bbox 2229 1554 3805 1639">
    <p class='ocr_par' dir='ltr' id='par_1_58' title="bbox 2229 1554 3805 1639">
     <span class='ocr_line' id='line_1_58' title="bbox 2229 1554 3805 1639; baseline 0 -29"><span class='ocrx_word' id='word_1_492' title='bbox 2229 1576 2250 1610; x_wconf 74' lang='grc' dir='ltr'><strong><em>ο</em></strong></span> <span class='ocrx_word' id='word_1_493' title='bbox 2284 1557 2514 1639; x_wconf 69' lang='lat' dir='ltr'><strong>amplius</strong></span> <span class='ocrx_word' id='word_1_494' title='bbox 2533 1572 2643 1612; x_wconf 91' lang='lat' dir='ltr'><strong>non</strong></span> <span class='ocrx_word' id='word_1_495' title='bbox 2670 1570 2789 1621; x_wconf 88' lang='lat' dir='ltr'><strong>ero,</strong></span> <span class='ocrx_word' id='word_1_496' title='bbox 2822 1575 2843 1610; x_wconf 81' lang='grc'>›</span> <span class='ocrx_word' id='word_1_497' title='bbox 2866 1555 2921 1610; x_wconf 91' lang='lat' dir='ltr'><strong>id</strong></span> <span class='ocrx_word' id='word_1_498' title='bbox 2946 1564 3052 1622; x_wconf 92' lang='lat' dir='ltr'><strong>est,</strong></span> <span class='ocrx_word' id='word_1_499' title='bbox 3080 1570 3186 1611; x_wconf 91' lang='lat' dir='ltr'><strong>non</strong></span> <span class='ocrx_word' id='word_1_500' title='bbox 3208 1554 3424 1612; x_wconf 89' lang='lat' dir='ltr'><strong>habebo</strong></span> <span class='ocrx_word' id='word_1_501' title='bbox 3448 1568 3656 1611; x_wconf 81' lang='lat' dir='ltr'><strong>verum</strong></span> <span class='ocrx_word' id='word_1_502' title='bbox 3675 1568 3805 1618; x_wconf 68' lang='lat' dir='ltr'><strong>esse,</strong></span> 
     </span>
    </p>
   </div>
   <div class='ocr_carea' id='block_1_59' title="bbox 2225 1643 3081 1719">
    <p class='ocr_par' dir='ltr' id='par_1_59' title="bbox 2225 1643 3081 1719">
     <span class='ocr_line' id='line_1_59' title="bbox 2225 1643 3081 1719; baseline -0.005 -15"><span class='ocrx_word' id='word_1_503' title='bbox 2225 1647 2321 1704; x_wconf 83' lang='lat' dir='ltr'><strong>sed</strong></span> <span class='ocrx_word' id='word_1_504' title='bbox 2342 1647 2520 1719; x_wconf 89' lang='lat' dir='ltr'><strong>potius</strong></span> <span class='ocrx_word' id='word_1_505' title='bbox 2541 1646 2823 1705; x_wconf 86' lang='lat' dir='ltr'><strong>tormentis</strong></span> <span class='ocrx_word' id='word_1_506' title='bbox 2854 1643 3081 1715; x_wconf 83' lang='lat' dir='ltr'><strong>aﬂligar.</strong></span> 
     </span>
    </p>
   </div>
   <div class='ocr_carea' id='block_1_60' title="bbox 2645 1755 3377 1815">
    <p class='ocr_par' dir='ltr' id='par_1_60' title="bbox 2645 1755 3377 1815">
     <span class='ocr_line' id='line_1_60' title="bbox 2645 1755 3377 1815; baseline 0 -1"><span class='ocrx_word' id='word_1_507' title='bbox 2645 1758 2716 1814; x_wconf 86' lang='lat' dir='ltr'><strong>IN</strong></span> <span class='ocrx_word' id='word_1_508' title='bbox 2757 1756 3091 1815; x_wconf 82' lang='lat' dir='ltr'><strong>PSALMUM</strong></span> <span class='ocrx_word' id='word_1_509' title='bbox 3132 1755 3377 1814; x_wconf 73' lang='lat' dir='ltr'><strong>XXXIX.</strong></span> 
     </span>
    </p>
   </div>
   <div class='ocr_carea' id='block_1_61' title="bbox 2505 1846 3527 1931">
    <p class='ocr_par' dir='ltr' id='par_1_61' title="bbox 2505 1846 3527 1931">
     <span class='ocr_line' id='line_1_61' title="bbox 2505 1846 3527 1931; baseline -0.005 -24"><span class='ocrx_word' id='word_1_510' title='bbox 2505 1849 2760 1907; x_wconf 76' lang='lat' dir='ltr'><strong>TITULUS.</strong></span> <span class='ocrx_word' id='word_1_511' title='bbox 2786 1849 2853 1904; x_wconf 82' lang='lat' dir='ltr'><strong>In</strong></span> <span class='ocrx_word' id='word_1_512' title='bbox 2880 1849 3039 1919; x_wconf 74' lang='lat' dir='ltr'><strong>ﬁnem</strong></span> <span class='ocrx_word' id='word_1_513' title='bbox 3051 1846 3304 1931; x_wconf 51' lang='lat' dir='ltr'><strong>.Psalmus</strong></span> <span class='ocrx_word' id='word_1_514' title='bbox 3332 1846 3527 1904; x_wconf 75' lang='lat' dir='ltr'><strong>David.</strong></span> 
     </span>
    </p>
   </div>
   <div class='ocr_carea' id='block_1_62' title="bbox 2310 1937 3804 2012">
    <p class='ocr_par' dir='ltr' id='par_1_62' title="bbox 2310 1937 3804 2012">
     <span class='ocr_line' id='line_1_62' title="bbox 2310 1937 3804 2012; baseline -0.001 -16"><span class='ocrx_word' id='word_1_515' title='bbox 2310 1961 2332 1996; x_wconf 73' lang='grc' dir='ltr'><strong>ι</strong></span> <span class='ocrx_word' id='word_1_516' title='bbox 2358 1943 2693 2012; x_wconf 83' lang='lat' dir='ltr'><strong>Exspcctans</strong></span> <span class='ocrx_word' id='word_1_517' title='bbox 2717 1941 3022 2011; x_wconf 87' lang='lat' dir='ltr'><strong>exspectavi</strong></span> <span class='ocrx_word' id='word_1_518' title='bbox 3044 1940 3350 1996; x_wconf 89' lang='lat' dir='ltr'><strong>Dominum.</strong></span> <span class='ocrx_word' id='word_1_519' title='bbox 3379 1958 3401 1991; x_wconf 73' lang='grc' dir='ltr'><strong>ι</strong></span> <span class='ocrx_word' id='word_1_520' title='bbox 3428 1937 3690 1994; x_wconf 84' lang='lat' dir='ltr'><strong>Psalmus</strong></span> <span class='ocrx_word' id='word_1_521' title='bbox 3716 1937 3804 1994; x_wconf 78' lang='lat' dir='ltr'><strong>iste</strong></span> 
     </span>
    </p>
   </div>
   <div class='ocr_carea' id='block_1_63' title="bbox 2226 2029 3804 2105">
    <p class='ocr_par' dir='ltr' id='par_1_63' title="bbox 2226 2029 3804 2105">
     <span class='ocr_line' id='line_1_63' title="bbox 2226 2029 3804 2105; baseline -0.006 -13"><span class='ocrx_word' id='word_1_522' title='bbox 2226 2035 2481 2092; x_wconf 84' lang='lat' dir='ltr'><strong>convenit</strong></span> <span class='ocrx_word' id='word_1_523' title='bbox 2501 2035 2605 2105; x_wconf 87' lang='lat' dir='ltr'><strong>ipsi</strong></span> <span class='ocrx_word' id='word_1_524' title='bbox 2634 2032 2831 2095; x_wconf 83' lang='lat' dir='ltr'><strong>David,</strong></span> <span class='ocrx_word' id='word_1_525' title='bbox 2860 2033 2914 2089; x_wconf 88' lang='lat' dir='ltr'><strong>id</strong></span> <span class='ocrx_word' id='word_1_526' title='bbox 2949 2039 3033 2088; x_wconf 88' lang='lat' dir='ltr'><strong>est</strong></span> <span class='ocrx_word' id='word_1_527' title='bbox 3074 2031 3321 2097; x_wconf 81' lang='lat' dir='ltr'><strong>Christo,</strong></span> <span class='ocrx_word' id='word_1_528' title='bbox 3349 2047 3459 2088; x_wconf 87' lang='lat' dir='ltr'><strong>non</strong></span> <span class='ocrx_word' id='word_1_529' title='bbox 3487 2038 3712 2085; x_wconf 81' lang='lat' dir='ltr'><strong>tantum</strong></span> <span class='ocrx_word' id='word_1_530' title='bbox 3759 2029 3804 2083; x_wconf 83' lang='lat' dir='ltr'><strong>in</strong></span> 
     </span>
    </p>
   </div>
   <div class='ocr_carea' id='block_1_64' title="bbox 2226 2122 3802 2198">
    <p class='ocr_par' dir='ltr' id='par_1_64' title="bbox 2226 2122 3802 2198">
     <span class='ocr_line' id='line_1_64' title="bbox 2226 2122 3802 2198; baseline -0.004 -17"><span class='ocrx_word' id='word_1_531' title='bbox 2226 2126 2439 2198; x_wconf 84' lang='lat' dir='ltr'><strong>propria</strong></span> <span class='ocrx_word' id='word_1_532' title='bbox 2470 2140 2721 2195; x_wconf 86' lang='lat' dir='ltr'><strong>persona,</strong></span> <span class='ocrx_word' id='word_1_533' title='bbox 2753 2124 2852 2179; x_wconf 87' lang='lat' dir='ltr'><strong>sed</strong></span> <span class='ocrx_word' id='word_1_534' title='bbox 2879 2123 3044 2178; x_wconf 90' lang='lat' dir='ltr'><strong>etiam</strong></span> <span class='ocrx_word' id='word_1_535' title='bbox 3077 2123 3135 2179; x_wconf 90' lang='lat' dir='ltr'><strong>in</strong></span> <span class='ocrx_word' id='word_1_536' title='bbox 3169 2138 3405 2193; x_wconf 86' lang='lat' dir='ltr'><strong>persona</strong></span> <span class='ocrx_word' id='word_1_537' title='bbox 3442 2122 3703 2191; x_wconf 83' lang='lat' dir='ltr'><strong>priorum</strong></span> <span class='ocrx_word' id='word_1_538' title='bbox 3725 2136 3802 2190; x_wconf 83' lang='lat' dir='ltr'><strong>pa-</strong></span> 
     </span>
    </p>
   </div>
   <div class='ocr_carea' id='block_1_65' title="bbox 2228 2211 3803 2285">
    <p class='ocr_par' dir='ltr' id='par_1_65' title="bbox 2228 2211 3803 2285">
     <span class='ocr_line' id='line_1_65' title="bbox 2228 2211 3803 2285; baseline -0.004 -15"><span class='ocrx_word' id='word_1_539' title='bbox 2228 2225 2392 2281; x_wconf 88' lang='lat' dir='ltr'><strong>trum,</strong></span> <span class='ocrx_word' id='word_1_540' title='bbox 2423 2226 2477 2271; x_wconf 89' lang='lat' dir='ltr'><strong>et</strong></span> <span class='ocrx_word' id='word_1_541' title='bbox 2503 2215 2556 2270; x_wconf 92' lang='lat' dir='ltr'><strong>in</strong></span> <span class='ocrx_word' id='word_1_542' title='bbox 2581 2228 2814 2285; x_wconf 88' lang='lat' dir='ltr'><strong>persona</strong></span> <span class='ocrx_word' id='word_1_543' title='bbox 2839 2213 3008 2283; x_wconf 90' lang='lat' dir='ltr'><strong>ipsius</strong></span> <span class='ocrx_word' id='word_1_544' title='bbox 3033 2211 3259 2278; x_wconf 88' lang='lat' dir='ltr'><strong>Christi,</strong></span> <span class='ocrx_word' id='word_1_545' title='bbox 3286 2220 3342 2268; x_wconf 89' lang='lat' dir='ltr'><strong>et</strong></span> <span class='ocrx_word' id='word_1_546' title='bbox 3368 2211 3423 2266; x_wconf 90' lang='lat' dir='ltr'><strong>in</strong></span> <span class='ocrx_word' id='word_1_547' title='bbox 3454 2225 3706 2281; x_wconf 80' lang='lat' dir='ltr'><strong>persona</strong></span> <span class='ocrx_word' id='word_1_548' title='bbox 3733 2224 3803 2264; x_wconf 64' lang='lat' dir='ltr'><strong>se</strong></span> 
     </span>
    </p>
   </div>
   <div class='ocr_carea' id='block_1_66' title="bbox 2228 2302 3801 2378">
    <p class='ocr_par' dir='ltr' id='par_1_66' title="bbox 2228 2302 3801 2378">
     <span class='ocr_line' id='line_1_66' title="bbox 2228 2302 3801 2378; baseline -0.005 -15"><span class='ocrx_word' id='word_1_549' title='bbox 2228 2307 2505 2378; x_wconf 86' lang='lat' dir='ltr'><strong>quentium</strong></span> <span class='ocrx_word' id='word_1_550' title='bbox 2533 2306 2813 2362; x_wconf 83' lang='lat' dir='ltr'><strong>Christum</strong></span> <span class='ocrx_word' id='word_1_551' title='bbox 2837 2316 3008 2373; x_wconf 87' lang='lat' dir='ltr'><strong>usque</strong></span> <span class='ocrx_word' id='word_1_552' title='bbox 3057 2303 3128 2359; x_wconf 88' lang='lat' dir='ltr'><strong>ad</strong></span> <span class='ocrx_word' id='word_1_553' title='bbox 3176 2302 3535 2358; x_wconf 87' lang='lat' dir='ltr'><strong>novissimum</strong></span> <span class='ocrx_word' id='word_1_554' title='bbox 3571 2302 3801 2373; x_wconf 78' lang='lat' dir='ltr'><strong>justum.</strong></span> 
     </span>
    </p>
   </div>
   <div class='ocr_carea' id='block_1_67' title="bbox 2229 2392 3804 2464">
    <p class='ocr_par' dir='ltr' id='par_1_67' title="bbox 2229 2392 3804 2464">
     <span class='ocr_line' id='line_1_67' title="bbox 2229 2392 3804 2464; baseline -0.004 -11"><span class='ocrx_word' id='word_1_555' title='bbox 2229 2398 2453 2454; x_wconf 78' lang='lat' dir='ltr'><strong>Materia</strong></span> <span class='ocrx_word' id='word_1_556' title='bbox 2481 2407 2565 2454; x_wconf 90' lang='lat' dir='ltr'><strong>est</strong></span> <span class='ocrx_word' id='word_1_557' title='bbox 2591 2397 2857 2459; x_wconf 85' lang='lat' dir='ltr'><strong>Christus,</strong></span> <span class='ocrx_word' id='word_1_558' title='bbox 2882 2394 3177 2451; x_wconf 90' lang='lat' dir='ltr'><strong>secundum</strong></span> <span class='ocrx_word' id='word_1_559' title='bbox 3203 2395 3306 2450; x_wconf 89' lang='lat' dir='ltr'><strong>hoc</strong></span> <span class='ocrx_word' id='word_1_560' title='bbox 3337 2393 3484 2464; x_wconf 88' lang='lat' dir='ltr'><strong>quod</strong></span> <span class='ocrx_word' id='word_1_561' title='bbox 3518 2394 3642 2463; x_wconf 84' lang='lat' dir='ltr'><strong>ipse</strong></span> <span class='ocrx_word' id='word_1_562' title='bbox 3663 2392 3804 2462; x_wconf 82' lang='lat' dir='ltr'><strong>ponit</strong></span> 
     </span>
    </p>
   </div>
   <div class='ocr_carea' id='block_1_68' title="bbox 2227 2483 3804 2559">
    <p class='ocr_par' dir='ltr' id='par_1_68' title="bbox 2227 2483 3804 2559">
     <span class='ocr_line' id='line_1_68' title="bbox 2227 2483 3804 2559; baseline -0.004 -15"><span class='ocrx_word' id='word_1_563' title='bbox 2227 2490 2477 2544; x_wconf 90' lang='lat' dir='ltr'><strong>omnibus</strong></span> <span class='ocrx_word' id='word_1_564' title='bbox 2526 2487 2790 2559; x_wconf 85' lang='lat' dir='ltr'><strong>legalibus</strong></span> <span class='ocrx_word' id='word_1_565' title='bbox 2825 2485 3184 2543; x_wconf 86' lang='lat' dir='ltr'><strong>obscrvantiis</strong></span> <span class='ocrx_word' id='word_1_566' title='bbox 3210 2486 3463 2550; x_wconf 86' lang='lat' dir='ltr'><strong>modum,</strong></span> <span class='ocrx_word' id='word_1_567' title='bbox 3495 2493 3555 2540; x_wconf 91' lang='lat' dir='ltr'><strong>et</strong></span> <span class='ocrx_word' id='word_1_568' title='bbox 3592 2483 3804 2539; x_wconf 77' lang='lat' dir='ltr'><strong>inutiles</strong></span> 
     </span>
    </p>
   </div>
   <div class='ocr_carea' id='block_1_69' title="bbox 2228 2574 3804 2645">
    <p class='ocr_par' dir='ltr' id='par_1_69' title="bbox 2228 2574 3804 2645">
     <span class='ocr_line' id='line_1_69' title="bbox 2228 2574 3804 2645; baseline -0.004 -12"><span class='ocrx_word' id='word_1_569' title='bbox 2228 2577 2424 2643; x_wconf 89' lang='lat' dir='ltr'><strong>reddit,</strong></span> <span class='ocrx_word' id='word_1_570' title='bbox 2463 2578 2599 2633; x_wconf 90' lang='lat' dir='ltr'><strong>etin</strong></span> <span class='ocrx_word' id='word_1_571' title='bbox 2636 2591 2696 2633; x_wconf 86' lang='lat' dir='ltr'><strong>se</strong></span> <span class='ocrx_word' id='word_1_572' title='bbox 2720 2576 2878 2632; x_wconf 89' lang='lat' dir='ltr'><strong>nobis</strong></span> <span class='ocrx_word' id='word_1_573' title='bbox 2907 2574 3291 2645; x_wconf 80' lang='lat' dir='ltr'><strong>perfectionem</strong></span> <span class='ocrx_word' id='word_1_574' title='bbox 3319 2574 3595 2645; x_wconf 90' lang='lat' dir='ltr'><strong>proponit,</strong></span> <span class='ocrx_word' id='word_1_575' title='bbox 3612 2574 3688 2629; x_wconf 90' lang='lat' dir='ltr'><strong>de</strong></span> <span class='ocrx_word' id='word_1_576' title='bbox 3715 2587 3804 2642; x_wconf 82' lang='lat' dir='ltr'><strong>qua</strong></span> 
     </span>
    </p>
   </div>
   <div class='ocr_carea' id='block_1_70' title="bbox 2228 2664 3803 2740">
    <p class='ocr_par' dir='ltr' id='par_1_70' title="bbox 2228 2664 3803 2740">
     <span class='ocr_line' id='line_1_70' title="bbox 2228 2664 3803 2740; baseline -0.003 -16"><span class='ocrx_word' id='word_1_577' title='bbox 2228 2668 2309 2724; x_wconf 85' lang='lat' dir='ltr'><strong>sic</strong></span> <span class='ocrx_word' id='word_1_578' title='bbox 2335 2670 2449 2740; x_wconf 89' lang='lat' dir='ltr'><strong>agit</strong></span> <span class='ocrx_word' id='word_1_579' title='bbox 2482 2686 2495 2723; x_wconf 92' lang='lat'><strong>:</strong></span> <span class='ocrx_word' id='word_1_580' title='bbox 2532 2667 2590 2723; x_wconf 91' lang='lat' dir='ltr'><strong>ln</strong></span> <span class='ocrx_word' id='word_1_581' title='bbox 2615 2667 2790 2737; x_wconf 88' lang='lat' dir='ltr'><strong>prima</strong></span> <span class='ocrx_word' id='word_1_582' title='bbox 2830 2675 2987 2738; x_wconf 88' lang='lat' dir='ltr'><strong>parte</strong></span> <span class='ocrx_word' id='word_1_583' title='bbox 3032 2666 3187 2737; x_wconf 89' lang='lat' dir='ltr'><strong>ponit</strong></span> <span class='ocrx_word' id='word_1_584' title='bbox 3232 2665 3609 2722; x_wconf 86' lang='lat' dir='ltr'><strong>testimonium</strong></span> <span class='ocrx_word' id='word_1_585' title='bbox 3658 2664 3803 2733; x_wconf 70' lang='lat' dir='ltr'><strong>bujm</strong></span> 
     </span>
    </p>
   </div>
   <div class='ocr_carea' id='block_1_71' title="bbox 2228 2759 3804 2835">
    <p class='ocr_par' dir='ltr' id='par_1_71' title="bbox 2228 2759 3804 2835">
     <span class='ocr_line' id='line_1_71' title="bbox 2228 2759 3804 2835; baseline -0.001 -20"><span class='ocrx_word' id='word_1_586' title='bbox 2228 2759 2503 2826; x_wconf 87' lang='lat' dir='ltr'><strong>novitatis,</strong></span> <span class='ocrx_word' id='word_1_587' title='bbox 2524 2760 2754 2826; x_wconf 86' lang='lat' dir='ltr'><strong>scilicet,</strong></span> <span class='ocrx_word' id='word_1_588' title='bbox 2776 2767 2961 2829; x_wconf 91' lang='lat' dir='ltr'><strong>patres</strong></span> <span class='ocrx_word' id='word_1_589' title='bbox 2983 2760 3188 2830; x_wconf 89' lang='lat' dir='ltr'><strong>primos</strong></span> <span class='ocrx_word' id='word_1_590' title='bbox 3215 2759 3355 2835; x_wconf 78' lang='lat' dir='ltr'><strong>hanc</strong></span> <span class='ocrx_word' id='word_1_591' title='bbox 3379 2766 3737 2829; x_wconf 78' lang='lat' dir='ltr'><strong>exspectasse</strong></span> <span class='ocrx_word' id='word_1_592' title='bbox 3759 2765 3804 2813; x_wconf 79' lang='lat' dir='ltr'><strong>et</strong></span> 
     </span>
    </p>
   </div>
   <div class='ocr_carea' id='block_1_72' title="bbox 2229 2850 3801 2921">
    <p class='ocr_par' dir='ltr' id='par_1_72' title="bbox 2229 2850 3801 2921">
     <span class='ocr_line' id='line_1_72' title="bbox 2229 2850 3801 2921; baseline -0.001 -15"><span class='ocrx_word' id='word_1_593' title='bbox 2229 2852 2600 2907; x_wconf 86' lang='lat' dir='ltr'><strong>annuntiasse.</strong></span> <span class='ocrx_word' id='word_1_594' title='bbox 2628 2851 2690 2908; x_wconf 88' lang='lat' dir='ltr'><strong>In</strong></span> <span class='ocrx_word' id='word_1_595' title='bbox 2731 2851 2971 2907; x_wconf 88' lang='lat' dir='ltr'><strong>secunda</strong></span> <span class='ocrx_word' id='word_1_596' title='bbox 2999 2859 3155 2921; x_wconf 88' lang='lat' dir='ltr'><strong>parte</strong></span> <span class='ocrx_word' id='word_1_597' title='bbox 3178 2851 3389 2906; x_wconf 91' lang='lat' dir='ltr'><strong>inducit</strong></span> <span class='ocrx_word' id='word_1_598' title='bbox 3431 2851 3613 2921; x_wconf 89' lang='lat' dir='ltr'><strong>ipsum</strong></span> <span class='ocrx_word' id='word_1_599' title='bbox 3654 2850 3801 2906; x_wconf 77' lang='lat' dir='ltr'><strong>Chri~</strong></span> 
     </span>
    </p>
   </div>
   <div class='ocr_carea' id='block_1_73' title="bbox 2229 2940 3803 3012">
    <p class='ocr_par' dir='ltr' id='par_1_73' title="bbox 2229 2940 3803 3012">
     <span class='ocr_line' id='line_1_73' title="bbox 2229 2940 3803 3012; baseline 0 -16"><span class='ocrx_word' id='word_1_600' title='bbox 2229 2948 2370 2996; x_wconf 87' lang='lat' dir='ltr'><strong>stum</strong></span> <span class='ocrx_word' id='word_1_601' title='bbox 2418 2940 2613 3012; x_wconf 88' lang='lat' dir='ltr'><strong>legalia</strong></span> <span class='ocrx_word' id='word_1_602' title='bbox 2660 2941 3050 3009; x_wconf 88' lang='lat' dir='ltr'><strong>destruentem,</strong></span> <span class='ocrx_word' id='word_1_603' title='bbox 3093 2948 3151 2996; x_wconf 92' lang='lat' dir='ltr'><strong>et</strong></span> <span class='ocrx_word' id='word_1_604' title='bbox 3198 2955 3355 2997; x_wconf 88' lang='lat' dir='ltr'><strong>suam</strong></span> <span class='ocrx_word' id='word_1_605' title='bbox 3406 2941 3803 2998; x_wconf 60' lang='lat' dir='ltr'><strong>innovatione:</strong></span> 
     </span>
    </p>
   </div>
   <div class='ocr_carea' id='block_1_74' title="bbox 2231 3032 3804 3105">
    <p class='ocr_par' dir='ltr' id='par_1_74' title="bbox 2231 3032 3804 3105">
     <span class='ocr_line' id='line_1_74' title="bbox 2231 3032 3804 3105; baseline -0.001 -17"><span class='ocrx_word' id='word_1_606' title='bbox 2231 3032 2670 3090; x_wconf 89' lang='lat' dir='ltr'><strong>conﬁrmantem.</strong></span> <span class='ocrx_word' id='word_1_607' title='bbox 2724 3034 2783 3088; x_wconf 84' lang='lat' dir='ltr'><strong>In</strong></span> <span class='ocrx_word' id='word_1_608' title='bbox 2838 3033 3027 3088; x_wconf 90' lang='lat' dir='ltr'><strong>ultima</strong></span> <span class='ocrx_word' id='word_1_609' title='bbox 3079 3042 3232 3104; x_wconf 87' lang='lat' dir='ltr'><strong>parte</strong></span> <span class='ocrx_word' id='word_1_610' title='bbox 3283 3033 3491 3089; x_wconf 87' lang='lat' dir='ltr'><strong>inducit</strong></span> <span class='ocrx_word' id='word_1_611' title='bbox 3552 3048 3804 3105; x_wconf 78' lang='lat' dir='ltr'><strong>sequaces</strong></span> 
     </span>
    </p>
   </div>
   <div class='ocr_carea' id='block_1_75' title="bbox 2229 3120 3802 3195">
    <p class='ocr_par' dir='ltr' id='par_1_75' title="bbox 2229 3120 3802 3195">
     <span class='ocr_line' id='line_1_75' title="bbox 2229 3120 3802 3195; baseline 0.001 -18"><span class='ocrx_word' id='word_1_612' title='bbox 2229 3120 2452 3186; x_wconf 81' lang='lat' dir='ltr'><strong>Christi,</strong></span> <span class='ocrx_word' id='word_1_613' title='bbox 2483 3123 2537 3179; x_wconf 92' lang='lat' dir='ltr'><strong>id</strong></span> <span class='ocrx_word' id='word_1_614' title='bbox 2564 3131 2647 3178; x_wconf 90' lang='lat' dir='ltr'><strong>est</strong></span> <span class='ocrx_word' id='word_1_615' title='bbox 2677 3123 3084 3179; x_wconf 88' lang='lat' dir='ltr'><strong>aununtiantes.</strong></span> <span class='ocrx_word' id='word_1_616' title='bbox 3107 3122 3345 3178; x_wconf 91' lang='lat' dir='ltr'><strong>Intendit</strong></span> <span class='ocrx_word' id='word_1_617' title='bbox 3365 3125 3706 3195; x_wconf 87' lang='lat' dir='ltr'><strong>persuadere</strong></span> <span class='ocrx_word' id='word_1_618' title='bbox 3733 3124 3802 3178; x_wconf 62' lang='lat' dir='ltr'><strong>leo</strong></span> 
     </span>
    </p>
   </div>
   <div class='ocr_carea' id='block_1_76' title="bbox 2230 3212 3804 3286">
    <p class='ocr_par' dir='ltr' id='par_1_76' title="bbox 2230 3212 3804 3286">
     <span class='ocr_line' id='line_1_76' title="bbox 2230 3212 3804 3286; baseline 0.001 -19"><span class='ocrx_word' id='word_1_619' title='bbox 2230 3212 2370 3286; x_wconf 86' lang='lat' dir='ltr'><strong>galia</strong></span> <span class='ocrx_word' id='word_1_620' title='bbox 2396 3214 2647 3269; x_wconf 90' lang='lat' dir='ltr'><strong>instituta</strong></span> <span class='ocrx_word' id='word_1_621' title='bbox 2671 3213 2786 3285; x_wconf 91' lang='lat' dir='ltr'><strong>jam</strong></span> <span class='ocrx_word' id='word_1_622' title='bbox 2814 3214 3015 3270; x_wconf 87' lang='lat' dir='ltr'><strong>habere</strong></span> <span class='ocrx_word' id='word_1_623' title='bbox 3060 3213 3247 3281; x_wconf 90' lang='lat' dir='ltr'><strong>ﬁnem,</strong></span> <span class='ocrx_word' id='word_1_624' title='bbox 3293 3222 3349 3269; x_wconf 91' lang='lat' dir='ltr'><strong>et</strong></span> <span class='ocrx_word' id='word_1_625' title='bbox 3385 3229 3484 3286; x_wconf 91' lang='lat' dir='ltr'><strong>per</strong></span> <span class='ocrx_word' id='word_1_626' title='bbox 3528 3213 3804 3270; x_wconf 79' lang='lat' dir='ltr'><strong>Christum</strong></span> 
     </span>
    </p>
   </div>
   <div class='ocr_carea' id='block_1_77' title="bbox 443 3289 3084 3374">
    <p class='ocr_par' dir='ltr' id='par_1_77' title="bbox 443 3289 3084 3374">
     <span class='ocr_line' id='line_1_77' title="bbox 443 3289 3084 3374; baseline -0.003 -15"><span class='ocrx_word' id='word_1_627' title='bbox 443 3322 449 3327; x_wconf 74' lang='lat'>&#39;</span> <span class='ocrx_word' id='word_1_628' title='bbox 551 3304 605 3359; x_wconf 90' lang='lat' dir='ltr'><strong>id</strong></span> <span class='ocrx_word' id='word_1_629' title='bbox 632 3313 716 3360; x_wconf 90' lang='lat' dir='ltr'><strong>est</strong></span> <span class='ocrx_word' id='word_1_630' title='bbox 733 3345 747 3371; x_wconf 95' lang='lat'><strong>,</strong></span> <span class='ocrx_word' id='word_1_631' title='bbox 775 3302 957 3359; x_wconf 90' lang='lat' dir='ltr'><strong>multis</strong></span> <span class='ocrx_word' id='word_1_632' title='bbox 980 3300 1321 3374; x_wconf 84' lang='lat' dir='ltr'><strong>passionibus</strong></span> <span class='ocrx_word' id='word_1_633' title='bbox 1354 3298 1604 3355; x_wconf 72' lang='lat' dir='ltr'><strong>afﬁcitur.</strong></span> <span class='ocrx_word' id='word_1_634' title='bbox 1641 3298 1828 3354; x_wconf 88' lang='lat' dir='ltr'><strong>Potest</strong></span> <span class='ocrx_word' id='word_1_635' title='bbox 1851 3298 2014 3354; x_wconf 89' lang='lat' dir='ltr'><strong>etiam</strong></span> <span class='ocrx_word' id='word_1_636' title='bbox 2050 3296 2129 3352; x_wconf 91' lang='lat' dir='ltr'><strong>sic</strong></span> <span class='ocrx_word' id='word_1_637' title='bbox 2156 3289 2200 3352; x_wconf 90' lang='lat' dir='ltr'><strong>C</strong></span> <span class='ocrx_word' id='word_1_638' title='bbox 2230 3303 2301 3358; x_wconf 86' lang='lat' dir='ltr'><strong>ad</strong></span> <span class='ocrx_word' id='word_1_639' title='bbox 2320 3302 2490 3359; x_wconf 82' lang='lat' dir='ltr'><strong>Deum</strong></span> <span class='ocrx_word' id='word_1_640' title='bbox 2515 3304 2917 3359; x_wconf 77' lang='lat' dir='ltr'><strong>ascendendum</strong></span> <span class='ocrx_word' id='word_1_641' title='bbox 2944 3318 3084 3360; x_wconf 75' lang='lat' dir='ltr'><strong>esse.</strong></span> 
     </span>
    </p>
   </div>
   <div class='ocr_carea' id='block_1_78' title="bbox 2299 3384 3804 3464">
    <p class='ocr_par' dir='ltr' id='par_1_78' title="bbox 2299 3384 3804 3464">
     <span class='ocr_line' id='line_1_78' title="bbox 2299 3384 3804 3464; baseline 0.001 -16"><span class='ocrx_word' id='word_1_642' title='bbox 2299 3393 2418 3449; x_wconf 77' lang='lat' dir='ltr'><strong>Vox</strong></span> <span class='ocrx_word' id='word_1_643' title='bbox 2450 3393 2691 3464; x_wconf 87' lang='lat' dir='ltr'><strong>priorum</strong></span> <span class='ocrx_word' id='word_1_644' title='bbox 2730 3384 3023 3464; x_wconf 84' lang='lat' dir='ltr'><strong>justorum,</strong></span> <span class='ocrx_word' id='word_1_645' title='bbox 3066 3409 3133 3450; x_wconf 90' lang='lat' dir='ltr'><strong>ac</strong></span> <span class='ocrx_word' id='word_1_646' title='bbox 3181 3394 3230 3451; x_wconf 89' lang='lat' dir='ltr'><strong>si</strong></span> <span class='ocrx_word' id='word_1_647' title='bbox 3262 3395 3342 3451; x_wconf 88' lang='lat' dir='ltr'><strong>ita</strong></span> <span class='ocrx_word' id='word_1_648' title='bbox 3367 3394 3615 3451; x_wconf 87' lang='lat' dir='ltr'><strong>dicerent</strong></span> <span class='ocrx_word' id='word_1_649' title='bbox 3646 3414 3663 3451; x_wconf 88' lang='lat'><strong>:</strong></span> <span class='ocrx_word' id='word_1_650' title='bbox 3694 3393 3804 3450; x_wconf 66' lang='lat' dir='ltr'><strong>Noli</strong></span> 
     </span>
    </p>
   </div>
   <div class='ocr_carea' id='block_1_79' title="bbox 2227 3484 3803 3558">
    <p class='ocr_par' dir='ltr' id='par_1_79' title="bbox 2227 3484 3803 3558">
     <span class='ocr_line' id='line_1_79' title="bbox 2227 3484 3803 3558; baseline 0.001 -17"><span class='ocrx_word' id='word_1_651' title='bbox 2227 3499 2446 3555; x_wconf 90' lang='lat' dir='ltr'><strong>sperare</strong></span> <span class='ocrx_word' id='word_1_652' title='bbox 2466 3485 2524 3541; x_wconf 90' lang='lat' dir='ltr'><strong>in</strong></span> <span class='ocrx_word' id='word_1_653' title='bbox 2537 3484 2799 3557; x_wconf 88' lang='lat' dir='ltr'><strong>legalibus</strong></span> <span class='ocrx_word' id='word_1_654' title='bbox 2812 3486 3096 3552; x_wconf 90' lang='lat' dir='ltr'><strong>institutis,</strong></span> <span class='ocrx_word' id='word_1_655' title='bbox 3112 3487 3207 3543; x_wconf 89' lang='lat' dir='ltr'><strong>sed</strong></span> <span class='ocrx_word' id='word_1_656' title='bbox 3222 3495 3478 3558; x_wconf 87' lang='lat' dir='ltr'><strong>exspecta</strong></span> <span class='ocrx_word' id='word_1_657' title='bbox 3498 3487 3803 3552; x_wconf 87' lang='lat' dir='ltr'><strong>Dominum,</strong></span> 
     </span>
    </p>
   </div>
   <div class='ocr_carea' id='block_1_80' title="bbox 2227 3575 3808 3647">
    <p class='ocr_par' dir='ltr' id='par_1_80' title="bbox 2227 3575 3808 3647">
     <span class='ocr_line' id='line_1_80' title="bbox 2227 3575 3808 3647; baseline 0 -16"><span class='ocrx_word' id='word_1_658' title='bbox 2227 3576 2368 3632; x_wconf 88' lang='lat' dir='ltr'><strong>sicut</strong></span> <span class='ocrx_word' id='word_1_659' title='bbox 2391 3590 2492 3647; x_wconf 81' lang='lat' dir='ltr'><strong>ego</strong></span> <span class='ocrx_word' id='word_1_660' title='bbox 2527 3591 2807 3646; x_wconf 88' lang='lat' dir='ltr'><strong>nunquam</strong></span> <span class='ocrx_word' id='word_1_661' title='bbox 2844 3576 3120 3632; x_wconf 87' lang='lat' dir='ltr'><strong>conﬁdens</strong></span> <span class='ocrx_word' id='word_1_662' title='bbox 3171 3576 3228 3633; x_wconf 92' lang='lat' dir='ltr'><strong>in</strong></span> <span class='ocrx_word' id='word_1_663' title='bbox 3273 3577 3397 3633; x_wconf 89' lang='lat' dir='ltr'><strong>istis</strong></span> <span class='ocrx_word' id='word_1_664' title='bbox 3451 3575 3808 3634; x_wconf 76' lang='lat' dir='ltr'><strong>observantiis</strong></span> 
     </span>
    </p>
   </div>
   <div class='ocr_carea' id='block_1_81' title="bbox 2233 3666 3809 3739">
    <p class='ocr_par' dir='ltr' id='par_1_81' title="bbox 2233 3666 3809 3739">
     <span class='ocr_line' id='line_1_81' title="bbox 2233 3666 3809 3739; baseline 0.003 -21"><span class='ocrx_word' id='word_1_665' title='bbox 2233 3685 2251 3718; x_wconf 79' lang='grc' dir='ltr'><strong>ι</strong></span> <span class='ocrx_word' id='word_1_666' title='bbox 2278 3666 2587 3737; x_wconf 83' lang='lat' dir='ltr'><strong>exspectavi</strong></span> <span class='ocrx_word' id='word_1_667' title='bbox 2628 3666 2934 3722; x_wconf 90' lang='lat' dir='ltr'><strong>Dominum.</strong></span> <span class='ocrx_word' id='word_1_668' title='bbox 2959 3684 2978 3718; x_wconf 74' lang='grc' dir='ltr'><strong>ι</strong></span> <span class='ocrx_word' id='word_1_669' title='bbox 3006 3666 3074 3723; x_wconf 88' lang='grc' dir='ltr'><strong>Ει</strong></span> <span class='ocrx_word' id='word_1_670' title='bbox 3116 3682 3225 3722; x_wconf 90' lang='lat' dir='ltr'><strong>non</strong></span> <span class='ocrx_word' id='word_1_671' title='bbox 3271 3667 3396 3724; x_wconf 89' lang='lat' dir='ltr'><strong>dico</strong></span> <span class='ocrx_word' id='word_1_672' title='bbox 3436 3668 3585 3739; x_wconf 89' lang='lat' dir='ltr'><strong>quod</strong></span> <span class='ocrx_word' id='word_1_673' title='bbox 3620 3681 3809 3737; x_wconf 86' lang='lat' dir='ltr'><strong>exspe-</strong></span> 
     </span>
    </p>
   </div>
   <div class='ocr_carea' id='block_1_82' title="bbox 2228 3756 3812 3829">
    <p class='ocr_par' dir='ltr' id='par_1_82' title="bbox 2228 3756 3812 3829">
     <span class='ocr_line' id='line_1_82' title="bbox 2228 3756 3812 3829; baseline 0 -16"><span class='ocrx_word' id='word_1_674' title='bbox 2228 3766 2461 3814; x_wconf 84' lang='lat' dir='ltr'><strong>ctassem</strong></span> <span class='ocrx_word' id='word_1_675' title='bbox 2488 3756 2796 3828; x_wconf 87' lang='lat' dir='ltr'><strong>aliquando,</strong></span> <span class='ocrx_word' id='word_1_676' title='bbox 2824 3758 2919 3814; x_wconf 88' lang='lat' dir='ltr'><strong>sed</strong></span> <span class='ocrx_word' id='word_1_677' title='bbox 2943 3777 2963 3810; x_wconf 74' lang='grc' dir='ltr'><strong>ι</strong></span> <span class='ocrx_word' id='word_1_678' title='bbox 2989 3765 3312 3828; x_wconf 87' lang='lat' dir='ltr'><strong>exspectans</strong></span> <span class='ocrx_word' id='word_1_679' title='bbox 3330 3776 3351 3811; x_wconf 74' lang='grc' dir='ltr'><strong>ι</strong></span> <span class='ocrx_word' id='word_1_680' title='bbox 3372 3758 3589 3813; x_wconf 88' lang='lat' dir='ltr'><strong>assidua</strong></span> <span class='ocrx_word' id='word_1_681' title='bbox 3616 3771 3812 3829; x_wconf 60' lang='lat' dir='ltr'><strong>exspeo</strong></span> 
     </span>
    </p>
   </div>
   <div class='ocr_carea' id='block_1_83' title="bbox 2227 3849 3817 3920">
    <p class='ocr_par' dir='ltr' id='par_1_83' title="bbox 2227 3849 3817 3920">
     <span class='ocr_line' id='line_1_83' title="bbox 2227 3849 3817 3920; baseline -0.001 -13"><span class='ocrx_word' id='word_1_682' title='bbox 2227 3849 2486 3915; x_wconf 88' lang='lat' dir='ltr'><strong>ctatione,</strong></span> <span class='ocrx_word' id='word_1_683' title='bbox 2509 3857 2565 3905; x_wconf 92' lang='lat' dir='ltr'><strong>et</strong></span> <span class='ocrx_word' id='word_1_684' title='bbox 2590 3864 2699 3905; x_wconf 92' lang='lat' dir='ltr'><strong>non</strong></span> <span class='ocrx_word' id='word_1_685' title='bbox 2723 3849 2827 3904; x_wconf 87' lang='lat' dir='ltr'><strong>fuit</strong></span> <span class='ocrx_word' id='word_1_686' title='bbox 2852 3864 3008 3906; x_wconf 86' lang='lat' dir='ltr'><strong>cassa</strong></span> <span class='ocrx_word' id='word_1_687' title='bbox 3022 3850 3359 3919; x_wconf 81' lang='lat' dir='ltr'><strong>exspectatio</strong></span> <span class='ocrx_word' id='word_1_688' title='bbox 3383 3864 3520 3914; x_wconf 86' lang='lat' dir='ltr'><strong>mea,</strong></span> <span class='ocrx_word' id='word_1_689' title='bbox 3536 3849 3670 3920; x_wconf 84' lang='lat' dir='ltr'><strong>quia</strong></span> <span class='ocrx_word' id='word_1_690' title='bbox 3706 3850 3817 3905; x_wconf 81' lang='lat' dir='ltr'><strong>Do-</strong></span> 
     </span>
    </p>
   </div>
   <div class='ocr_carea' id='block_1_84' title="bbox 2227 3937 3818 4004">
    <p class='ocr_par' dir='ltr' id='par_1_84' title="bbox 2227 3937 3818 4004">
     <span class='ocr_line' id='line_1_84' title="bbox 2227 3937 3818 4004; baseline -0.001 -8"><span class='ocrx_word' id='word_1_691' title='bbox 2227 3940 2404 3996; x_wconf 88' lang='lat' dir='ltr'><strong>minus</strong></span> <span class='ocrx_word' id='word_1_692' title='bbox 2437 3958 2457 3993; x_wconf 75' lang='grc' dir='ltr'><strong>ι</strong></span> <span class='ocrx_word' id='word_1_693' title='bbox 2504 3938 2738 3997; x_wconf 89' lang='lat' dir='ltr'><strong>intendit</strong></span> <span class='ocrx_word' id='word_1_694' title='bbox 2766 3939 2917 4004; x_wconf 88' lang='lat' dir='ltr'><strong>mihi,</strong></span> <span class='ocrx_word' id='word_1_695' title='bbox 2950 3958 2971 3993; x_wconf 74' lang='grc' dir='ltr'><strong>ι</strong></span> <span class='ocrx_word' id='word_1_696' title='bbox 3004 3939 3058 3994; x_wconf 90' lang='lat' dir='ltr'><strong>id</strong></span> <span class='ocrx_word' id='word_1_697' title='bbox 3095 3946 3197 4004; x_wconf 89' lang='lat' dir='ltr'><strong>est,</strong></span> <span class='ocrx_word' id='word_1_698' title='bbox 3246 3939 3506 3995; x_wconf 84' lang='lat' dir='ltr'><strong>intentum</strong></span> <span class='ocrx_word' id='word_1_699' title='bbox 3555 3950 3618 3992; x_wconf 85' lang='lat' dir='ltr'><strong>se</strong></span> <span class='ocrx_word' id='word_1_700' title='bbox 3663 3937 3818 3994; x_wconf 81' lang='lat' dir='ltr'><strong>mihi</strong></span> 
     </span>
    </p>
   </div>
   <div class='ocr_carea' id='block_1_85' title="bbox 2226 4030 2480 4101">
    <p class='ocr_par' dir='ltr' id='par_1_85' title="bbox 2226 4030 2480 4101">
     <span class='ocr_line' id='line_1_85' title="bbox 2226 4030 2480 4101; baseline -0.016 -14"><span class='ocrx_word' id='word_1_701' title='bbox 2226 4030 2480 4101; x_wconf 73' lang='lat' dir='ltr'><strong>praebuit.</strong></span> 
     </span>
    </p>
   </div>
   <div class='ocr_carea' id='block_1_86' title="bbox 2297 4115 3813 4191">
    <p class='ocr_par' dir='ltr' id='par_1_86' title="bbox 2297 4115 3813 4191">
     <span class='ocr_line' id='line_1_86' title="bbox 2297 4115 3813 4191; baseline -0.002 -17"><span class='ocrx_word' id='word_1_702' title='bbox 2297 4117 2366 4174; x_wconf 88' lang='lat' dir='ltr'><strong>Et</strong></span> <span class='ocrx_word' id='word_1_703' title='bbox 2392 4134 2499 4175; x_wconf 92' lang='lat' dir='ltr'><strong>non</strong></span> <span class='ocrx_word' id='word_1_704' title='bbox 2516 4128 2727 4175; x_wconf 86' lang='lat' dir='ltr'><strong>tantum</strong></span> <span class='ocrx_word' id='word_1_705' title='bbox 2747 4126 2968 4191; x_wconf 79' lang='lat' dir='ltr'><strong>propter</strong></span> <span class='ocrx_word' id='word_1_706' title='bbox 2982 4118 3447 4189; x_wconf 84' lang='lat' dir='ltr'><strong>exspectationem</strong></span> <span class='ocrx_word' id='word_1_707' title='bbox 3470 4117 3611 4172; x_wconf 89' lang='lat' dir='ltr'><strong>mihi</strong></span> <span class='ocrx_word' id='word_1_708' title='bbox 3633 4115 3813 4172; x_wconf 81' lang='lat' dir='ltr'><strong>inten-</strong></span> 
     </span>
    </p>
   </div>
   <div class='ocr_carea' id='block_1_87' title="bbox 2227 4205 3816 4282">
    <p class='ocr_par' dir='ltr' id='par_1_87' title="bbox 2227 4205 3816 4282">
     <span class='ocr_line' id='line_1_87' title="bbox 2227 4205 3816 4282; baseline -0.001 -18"><span class='ocrx_word' id='word_1_709' title='bbox 2227 4207 2329 4278; x_wconf 88' lang='lat' dir='ltr'><strong>dit,</strong></span> <span class='ocrx_word' id='word_1_710' title='bbox 2360 4210 2455 4265; x_wconf 88' lang='lat' dir='ltr'><strong>sed</strong></span> <span class='ocrx_word' id='word_1_711' title='bbox 2496 4210 2660 4282; x_wconf 80' lang='lat' dir='ltr'><strong>etiam</strong></span> <span class='ocrx_word' id='word_1_712' title='bbox 2692 4227 2711 4261; x_wconf 76' lang='grc' dir='ltr'><strong>ι</strong></span> <span class='ocrx_word' id='word_1_713' title='bbox 2746 4209 3041 4265; x_wconf 78' lang='lat' dir='ltr'><strong>exaudivit.</strong></span> <span class='ocrx_word' id='word_1_714' title='bbox 3077 4225 3097 4262; x_wconf 73' lang='grc' dir='ltr'><strong>ι</strong></span> <span class='ocrx_word' id='word_1_715' title='bbox 3132 4207 3203 4264; x_wconf 79' lang='lat' dir='ltr'><strong>Et</strong></span> <span class='ocrx_word' id='word_1_716' title='bbox 3251 4205 3525 4278; x_wconf 87' lang='lat' dir='ltr'><strong>quomodo</strong></span> <span class='ocrx_word' id='word_1_717' title='bbox 3566 4207 3816 4263; x_wconf 82' lang='lat' dir='ltr'><strong>exaudis-</strong></span> 
     </span>
    </p>
   </div>
   <div class='ocr_carea' id='block_1_88' title="bbox 2226 4299 3815 4373">
    <p class='ocr_par' dir='ltr' id='par_1_88' title="bbox 2226 4299 3815 4373">
     <span class='ocr_line' id='line_1_88' title="bbox 2226 4299 3815 4373; baseline -0.003 -14"><span class='ocrx_word' id='word_1_718' title='bbox 2226 4310 2310 4359; x_wconf 85' lang='lat' dir='ltr'><strong>set</strong></span> <span class='ocrx_word' id='word_1_719' title='bbox 2335 4300 2611 4373; x_wconf 88' lang='lat' dir='ltr'><strong>subjungit</strong></span> <span class='ocrx_word' id='word_1_720' title='bbox 2639 4302 2825 4358; x_wconf 88' lang='lat' dir='ltr'><strong>dicens</strong></span> <span class='ocrx_word' id='word_1_721' title='bbox 2851 4318 2865 4355; x_wconf 89' lang='lat'><strong>:</strong></span> <span class='ocrx_word' id='word_1_722' title='bbox 2903 4320 2923 4354; x_wconf 82' lang='grc' dir='ltr'><strong>ι</strong></span> <span class='ocrx_word' id='word_1_723' title='bbox 2955 4308 3011 4357; x_wconf 89' lang='lat' dir='ltr'><strong>et</strong></span> <span class='ocrx_word' id='word_1_724' title='bbox 3036 4300 3224 4356; x_wconf 81' lang='lat' dir='ltr'><strong>eduxit</strong></span> <span class='ocrx_word' id='word_1_725' title='bbox 3248 4315 3338 4355; x_wconf 89' lang='lat' dir='ltr'><strong>me</strong></span> <span class='ocrx_word' id='word_1_726' title='bbox 3381 4300 3450 4355; x_wconf 90' lang='lat' dir='ltr'><strong>de</strong></span> <span class='ocrx_word' id='word_1_727' title='bbox 3473 4299 3623 4366; x_wconf 39' lang='lat' dir='ltr'><strong>.lacu</strong></span> <span class='ocrx_word' id='word_1_728' title='bbox 3650 4301 3815 4355; x_wconf 75' lang='lat' dir='ltr'><strong>mise-</strong></span> 
     </span>
    </p>
   </div>
   <div class='ocr_carea' id='block_1_89' title="bbox 2226 4376 3818 4460">
    <p class='ocr_par' dir='ltr' id='par_1_89' title="bbox 2226 4376 3818 4460">
     <span class='ocr_line' id='line_1_89' title="bbox 2226 4376 3818 4460; baseline -0.003 -14"><span class='ocrx_word' id='word_1_729' title='bbox 2226 4390 2342 4457; x_wconf 83' lang='lat' dir='ltr'><strong>riae,</strong></span> <span class='ocrx_word' id='word_1_730' title='bbox 2362 4411 2382 4445; x_wconf 70' lang='grc' dir='ltr'><strong>ι</strong></span> <span class='ocrx_word' id='word_1_731' title='bbox 2415 4376 2605 4458; x_wconf 79' lang='lat' dir='ltr'><strong>idest,</strong></span> <span class='ocrx_word' id='word_1_732' title='bbox 2633 4391 2835 4446; x_wconf 85' lang='lat' dir='ltr'><strong>mundo</strong></span> <span class='ocrx_word' id='word_1_733' title='bbox 2859 4389 2983 4458; x_wconf 89' lang='lat' dir='ltr'><strong>isto,</strong></span> <span class='ocrx_word' id='word_1_734' title='bbox 3013 4389 3069 4446; x_wconf 91' lang='lat' dir='ltr'><strong>in</strong></span> <span class='ocrx_word' id='word_1_735' title='bbox 3103 4405 3211 4460; x_wconf 91' lang='lat' dir='ltr'><strong>quo</strong></span> <span class='ocrx_word' id='word_1_736' title='bbox 3255 4388 3612 4445; x_wconf 86' lang='lat' dir='ltr'><strong>continentur</strong></span> <span class='ocrx_word' id='word_1_737' title='bbox 3631 4388 3818 4443; x_wconf 72' lang='lat' dir='ltr'><strong>multa</strong></span> 
     </span>
    </p>
   </div>
   <div class='ocr_carea' id='block_1_90' title="bbox 2226 4480 3821 4554">
    <p class='ocr_par' dir='ltr' id='par_1_90' title="bbox 2226 4480 3821 4554">
     <span class='ocr_line' id='line_1_90' title="bbox 2226 4480 3821 4554; baseline -0.004 -15"><span class='ocrx_word' id='word_1_738' title='bbox 2226 4483 2481 4550; x_wconf 61' lang='lat' dir='ltr'><strong>miseriae,</strong></span> <span class='ocrx_word' id='word_1_739' title='bbox 2510 4484 2564 4539; x_wconf 91' lang='lat' dir='ltr'><strong>id</strong></span> <span class='ocrx_word' id='word_1_740' title='bbox 2593 4492 2697 4549; x_wconf 90' lang='lat' dir='ltr'><strong>est,</strong></span> <span class='ocrx_word' id='word_1_741' title='bbox 2723 4491 2965 4554; x_wconf 83' lang='lat' dir='ltr'><strong>peccata,</strong></span> <span class='ocrx_word' id='word_1_742' title='bbox 2994 4497 3116 4554; x_wconf 74' lang='lat' dir='ltr'><strong>qua:</strong></span> <span class='ocrx_word' id='word_1_743' title='bbox 3148 4480 3353 4536; x_wconf 88' lang='lat' dir='ltr'><strong>faciunt</strong></span> <span class='ocrx_word' id='word_1_744' title='bbox 3380 4482 3623 4537; x_wconf 88' lang='lat' dir='ltr'><strong>miseros</strong></span> <span class='ocrx_word' id='word_1_745' title='bbox 3656 4491 3723 4537; x_wconf 88' lang='lat' dir='ltr'><strong>et</strong></span> <span class='ocrx_word' id='word_1_746' title='bbox 3749 4480 3821 4534; x_wconf 81' lang='lat' dir='ltr'><strong>ln-</strong></span> 
     </span>
    </p>
   </div>
   <div class='ocr_carea' id='block_1_91' title="bbox 2228 4573 3825 4660">
    <p class='ocr_par' dir='ltr' id='par_1_91' title="bbox 2228 4573 3825 4660">
     <span class='ocr_line' id='line_1_91' title="bbox 2228 4573 3825 4660; baseline -0.001 -29"><span class='ocrx_word' id='word_1_747' title='bbox 2228 4578 2482 4632; x_wconf 87' lang='lat' dir='ltr'><strong>tulentos.</strong></span> <span class='ocrx_word' id='word_1_748' title='bbox 2509 4575 2664 4632; x_wconf 91' lang='lat' dir='ltr'><strong>Unde</strong></span> <span class='ocrx_word' id='word_1_749' title='bbox 2688 4575 2893 4643; x_wconf 89' lang='lat' dir='ltr'><strong>subdit,</strong></span> <span class='ocrx_word' id='word_1_750' title='bbox 2931 4593 2950 4627; x_wconf 77' lang='grc' dir='ltr'><strong>ι</strong></span> <span class='ocrx_word' id='word_1_751' title='bbox 2986 4584 3042 4630; x_wconf 90' lang='lat' dir='ltr'><strong>et</strong></span> <span class='ocrx_word' id='word_1_752' title='bbox 3066 4576 3134 4660; x_wconf 75' lang='lat' dir='ltr'><strong>de</strong></span> <span class='ocrx_word' id='word_1_753' title='bbox 3162 4575 3274 4631; x_wconf 90' lang='lat' dir='ltr'><strong>luto</strong></span> <span class='ocrx_word' id='word_1_754' title='bbox 3300 4573 3476 4630; x_wconf 72' lang='lat' dir='ltr'><strong>faecis.</strong></span> <span class='ocrx_word' id='word_1_755' title='bbox 3517 4594 3540 4628; x_wconf 74' lang='grc' dir='ltr'><strong>ι</strong></span> <span class='ocrx_word' id='word_1_756' title='bbox 3572 4575 3825 4629; x_wconf 86' lang='lat' dir='ltr'><strong>Fuerunt</strong></span> 
     </span>
    </p>
   </div>
   <div class='ocr_carea' id='block_1_92' title="bbox 557 4659 3825 4740">
    <p class='ocr_par' dir='ltr' id='par_1_92' title="bbox 557 4659 3825 4740">
     <span class='ocr_line' id='line_1_92' title="bbox 557 4659 3825 4740; baseline -0.001 -18"><span class='ocrx_word' id='word_1_757' title='bbox 557 4666 682 4722; x_wconf 88' lang='lat' dir='ltr'><strong>andi</strong></span> <span class='ocrx_word' id='word_1_758' title='bbox 734 4665 1037 4721; x_wconf 89' lang='lat' dir='ltr'><strong>orationem</strong></span> <span class='ocrx_word' id='word_1_759' title='bbox 1076 4678 1272 4731; x_wconf 87' lang='lat' dir='ltr'><strong>meam,</strong></span> <span class='ocrx_word' id='word_1_760' title='bbox 1311 4685 1329 4717; x_wconf 76' lang='grc' dir='ltr'><strong>ι</strong></span> <span class='ocrx_word' id='word_1_761' title='bbox 1359 4666 1565 4722; x_wconf 88' lang='lat' dir='ltr'><strong>scilicet</strong></span> <span class='ocrx_word' id='word_1_762' title='bbox 1605 4685 1617 4721; x_wconf 93' lang='lat'><strong>:</strong></span> <span class='ocrx_word' id='word_1_763' title='bbox 1670 4679 1730 4722; x_wconf 88' lang='lat' dir='ltr'><strong>ut</strong></span> <span class='ocrx_word' id='word_1_764' title='bbox 1767 4667 1929 4725; x_wconf 86' lang='lat' dir='ltr'><strong>ﬁnem</strong></span> <span class='ocrx_word' id='word_1_765' title='bbox 1965 4685 2125 4740; x_wconf 83' lang='lat' dir='ltr'><strong>quem</strong></span> <span class='ocrx_word' id='word_1_766' title='bbox 2151 4659 2204 4719; x_wconf 87' lang='lat' dir='ltr'><strong>D</strong></span> <span class='ocrx_word' id='word_1_767' title='bbox 2229 4667 2373 4723; x_wconf 89' lang='lat' dir='ltr'><strong>enim</strong></span> <span class='ocrx_word' id='word_1_768' title='bbox 2394 4666 2527 4737; x_wconf 86' lang='lat' dir='ltr'><strong>justi</strong></span> <span class='ocrx_word' id='word_1_769' title='bbox 2552 4666 2629 4721; x_wconf 91' lang='lat' dir='ltr'><strong>illi</strong></span> <span class='ocrx_word' id='word_1_770' title='bbox 2659 4681 2759 4737; x_wconf 91' lang='lat' dir='ltr'><strong>per</strong></span> <span class='ocrx_word' id='word_1_771' title='bbox 2781 4664 3058 4722; x_wconf 90' lang='lat' dir='ltr'><strong>Christum</strong></span> <span class='ocrx_word' id='word_1_772' title='bbox 3091 4659 3125 4721; x_wconf 85' lang='lat' dir='ltr'><strong>a</strong></span> <span class='ocrx_word' id='word_1_773' title='bbox 3159 4674 3382 4736; x_wconf 89' lang='lat' dir='ltr'><strong>peccato</strong></span> <span class='ocrx_word' id='word_1_774' title='bbox 3409 4663 3601 4731; x_wconf 86' lang='lat' dir='ltr'><strong>liberi,</strong></span> <span class='ocrx_word' id='word_1_775' title='bbox 3627 4679 3825 4737; x_wconf 85' lang='lat' dir='ltr'><strong>quam-</strong></span> 
     </span>
    </p>
   </div>
   <div class='ocr_carea' id='block_1_93' title="bbox 551 4755 2128 4834">
    <p class='ocr_par' dir='ltr' id='par_1_93' title="bbox 551 4755 2128 4834">
     <span class='ocr_line' id='line_1_93' title="bbox 551 4755 2128 4834; baseline 0.003 -20"><span class='ocrx_word' id='word_1_776' title='bbox 551 4765 677 4831; x_wconf 86' lang='lat' dir='ltr'><strong>peto</strong></span> <span class='ocrx_word' id='word_1_777' title='bbox 714 4755 847 4813; x_wconf 85' lang='lat' dir='ltr'><strong>mihi</strong></span> <span class='ocrx_word' id='word_1_778' title='bbox 877 4756 1164 4813; x_wconf 82' lang='lat' dir='ltr'><strong>notiiices:</strong></span> <span class='ocrx_word' id='word_1_779' title='bbox 1205 4773 1220 4809; x_wconf 86' lang='lat' dir='ltr'><strong>I</strong></span> <span class='ocrx_word' id='word_1_780' title='bbox 1256 4766 1310 4812; x_wconf 89' lang='lat' dir='ltr'><strong>et</strong></span> <span class='ocrx_word' id='word_1_781' title='bbox 1335 4756 1768 4829; x_wconf 82' lang='lat' dir='ltr'><strong>deprecationem</strong></span> <span class='ocrx_word' id='word_1_782' title='bbox 1804 4780 1823 4813; x_wconf 75' lang='grc' dir='ltr'><strong>ι</strong></span> <span class='ocrx_word' id='word_1_783' title='bbox 1854 4772 1911 4816; x_wconf 82' lang='grc' dir='ltr'><strong>ιιι</strong></span> <span class='ocrx_word' id='word_1_784' title='bbox 1934 4763 2128 4834; x_wconf 82' lang='lat' dir='ltr'><strong>iniqui—</strong></span> 
     </span>
    </p>
   </div>
   <div class='ocr_carea' id='block_1_94' title="bbox 553 4843 2126 4919">
    <p class='ocr_par' dir='ltr' id='par_1_94' title="bbox 553 4843 2126 4919">
     <span class='ocr_line' id='line_1_94' title="bbox 553 4843 2126 4919; baseline 0.004 -17"><span class='ocrx_word' id='word_1_785' title='bbox 553 4852 720 4902; x_wconf 85' lang='lat' dir='ltr'><strong>tatem</strong></span> <span class='ocrx_word' id='word_1_786' title='bbox 752 4852 808 4899; x_wconf 89' lang='lat' dir='ltr'><strong>et</strong></span> <span class='ocrx_word' id='word_1_787' title='bbox 834 4843 1044 4916; x_wconf 87' lang='lat' dir='ltr'><strong>plagam</strong></span> <span class='ocrx_word' id='word_1_788' title='bbox 1066 4859 1097 4899; x_wconf 91' lang='lat' dir='ltr'><strong>a</strong></span> <span class='ocrx_word' id='word_1_789' title='bbox 1118 4860 1203 4901; x_wconf 93' lang='lat' dir='ltr'><strong>me</strong></span> <span class='ocrx_word' id='word_1_790' title='bbox 1231 4861 1539 4913; x_wconf 88' lang='lat' dir='ltr'><strong>removeas,</strong></span> <span class='ocrx_word' id='word_1_791' title='bbox 1570 4864 1705 4918; x_wconf 88' lang='lat' dir='ltr'><strong>quas</strong></span> <span class='ocrx_word' id='word_1_792' title='bbox 1732 4865 1926 4919; x_wconf 82' lang='lat' dir='ltr'><strong>precor</strong></span> <span class='ocrx_word' id='word_1_793' title='bbox 1949 4865 2126 4908; x_wconf 85' lang='lat' dir='ltr'><strong>remo-</strong></span> 
     </span>
    </p>
   </div>
   <div class='ocr_carea' id='block_1_95' title="bbox 552 4935 2128 5009">
    <p class='ocr_par' dir='ltr' id='par_1_95' title="bbox 552 4935 2128 5009">
     <span class='ocr_line' id='line_1_95' title="bbox 552 4935 2128 5009; baseline 0.006 -20"><span class='ocrx_word' id='word_1_794' title='bbox 552 4936 696 5003; x_wconf 89' lang='lat' dir='ltr'><strong>veri,</strong></span> <span class='ocrx_word' id='word_1_795' title='bbox 741 4951 861 5008; x_wconf 73' lang='lat' dir='ltr'><strong>qua:</strong></span> <span class='ocrx_word' id='word_1_796' title='bbox 907 4935 1083 4991; x_wconf 86' lang='lat' dir='ltr'><strong>oratio</strong></span> <span class='ocrx_word' id='word_1_797' title='bbox 1113 4943 1169 4991; x_wconf 90' lang='lat' dir='ltr'><strong>et</strong></span> <span class='ocrx_word' id='word_1_798' title='bbox 1203 4936 1510 5006; x_wconf 90' lang='lat' dir='ltr'><strong>deprecatio</strong></span> <span class='ocrx_word' id='word_1_799' title='bbox 1551 4938 1726 5009; x_wconf 77' lang='lat' dir='ltr'><strong>dignte</strong></span> <span class='ocrx_word' id='word_1_800' title='bbox 1758 4949 1885 4996; x_wconf 90' lang='lat' dir='ltr'><strong>sunt</strong></span> <span class='ocrx_word' id='word_1_801' title='bbox 1909 4943 2128 4998; x_wconf 85' lang='lat' dir='ltr'><strong>exaudi-</strong></span> 
     </span>
    </p>
   </div>
   <div class='ocr_carea' id='block_1_96' title="bbox 555 5025 2127 5101">
    <p class='ocr_par' dir='ltr' id='par_1_96' title="bbox 555 5025 2127 5101">
     <span class='ocr_line' id='line_1_96' title="bbox 555 5025 2127 5101; baseline 0.006 -20"><span class='ocrx_word' id='word_1_802' title='bbox 555 5028 698 5095; x_wconf 80' lang='lat' dir='ltr'><strong>tiope</strong></span> <span class='ocrx_word' id='word_1_803' title='bbox 722 5069 736 5093; x_wconf 90' lang='lat'><strong>,</strong></span> <span class='ocrx_word' id='word_1_804' title='bbox 765 5027 889 5097; x_wconf 90' lang='lat' dir='ltr'><strong>quia</strong></span> <span class='ocrx_word' id='word_1_805' title='bbox 914 5040 1036 5081; x_wconf 91' lang='lat' dir='ltr'><strong>cum</strong></span> <span class='ocrx_word' id='word_1_806' title='bbox 1060 5025 1312 5096; x_wconf 84' lang='lat' dir='ltr'><strong>laerymis</strong></span> <span class='ocrx_word' id='word_1_807' title='bbox 1331 5036 1490 5094; x_wconf 90' lang='lat' dir='ltr'><strong>sunt,</strong></span> <span class='ocrx_word' id='word_1_808' title='bbox 1513 5039 1568 5085; x_wconf 93' lang='lat' dir='ltr'><strong>et</strong></span> <span class='ocrx_word' id='word_1_809' title='bbox 1594 5029 1699 5086; x_wconf 87' lang='lat' dir='ltr'><strong>hoc</strong></span> <span class='ocrx_word' id='word_1_810' title='bbox 1717 5037 1799 5086; x_wconf 91' lang='lat' dir='ltr'><strong>est</strong></span> <span class='ocrx_word' id='word_1_811' title='bbox 1824 5049 1835 5084; x_wconf 92' lang='lat'><strong>:</strong></span> <span class='ocrx_word' id='word_1_812' title='bbox 1866 5051 1884 5084; x_wconf 77' lang='grc' dir='ltr'><strong>ι</strong></span> <span class='ocrx_word' id='word_1_813' title='bbox 1906 5035 2127 5101; x_wconf 83' lang='lat' dir='ltr'><strong>auribus</strong></span> 
     </span>
    </p>
   </div>
   <div class='ocr_carea' id='block_1_97' title="bbox 553 5122 1326 5195">
    <p class='ocr_par' dir='ltr' id='par_1_97' title="bbox 553 5122 1326 5195">
     <span class='ocr_line' id='line_1_97' title="bbox 553 5122 1326 5195; baseline -0.001 -19"><span class='ocrx_word' id='word_1_814' title='bbox 553 5123 783 5193; x_wconf 63' lang='lat' dir='ltr'><strong>praecipe</strong></span> <span class='ocrx_word' id='word_1_815' title='bbox 812 5122 1081 5195; x_wconf 88' lang='lat' dir='ltr'><strong>lacrymas</strong></span> <span class='ocrx_word' id='word_1_816' title='bbox 1115 5136 1284 5176; x_wconf 85' lang='lat' dir='ltr'><strong>meas.</strong></span> <span class='ocrx_word' id='word_1_817' title='bbox 1308 5141 1326 5175; x_wconf 75' lang='grc' dir='ltr'><strong>ι</strong></span> 
     </span>
    </p>
   </div>
   <div class='ocr_carea' id='block_1_98' title="bbox 626 5212 2130 5292">
    <p class='ocr_par' dir='ltr' id='par_1_98' title="bbox 626 5212 2130 5292">
     <span class='ocr_line' id='line_1_98' title="bbox 626 5212 2130 5292; baseline 0.005 -21"><span class='ocrx_word' id='word_1_818' title='bbox 626 5213 832 5271; x_wconf 81' lang='lat' dir='ltr'><strong>Exaudi</strong></span> <span class='ocrx_word' id='word_1_819' title='bbox 854 5215 974 5271; x_wconf 90' lang='lat' dir='ltr'><strong>dico</strong></span> <span class='ocrx_word' id='word_1_820' title='bbox 1000 5212 1320 5279; x_wconf 81' lang='lat' dir='ltr'><strong>orationem,</strong></span> <span class='ocrx_word' id='word_1_821' title='bbox 1345 5222 1400 5269; x_wconf 91' lang='lat' dir='ltr'><strong>et</strong></span> <span class='ocrx_word' id='word_1_822' title='bbox 1424 5213 1639 5270; x_wconf 87' lang='lat' dir='ltr'><strong>interim</strong></span> <span class='ocrx_word' id='word_1_823' title='bbox 1663 5217 1831 5274; x_wconf 90' lang='lat' dir='ltr'><strong>donec</strong></span> <span class='ocrx_word' id='word_1_824' title='bbox 1858 5220 2130 5292; x_wconf 85' lang='lat' dir='ltr'><strong>compleas</strong></span> 
     </span>
    </p>
   </div>
   <div class='ocr_carea' id='block_1_99' title="bbox 560 5304 2129 5378">
    <p class='ocr_par' dir='ltr' id='par_1_99' title="bbox 560 5304 2129 5378">
     <span class='ocr_line' id='line_1_99' title="bbox 560 5304 2129 5378; baseline 0.005 -20"><span class='ocrx_word' id='word_1_825' title='bbox 560 5326 578 5358; x_wconf 77' lang='grc' dir='ltr'><strong>ι</strong></span> <span class='ocrx_word' id='word_1_826' title='bbox 613 5320 680 5361; x_wconf 89' lang='lat' dir='ltr'><strong>ne</strong></span> <span class='ocrx_word' id='word_1_827' title='bbox 704 5305 884 5371; x_wconf 89' lang='lat' dir='ltr'><strong>sileas,</strong></span> <span class='ocrx_word' id='word_1_828' title='bbox 919 5305 970 5360; x_wconf 91' lang='lat' dir='ltr'><strong>id</strong></span> <span class='ocrx_word' id='word_1_829' title='bbox 998 5312 1132 5369; x_wconf 67' lang='lat' dir='ltr'><strong>est,»</strong></span> <span class='ocrx_word' id='word_1_830' title='bbox 1163 5316 1230 5358; x_wconf 91' lang='lat' dir='ltr'><strong>ne</strong></span> <span class='ocrx_word' id='word_1_831' title='bbox 1260 5304 1545 5359; x_wconf 87' lang='lat' dir='ltr'><strong>subtrahas</strong></span> <span class='ocrx_word' id='word_1_832' title='bbox 1576 5306 1707 5360; x_wconf 90' lang='lat' dir='ltr'><strong>mihi</strong></span> <span class='ocrx_word' id='word_1_833' title='bbox 1745 5309 2008 5378; x_wconf 86' lang='lat' dir='ltr'><strong>gratiam,</strong></span> <span class='ocrx_word' id='word_1_834' title='bbox 2035 5312 2129 5366; x_wconf 90' lang='lat' dir='ltr'><strong>sed</strong></span> 
     </span>
    </p>
   </div>
   <div class='ocr_carea' id='block_1_100' title="bbox 557 5396 2132 5473">
    <p class='ocr_par' dir='ltr' id='par_1_100' title="bbox 557 5396 2132 5473">
     <span class='ocr_line' id='line_1_100' title="bbox 557 5396 2132 5473; baseline 0.001 -17"><span class='ocrx_word' id='word_1_835' title='bbox 557 5399 820 5473; x_wconf 86' lang='lat' dir='ltr'><strong>responde</strong></span> <span class='ocrx_word' id='word_1_836' title='bbox 844 5398 973 5454; x_wconf 87' lang='lat' dir='ltr'><strong>mihi</strong></span> <span class='ocrx_word' id='word_1_837' title='bbox 1006 5396 1329 5454; x_wconf 79' lang='lat' dir='ltr'><strong>conferendo</strong></span> <span class='ocrx_word' id='word_1_838' title='bbox 1354 5399 1582 5469; x_wconf 88' lang='lat' dir='ltr'><strong>gratiam</strong></span> <span class='ocrx_word' id='word_1_839' title='bbox 1605 5400 1657 5454; x_wconf 92' lang='lat' dir='ltr'><strong>in</strong></span> <span class='ocrx_word' id='word_1_840' title='bbox 1683 5400 1784 5455; x_wconf 88' lang='lat' dir='ltr'><strong>hac</strong></span> <span class='ocrx_word' id='word_1_841' title='bbox 1811 5402 1942 5467; x_wconf 87' lang='lat' dir='ltr'><strong>vita,</strong></span> <span class='ocrx_word' id='word_1_842' title='bbox 1967 5410 2021 5456; x_wconf 85' lang='lat' dir='ltr'><strong>et</strong></span> <span class='ocrx_word' id='word_1_843' title='bbox 2045 5403 2132 5458; x_wconf 86' lang='lat' dir='ltr'><strong>de-</strong></span> 
     </span>
    </p>
   </div>
   <div class='ocr_carea' id='block_1_101' title="bbox 554 5488 2127 5563">
    <p class='ocr_par' dir='ltr' id='par_1_101' title="bbox 554 5488 2127 5563">
     <span class='ocr_line' id='line_1_101' title="bbox 554 5488 2127 5563; baseline 0.001 -15"><span class='ocrx_word' id='word_1_844' title='bbox 554 5492 649 5548; x_wconf 74' lang='lat' dir='ltr'><strong>bet</strong></span> <span class='ocrx_word' id='word_1_845' title='bbox 668 5490 1016 5563; x_wconf 88' lang='lat' dir='ltr'><strong>respondere,</strong></span> <span class='ocrx_word' id='word_1_846' title='bbox 1050 5504 1069 5539; x_wconf 75' lang='grc' dir='ltr'><strong>ι</strong></span> <span class='ocrx_word' id='word_1_847' title='bbox 1102 5488 1353 5558; x_wconf 89' lang='lat' dir='ltr'><strong>quoniam</strong></span> <span class='ocrx_word' id='word_1_848' title='bbox 1376 5503 1473 5560; x_wconf 88' lang='lat' dir='ltr'><strong>ego</strong></span> <span class='ocrx_word' id='word_1_849' title='bbox 1496 5506 1612 5545; x_wconf 91' lang='lat' dir='ltr'><strong>sum</strong></span> <span class='ocrx_word' id='word_1_850' title='bbox 1635 5491 1775 5562; x_wconf 91' lang='lat' dir='ltr'><strong>apud</strong></span> <span class='ocrx_word' id='word_1_851' title='bbox 1798 5500 1872 5558; x_wconf 93' lang='lat' dir='ltr'><strong>te,</strong></span> <span class='ocrx_word' id='word_1_852' title='bbox 1904 5512 1923 5546; x_wconf 75' lang='grc' dir='ltr'><strong>ι</strong></span> <span class='ocrx_word' id='word_1_853' title='bbox 1949 5493 2003 5548; x_wconf 88' lang='lat' dir='ltr'><strong>id</strong></span> <span class='ocrx_word' id='word_1_854' title='bbox 2022 5503 2127 5562; x_wconf 89' lang='lat' dir='ltr'><strong>est,</strong></span> 
     </span>
    </p>
   </div>
   <div class='ocr_carea' id='block_1_102' title="bbox 555 5578 2128 5654">
    <p class='ocr_par' dir='ltr' id='par_1_102' title="bbox 555 5578 2128 5654">
     <span class='ocr_line' id='line_1_102' title="bbox 555 5578 2128 5654; baseline 0.003 -19"><span class='ocrx_word' id='word_1_855' title='bbox 555 5579 623 5635; x_wconf 89' lang='lat' dir='ltr'><strong>de</strong></span> <span class='ocrx_word' id='word_1_856' title='bbox 641 5579 845 5634; x_wconf 85' lang='lat' dir='ltr'><strong>familia</strong></span> <span class='ocrx_word' id='word_1_857' title='bbox 872 5586 961 5632; x_wconf 89' lang='lat' dir='ltr'><strong>tua</strong></span> <span class='ocrx_word' id='word_1_858' title='bbox 982 5591 1123 5643; x_wconf 90' lang='lat' dir='ltr'><strong>sum,</strong></span> <span class='ocrx_word' id='word_1_859' title='bbox 1150 5584 1205 5632; x_wconf 87' lang='lat' dir='ltr'><strong>et</strong></span> <span class='ocrx_word' id='word_1_860' title='bbox 1230 5578 1461 5634; x_wconf 86' lang='lat' dir='ltr'><strong>maxime</strong></span> <span class='ocrx_word' id='word_1_861' title='bbox 1482 5587 1700 5651; x_wconf 89' lang='lat' dir='ltr'><strong>propter</strong></span> <span class='ocrx_word' id='word_1_862' title='bbox 1728 5580 1849 5647; x_wconf 91' lang='lat' dir='ltr'><strong>hoc,</strong></span> <span class='ocrx_word' id='word_1_863' title='bbox 1877 5582 2003 5652; x_wconf 89' lang='lat' dir='ltr'><strong>quia</strong></span> <span class='ocrx_word' id='word_1_864' title='bbox 2029 5596 2128 5654; x_wconf 84' lang='lat' dir='ltr'><strong>ego</strong></span> 
     </span>
    </p>
   </div>
   <div class='ocr_carea' id='block_1_103' title="bbox 2231 4754 3827 4829">
    <p class='ocr_par' dir='ltr' id='par_1_103' title="bbox 2231 4754 3827 4829">
     <span class='ocr_line' id='line_1_103' title="bbox 2231 4754 3827 4829; baseline -0.003 -16"><span class='ocrx_word' id='word_1_865' title='bbox 2231 4760 2312 4816; x_wconf 88' lang='lat' dir='ltr'><strong>vis</strong></span> <span class='ocrx_word' id='word_1_866' title='bbox 2340 4774 2447 4815; x_wconf 91' lang='lat' dir='ltr'><strong>non</strong></span> <span class='ocrx_word' id='word_1_867' title='bbox 2492 4767 2677 4814; x_wconf 89' lang='lat' dir='ltr'><strong>essent</strong></span> <span class='ocrx_word' id='word_1_868' title='bbox 2721 4770 2944 4829; x_wconf 90' lang='lat' dir='ltr'><strong>prorsus</strong></span> <span class='ocrx_word' id='word_1_869' title='bbox 3007 4754 3181 4812; x_wconf 89' lang='lat' dir='ltr'><strong>deleta</strong></span> <span class='ocrx_word' id='word_1_870' title='bbox 3240 4754 3527 4826; x_wconf 85' lang='lat' dir='ltr'><strong>originalia</strong></span> <span class='ocrx_word' id='word_1_871' title='bbox 3590 4763 3827 4829; x_wconf 79' lang='lat' dir='ltr'><strong>peccata</strong></span> 
     </span>
    </p>
   </div>
   <div class='ocr_carea' id='block_1_104' title="bbox 2231 4845 3298 4919">
    <p class='ocr_par' dir='ltr' id='par_1_104' title="bbox 2231 4845 3298 4919">
     <span class='ocr_line' id='line_1_104' title="bbox 2231 4845 3298 4919; baseline -0.005 -14"><span class='ocrx_word' id='word_1_872' title='bbox 2231 4849 2403 4905; x_wconf 88' lang='lat' dir='ltr'><strong>donec</strong></span> <span class='ocrx_word' id='word_1_873' title='bbox 2431 4848 2631 4904; x_wconf 90' lang='lat' dir='ltr'><strong>Christi</strong></span> <span class='ocrx_word' id='word_1_874' title='bbox 2659 4849 2880 4919; x_wconf 80' lang='lat' dir='ltr'><strong>sanguis</strong></span> <span class='ocrx_word' id='word_1_875' title='bbox 2912 4845 3298 4903; x_wconf 78' lang='lat' dir='ltr'><strong>eﬁ‘underetur.</strong></span> 
     </span>
    </p>
   </div>
   <div class='ocr_carea' id='block_1_105' title="bbox 2236 4934 3834 5003">
    <p class='ocr_par' dir='ltr' id='par_1_105' title="bbox 2236 4934 3834 5003">
     <span class='ocr_line' id='line_1_105' title="bbox 2236 4934 3834 5003; baseline -0.002 -7"><span class='ocrx_word' id='word_1_876' title='bbox 2236 4944 2237 4947; x_wconf 68' lang='grc'><em>“</em></span> <span class='ocrx_word' id='word_1_877' title='bbox 2303 4940 2372 4996; x_wconf 84' lang='grc' dir='ltr'><strong>Ει</strong></span> <span class='ocrx_word' id='word_1_878' title='bbox 2419 4956 2525 4995; x_wconf 91' lang='lat' dir='ltr'><strong>non</strong></span> <span class='ocrx_word' id='word_1_879' title='bbox 2556 4940 2729 4996; x_wconf 88' lang='lat' dir='ltr'><strong>solum</strong></span> <span class='ocrx_word' id='word_1_880' title='bbox 2757 4939 2899 4994; x_wconf 89' lang='lat' dir='ltr'><strong>mala</strong></span> <span class='ocrx_word' id='word_1_881' title='bbox 2947 4937 3196 5003; x_wconf 89' lang='lat' dir='ltr'><strong>removit,</strong></span> <span class='ocrx_word' id='word_1_882' title='bbox 3220 4935 3312 4991; x_wconf 87' lang='lat' dir='ltr'><strong>sed</strong></span> <span class='ocrx_word' id='word_1_883' title='bbox 3341 4934 3489 4990; x_wconf 91' lang='lat' dir='ltr'><strong>bona</strong></span> <span class='ocrx_word' id='word_1_884' title='bbox 3516 4934 3704 5002; x_wconf 89' lang='lat' dir='ltr'><strong>dedit,</strong></span> <span class='ocrx_word' id='word_1_885' title='bbox 3729 4936 3834 4993; x_wconf 75' lang='lat' dir='ltr'><strong>hoc</strong></span> 
     </span>
    </p>
   </div>
   <div class='ocr_carea' id='block_1_106' title="bbox 2231 5027 3835 5102">
    <p class='ocr_par' dir='ltr' id='par_1_106' title="bbox 2231 5027 3835 5102">
     <span class='ocr_line' id='line_1_106' title="bbox 2231 5027 3835 5102; baseline -0.003 -12"><span class='ocrx_word' id='word_1_886' title='bbox 2231 5043 2353 5090; x_wconf 88' lang='lat' dir='ltr'><strong>est:</strong></span> <span class='ocrx_word' id='word_1_887' title='bbox 2389 5051 2407 5085; x_wconf 76' lang='grc' dir='ltr'><strong>ι</strong></span> <span class='ocrx_word' id='word_1_888' title='bbox 2439 5032 2508 5087; x_wconf 84' lang='grc' dir='ltr'><strong>Ει</strong></span> <span class='ocrx_word' id='word_1_889' title='bbox 2529 5033 2715 5088; x_wconf 88' lang='lat' dir='ltr'><strong>statuit</strong></span> <span class='ocrx_word' id='word_1_890' title='bbox 2743 5046 2905 5102; x_wconf 86' lang='lat' dir='ltr'><strong>supra</strong></span> <span class='ocrx_word' id='word_1_891' title='bbox 2920 5038 3153 5101; x_wconf 86' lang='lat' dir='ltr'><strong>petram,</strong></span> <span class='ocrx_word' id='word_1_892' title='bbox 3197 5048 3215 5081; x_wconf 72' lang='grc' dir='ltr'><strong>ι</strong></span> <span class='ocrx_word' id='word_1_893' title='bbox 3253 5027 3303 5082; x_wconf 87' lang='lat' dir='ltr'><strong>id</strong></span> <span class='ocrx_word' id='word_1_894' title='bbox 3335 5036 3634 5098; x_wconf 84' lang='lat' dir='ltr'><strong>est,super</strong></span> <span class='ocrx_word' id='word_1_895' title='bbox 3662 5031 3835 5085; x_wconf 75' lang='lat' dir='ltr'><strong>Chri-</strong></span> 
     </span>
    </p>
   </div>
   <div class='ocr_carea' id='block_1_107' title="bbox 2231 5116 3842 5193">
    <p class='ocr_par' dir='ltr' id='par_1_107' title="bbox 2231 5116 3842 5193">
     <span class='ocr_line' id='line_1_107' title="bbox 2231 5116 3842 5193; baseline -0.003 -13"><span class='ocrx_word' id='word_1_896' title='bbox 2231 5132 2399 5190; x_wconf 81' lang='lat' dir='ltr'><strong>stum,</strong></span> <span class='ocrx_word' id='word_1_897' title='bbox 2429 5143 2445 5172; x_wconf 82' lang='grc'><strong>«</strong></span> <span class='ocrx_word' id='word_1_898' title='bbox 2465 5123 2628 5193; x_wconf 88' lang='lat' dir='ltr'><strong>pedes</strong></span> <span class='ocrx_word' id='word_1_899' title='bbox 2643 5136 2811 5187; x_wconf 89' lang='lat' dir='ltr'><strong>meos,</strong></span> <span class='ocrx_word' id='word_1_900' title='bbox 2844 5139 2861 5172; x_wconf 75' lang='grc' dir='ltr'><strong>ι</strong></span> <span class='ocrx_word' id='word_1_901' title='bbox 2891 5121 2943 5176; x_wconf 88' lang='lat' dir='ltr'><strong>id</strong></span> <span class='ocrx_word' id='word_1_902' title='bbox 2969 5116 3408 5185; x_wconf 76' lang='lat' dir='ltr'><strong>est,ailcctioncs</strong></span> <span class='ocrx_word' id='word_1_903' title='bbox 3431 5133 3623 5174; x_wconf 87' lang='lat' dir='ltr'><strong>meas:</strong></span> <span class='ocrx_word' id='word_1_904' title='bbox 3644 5131 3719 5176; x_wconf 87' lang='lat' dir='ltr'><strong>ut</strong></span> <span class='ocrx_word' id='word_1_905' title='bbox 3746 5122 3842 5193; x_wconf 84' lang='lat' dir='ltr'><strong>qui</strong></span> 
     </span>
    </p>
   </div>
   <div class='ocr_carea' id='block_1_108' title="bbox 2230 5208 3842 5286">
    <p class='ocr_par' dir='ltr' id='par_1_108' title="bbox 2230 5208 3842 5286">
     <span class='ocr_line' id='line_1_108' title="bbox 2230 5208 3842 5286; baseline 0 -17"><span class='ocrx_word' id='word_1_906' title='bbox 2230 5213 2382 5286; x_wconf 91' lang='lat' dir='ltr'><strong>prius</strong></span> <span class='ocrx_word' id='word_1_907' title='bbox 2427 5211 2621 5268; x_wconf 89' lang='lat' dir='ltr'><strong>incerti</strong></span> <span class='ocrx_word' id='word_1_908' title='bbox 2668 5226 2908 5276; x_wconf 86' lang='lat' dir='ltr'><strong>eramus,</strong></span> <span class='ocrx_word' id='word_1_909' title='bbox 2956 5211 3011 5264; x_wconf 89' lang='lat' dir='ltr'><strong>in</strong></span> <span class='ocrx_word' id='word_1_910' title='bbox 3059 5224 3167 5281; x_wconf 85' lang='lat' dir='ltr'><strong>quo</strong></span> <span class='ocrx_word' id='word_1_911' title='bbox 3218 5208 3372 5264; x_wconf 89' lang='lat' dir='ltr'><strong>nobis</strong></span> <span class='ocrx_word' id='word_1_912' title='bbox 3425 5212 3842 5268; x_wconf 77' lang='lat' dir='ltr'><strong>conﬁdendum</strong></span> 
     </span>
    </p>
   </div>
   <div class='ocr_carea' id='block_1_109' title="bbox 2229 5299 3845 5374">
    <p class='ocr_par' dir='ltr' id='par_1_109' title="bbox 2229 5299 3845 5374">
     <span class='ocr_line' id='line_1_109' title="bbox 2229 5299 3845 5374; baseline 0.001 -13"><span class='ocrx_word' id='word_1_913' title='bbox 2229 5305 2530 5374; x_wconf 85' lang='lat' dir='ltr'><strong>csset,jam</strong></span> <span class='ocrx_word' id='word_1_914' title='bbox 2559 5305 2835 5359; x_wconf 83' lang='lat' dir='ltr'><strong>Christum</strong></span> <span class='ocrx_word' id='word_1_915' title='bbox 2878 5313 3090 5358; x_wconf 88' lang='lat' dir='ltr'><strong>certum</strong></span> <span class='ocrx_word' id='word_1_916' title='bbox 3138 5299 3551 5358; x_wconf 88' lang='lat' dir='ltr'><strong>fundamentum</strong></span> <span class='ocrx_word' id='word_1_917' title='bbox 3612 5316 3845 5363; x_wconf 75' lang='lat' dir='ltr'><strong>nostra:</strong></span> 
     </span>
    </p>
   </div>
   <div class='ocr_carea' id='block_1_110' title="bbox 2232 5392 3845 5469">
    <p class='ocr_par' dir='ltr' id='par_1_110' title="bbox 2232 5392 3845 5469">
     <span class='ocr_line' id='line_1_110' title="bbox 2232 5392 3845 5469; baseline -0.003 -17"><span class='ocrx_word' id='word_1_918' title='bbox 2232 5397 2355 5452; x_wconf 88' lang='lat' dir='ltr'><strong>ﬁdei</strong></span> <span class='ocrx_word' id='word_1_919' title='bbox 2381 5396 2692 5450; x_wconf 86' lang='lat' dir='ltr'><strong>habeamus.</strong></span> <span class='ocrx_word' id='word_1_920' title='bbox 2728 5395 2792 5447; x_wconf 86' lang='lat' dir='ltr'><strong>Et</strong></span> <span class='ocrx_word' id='word_1_921' title='bbox 2820 5401 3051 5449; x_wconf 87' lang='lat' dir='ltr'><strong>statutus</strong></span> <span class='ocrx_word' id='word_1_922' title='bbox 3097 5392 3322 5462; x_wconf 86' lang='lat' dir='ltr'><strong>pedibus</strong></span> <span class='ocrx_word' id='word_1_923' title='bbox 3356 5410 3373 5442; x_wconf 77' lang='grc' dir='ltr'><strong>ι</strong></span> <span class='ocrx_word' id='word_1_924' title='bbox 3410 5392 3620 5448; x_wconf 87' lang='lat' dir='ltr'><strong>direxit</strong></span> <span class='ocrx_word' id='word_1_925' title='bbox 3672 5413 3845 5469; x_wconf 68' lang='lat' dir='ltr'><strong>gres-</strong></span> 
     </span>
    </p>
   </div>
   <div class='ocr_carea' id='block_1_111' title="bbox 2231 5482 3503 5556">
    <p class='ocr_par' dir='ltr' id='par_1_111' title="bbox 2231 5482 3503 5556">
     <span class='ocr_line' id='line_1_111' title="bbox 2231 5482 3503 5556; baseline -0.006 -12"><span class='ocrx_word' id='word_1_926' title='bbox 2231 5503 2326 5545; x_wconf 91' lang='lat' dir='ltr'><strong>sus</strong></span> <span class='ocrx_word' id='word_1_927' title='bbox 2350 5503 2517 5553; x_wconf 92' lang='lat' dir='ltr'><strong>mcos,</strong></span> <span class='ocrx_word' id='word_1_928' title='bbox 2548 5506 2566 5537; x_wconf 77' lang='grc' dir='ltr'><strong>ι</strong></span> <span class='ocrx_word' id='word_1_929' title='bbox 2596 5487 2765 5553; x_wconf 86' lang='lat' dir='ltr'><strong>idest,</strong></span> <span class='ocrx_word' id='word_1_930' title='bbox 2789 5499 2952 5556; x_wconf 87' lang='lat' dir='ltr'><strong>opera</strong></span> <span class='ocrx_word' id='word_1_931' title='bbox 2976 5497 3096 5539; x_wconf 91' lang='lat' dir='ltr'><strong>mea</strong></span> <span class='ocrx_word' id='word_1_932' title='bbox 3125 5482 3252 5538; x_wconf 85' lang='lat' dir='ltr'><strong>fecit</strong></span> <span class='ocrx_word' id='word_1_933' title='bbox 3278 5482 3503 5538; x_wconf 86' lang='lat' dir='ltr'><strong>directa.</strong></span> 
     </span>
    </p>
   </div>
   <div class='ocr_carea' id='block_1_112' title="bbox 2306 5579 3846 5652">
    <p class='ocr_par' dir='ltr' id='par_1_112' title="bbox 2306 5579 3846 5652">
     <span class='ocr_line' id='line_1_112' title="bbox 2306 5579 3846 5652; baseline 0.002 -18"><span class='ocrx_word' id='word_1_934' title='bbox 2306 5598 2325 5634; x_wconf 80' lang='grc' dir='ltr'><strong>ι</strong></span> <span class='ocrx_word' id='word_1_935' title='bbox 2372 5580 2438 5636; x_wconf 84' lang='lat' dir='ltr'><strong>Et</strong></span> <span class='ocrx_word' id='word_1_936' title='bbox 2464 5581 2689 5650; x_wconf 76' lang='lat' dir='ltr'><strong>immisit</strong></span> <span class='ocrx_word' id='word_1_937' title='bbox 2737 5581 2792 5636; x_wconf 90' lang='lat' dir='ltr'><strong>in</strong></span> <span class='ocrx_word' id='word_1_938' title='bbox 2840 5595 2902 5636; x_wconf 90' lang='lat' dir='ltr'><strong>os</strong></span> <span class='ocrx_word' id='word_1_939' title='bbox 2950 5594 3130 5634; x_wconf 90' lang='lat' dir='ltr'><strong>meum</strong></span> <span class='ocrx_word' id='word_1_940' title='bbox 3180 5579 3451 5634; x_wconf 87' lang='lat' dir='ltr'><strong>canticum</strong></span> <span class='ocrx_word' id='word_1_941' title='bbox 3497 5595 3768 5652; x_wconf 80' lang='lat' dir='ltr'><strong>novum,</strong></span> <span class='ocrx_word' id='word_1_942' title='bbox 3825 5603 3846 5636; x_wconf 77' lang='grc' dir='ltr'><strong>ι</strong></span> 
     </span>
    </p>
   </div>
   <div class='ocr_carea' id='block_1_113' title="bbox 555 5668 2123 5745">
    <p class='ocr_par' dir='ltr' id='par_1_113' title="bbox 555 5668 2123 5745">
     <span class='ocr_line' id='line_1_113' title="bbox 555 5668 2123 5745; baseline 0.003 -20"><span class='ocrx_word' id='word_1_943' title='bbox 555 5683 675 5725; x_wconf 83' lang='lat' dir='ltr'><strong>sum</strong></span> <span class='ocrx_word' id='word_1_944' title='bbox 709 5689 727 5722; x_wconf 76' lang='grc' dir='ltr'><strong>ι</strong></span> <span class='ocrx_word' id='word_1_945' title='bbox 762 5669 989 5733; x_wconf 87' lang='lat' dir='ltr'><strong>advena,</strong></span> <span class='ocrx_word' id='word_1_946' title='bbox 1027 5687 1044 5719; x_wconf 74' lang='grc' dir='ltr'><strong>ι</strong></span> <span class='ocrx_word' id='word_1_947' title='bbox 1084 5668 1319 5735; x_wconf 84' lang='lat' dir='ltr'><strong>scilicet,</strong></span> <span class='ocrx_word' id='word_1_948' title='bbox 1355 5668 1421 5725; x_wconf 91' lang='lat' dir='ltr'><strong>de</strong></span> <span class='ocrx_word' id='word_1_949' title='bbox 1442 5670 1660 5726; x_wconf 79' lang='lat' dir='ltr'><strong>civitate</strong></span> <span class='ocrx_word' id='word_1_950' title='bbox 1700 5669 1899 5727; x_wconf 89' lang='lat' dir='ltr'><strong>diaboli</strong></span> <span class='ocrx_word' id='word_1_951' title='bbox 1940 5671 1994 5727; x_wconf 93' lang='lat' dir='ltr'><strong>in</strong></span> <span class='ocrx_word' id='word_1_952' title='bbox 2018 5688 2123 5745; x_wconf 92' lang='lat' dir='ltr'><strong>qua</strong></span> 
     </span>
    </p>
   </div>
   <div class='ocr_carea' id='block_1_114' title="bbox 556 5759 2126 5828">
    <p class='ocr_par' dir='ltr' id='par_1_114' title="bbox 556 5759 2126 5828">
     <span class='ocr_line' id='line_1_114' title="bbox 556 5759 2126 5828; baseline 0.004 -15"><span class='ocrx_word' id='word_1_953' title='bbox 556 5766 715 5813; x_wconf 88' lang='lat' dir='ltr'><strong>natus</strong></span> <span class='ocrx_word' id='word_1_954' title='bbox 753 5771 871 5813; x_wconf 82' lang='lat' dir='ltr'><strong>sum</strong></span> <span class='ocrx_word' id='word_1_955' title='bbox 911 5772 1007 5827; x_wconf 88' lang='lat' dir='ltr'><strong>per</strong></span> <span class='ocrx_word' id='word_1_956' title='bbox 1045 5767 1324 5828; x_wconf 87' lang='lat' dir='ltr'><strong>peccatum</strong></span> <span class='ocrx_word' id='word_1_957' title='bbox 1368 5759 1517 5826; x_wconf 69' lang='grc' dir='ltr'><strong>Δάαι,</strong></span> <span class='ocrx_word' id='word_1_958' title='bbox 1567 5760 1858 5817; x_wconf 87' lang='lat' dir='ltr'><strong>translatus</strong></span> <span class='ocrx_word' id='word_1_959' title='bbox 1895 5776 2013 5817; x_wconf 89' lang='lat' dir='ltr'><strong>sum</strong></span> <span class='ocrx_word' id='word_1_960' title='bbox 2058 5763 2126 5819; x_wconf 91' lang='lat' dir='ltr'><strong>ad</strong></span> 
     </span>
    </p>
   </div>
   <div class='ocr_carea' id='block_1_115' title="bbox 558 5846 2124 5920">
    <p class='ocr_par' dir='ltr' id='par_1_115' title="bbox 558 5846 2124 5920">
     <span class='ocr_line' id='line_1_115' title="bbox 558 5846 2124 5920; baseline 0.004 -19"><span class='ocrx_word' id='word_1_961' title='bbox 558 5857 703 5902; x_wconf 84' lang='lat' dir='ltr'><strong>tuam</strong></span> <span class='ocrx_word' id='word_1_962' title='bbox 752 5846 1023 5903; x_wconf 83' lang='lat' dir='ltr'><strong>civitatem</strong></span> <span class='ocrx_word' id='word_1_963' title='bbox 1044 5863 1142 5920; x_wconf 89' lang='lat' dir='ltr'><strong>per</strong></span> <span class='ocrx_word' id='word_1_964' title='bbox 1169 5850 1395 5920; x_wconf 85' lang='lat' dir='ltr'><strong>gratiam</strong></span> <span class='ocrx_word' id='word_1_965' title='bbox 1421 5850 1651 5916; x_wconf 89' lang='lat' dir='ltr'><strong>Christi,</strong></span> <span class='ocrx_word' id='word_1_966' title='bbox 1681 5859 1733 5905; x_wconf 90' lang='lat' dir='ltr'><strong>et</strong></span> <span class='ocrx_word' id='word_1_967' title='bbox 1761 5852 1995 5907; x_wconf 85' lang='lat' dir='ltr'><strong>nondum</strong></span> <span class='ocrx_word' id='word_1_968' title='bbox 2028 5852 2124 5908; x_wconf 89' lang='lat' dir='ltr'><strong>ba-</strong></span> 
     </span>
    </p>
   </div>
   <div class='ocr_carea' id='block_1_116' title="bbox 2228 5669 3851 5739">
    <p class='ocr_par' dir='ltr' id='par_1_116' title="bbox 2228 5669 3851 5739">
     <span class='ocr_line' id='line_1_116' title="bbox 2228 5669 3851 5739; baseline -0.002 -11"><span class='ocrx_word' id='word_1_969' title='bbox 2228 5673 2281 5728; x_wconf 91' lang='lat' dir='ltr'><strong>id</strong></span> <span class='ocrx_word' id='word_1_970' title='bbox 2303 5682 2409 5739; x_wconf 88' lang='lat' dir='ltr'><strong>est,</strong></span> <span class='ocrx_word' id='word_1_971' title='bbox 2434 5671 2559 5728; x_wconf 82' lang='lat' dir='ltr'><strong>fecit</strong></span> <span class='ocrx_word' id='word_1_972' title='bbox 2588 5685 2676 5727; x_wconf 88' lang='lat' dir='ltr'><strong>me</strong></span> <span class='ocrx_word' id='word_1_973' title='bbox 2708 5672 3028 5727; x_wconf 88' lang='lat' dir='ltr'><strong>annuntiare</strong></span> <span class='ocrx_word' id='word_1_974' title='bbox 3065 5669 3494 5726; x_wconf 79' lang='lat' dir='ltr'><strong>incarnationem</strong></span> <span class='ocrx_word' id='word_1_975' title='bbox 3520 5670 3669 5730; x_wconf 72' lang='lat' dir='ltr'><strong>Filii</strong></span> <span class='ocrx_word' id='word_1_976' title='bbox 3700 5678 3805 5734; x_wconf 74' lang='lat' dir='ltr'><strong>sui</strong></span> <span class='ocrx_word' id='word_1_977' title='bbox 3834 5696 3851 5733; x_wconf 84' lang='grc'>;</span> 
     </span>
    </p>
   </div>
   <div class='ocr_carea' id='block_1_117' title="bbox 2225 5759 3859 5838">
    <p class='ocr_par' dir='ltr' id='par_1_117' title="bbox 2225 5759 3859 5838">
     <span class='ocr_line' id='line_1_117' title="bbox 2225 5759 3859 5838; baseline -0.002 -18"><span class='ocrx_word' id='word_1_978' title='bbox 2225 5767 2369 5838; x_wconf 90' lang='lat' dir='ltr'><strong>quod</strong></span> <span class='ocrx_word' id='word_1_979' title='bbox 2419 5785 2436 5817; x_wconf 77' lang='grc' dir='ltr'><strong>ι</strong></span> <span class='ocrx_word' id='word_1_980' title='bbox 2471 5780 2689 5821; x_wconf 89' lang='lat' dir='ltr'><strong>carmen</strong></span> <span class='ocrx_word' id='word_1_981' title='bbox 2739 5783 2758 5816; x_wconf 77' lang='grc' dir='ltr'><strong>ι</strong></span> <span class='ocrx_word' id='word_1_982' title='bbox 2814 5771 2897 5819; x_wconf 89' lang='lat' dir='ltr'><strong>est</strong></span> <span class='ocrx_word' id='word_1_983' title='bbox 2946 5763 3213 5817; x_wconf 88' lang='lat' dir='ltr'><strong>canticum</strong></span> <span class='ocrx_word' id='word_1_984' title='bbox 3263 5760 3343 5816; x_wconf 85' lang='lat' dir='ltr'><strong>vel</strong></span> <span class='ocrx_word' id='word_1_985' title='bbox 3389 5759 3674 5837; x_wconf 75' lang='lat' dir='ltr'><strong>hymnus,</strong></span> <span class='ocrx_word' id='word_1_986' title='bbox 3734 5783 3859 5826; x_wconf 71' lang='lat' dir='ltr'><strong>non</strong></span> 
     </span>
    </p>
   </div>
   <div class='ocr_carea' id='block_1_118' title="bbox 2222 5836 3633 5924">
    <p class='ocr_par' dir='ltr' id='par_1_118' title="bbox 2222 5836 3633 5924">
     <span class='ocr_line' id='line_1_118' title="bbox 2222 5836 3633 5924; baseline -0.005 -12"><span class='ocrx_word' id='word_1_987' title='bbox 2222 5836 2361 5924; x_wconf 56' lang='lat' dir='ltr'><strong>iovi,</strong></span> <span class='ocrx_word' id='word_1_988' title='bbox 2387 5856 2469 5913; x_wconf 83' lang='lat' dir='ltr'><strong>vel</strong></span> <span class='ocrx_word' id='word_1_989' title='bbox 2492 5855 2649 5913; x_wconf 89' lang='lat' dir='ltr'><strong>alicui</strong></span> <span class='ocrx_word' id='word_1_990' title='bbox 2680 5854 2866 5911; x_wconf 91' lang='lat' dir='ltr'><strong>ﬁctitio</strong></span> <span class='ocrx_word' id='word_1_991' title='bbox 2895 5854 3014 5919; x_wconf 83' lang='lat' dir='ltr'><strong>dco,</strong></span> <span class='ocrx_word' id='word_1_992' title='bbox 3037 5852 3131 5907; x_wconf 90' lang='lat' dir='ltr'><strong>sed</strong></span> <span class='ocrx_word' id='word_1_993' title='bbox 3167 5873 3182 5902; x_wconf 82' lang='grc' dir='ltr'><strong>ι</strong></span> <span class='ocrx_word' id='word_1_994' title='bbox 3224 5852 3331 5906; x_wconf 84' lang='lat' dir='ltr'><strong>Deo</strong></span> <span class='ocrx_word' id='word_1_995' title='bbox 3365 5836 3571 5906; x_wconf 83' lang='lat' dir='ltr'><strong>nostro.</strong></span> <span class='ocrx_word' id='word_1_996' title='bbox 3604 5873 3633 5905; x_wconf 72' lang='grc' dir='ltr'><strong>ι</strong></span> 
     </span>
    </p>
   </div>
  </div>
