3984 6450
180 377 290 440 553

1348 377 1784 435 EXI‘LANATIO
1821 376 1886 430 lN
1933 377 2270 436 PSALMOS.

3329 375 3434 439 335

258 497 325 552 Et
367 494 472 550 hoc
497 492 640 564 quod
673 492 1058 546 annuntiamus
1088 509 1107 541 ι
1137 491 1395 545 videbunt
1426 489 1580 544 multi
1609 497 1664 543 et
1693 488 1760 542 ti-
1789 495 1836 552 Α
1869 497 1950 545 tas
1978 491 2115 560 ejus.
2152 493 2248 547 Vel
2275 511 2292 542 ι
2333 493 2384 548 in
2409 494 2584 563 capite
2619 493 2765 560 libri,
2794 511 2813 545 ι
2844 493 2896 551 id
2924 503 3025 559 est,
3072 495 3125 547 in
3161 496 3434 551 divinitate

184 589 414 644 mebunt
450 606 469 639 ι
513 586 708 639 timore
733 586 899 651 bono,
940 583 1182 639 videntes
1224 582 1482 637 miracula
1520 602 1538 634 ι
1572 590 1626 635 et
1647 595 1767 650 spe-

185 678 388 734 nbunt
412 677 466 732 in
491 675 741 731 Domino.
779 694 798 728 ι

1868 582 2086 649 Christi,
2109 599 2228 653 qua;
2248 594 2332 639 est
2360 595 2521 656 caput
2548 587 2931 652 humanitatis,
2961 597 3043 642 est
3074 589 3350 663 scriptum,
3382 591 3435 644 id

1867 685 1967 740 εει,
1992 677 2295 746 praescitum
2323 686 2379 733 et
2399 679 2716 748 dispositum
2738 681 2804 735 de
2834 695 2939 745 mc,
2964 689 3019 734 ut
3041 680 3230 734 faciam
3252 681 3434 736 volun~

258 768 346 842 Et,
372 783 439 821 ne
467 765 666 835 aliquis
688 766 894 821 diceret
915 780 1106 836 parum
1134 779 1273 829 esse,
1289 774 1346 820 ει
1365 764 1498 818 nihil
1521 760 1770 818 conferre
1870 774 2031 822 tatem
2062 776 2227 822 tuam.
2260 765 2509 822 Christus
2532 769 2731 824 dicitur
2761 770 2916 834 liber,
2961 770 3082 840 quia
3129 770 3434 844 prapositus

184 876 413 932 Sperare
440 862 497 915 in
524 861 776 923 Domino,
799 859 1038 915 ostendit
1071 868 1356 928 sperantes
1398 858 1584 912 beatos
1623 870 1764 920 esse,

185 970 313 1010 cum
355 952 488 1009 dicit
527 971 590 1008 τι
625 951 822 1006 Beatus
845 953 928 1006 vir
982 952 1136 1021 cujus
1187 960 1272 1008 est
1316 966 1510 1006 nomen
1555 948 1767 1003 Domini

184 1061 316 1116 spes
351 1045 490 1117 ejus,
527 1063 545 1096 ι
580 1045 632 1098 id
663 1053 766 1106 est,
801 1043 892 1113 qui
918 1043 1146 1097 honorat
1173 1057 1366 1097 nomen
1391 1040 1623 1104 Domini,
1648 1053 1764 1094 ore.

187 1136 325 1190 dens
361 1149 481 1189 eum
526 1133 960 1202 Redemptorem,
993 1140 1049 1186 et
1089 1131 1286 1186 similia
1311 1132 1377 1185 de
1406 1131 1541 1200 ipso,
1571 1145 1764 1184 nomen

187 1227 330 1288 dico,
358 1240 480 1295 spes
501 1222 641 1291 ejus,
659 1223 711 1276 id
731 1231 836 1288 εει,
867 1237 932 1277 ex
957 1223 1058 1277 hoc
1075 1222 1218 1290 quod
1248 1236 1443 1276 nomen
1476 1222 1550 1276 ita
1577 1221 1766 1289 recipit

184 1326 245 1371 et
272 1318 522 1377 honorat,
564 1321 750 1382 sperat
785 1313 838 1366 in
890 1313 1027 1381 ipso,
1056 1326 1277 1366 securus
1327 1311 1472 1380 quod
1523 1325 1619 1379 per
1663 1311 1765 1366 hoc

185 1407 354 1462 vitam
403 1405 638 1466 habebit,
672 1412 729 1458 et
767 1403 840 1457 ita
895 1403 1016 1457 dico
1063 1402 1272 1466 beatus,
1305 1401 1349 1455 si
1379 1410 1568 1470 postea
1603 1419 1621 1450 ι
1656 1416 1762 1456 non

188 1497 449 1568 respexit,
483 1516 499 1547 ι
525 1496 579 1550 id
599 1505 704 1558 cst,
735 1493 1009 1549 inclinavit
1055 1507 1251 1546 nomen
1287 1511 1302 1542 ι
1335 1491 1388 1545 in
1419 1491 1707 1557 vanitates,
1737 1510 1756 1544 ι

183 1589 244 1646 id
275 1600 377 1654 est,
404 1589 471 1643 ad
499 1587 911 1643 delectationem
955 1585 1350 1640 mundanorum
1371 1621 1386 1647 ,
1412 1583 1496 1636 vel
1524 1584 1589 1638 ad
1619 1581 1764 1653 lega-

184 1679 269 1736 les
314 1678 686 1736 observantias
715 1697 733 1729 ι
766 1685 822 1732 ει
870 1675 1108 1731 insanias
1151 1673 1318 1730 falsas
1363 1692 1383 1726 ι
1427 1683 1486 1728 ιιι
1533 1673 1759 1744 lapidem

182 1770 411 1826 credere
434 1771 615 1825 deum.

1865 865 1951 911 est
1966 855 2120 912 nobis
2142 857 2433 928 exemplar,
2450 867 2508 913 ut
2527 859 2880 916 similitudine
2903 861 3068 931 ipsius
3089 862 3203 916 vias
3223 871 3435 934 nostras

1867 947 2180 1017 dirigamus.

1934 1037 2047 1106 Ego
2077 1053 2197 1092 sum
2221 1037 2431 1093 locutus
2461 1039 2514 1092 in
2541 1054 2774 1108 persona
2805 1057 2944 1106 mea,
2976 1051 3030 1096 et
3061 1060 3080 1093 ι
3122 1043 3435 1111 annuntiavi

1865 1128 1918 1184 in
1945 1128 2174 1183 ecclesia
2211 1144 2423 1199 magna,
2461 1148 2480 1180 ι
2535 1129 2588 1184 id
2614 1141 2717 1196 est,
2744 1131 2914 1201 ipsam
2963 1116 3214 1204 magnam
3257 1134 3434 1190 ecclee

1864 1219 2000 1273 siam
2024 1221 2342 1275 annuntiare
2369 1219 2471 1276 feci
2502 1239 2520 1272 ι
2536 1221 2801 1290 justitiam
2828 1230 2995 1290 tuam,
3026 1244 3044 1276 ι
3075 1225 3128 1280 id
3159 1235 3264 1292 est,
3290 1229 3436 1297 quod

1865 1322 1969 1362 non
1999 1323 2066 1362 ex
2095 1309 2354 1378 legalibus
2392 1310 2883 1379 institutisjustitia
2918 1312 3162 1379 fiat,.sed
3205 1332 3271 1370 ex
3317 1328 3370 1373 te
3417 1333 3432 1372 :

1869 1416 1888 1449 ι
1918 1414 2046 1454 ecce
2066 1399 2208 1454 labia
2244 1416 2360 1456 mea
2406 1417 2512 1457 non
2555 1402 2868 1472 prohibebo,
2908 1424 2925 1456 ι
2973 1405 3028 1459 id
3058 1414 3159 1470 est,
3188 1408 3233 1460 si
3263 1408 3428 1478 aliqui

1863 1487 2048 1543 volunt
2074 1490 2358 1558 prohibere
2379 1505 2526 1545 meos
2557 1508 2622 1546 ne
2645 1492 2949 1560 loquantur,
2979 1502 3158 1548 tamen
3208 1510 3313 1549 non
3355 1507 3435 1550 ta-

1863 1581 2063 1634 cebunt
2089 1580 2234 1649 quod
2251 1594 2351 1650 pro
2373 1597 2459 1636 me
2483 1582 2680 1637 dicitur
2707 1584 2772 1638 de
2799 1584 3128 1655 martyribus
3175 1605 3186 1638 :
3229 1594 3284 1640 et
3328 1586 3432 1640 hoc

1862 1678 1962 1735 est,
1996 1689 2015 1720 ι
2045 1670 2288 1735 Domine,
2307 1678 2363 1725 ιιι
2391 1673 2568 1738 scisti,
2600 1693 2617 1724 ι
2649 1673 2704 1728 id
2729 1681 2835 1740 est,
2855 1682 2907 1728 tu
2937 1675 3010 1729 ita
3037 1675 3324 1742 ordinasti,
3351 1675 3435 1730 vel

1867 1769 1920 1814 tu
1948 1761 2244 1830 cognovisti
2271 1776 2392 1817 esse
2418 1761 2680 1818 futurum.

259 1860 326 1914 Et
347 1874 452 1914 non
479 1857 675 1913 debent
698 1857 944 1911 homines
990 1855 1118 1909 talia
1169 1855 1463 1923 respicere,
1490 1854 1614 1922 quia
1643 1873 1660 1905 ι
1698 1863 1754 1907 ιιι
1786 1854 1830 1912 Β
1925 1849 1984 1903 ln
2008 1851 2110 1906 hoc
2139 1866 2296 1906 versu
2321 1852 2507 1922 incipit
2535 1853 2601 1908 de
2645 1856 2800 1910 tertia
2847 1865 3020 1926 parte.
3075 1856 3184 1912 Nec
3235 1858 3436 1915 timebo

181 1951 333 2005 Dens
365 1964 536 2013 meus,
579 1946 754 2002 fecisti
800 1945 964 1999 multa
1005 1943 1296 2007 mirabilia,
1335 1963 1353 1995 ι
1387 1943 1528 1998 sicut
1560 1942 1758 1997 caelum

179 2049 242 2097 et
271 2050 490 2104 terram,
520 2048 574 2094 ει
600 2039 704 2093 alia
735 2054 855 2109 quae
898 2039 998 2107 ipsi
1028 2045 1256 2106 possunt
1281 2037 1563 2101 admirari,
1596 2036 1759 2091 mira-

178 2132 318 2188 bilia
343 2131 462 2185 dico
491 2148 508 2182 ι
535 2139 644 2195 tua,
668 2151 686 2183 ι
726 2130 778 2183 id
809 2138 913 2193 est,
933 2129 1000 2183 ad
1030 2138 1176 2182 tuam
1202 2128 1436 2192 laudem,
1455 2128 1632 2182 ethoc
1652 2143 1758 2182 non

177 2222 414 2290 alicujus
455 2222 676 2287 indicio,
722 2221 818 2276 sed
840 2221 946 2275 tuis
991 2238 1008 2270 ι
1034 2218 1468 2288 cogitationibus,
1508 2238 1526 2271 ι
1559 2218 1614 2273 id
1655 2226 1757 2282 εει,

177 2312 404 2384 propria
442 2320 531 2366 tua
585 2311 872 2381 sapientia,
899 2320 955 2364 et
1003 2311 1123 2366 ideo
1163 2319 1391 2380 apparet
1415 2310 1538 2379 quia
1596 2329 1613 2360 ι
1652 2325 1760 2364 non

176 2413 271 2459 est
303 2423 322 2454 ι
356 2402 551 2472 aliquis
578 2421 596 2453 ι
629 2402 722 2472 qui
750 2401 941 2456 similis
963 2401 1034 2455 sit
1062 2401 1176 2456 tibi.
1220 2419 1240 2454 ι

254 2495 324 2548 Ει
364 2493 478 2548 haec
533 2501 623 2547 tua
669 2492 941 2547 mirabilia
977 2509 996 2543 ι
1034 2491 1348 2546 annuntiavi
1383 2509 1403 2544 ι
1436 2506 1531 2560 per
1553 2490 1761 2560 priores

175 2593 388 2652 patres,
412 2589 468 2635 et
497 2597 597 2651 ego
620 2581 734 2650 ipse
763 2587 950 2649 postea
975 2579 1030 2633 in
1059 2579 1276 2649 propria
1301 2592 1530 2650 persona
1576 2595 1594 2629 ι
1640 2593 1760 2632 sum

177 2674 396 2728 locutus
431 2691 448 2725 ι
491 2681 579 2726 tua
631 2671 898 2727 mirabilia
928 2711 942 2736 ,
989 2680 1078 2736 et,
1119 2687 1208 2725 me
1255 2671 1528 2740 loquente,
1583 2689 1601 2722 ι
1635 2680 1760 2726 ειιιιι

175 2765 525 2834 multiplicati
574 2783 591 2816 ι
633 2764 918 2820 credentes
971 2763 1028 2817 in
1059 2772 1114 2819 te
1148 2781 1167 2814 ι
1204 2779 1367 2832 super
1415 2778 1697 2818 numerum
1735 2784 1752 2816 ι

174 2858 425 2928 priorum
457 2857 818 2921 credentium,
849 2854 933 2908 vel
976 2869 1138 2924 super
1164 2869 1448 2908 numerum
1483 2855 1759 2924 praedesti-

175 2956 432 3002 natorum
456 2943 522 3000 ad
544 2947 733 3011 vitam,
761 2945 888 3015 quia
929 2944 1083 2999 multi
1131 2944 1506 3008 crediderunt,
1538 2943 1630 3013 qui
1670 2959 1762 3014 po-

173 3044 297 3091 stea
327 3051 356 3090 a
384 3035 486 3090 lide
508 3045 869 3091 recesserunt.
891 3035 991 3092 Ubi
1015 3035 1146 3090 dicit
1162 3035 1396 3091 Locutus
1414 3049 1554 3101 sum,
1572 3035 1760 3105 incipit

174 3131 246 3185 de
275 3129 507 3184 secunda
531 3138 703 3199 parte.

1859 1939 2086 2009 aliquos,
2111 1950 2465 2007 nectacuero,
2490 1951 2544 1996 et
2571 1944 2672 1998 hoc
2693 1953 2795 2012 est,
2823 1965 2840 1995 ι
2866 1944 3133 2013 justitiam
3157 1956 3300 2023 tuam
3327 1963 3432 2002 non

1858 2031 2116 2086 abscondi
2144 2033 2198 2086 in
2259 2034 2424 2088 corde
2458 2049 2600 2100 meo,
2637 2055 2658 2087 ι
2713 2037 2852 2091 sicut
2895 2037 2985 2093 ille
3027 2039 3120 2109 qui
3173 2038 3430 2093 talentum

1862 2122 2071 2178 Domini
2097 2124 2179 2178 sui
2223 2126 2505 2180 abscondit
2557 2135 2723 2194 terra,
2770 2137 2827 2183 et
2882 2145 2901 2180 ι
2967 2130 3247 2185 veritatem
3288 2140 3434 2186 tuam

1861 2212 1992 2280 dixi,
2023 2233 2042 2265 ι
2074 2214 2126 2268 id
2155 2224 2261 2280 εει,
2306 2218 2636 2272 annuntiabo
2673 2226 2726 2272 te
2751 2233 3000 2274 veracem
3027 2234 3147 2274 esse
3171 2219 3226 2276 in
3256 2222 3431 2275 enmi-

1861 2305 1961 2360 bus
1983 2305 2428 2375 preazissionibus
2460 2326 2478 2358 ι
2508 2317 2564 2363 ει
2589 2308 2824 2366 salutare
2841 2319 3013 2377 tuum,
3037 2331 3055 2363 ι
3085 2311 3140 2366 id
3167 2322 3271 2379 est,
3289 2328 3354 2366 ex
3383 2324 3435 2368 te

1860 2409 1980 2450 esse
2002 2394 2356 2451 salvationem
2383 2399 2623 2453 omnium
2649 2400 2911 2470 gentium.

1933 2487 2000 2540 Et
2037 2501 2143 2541 non
2186 2495 2394 2543 tantum
2445 2505 2628 2545 coram
2672 2494 2858 2561 paucis
2912 2491 3103 2563 loquar
3151 2494 3432 2550 veritatem

1864 2589 2026 2640 tuam,
2053 2579 2151 2634 sed
2187 2597 2206 2631 ι
2239 2595 2270 2633 a
2295 2581 2524 2635 concilio
2545 2581 2734 2648 multo,
2761 2603 2777 2634 ι
2799 2584 2851 2636 id
2887 2593 2992 2649 est,
3028 2599 3059 2644 a
3095 2584 3434 2641 multitudine

1863 2669 2240 2725 haereticorum
2276 2688 2295 2722 ι
2325 2686 2430 2726 non
2471 2671 2728 2727 abscondi
2757 2673 3181 2730 misericordiam
3205 2684 3261 2730 et
3295 2677 3434 2731 veri-

1865 2771 2028 2820 tatem
2059 2775 2222 2820 tuam.
2257 2786 2274 2816 ι

1932 2855 2045 2924 Ego
2083 2855 2429 2921 annuntiabo,
2481 2866 2536 2911 et
2585 2872 2804 2914 necesse
2845 2867 2948 2924 est,
2981 2866 3038 2914 ιιι
3081 2868 3159 2928 ιιι,
3188 2855 3430 2927 Domine,

1861 2944 2150 3000 ellicaciam
2180 2960 2312 3000 meae
2338 2948 2730 3003 annuntiationi
2768 2950 2864 3004 des
2895 2969 2906 3002 :
2948 2959 3002 3004 ει
3050 2951 3153 3007 Ιιοε
3183 2961 3284 3021 εει,
3320 2972 3338 3005 ι
3375 2965 3431 3009 ιιι

1862 3043 2062 3100 autem,
2093 3035 2338 3102 Domine,
2367 3052 2436 3092 ne
2461 3037 2615 3108 longe
2657 3038 2824 3094 facias
2871 3041 3254 3098 miserationes
3311 3056 3430 3100 tuas

1861 3142 1893 3180 a
1933 3141 2036 3192 me,
2077 3147 2096 3180 ι
2131 3143 2232 3182 ηεε
2277 3127 2442 3184 debes
2488 3130 2618 3184 mihi
2671 3131 2943 3203 elongare,
2993 3134 3121 3202 quia
3168 3135 3432 3191 hactenus

251 3219 377 3275 Ideo
397 3236 514 3274 sum
540 3220 914 3289 locutus,quia
949 3230 1007 3274 tu
1041 3239 1058 3270 ι
1096 3219 1313 3274 noluisti
1341 3217 1689 3283 sacrificium,
1729 3238 1746 3270 ι
1783 3202 1826 3262 C
1861 3232 2134 3285 nunquam
2182 3217 2466 3289 elongasti,
2489 3228 2541 3272 et
2571 3220 2672 3274 hoc
2709 3202 2829 3276 est:
2866 3239 2884 3272 ι
2919 3223 3287 3280 misericordia
3341 3233 3429 3280 tua

175 3311 236 3366 id
262 3319 365 3374 εει,
399 3310 670 3364 immolata
699 3310 972 3374 animalia,
997 3326 1114 3378 qure
1144 3323 1248 3363 non
1291 3317 1402 3362 tota
1436 3309 1754 3363 cremaban-

175 3411 303 3465 tur,
345 3417 451 3454 non
504 3401 826 3470 placuerunt
875 3398 972 3452 tibi
1029 3413 1043 3450 :
1100 3417 1117 3449 ι
1169 3406 1226 3452 ει
1271 3398 1598 3452 oblationem
1639 3417 1656 3449 ι
1691 3398 1758 3451 de

174 3491 422 3546 candelis
453 3500 507 3543 et
538 3491 604 3544 de
631 3505 790 3558 pane,
815 3497 871 3542 et
899 3489 1014 3542 inec
1040 3487 1165 3540 talia
1196 3505 1213 3537 ι
1248 3487 1505 3552 noluisti;
1546 3508 1564 3541 ι
1606 3507 1624 3539 ι
1665 3504 1758 3541 au-

178 3597 276 3636 res
332 3589 537 3644 autem,
591 3598 608 3630 ι
669 3579 722 3632 id
774 3588 902 3641 εει,
958 3575 1370 3645 intelligentiam
1419 3594 1437 3626 ι
1484 3576 1758 3645 perfecisti

179 3671 320 3726 mihi
354 3689 372 3722 ι
406 3670 459 3723 id
493 3677 612 3734 est,
658 3668 955 3738 perfectam
1009 3668 1200 3723 dedisti
1249 3667 1398 3728 mihi,
1445 3667 1590 3722 idem
1640 3677 1757 3733 est,

177 3759 328 3830 quod
363 3760 466 3812 alia
514 3758 792 3812 translatio
819 3757 1003 3821 habet,
1029 3755 1312 3826 perfodisti
1345 3756 1495 3810 mihi.
1527 3757 1761 3827 Aposto-

177 3849 268 3904 lus
291 3859 472 3904 autem
503 3850 652 3914 dicit,
669 3849 878 3918 Corpus
902 3848 1166 3918 adaptasti
1194 3848 1344 3913 mihi,
1376 3848 1428 3902 id
1451 3857 1553 3914 est,
1577 3858 1759 3919 aptum

173 3955 379 4010 corpus
413 3938 591 3994 fecisti
619 3940 673 3992 in
700 3955 806 4008 quo
833 3939 1028 3993 lateret
1051 3937 1328 3992 divinitas.

254 4030 364 4084 Nec
392 4029 564 4084 solum
611 4033 712 4084 ista
759 4029 1006 4092 noluisti,
1036 4028 1128 4082 sed
1171 4046 1189 4078 ι
1227 4027 1624 4092 holocaustum,
1649 4048 1668 4081 ι
1706 4029 1759 4083 id

174 4131 283 4186 est,
306 4120 536 4176 hostiam
558 4121 650 4174 ubi
673 4129 842 4174 totum
863 4119 1060 4173 animal
1081 4119 1404 4174 incenditur.
1429 4119 1594 4174 Holos
1615 4120 1758 4174 enim

177 4221 356 4269 totum
386 4219 488 4275 εει,
503 4217 748 4264 caustum
774 4209 1052 4264 incensum
1076 4217 1178 4273 est,
1201 4227 1219 4259 ι
1254 4223 1360 4262 non
1383 4209 1664 4278 postulasti
1691 4229 1704 4263 :
1735 4229 1754 4261 ι

181 4327 201 4358 ι
237 4315 296 4360 ει
333 4326 351 4357 ι
383 4305 546 4358 etiam
591 4303 949 4367 sacriﬁcium,
979 4301 1214 4366 scilicet,
1255 4320 1273 4352 ι
1317 4316 1416 4371 pro
1463 4312 1683 4371 peccato
1734 4323 1753 4353 ι

174 4397 328 4468 quod
372 4411 539 4466 genus
569 4395 758 4450 hostia:
781 4403 880 4458 est,
909 4393 1134 4458 scilicet,
1164 4394 1369 4457 hircus,
1393 4394 1479 4448 cui
1515 4393 1756 4463 impone-

175 4490 379 4544 bantur
397 4494 639 4557 peccata,
653 4494 710 4540 et
731 4486 1044 4540 mittebatur
1060 4485 1110 4538 in
1127 4484 1466 4540 solitudinem
1492 4508 1504 4540 ;
1527 4503 1546 4538 ι
1575 4497 1719 4550 ιιιιιε,
1733 4505 1750 4536 ι

178 4578 235 4633 id
265 4587 371 4640 est,
398 4552 745 4630 considerato
770 4574 912 4642 quod
939 4575 1050 4628 Deo
1072 4573 1197 4626 talia
1227 4589 1331 4627 non
1358 4573 1634 4642 placerent
1670 4589 1756 4628 sa-
1784 4552 1833 4612 ί)

175 4667 432 4722 criﬁcia:
470 4685 488 4716 ι
519 4665 650 4729 (ιίιὶ,
685 4683 704 4716 ι
735 4664 911 4728 idest,
945 4664 1260 4718 deliberavit
1293 4684 1312 4717 ‹
1349 4680 1476 4720 εεεε
1514 4666 1691 4731 venio,
1729 4686 1747 4718 ι

178 4760 237 4814 id
267 4767 372 4824 est,
405 4759 535 4813 unio
554 4758 685 4812 mihi
708 4757 1115 4810 humanitatem.

253 4849 337 4904 Ad
359 4850 461 4905 hoc
482 4848 687 4903 scilicet
710 4848 890 4911 venio,
915 4856 973 4901 ut
1001 4848 1191 4901 faciam
1235 4859 1379 4902 tuam
1400 4849 1750 4918 voluntatem,

179 4941 358 5006 Deus;
391 4949 444 4994 ει
466 4940 600 4994 bene
620 4939 788 4993 debeo
814 4940 1014 5002 venire,
1038 4939 1163 5007 quia
1183 4980 1196 5001 ,
1227 4959 1245 4990 ι
1277 4939 1326 4994 in
1352 4941 1526 5010 capite
1549 4941 1692 5006 libri,
1728 4964 1746 4994 ι

180 5035 236 5089 id
262 5043 368 5099 est,
385 5033 437 5087 in
463 5033 640 5102 primo
664 5031 870 5102 psalmo
893 5032 982 5086 ubi
1004 5031 1163 5086 dicit:
1183 5030 1237 5085 ln
1261 5031 1375 5102 lege
1397 5033 1513 5102 ejus
1537 5034 1758 5088 medita-

180 5123 330 5177 bitur
353 5123 440 5178 die
468 5137 531 5177 ac
560 5131 737 5185 nocte,
761 5130 886 5185 etc.,
925 5139 945 5172 ι
974 5123 1235 5192 scriptum
1263 5131 1346 5177 εει
1381 5123 1447 5176 de
1473 5138 1578 5188 mc,
1609 5143 1627 5174 ι
1654 5124 1756 5179 hoc

180 5197 410 5278 scilicet,
440 5231 458 5264 ι
485 5221 544 5266 ιιι
571 5213 804 5268 facerem
834 5212 1158 5266 voluntatem
1188 5220 1351 5276 tuam,
1390 5214 1666 5280 nscilicet,
1699 5226 1758 5270 ut

181 5304 465 5374 implerem
491 5304 784 5372 injunctam
811 5303 1193 5368 obedientiam,
1223 5303 1449 5368 scilicet,
1477 5313 1537 5358 ut
1568 5304 1754 5360 funde~

183 5409 300 5449 rem
340 5395 656 5464 sanguinem
705 5393 760 5448 in
811 5393 1200 5462 reparationem
1244 5393 1461 5448 humani
1507 5395 1752 5463 generis;

182 5492 331 5538 tuam
358 5484 479 5540 dico
511 5503 530 5535 ι
561 5484 699 5540 Deus
727 5498 878 5538 meus
902 5503 920 5534 ι
949 5497 1047 5552 ego
1074 5483 1229 5536 venio
1251 5493 1309 5537 ut
1337 5482 1532 5538 faciam
1563 5485 1751 5540 volun-

183 5582 350 5628 tatem
373 5581 535 5636 tuam,
563 5583 616 5630 ει
648 5591 666 5624 ι
703 5573 844 5627 volui
874 5591 892 5624 ι
927 5571 1107 5626 facere
1128 5586 1249 5625 eam
1289 5591 1306 5622 ι
1339 5580 1394 5626 ει
1419 5571 1612 5642 legem,
1643 5592 1662 5623 ι
1700 5571 1752 5628 id

183 5675 286 5730 est,
311 5677 577 5736 praecepta
609 5676 695 5720 tua
727 5663 889 5719 habui
918 5683 935 5715 ι
965 5664 1017 5718 in
1045 5663 1221 5718 medio
1243 5663 1422 5718 cordis
1451 5664 1576 5729 mei,
1602 5683 1620 5716 ι
1648 5663 1752 5718 sic-

185 5767 242 5810 ut
273 5757 324 5809 in
369 5757 543 5820 primo
570 5757 772 5824 psalmo
819 5754 1046 5822 legitur:
1085 5752 1140 5807 In
1175 5752 1288 5820 lege
1319 5752 1525 5806 Domini
1568 5753 1753 5807 volun-

1858 3315 1913 3362 et
1935 3307 2137 3361 veritas
2167 3315 2254 3361 tua
2301 3323 2528 3378 semper,
2570 3329 2587 3360 ι
2629 3310 2679 3363 id
2733 3323 2838 3376 est,
2886 3313 2938 3365 in
2987 3313 3135 3367 omni
3189 3326 3429 3385 tempore

1858 3397 2100 3454 omnium
2121 3396 2392 3466 justorum
2425 3419 2442 3451 ι
2481 3413 2834 3472 susceperunt
2862 3419 2946 3459 me
2983 3422 3002 3456 ι
3029 3406 3098 3460 ad
3123 3409 3431 3464 custodien-

1860 3489 2006 3544 dum.

1928 3580 2051 3635 Ideo
2080 3596 2186 3635 non
2214 3582 2377 3637 debes
2415 3584 2790 3642 miserationes
2818 3596 2935 3642 tuas
2961 3585 3210 3659 elongare
3240 3604 3270 3644 a
3320 3601 3427 3660 me,

1867 3687 1884 3720 ι
1923 3668 2048 3738 quia
2078 3669 2242 3734 mala,
2277 3689 2296 3722 ι
2323 3669 2375 3724 id
2393 3680 2497 3736 est,
2519 3682 2742 3740 peccata
2777 3695 2794 3724 ι
2832 3689 3062 3742 quorum
3085 3694 3190 3731 non
3215 3688 3299 3732 est
3327 3696 3428 3732 nu-

1861 3775 2064 3825 merus,
2092 3760 2560 3815 circumdederunt
2587 3778 2692 3825 me,
2726 3782 2742 3815 ι
2765 3764 2816 3817 id
2841 3772 2944 3829 est,
2971 3779 3064 3819 eos
3098 3767 3293 3834 quibus
3332 3782 3430 3837 ego

1861 3849 2144 3914 annuntio,
2165 3849 2256 3918 qui
2280 3850 2385 3904 mei
2414 3849 2579 3905 futuri
2609 3862 2753 3907 sunt.
2794 3853 2943 3908 Tunc
2971 3854 3306 3910 circumdant
3333 3858 3431 3911 ho-

1861 3942 2032 3996 mines
2059 3950 2299 4010 peccata,
2328 3943 2542 4012 quando
2565 3944 2994 4014 appropinquant
3025 3945 3103 4000 eis
3137 3959 3232 4016 per
3259 3945 3432 4003 malas

1859 4031 2232 4100 cogitationes,
2254 4049 2272 4082 ι
2293 4039 2348 4086 ει
2372 4031 2681 4102 iniquitates
2706 4049 2857 4101 meae,
2872 4053 2889 4086 ι
2921 4034 2975 4089 id
2997 4044 3100 4101 εει,
3122 4051 3307 4092 eorum
3337 4040 3428 4107 qui

1859 4122 1964 4176 mei
2005 4120 2168 4176 futuri
2193 4130 2317 4178 sunt
2345 4141 2364 4172 ι
2397 4125 2923 4193 comprehenderunt
2950 4140 3058 4194 me,
3101 4147 3120 4178 ι
3153 4127 3204 4182 id
3227 4137 3332 4193 est,
3359 4131 3426 4183 ad

1859 4221 2038 4268 actum
2064 4215 2428 4284 perduxerunt
2450 4216 2503 4270 hi
2536 4217 2629 4286 qui
2657 4217 2761 4272 mei
2783 4226 2964 4283 erunt,
2997 4235 3016 4268 ι
3057 4227 3234 4274 etnon
3275 4223 3424 4291 potui

1859 4313 1920 4360 ut
1947 4304 2203 4370 viderem,
2238 4325 2256 4356 ι
2295 4305 2348 4360 id
2373 4315 2476 4370 est,
2523 4307 2600 4362 sic
2633 4317 3017 4376 oppresserunt
3041 4323 3136 4364 eos
3183 4311 3287 4366 illa:
3319 4311 3421 4366 ini-

1859 4393 2116 4462 quitates,
2137 4393 2280 4462 quod
2304 4410 2408 4448 non
2432 4403 2721 4463 potuerunt
2747 4396 2946 4452 habere
2987 4396 3218 4467 aliquem
3265 4416 3421 4456 usmn

1861 4483 2104 4537 rationis.

1936 4592 1954 4622 ι
1985 4571 2348 4642 Multiplicataa
2373 4581 2498 4627 sunt
2519 4587 2680 4643 super
2703 4573 2922 4646 capillos
2948 4575 3155 4645 capitis,
3196 4594 3213 4627 ι
3267 4576 3318 4632 id
3339 4587 3421 4632 est

1861 4661 2084 4718 infinita:
2108 4663 2248 4717 sicut
2268 4663 2463 4732 capilli,
2496 4671 2551 4718 et
2577 4665 2710 4718 bene
2753 4664 2958 4734 capillis
3006 4673 3224 4735 peccata
3270 4681 3420 4722 com-

1861 4759 2017 4820 parat
2040 4751 2235 4820 quibus
2263 4752 2471 4806 abrasis
2494 4752 2548 4805 in
2583 4753 2748 4808 veteri
2785 4752 2900 4823 lege
2923 4761 3139 4822 peccata
3163 4755 3422 4825 putaban-

1863 4849 1950 4894 tur
1971 4840 2156 4906 deleri,
2179 4851 2235 4895 et
2260 4842 2526 4895 intantum
2555 4850 2682 4896 sunt
2709 4841 3088 4913 multiplicata,
3112 4846 3254 4916 quod
3282 4865 3300 4898 ι
3330 4862 3424 4903 cor

1867 4955 1885 4988 ι
1909 4952 2138 5001 meum,»
2166 4937 2216 4992 id
2240 4945 2342 5003 est,
2367 4935 2542 4991 omnis
2560 4937 2729 4992 virtus
2751 4937 2955 4993 cordis:
2977 4939 3256 5010 dereliquit
3277 4955 3415 5005 me»

1859 5028 1912 5083 id
1949 5035 2054 5093 est,
2079 5025 2295 5082 defecit.

1933 5143 1951 5176 ι
1988 5125 2304 5194 lniqnitates
2327 5131 2454 5180 sunt
2481 5123 2861 5194 multiplicatae,
2876 5139 3005 5198 ergo
3033 5113 3416 5197 complacitam

1858 5215 1910 5270 ld
1933 5222 2038 5279 est,
2061 5229 2183 5268 cum
2209 5213 2368 5268 Patre
2387 5221 2440 5269 et
2466 5212 2669 5284 Spiritu
2693 5225 2877 5270 sancto
2897 5215 3106 5285 placeat
3133 5236 3150 5267 ι
3172 5216 3289 5282 tibi,
3319 5216 3418 5269 Do-

1858 5305 2022 5366 mine,
2063 5323 2082 5356 ι
2117 5302 2337 5358 verbum
2384 5303 2509 5370 hoc,
2554 5304 2758 5360 scilicet
2802 5323 2820 5356 ι
2857 5313 2917 5360 ιιι
2956 5321 3117 5362 eruas
3164 5321 3270 5370 me,
3308 5323 3326 5356 ι
3363 5306 3417 5360 id

1857 5403 1958 5456 est,
1987 5392 2107 5446 illos
2136 5391 2329 5462 quibus
2363 5393 2621 5449 annuntio
2649 5402 2704 5448 et
2733 5393 2836 5449 mei
2875 5403 3000 5448 sunt
3031 5394 3220 5464 futuri,
3247 5393 3415 5448 libera

1855 5501 1884 5540 a
1908 5482 2162 5554 peccatis,
2186 5482 2409 5538 Domine
2439 5500 2452 5536 ς
2479 5492 2533 5538 ει
2552 5492 2606 5537 ιιι
2629 5482 2897 5547 ,Domine,
2922 5499 3081 5553 quem
3103 5495 3200 5555 ego
3228 5497 3422 5552 precor

1862 5593 1879 5626 ι
1902 5573 2258 5644 adiuvandum
2289 5587 2374 5630 me
2399 5574 2628 5643 respice,
2659 5593 2676 5626 ι
2707 5573 2931 5638 scilicet,
2952 5573 3178 5644 miseria:
3208 5574 3420 5630 illorum

1857 5677 2101 5720 meorum
2149 5663 2506 5733 cooperando,
2553 5671 2612 5716 ut
2663 5663 2706 5718 si
2749 5660 2995 5732 jejunare
3036 5661 3316 5729 voluerint,
3362 5673 3417 5717 tu

1850 5751 2052 5821 jejuna,
2079 5762 2183 5806 etc.
