  <div class='ocr_page' id='page_1' title='image "/cluster/home/n/w/nwhite01/storage/ocr_20150623/116/hvd.32044015466881/173.png"; bbox 0 0 3984 6446; ppageno 0'>
   <div class='ocr_carea' id='block_1_1' title="bbox 577 376 680 432">
    <p class='ocr_par' dir='ltr' id='par_1_1' title="bbox 577 376 680 432">
     <span class='ocr_line' id='line_1_1' title="bbox 577 376 680 432; baseline 0.019 -2"><span class='ocrx_word' id='word_1_1' title='bbox 577 376 680 432; x_wconf 78' lang='grc'><strong>535</strong></span> 
     </span>
    </p>
   </div>
   <div class='ocr_carea' id='block_1_2' title="bbox 1063 368 3373 436">
    <p class='ocr_par' dir='ltr' id='par_1_2' title="bbox 1063 368 3373 436">
     <span class='ocr_line' id='line_1_2' title="bbox 1063 368 3373 436; baseline 0 -4"><span class='ocrx_word' id='word_1_2' title='bbox 1063 373 1414 432; x_wconf 80' lang='lat' dir='ltr'><strong>HAYMONIS</strong></span> <span class='ocrx_word' id='word_1_3' title='bbox 1450 368 1929 430; x_wconf 82' lang='lat' dir='ltr'><strong>HALBERSTAT.</strong></span> <span class='ocrx_word' id='word_1_4' title='bbox 1970 371 2182 429; x_wconf 86' lang='lat' dir='ltr'><strong>EPISC.</strong></span> <span class='ocrx_word' id='word_1_5' title='bbox 2224 371 2373 429; x_wconf 85' lang='lat' dir='ltr'><strong>OPP.</strong></span> <span class='ocrx_word' id='word_1_6' title='bbox 2417 370 2601 429; x_wconf 78' lang='lat' dir='ltr'><strong>PARS</strong></span> <span class='ocrx_word' id='word_1_7' title='bbox 2638 372 2677 426; x_wconf 90' lang='grc' dir='ltr'><strong>Ι.</strong></span> <span class='ocrx_word' id='word_1_8' title='bbox 2711 404 2776 413; x_wconf 90' lang='lat'><em>—</em></span> <span class='ocrx_word' id='word_1_9' title='bbox 2803 372 3157 436; x_wconf 80' lang='lat' dir='ltr'><strong>COMMENT.</strong></span> <span class='ocrx_word' id='word_1_10' title='bbox 3202 376 3373 434; x_wconf 86' lang='lat' dir='ltr'><strong>BIBL.</strong></span> 
     </span>
    </p>
   </div>
   <div class='ocr_carea' id='block_1_3' title="bbox 3734 385 3838 441">
    <p class='ocr_par' dir='ltr' id='par_1_3' title="bbox 3734 385 3838 441">
     <span class='ocr_line' id='line_1_3' title="bbox 3734 385 3838 441; baseline -0.01 0"><span class='ocrx_word' id='word_1_11' title='bbox 3734 385 3838 441; x_wconf 75' lang='lat'><strong>336</strong></span> 
     </span>
    </p>
   </div>
   <div class='ocr_carea' id='block_1_4' title="bbox 648 470 3837 569">
    <p class='ocr_par' dir='ltr' id='par_1_4' title="bbox 648 470 3837 569">
     <span class='ocr_line' id='line_1_4' title="bbox 648 470 3837 569; baseline 0.003 -25"><span class='ocrx_word' id='word_1_12' title='bbox 648 487 745 545; x_wconf 81' lang='lat' dir='ltr'><strong>llic</strong></span> <span class='ocrx_word' id='word_1_13' title='bbox 770 497 890 544; x_wconf 90' lang='lat' dir='ltr'><strong>orat</strong></span> <span class='ocrx_word' id='word_1_14' title='bbox 913 503 1013 559; x_wconf 88' lang='lat' dir='ltr'><strong>pro</strong></span> <span class='ocrx_word' id='word_1_15' title='bbox 1040 470 1314 547; x_wconf 86' lang='lat' dir='ltr'><strong>inimicis:</strong></span> <span class='ocrx_word' id='word_1_16' title='bbox 1349 491 1427 546; x_wconf 91' lang='lat' dir='ltr'><strong>sic</strong></span> <span class='ocrx_word' id='word_1_17' title='bbox 1456 504 1544 544; x_wconf 92' lang='lat' dir='ltr'><strong>me</strong></span> <span class='ocrx_word' id='word_1_18' title='bbox 1568 488 1781 558; x_wconf 89' lang='lat' dir='ltr'><strong>adjuva,</strong></span> <span class='ocrx_word' id='word_1_19' title='bbox 1810 497 1864 545; x_wconf 90' lang='lat' dir='ltr'><strong>et</strong></span> <span class='ocrx_word' id='word_1_20' title='bbox 1893 487 2086 554; x_wconf 89' lang='lat' dir='ltr'><strong>libera,</strong></span> <span class='ocrx_word' id='word_1_21' title='bbox 2109 497 2165 542; x_wconf 90' lang='lat' dir='ltr'><strong>et</strong></span> <span class='ocrx_word' id='word_1_22' title='bbox 2190 496 2237 556; x_wconf 76' lang='grc' dir='ltr'><strong>Α</strong></span> <span class='ocrx_word' id='word_1_23' title='bbox 2266 489 2397 542; x_wconf 89' lang='lat' dir='ltr'><strong>dens</strong></span> <span class='ocrx_word' id='word_1_24' title='bbox 2427 497 2604 543; x_wconf 91' lang='lat' dir='ltr'><strong>tamen</strong></span> <span class='ocrx_word' id='word_1_25' title='bbox 2633 490 2865 546; x_wconf 82' lang='lat' dir='ltr'><strong>maxime</strong></span> <span class='ocrx_word' id='word_1_26' title='bbox 2890 491 3384 562; x_wconf 76' lang='lat' dir='ltr'><strong>interpretationem</strong></span> <span class='ocrx_word' id='word_1_27' title='bbox 3430 496 3670 554; x_wconf 84' lang='lat' dir='ltr'><strong>nominis</strong></span> <span class='ocrx_word' id='word_1_28' title='bbox 3716 514 3837 569; x_wconf 87' lang='lat' dir='ltr'><strong>pro-</strong></span> 
     </span>
    </p>
   </div>
   <div class='ocr_carea' id='block_1_5' title="bbox 578 581 2153 653">
    <p class='ocr_par' dir='ltr' id='par_1_5' title="bbox 578 581 2153 653">
     <span class='ocr_line' id='line_1_5' title="bbox 578 581 2153 653; baseline -0.005 -14"><span class='ocrx_word' id='word_1_29' title='bbox 578 583 654 639; x_wconf 89' lang='lat' dir='ltr'><strong>illi</strong></span> <span class='ocrx_word' id='word_1_30' title='bbox 698 599 718 634; x_wconf 80' lang='grc' dir='ltr'><strong>ι</strong></span> <span class='ocrx_word' id='word_1_31' title='bbox 766 582 859 653; x_wconf 88' lang='lat' dir='ltr'><strong>qui</strong></span> <span class='ocrx_word' id='word_1_32' title='bbox 922 583 1049 638; x_wconf 85' lang='lat' dir='ltr'><strong>totis</strong></span> <span class='ocrx_word' id='word_1_33' title='bbox 1099 583 1303 637; x_wconf 89' lang='lat' dir='ltr'><strong>viribus</strong></span> <span class='ocrx_word' id='word_1_34' title='bbox 1347 588 1599 651; x_wconf 59' lang='lat' dir='ltr'><strong>quaerunt</strong></span> <span class='ocrx_word' id='word_1_35' title='bbox 1649 581 1889 635; x_wconf 89' lang='lat' dir='ltr'><strong>animam</strong></span> <span class='ocrx_word' id='word_1_36' title='bbox 1931 593 2104 634; x_wconf 82' lang='lat' dir='ltr'><strong>meam</strong></span> <span class='ocrx_word' id='word_1_37' title='bbox 2135 597 2153 630; x_wconf 77' lang='grc' dir='ltr'><strong>ι</strong></span> 
     </span>
    </p>
   </div>
   <div class='ocr_carea' id='block_1_6' title="bbox 578 667 2158 735">
    <p class='ocr_par' dir='ltr' id='par_1_6' title="bbox 578 667 2158 735">
     <span class='ocr_line' id='line_1_6' title="bbox 578 667 2158 735; baseline -0.006 -8"><span class='ocrx_word' id='word_1_38' title='bbox 578 687 686 727; x_wconf 90' lang='lat' dir='ltr'><strong>non</strong></span> <span class='ocrx_word' id='word_1_39' title='bbox 711 670 780 726; x_wconf 89' lang='lat' dir='ltr'><strong>ad</strong></span> <span class='ocrx_word' id='word_1_40' title='bbox 808 667 1148 735; x_wconf 86' lang='lat' dir='ltr'><strong>imitandum,</strong></span> <span class='ocrx_word' id='word_1_41' title='bbox 1178 669 1273 724; x_wconf 89' lang='lat' dir='ltr'><strong>sed</strong></span> <span class='ocrx_word' id='word_1_42' title='bbox 1305 687 1323 720; x_wconf 86' lang='grc' dir='ltr'><strong>ι</strong></span> <span class='ocrx_word' id='word_1_43' title='bbox 1361 677 1421 722; x_wconf 84' lang='grc' dir='ltr'><strong>ιιι</strong></span> <span class='ocrx_word' id='word_1_44' title='bbox 1448 669 1698 723; x_wconf 79' lang='lat' dir='ltr'><strong>auferant</strong></span> <span class='ocrx_word' id='word_1_45' title='bbox 1730 683 1872 732; x_wconf 88' lang='lat' dir='ltr'><strong>eam,</strong></span> <span class='ocrx_word' id='word_1_46' title='bbox 1904 687 1922 720; x_wconf 74' lang='grc' dir='ltr'><strong>ι</strong></span> <span class='ocrx_word' id='word_1_47' title='bbox 1954 667 2010 722; x_wconf 90' lang='lat' dir='ltr'><strong>id</strong></span> <span class='ocrx_word' id='word_1_48' title='bbox 2055 675 2158 732; x_wconf 92' lang='lat' dir='ltr'><strong>est,</strong></span> 
     </span>
    </p>
   </div>
   <div class='ocr_carea' id='block_1_7' title="bbox 577 756 2157 827">
    <p class='ocr_par' dir='ltr' id='par_1_7' title="bbox 577 756 2157 827">
     <span class='ocr_line' id='line_1_7' title="bbox 577 756 2157 827; baseline -0.004 -10"><span class='ocrx_word' id='word_1_49' title='bbox 577 760 792 817; x_wconf 77' lang='lat' dir='ltr'><strong>doleant</strong></span> <span class='ocrx_word' id='word_1_50' title='bbox 815 774 958 826; x_wconf 90' lang='lat' dir='ltr'><strong>eam,</strong></span> <span class='ocrx_word' id='word_1_51' title='bbox 994 759 1321 813; x_wconf 85' lang='lat' dir='ltr'><strong>erubescant</strong></span> <span class='ocrx_word' id='word_1_52' title='bbox 1362 759 1430 813; x_wconf 92' lang='lat' dir='ltr'><strong>de</strong></span> <span class='ocrx_word' id='word_1_53' title='bbox 1474 765 1715 827; x_wconf 89' lang='lat' dir='ltr'><strong>peccato,</strong></span> <span class='ocrx_word' id='word_1_54' title='bbox 1773 764 1830 812; x_wconf 90' lang='lat' dir='ltr'><strong>et</strong></span> <span class='ocrx_word' id='word_1_55' title='bbox 1880 756 1983 812; x_wconf 90' lang='lat' dir='ltr'><strong>hoc</strong></span> <span class='ocrx_word' id='word_1_56' title='bbox 2039 763 2157 823; x_wconf 90' lang='lat' dir='ltr'><strong>est,</strong></span> 
     </span>
    </p>
   </div>
   <div class='ocr_carea' id='block_1_8' title="bbox 583 841 2159 914">
    <p class='ocr_par' dir='ltr' id='par_1_8' title="bbox 583 841 2159 914">
     <span class='ocr_line' id='line_1_8' title="bbox 583 841 2159 914; baseline -0.003 -11"><span class='ocrx_word' id='word_1_57' title='bbox 583 867 606 903; x_wconf 77' lang='grc' dir='ltr'><strong>ι</strong></span> <span class='ocrx_word' id='word_1_58' title='bbox 640 850 1041 906; x_wconf 78' lang='lat' dir='ltr'><strong>confundantur</strong></span> <span class='ocrx_word' id='word_1_59' title='bbox 1060 855 1116 903; x_wconf 91' lang='lat' dir='ltr'><strong>et</strong></span> <span class='ocrx_word' id='word_1_60' title='bbox 1135 856 1511 912; x_wconf 89' lang='lat' dir='ltr'><strong>revereantur,</strong></span> <span class='ocrx_word' id='word_1_61' title='bbox 1548 866 1566 900; x_wconf 77' lang='grc' dir='ltr'><strong>ι</strong></span> <span class='ocrx_word' id='word_1_62' title='bbox 1613 847 1667 902; x_wconf 91' lang='lat' dir='ltr'><strong>id</strong></span> <span class='ocrx_word' id='word_1_63' title='bbox 1693 854 1799 914; x_wconf 91' lang='lat' dir='ltr'><strong>est,</strong></span> <span class='ocrx_word' id='word_1_64' title='bbox 1835 841 2062 901; x_wconf 86' lang='lat' dir='ltr'><strong>timeant</strong></span> <span class='ocrx_word' id='word_1_65' title='bbox 2104 853 2159 899; x_wconf 91' lang='lat' dir='ltr'><strong>et</strong></span> 
     </span>
    </p>
   </div>
   <div class='ocr_carea' id='block_1_9' title="bbox 577 936 2152 1008">
    <p class='ocr_par' dir='ltr' id='par_1_9' title="bbox 577 936 2152 1008">
     <span class='ocr_line' id='line_1_9' title="bbox 577 936 2152 1008; baseline -0.005 -12"><span class='ocrx_word' id='word_1_66' title='bbox 577 941 842 997; x_wconf 82' lang='lat' dir='ltr'><strong>honorent</strong></span> <span class='ocrx_word' id='word_1_67' title='bbox 866 939 1150 993; x_wconf 91' lang='lat' dir='ltr'><strong>Dominum</strong></span> <span class='ocrx_word' id='word_1_68' title='bbox 1182 938 1434 994; x_wconf 87' lang='lat' dir='ltr'><strong>similiter</strong></span> <span class='ocrx_word' id='word_1_69' title='bbox 1457 938 1549 1008; x_wconf 90' lang='lat' dir='ltr'><strong>qui</strong></span> <span class='ocrx_word' id='word_1_70' title='bbox 1570 937 1757 993; x_wconf 90' lang='lat' dir='ltr'><strong>volunt</strong></span> <span class='ocrx_word' id='word_1_71' title='bbox 1793 951 1878 991; x_wconf 90' lang='lat' dir='ltr'><strong>me</strong></span> <span class='ocrx_word' id='word_1_72' title='bbox 1907 936 2152 1006; x_wconf 87' lang='lat' dir='ltr'><strong>perdere.</strong></span> 
     </span>
    </p>
   </div>
   <div class='ocr_carea' id='block_1_10' title="bbox 646 1026 2156 1101">
    <p class='ocr_par' dir='ltr' id='par_1_10' title="bbox 646 1026 2156 1101">
     <span class='ocr_line' id='line_1_10' title="bbox 646 1026 2156 1101; baseline -0.004 -14"><span class='ocrx_word' id='word_1_73' title='bbox 646 1033 714 1087; x_wconf 88' lang='lat' dir='ltr'><strong>Et</strong></span> <span class='ocrx_word' id='word_1_74' title='bbox 739 1046 844 1086; x_wconf 92' lang='lat' dir='ltr'><strong>non</strong></span> <span class='ocrx_word' id='word_1_75' title='bbox 867 1039 1074 1085; x_wconf 91' lang='lat' dir='ltr'><strong>tantum</strong></span> <span class='ocrx_word' id='word_1_76' title='bbox 1100 1031 1192 1101; x_wconf 90' lang='lat' dir='ltr'><strong>qui</strong></span> <span class='ocrx_word' id='word_1_77' title='bbox 1227 1037 1476 1099; x_wconf 76' lang='lat' dir='ltr'><strong>quaerunt</strong></span> <span class='ocrx_word' id='word_1_78' title='bbox 1523 1038 1582 1083; x_wconf 91' lang='lat' dir='ltr'><strong>ut</strong></span> <span class='ocrx_word' id='word_1_79' title='bbox 1625 1042 1712 1084; x_wconf 90' lang='lat' dir='ltr'><strong>me</strong></span> <span class='ocrx_word' id='word_1_80' title='bbox 1757 1026 2029 1092; x_wconf 82' lang='lat' dir='ltr'><strong>auferant,</strong></span> <span class='ocrx_word' id='word_1_81' title='bbox 2059 1026 2156 1081; x_wconf 88' lang='lat' dir='ltr'><strong>sed</strong></span> 
     </span>
    </p>
   </div>
   <div class='ocr_carea' id='block_1_11' title="bbox 573 1117 2154 1194">
    <p class='ocr_par' dir='ltr' id='par_1_11' title="bbox 573 1117 2154 1194">
     <span class='ocr_line' id='line_1_11' title="bbox 573 1117 2154 1194; baseline -0.006 -13"><span class='ocrx_word' id='word_1_82' title='bbox 573 1123 736 1181; x_wconf 89' lang='lat' dir='ltr'><strong>etiam</strong></span> <span class='ocrx_word' id='word_1_83' title='bbox 766 1143 784 1176; x_wconf 81' lang='grc' dir='ltr'><strong>ι</strong></span> <span class='ocrx_word' id='word_1_84' title='bbox 816 1123 907 1194; x_wconf 89' lang='lat' dir='ltr'><strong>qui</strong></span> <span class='ocrx_word' id='word_1_85' title='bbox 945 1123 1140 1178; x_wconf 89' lang='lat' dir='ltr'><strong>volunt</strong></span> <span class='ocrx_word' id='word_1_86' title='bbox 1179 1122 1314 1176; x_wconf 90' lang='lat' dir='ltr'><strong>mihi</strong></span> <span class='ocrx_word' id='word_1_87' title='bbox 1365 1120 1506 1175; x_wconf 91' lang='lat' dir='ltr'><strong>mala</strong></span> <span class='ocrx_word' id='word_1_88' title='bbox 1549 1127 1580 1173; x_wconf 73' lang='grc' dir='ltr'><strong>⁴ι</strong></span> <span class='ocrx_word' id='word_1_89' title='bbox 1634 1126 1948 1175; x_wconf 82' lang='lat' dir='ltr'><strong>avertantur</strong></span> <span class='ocrx_word' id='word_1_90' title='bbox 1988 1133 2020 1172; x_wconf 92' lang='lat' dir='ltr'><strong>a</strong></span> <span class='ocrx_word' id='word_1_91' title='bbox 2065 1117 2154 1172; x_wconf 92' lang='lat' dir='ltr'><strong>via</strong></span> 
     </span>
    </p>
   </div>
   <div class='ocr_carea' id='block_1_12' title="bbox 573 1209 2154 1279">
    <p class='ocr_par' dir='ltr' id='par_1_12' title="bbox 573 1209 2154 1279">
     <span class='ocr_line' id='line_1_12' title="bbox 573 1209 2154 1279; baseline -0.005 -10"><span class='ocrx_word' id='word_1_92' title='bbox 573 1214 736 1279; x_wconf 89' lang='lat' dir='ltr'><strong>mala,</strong></span> <span class='ocrx_word' id='word_1_93' title='bbox 760 1221 820 1268; x_wconf 92' lang='lat' dir='ltr'><strong>ut</strong></span> <span class='ocrx_word' id='word_1_94' title='bbox 847 1213 957 1268; x_wconf 92' lang='lat' dir='ltr'><strong>sint</strong></span> <span class='ocrx_word' id='word_1_95' title='bbox 1003 1230 1022 1264; x_wconf 82' lang='grc' dir='ltr'><strong>ι</strong></span> <span class='ocrx_word' id='word_1_96' title='bbox 1070 1221 1392 1277; x_wconf 83' lang='lat' dir='ltr'><strong>retrorsum,</strong></span> <span class='ocrx_word' id='word_1_97' title='bbox 1433 1229 1451 1265; x_wconf 71' lang='grc' dir='ltr'><strong>ι</strong></span> <span class='ocrx_word' id='word_1_98' title='bbox 1509 1209 1562 1265; x_wconf 90' lang='lat' dir='ltr'><strong>id</strong></span> <span class='ocrx_word' id='word_1_99' title='bbox 1593 1218 1697 1276; x_wconf 92' lang='lat' dir='ltr'><strong>est,</strong></span> <span class='ocrx_word' id='word_1_100' title='bbox 1748 1215 2044 1278; x_wconf 87' lang='lat' dir='ltr'><strong>sequantur</strong></span> <span class='ocrx_word' id='word_1_101' title='bbox 2099 1215 2154 1262; x_wconf 89' lang='lat' dir='ltr'><strong>te</strong></span> 
     </span>
    </p>
   </div>
   <div class='ocr_carea' id='block_1_13' title="bbox 571 1305 1317 1361">
    <p class='ocr_par' dir='ltr' id='par_1_13' title="bbox 571 1305 1317 1361">
     <span class='ocr_line' id='line_1_13' title="bbox 571 1305 1317 1361; baseline -0.007 1"><span class='ocrx_word' id='word_1_102' title='bbox 571 1305 717 1361; x_wconf 85' lang='lat' dir='ltr'><strong>Deus</strong></span> <span class='ocrx_word' id='word_1_103' title='bbox 749 1323 767 1356; x_wconf 83' lang='grc' dir='ltr'><strong>ι</strong></span> <span class='ocrx_word' id='word_1_104' title='bbox 800 1314 857 1360; x_wconf 91' lang='grc' dir='ltr'><strong>ει</strong></span> <span class='ocrx_word' id='word_1_105' title='bbox 894 1312 1257 1361; x_wconf 86' lang='lat' dir='ltr'><strong>revertantur.</strong></span> <span class='ocrx_word' id='word_1_106' title='bbox 1297 1322 1317 1356; x_wconf 71' lang='grc' dir='ltr'><strong>ι</strong></span> 
     </span>
    </p>
   </div>
   <div class='ocr_carea' id='block_1_14' title="bbox 643 1388 2152 1466">
    <p class='ocr_par' dir='ltr' id='par_1_14' title="bbox 643 1388 2152 1466">
     <span class='ocr_line' id='line_1_14' title="bbox 643 1388 2152 1466; baseline -0.005 -16"><span class='ocrx_word' id='word_1_107' title='bbox 643 1396 711 1450; x_wconf 87' lang='grc' dir='ltr'>Ει</span> <span class='ocrx_word' id='word_1_108' title='bbox 739 1414 757 1447; x_wconf 85' lang='grc' dir='ltr'><strong>ι</strong></span> <span class='ocrx_word' id='word_1_109' title='bbox 780 1396 872 1466; x_wconf 89' lang='lat' dir='ltr'><strong>qui</strong></span> <span class='ocrx_word' id='word_1_110' title='bbox 897 1395 1082 1450; x_wconf 91' lang='lat' dir='ltr'><strong>dicunt</strong></span> <span class='ocrx_word' id='word_1_111' title='bbox 1108 1394 1239 1448; x_wconf 91' lang='lat' dir='ltr'><strong>mihi</strong></span> <span class='ocrx_word' id='word_1_112' title='bbox 1267 1408 1424 1464; x_wconf 82' lang='lat' dir='ltr'><strong>euge,</strong></span> <span class='ocrx_word' id='word_1_113' title='bbox 1441 1407 1596 1463; x_wconf 85' lang='lat' dir='ltr'><strong>euge,</strong></span> <span class='ocrx_word' id='word_1_114' title='bbox 1612 1411 1629 1443; x_wconf 84' lang='grc'><strong>›</strong></span> <span class='ocrx_word' id='word_1_115' title='bbox 1650 1391 1704 1446; x_wconf 90' lang='lat' dir='ltr'><strong>id</strong></span> <span class='ocrx_word' id='word_1_116' title='bbox 1730 1399 1835 1456; x_wconf 88' lang='lat' dir='ltr'><strong>est,</strong></span> <span class='ocrx_word' id='word_1_117' title='bbox 1851 1388 2152 1445; x_wconf 85' lang='lat' dir='ltr'><strong>adulatorie</strong></span> 
     </span>
    </p>
   </div>
   <div class='ocr_carea' id='block_1_15' title="bbox 569 1476 2153 1558">
    <p class='ocr_par' dir='ltr' id='par_1_15' title="bbox 569 1476 2153 1558">
     <span class='ocr_line' id='line_1_15' title="bbox 569 1476 2153 1558; baseline -0.006 -16"><span class='ocrx_word' id='word_1_118' title='bbox 569 1488 865 1558; x_wconf 90' lang='lat' dir='ltr'><strong>loquuntur</strong></span> <span class='ocrx_word' id='word_1_119' title='bbox 883 1476 1035 1552; x_wconf 81' lang='lat' dir='ltr'><strong>mihi,</strong></span> <span class='ocrx_word' id='word_1_120' title='bbox 1059 1485 1285 1541; x_wconf 91' lang='lat' dir='ltr'><strong>dicendo</strong></span> <span class='ocrx_word' id='word_1_121' title='bbox 1305 1500 1318 1538; x_wconf 94' lang='lat'>:</span> <span class='ocrx_word' id='word_1_122' title='bbox 1337 1485 1495 1549; x_wconf 90' lang='lat' dir='ltr'><strong>bene,</strong></span> <span class='ocrx_word' id='word_1_123' title='bbox 1525 1484 1663 1538; x_wconf 83' lang='lat' dir='ltr'><strong>bene</strong></span> <span class='ocrx_word' id='word_1_124' title='bbox 1687 1489 1773 1536; x_wconf 82' lang='lat' dir='ltr'><strong>est</strong></span> <span class='ocrx_word' id='word_1_125' title='bbox 1798 1480 1944 1546; x_wconf 75' lang='lat' dir='ltr'><strong>libi,(</strong></span> <span class='ocrx_word' id='word_1_126' title='bbox 1975 1478 2153 1534; x_wconf 87' lang='lat' dir='ltr'><strong>ferant</strong></span> 
     </span>
    </p>
   </div>
   <div class='ocr_carea' id='block_1_16' title="bbox 571 1570 2151 1641">
    <p class='ocr_par' dir='ltr' id='par_1_16' title="bbox 571 1570 2151 1641">
     <span class='ocr_line' id='line_1_16' title="bbox 571 1570 2151 1641; baseline -0.004 -10"><span class='ocrx_word' id='word_1_127' title='bbox 571 1576 963 1640; x_wconf 78' lang='lat' dir='ltr'><strong>confusionem,</strong></span> <span class='ocrx_word' id='word_1_128' title='bbox 995 1595 1013 1628; x_wconf 74' lang='grc' dir='ltr'><strong>ι</strong></span> <span class='ocrx_word' id='word_1_129' title='bbox 1049 1576 1101 1630; x_wconf 89' lang='lat' dir='ltr'><strong>id</strong></span> <span class='ocrx_word' id='word_1_130' title='bbox 1127 1583 1230 1641; x_wconf 89' lang='lat' dir='ltr'><strong>est,</strong></span> <span class='ocrx_word' id='word_1_131' title='bbox 1261 1575 1603 1637; x_wconf 85' lang='lat' dir='ltr'><strong>erubescant,</strong></span> <span class='ocrx_word' id='word_1_132' title='bbox 1632 1579 1685 1625; x_wconf 92' lang='lat' dir='ltr'><strong>et</strong></span> <span class='ocrx_word' id='word_1_133' title='bbox 1710 1572 1815 1626; x_wconf 91' lang='lat' dir='ltr'><strong>hoc</strong></span> <span class='ocrx_word' id='word_1_134' title='bbox 1859 1571 1977 1625; x_wconf 90' lang='lat' dir='ltr'><strong>sine</strong></span> <span class='ocrx_word' id='word_1_135' title='bbox 2016 1570 2151 1625; x_wconf 85' lang='lat' dir='ltr'><strong>dila-</strong></span> 
     </span>
    </p>
   </div>
   <div class='ocr_carea' id='block_1_17' title="bbox 571 1661 2145 1742">
    <p class='ocr_par' dir='ltr' id='par_1_17' title="bbox 571 1661 2145 1742">
     <span class='ocr_line' id='line_1_17' title="bbox 571 1661 2145 1742; baseline -0.005 -20"><span class='ocrx_word' id='word_1_136' title='bbox 571 1668 932 1735; x_wconf 89' lang='lat' dir='ltr'><strong>tione,ethoc</strong></span> <span class='ocrx_word' id='word_1_137' title='bbox 954 1677 1058 1732; x_wconf 92' lang='lat' dir='ltr'><strong>est,</strong></span> <span class='ocrx_word' id='word_1_138' title='bbox 1093 1684 1111 1719; x_wconf 86' lang='grc' dir='ltr'><strong>ι</strong></span> <span class='ocrx_word' id='word_1_139' title='bbox 1155 1665 1443 1722; x_wconf 81' lang='lat' dir='ltr'><strong>confestim</strong></span> <span class='ocrx_word' id='word_1_140' title='bbox 1497 1685 1520 1718; x_wconf 74' lang='grc' dir='ltr'><strong>ι</strong></span> <span class='ocrx_word' id='word_1_141' title='bbox 1575 1664 1776 1742; x_wconf 90' lang='lat' dir='ltr'><strong>ferant,</strong></span> <span class='ocrx_word' id='word_1_142' title='bbox 1825 1662 1946 1717; x_wconf 89' lang='lat' dir='ltr'><strong>ideo</strong></span> <span class='ocrx_word' id='word_1_143' title='bbox 1994 1661 2145 1727; x_wconf 84' lang='lat' dir='ltr'><strong>dicit,</strong></span> 
     </span>
    </p>
   </div>
   <div class='ocr_carea' id='block_1_18' title="bbox 570 1754 2146 1831">
    <p class='ocr_par' dir='ltr' id='par_1_18' title="bbox 570 1754 2146 1831">
     <span class='ocr_line' id='line_1_18' title="bbox 570 1754 2146 1831; baseline -0.006 -15"><span class='ocrx_word' id='word_1_144' title='bbox 570 1769 632 1816; x_wconf 92' lang='lat' dir='ltr'><strong>ut</strong></span> <span class='ocrx_word' id='word_1_145' title='bbox 655 1768 808 1816; x_wconf 90' lang='lat' dir='ltr'><strong>notat</strong></span> <span class='ocrx_word' id='word_1_146' title='bbox 831 1774 1080 1831; x_wconf 90' lang='lat' dir='ltr'><strong>magnam</strong></span> <span class='ocrx_word' id='word_1_147' title='bbox 1111 1758 1485 1814; x_wconf 89' lang='lat' dir='ltr'><strong>confusionem</strong></span> <span class='ocrx_word' id='word_1_148' title='bbox 1513 1771 1634 1825; x_wconf 67' lang='lat' dir='ltr'><strong>quae</strong></span> <span class='ocrx_word' id='word_1_149' title='bbox 1677 1754 2000 1823; x_wconf 86' lang='lat' dir='ltr'><strong>comprimat</strong></span> <span class='ocrx_word' id='word_1_150' title='bbox 2054 1767 2146 1807; x_wconf 90' lang='lat' dir='ltr'><strong>su-</strong></span> 
     </span>
    </p>
   </div>
   <div class='ocr_carea' id='block_1_19' title="bbox 2260 579 3839 656">
    <p class='ocr_par' dir='ltr' id='par_1_19' title="bbox 2260 579 3839 656">
     <span class='ocr_line' id='line_1_19' title="bbox 2260 579 3839 656; baseline 0.011 -25"><span class='ocrx_word' id='word_1_151' title='bbox 2260 579 2472 648; x_wconf 88' lang='lat' dir='ltr'><strong>prietati</strong></span> <span class='ocrx_word' id='word_1_152' title='bbox 2513 580 2704 649; x_wconf 89' lang='lat' dir='ltr'><strong>psalmi</strong></span> <span class='ocrx_word' id='word_1_153' title='bbox 2755 581 3064 637; x_wconf 89' lang='lat' dir='ltr'><strong>convenire.</strong></span> <span class='ocrx_word' id='word_1_154' title='bbox 3108 583 3284 640; x_wconf 88' lang='lat' dir='ltr'><strong>Chore</strong></span> <span class='ocrx_word' id='word_1_155' title='bbox 3325 602 3560 656; x_wconf 86' lang='lat' dir='ltr'><strong>namque</strong></span> <span class='ocrx_word' id='word_1_156' title='bbox 3599 590 3839 648; x_wconf 80' lang='lat' dir='ltr'><strong>calvaria</strong></span> 
     </span>
    </p>
   </div>
   <div class='ocr_carea' id='block_1_20' title="bbox 2259 671 3842 742">
    <p class='ocr_par' dir='ltr' id='par_1_20' title="bbox 2259 671 3842 742">
     <span class='ocr_line' id='line_1_20' title="bbox 2259 671 3842 742; baseline 0.009 -18"><span class='ocrx_word' id='word_1_157' title='bbox 2259 671 2670 740; x_wconf 87' lang='lat' dir='ltr'><strong>interpretatur,</strong></span> <span class='ocrx_word' id='word_1_158' title='bbox 2694 681 2749 726; x_wconf 91' lang='lat' dir='ltr'><strong>et</strong></span> <span class='ocrx_word' id='word_1_159' title='bbox 2774 673 2900 742; x_wconf 89' lang='lat' dir='ltr'><strong>quia</strong></span> <span class='ocrx_word' id='word_1_160' title='bbox 2934 674 2990 727; x_wconf 92' lang='lat' dir='ltr'><strong>in</strong></span> <span class='ocrx_word' id='word_1_161' title='bbox 3016 674 3106 729; x_wconf 90' lang='lat' dir='ltr'><strong>illo</strong></span> <span class='ocrx_word' id='word_1_162' title='bbox 3134 675 3257 731; x_wconf 89' lang='lat' dir='ltr'><strong>loco</strong></span> <span class='ocrx_word' id='word_1_163' title='bbox 3279 679 3572 735; x_wconf 84' lang='lat' dir='ltr'><strong>crucifixus</strong></span> <span class='ocrx_word' id='word_1_164' title='bbox 3600 690 3685 736; x_wconf 90' lang='lat' dir='ltr'><strong>est</strong></span> <span class='ocrx_word' id='word_1_165' title='bbox 3734 682 3842 738; x_wconf 85' lang='lat' dir='ltr'><strong>Do-</strong></span> 
     </span>
    </p>
   </div>
   <div class='ocr_carea' id='block_1_21' title="bbox 2257 759 3841 834">
    <p class='ocr_par' dir='ltr' id='par_1_21' title="bbox 2257 759 3841 834">
     <span class='ocr_line' id='line_1_21' title="bbox 2257 759 3841 834; baseline 0.009 -21"><span class='ocrx_word' id='word_1_166' title='bbox 2257 759 2458 826; x_wconf 88' lang='lat' dir='ltr'><strong>minus,</strong></span> <span class='ocrx_word' id='word_1_167' title='bbox 2489 776 2587 831; x_wconf 91' lang='lat' dir='ltr'><strong>per</strong></span> <span class='ocrx_word' id='word_1_168' title='bbox 2635 763 2919 818; x_wconf 89' lang='lat' dir='ltr'><strong>continens</strong></span> <span class='ocrx_word' id='word_1_169' title='bbox 2965 773 3297 833; x_wconf 89' lang='lat' dir='ltr'><strong>contentum,</strong></span> <span class='ocrx_word' id='word_1_170' title='bbox 3342 768 3566 834; x_wconf 88' lang='lat' dir='ltr'><strong>scilicet,</strong></span> <span class='ocrx_word' id='word_1_171' title='bbox 3620 787 3841 827; x_wconf 85' lang='lat' dir='ltr'><strong>crucem</strong></span> 
     </span>
    </p>
   </div>
   <div class='ocr_carea' id='block_1_22' title="bbox 2255 849 3839 925">
    <p class='ocr_par' dir='ltr' id='par_1_22' title="bbox 2255 849 3839 925">
     <span class='ocr_line' id='line_1_22' title="bbox 2255 849 3839 925; baseline 0.008 -21"><span class='ocrx_word' id='word_1_172' title='bbox 2255 849 2455 904; x_wconf 90' lang='lat' dir='ltr'><strong>Christi</strong></span> <span class='ocrx_word' id='word_1_173' title='bbox 2516 851 2886 920; x_wconf 79' lang='lat' dir='ltr'><strong>intelligimus.</strong></span> <span class='ocrx_word' id='word_1_174' title='bbox 2935 853 3057 908; x_wconf 88' lang='lat' dir='ltr'><strong>Filii</strong></span> <span class='ocrx_word' id='word_1_175' title='bbox 3109 863 3291 910; x_wconf 87' lang='lat' dir='ltr'><strong>autem</strong></span> <span class='ocrx_word' id='word_1_176' title='bbox 3337 859 3555 925; x_wconf 91' lang='lat' dir='ltr'><strong>crucis,</strong></span> <span class='ocrx_word' id='word_1_177' title='bbox 3608 861 3839 916; x_wconf 80' lang='lat' dir='ltr'><strong>scilicet.</strong></span> 
     </span>
    </p>
   </div>
   <div class='ocr_carea' id='block_1_23' title="bbox 2254 940 3839 1022">
    <p class='ocr_par' dir='ltr' id='par_1_23' title="bbox 2254 940 3839 1022">
     <span class='ocr_line' id='line_1_23' title="bbox 2254 940 3839 1022; baseline 0.006 -26"><span class='ocrx_word' id='word_1_178' title='bbox 2254 940 2448 1006; x_wconf 89' lang='lat' dir='ltr'><strong>Chore,</strong></span> <span class='ocrx_word' id='word_1_179' title='bbox 2498 949 2625 996; x_wconf 91' lang='lat' dir='ltr'><strong>sunt</strong></span> <span class='ocrx_word' id='word_1_180' title='bbox 2663 942 3071 1009; x_wconf 78' lang='lat' dir='ltr'><strong>Christiani,&#39;ct</strong></span> <span class='ocrx_word' id='word_1_181' title='bbox 3122 947 3356 1002; x_wconf 76' lang='lat' dir='ltr'><strong>maxime</strong></span> <span class='ocrx_word' id='word_1_182' title='bbox 3403 959 3700 1020; x_wconf 86' lang='lat' dir='ltr'><strong>martyres,</strong></span> <span class='ocrx_word' id='word_1_183' title='bbox 3750 954 3839 1022; x_wconf 82' lang='lat' dir='ltr'><strong>qui</strong></span> 
     </span>
    </p>
   </div>
   <div class='ocr_carea' id='block_1_24' title="bbox 2254 1034 3838 1102">
    <p class='ocr_par' dir='ltr' id='par_1_24' title="bbox 2254 1034 3838 1102">
     <span class='ocr_line' id='line_1_24' title="bbox 2254 1034 3838 1102; baseline 0.008 -16"><span class='ocrx_word' id='word_1_184' title='bbox 2254 1048 2528 1102; x_wconf 89' lang='lat' dir='ltr'><strong>nunquam</strong></span> <span class='ocrx_word' id='word_1_185' title='bbox 2560 1049 2686 1088; x_wconf 88' lang='lat' dir='ltr'><strong>eum</strong></span> <span class='ocrx_word' id='word_1_186' title='bbox 2717 1034 3037 1090; x_wconf 79' lang='lat' dir='ltr'><strong>crucifixum</strong></span> <span class='ocrx_word' id='word_1_187' title='bbox 3063 1037 3308 1093; x_wconf 85' lang='lat' dir='ltr'><strong>confiteri</strong></span> <span class='ocrx_word' id='word_1_188' title='bbox 3353 1042 3711 1097; x_wconf 86' lang='lat' dir='ltr'><strong>erubescunt.</strong></span> <span class='ocrx_word' id='word_1_189' title='bbox 3746 1044 3838 1098; x_wconf 80' lang='lat' dir='ltr'><strong>Ti-</strong></span> 
     </span>
    </p>
   </div>
   <div class='ocr_carea' id='block_1_25' title="bbox 2252 1122 3839 1200">
    <p class='ocr_par' dir='ltr' id='par_1_25' title="bbox 2252 1122 3839 1200">
     <span class='ocr_line' id='line_1_25' title="bbox 2252 1122 3839 1200; baseline 0.008 -22"><span class='ocrx_word' id='word_1_190' title='bbox 2252 1122 2398 1178; x_wconf 90' lang='lat' dir='ltr'><strong>tulus</strong></span> <span class='ocrx_word' id='word_1_191' title='bbox 2425 1125 2506 1178; x_wconf 90' lang='lat' dir='ltr'><strong>sic</strong></span> <span class='ocrx_word' id='word_1_192' title='bbox 2529 1124 2816 1194; x_wconf 85' lang='lat' dir='ltr'><strong>exponitur</strong></span> <span class='ocrx_word' id='word_1_193' title='bbox 2851 1142 2864 1178; x_wconf 91' lang='lat'><strong>:</strong></span> <span class='ocrx_word' id='word_1_194' title='bbox 2895 1124 3222 1193; x_wconf 80' lang='lat' dir='ltr'><strong>intellectus,</strong></span> <span class='ocrx_word' id='word_1_195' title='bbox 3253 1129 3307 1182; x_wconf 89' lang='lat' dir='ltr'><strong>id</strong></span> <span class='ocrx_word' id='word_1_196' title='bbox 3336 1137 3442 1195; x_wconf 91' lang='lat' dir='ltr'><strong>est,</strong></span> <span class='ocrx_word' id='word_1_197' title='bbox 3467 1131 3719 1200; x_wconf 84' lang='lat' dir='ltr'><strong>psalmus</strong></span> <span class='ocrx_word' id='word_1_198' title='bbox 3739 1134 3839 1190; x_wconf 83' lang='lat' dir='ltr'><strong>iste</strong></span> 
     </span>
    </p>
   </div>
   <div class='ocr_carea' id='block_1_26' title="bbox 2251 1214 3837 1291">
    <p class='ocr_par' dir='ltr' id='par_1_26' title="bbox 2251 1214 3837 1291">
     <span class='ocr_line' id='line_1_26' title="bbox 2251 1214 3837 1291; baseline 0.007 -23"><span class='ocrx_word' id='word_1_199' title='bbox 2251 1215 2343 1285; x_wconf 89' lang='lat' dir='ltr'><strong>qui</strong></span> <span class='ocrx_word' id='word_1_200' title='bbox 2367 1223 2594 1270; x_wconf 88' lang='lat' dir='ltr'><strong>vocatur</strong></span> <span class='ocrx_word' id='word_1_201' title='bbox 2620 1214 2943 1283; x_wconf 90' lang='lat' dir='ltr'><strong>intellectus,</strong></span> <span class='ocrx_word' id='word_1_202' title='bbox 2957 1218 3084 1287; x_wconf 91' lang='lat' dir='ltr'><strong>quia</strong></span> <span class='ocrx_word' id='word_1_203' title='bbox 3108 1219 3327 1289; x_wconf 82' lang='lat' dir='ltr'><strong>exponit</strong></span> <span class='ocrx_word' id='word_1_204' title='bbox 3359 1219 3516 1276; x_wconf 87' lang='lat' dir='ltr'><strong>nobis</strong></span> <span class='ocrx_word' id='word_1_205' title='bbox 3542 1226 3837 1291; x_wconf 80' lang='lat' dir='ltr'><strong>quemdam</strong></span> 
     </span>
    </p>
   </div>
   <div class='ocr_carea' id='block_1_27' title="bbox 2250 1305 3836 1378">
    <p class='ocr_par' dir='ltr' id='par_1_27' title="bbox 2250 1305 3836 1378">
     <span class='ocr_line' id='line_1_27' title="bbox 2250 1305 3836 1378; baseline 0.006 -19"><span class='ocrx_word' id='word_1_206' title='bbox 2250 1305 2618 1372; x_wconf 90' lang='lat' dir='ltr'><strong>intellectum,</strong></span> <span class='ocrx_word' id='word_1_207' title='bbox 2647 1306 2700 1361; x_wconf 92' lang='lat' dir='ltr'><strong>id</strong></span> <span class='ocrx_word' id='word_1_208' title='bbox 2722 1315 2821 1372; x_wconf 90' lang='lat' dir='ltr'><strong>est,</strong></span> <span class='ocrx_word' id='word_1_209' title='bbox 2846 1322 2961 1362; x_wconf 91' lang='lat' dir='ltr'><strong>rem</strong></span> <span class='ocrx_word' id='word_1_210' title='bbox 2991 1308 3144 1362; x_wconf 83' lang='lat' dir='ltr'><strong>valde</strong></span> <span class='ocrx_word' id='word_1_211' title='bbox 3165 1319 3450 1377; x_wconf 88' lang='lat' dir='ltr'><strong>secretam,</strong></span> <span class='ocrx_word' id='word_1_212' title='bbox 3468 1313 3524 1367; x_wconf 89' lang='lat' dir='ltr'><strong>id</strong></span> <span class='ocrx_word' id='word_1_213' title='bbox 3545 1322 3656 1378; x_wconf 87' lang='lat' dir='ltr'><strong>est,</strong></span> <span class='ocrx_word' id='word_1_214' title='bbox 3679 1314 3836 1368; x_wconf 87' lang='lat' dir='ltr'><strong>Chri-</strong></span> 
     </span>
    </p>
   </div>
   <div class='ocr_carea' id='block_1_28' title="bbox 2251 1395 3836 1466">
    <p class='ocr_par' dir='ltr' id='par_1_28' title="bbox 2251 1395 3836 1466">
     <span class='ocr_line' id='line_1_28' title="bbox 2251 1395 3836 1466; baseline 0.007 -19"><span class='ocrx_word' id='word_1_215' title='bbox 2251 1401 2394 1448; x_wconf 92' lang='lat' dir='ltr'><strong>stum</strong></span> <span class='ocrx_word' id='word_1_216' title='bbox 2445 1409 2552 1448; x_wconf 91' lang='lat' dir='ltr'><strong>non</strong></span> <span class='ocrx_word' id='word_1_217' title='bbox 2601 1395 2917 1466; x_wconf 84' lang='lat' dir='ltr'><strong>simpliciter</strong></span> <span class='ocrx_word' id='word_1_218' title='bbox 2960 1395 3253 1464; x_wconf 88' lang='lat' dir='ltr'><strong>hominem,</strong></span> <span class='ocrx_word' id='word_1_219' title='bbox 3295 1401 3391 1455; x_wconf 89' lang='lat' dir='ltr'><strong>sed</strong></span> <span class='ocrx_word' id='word_1_220' title='bbox 3443 1402 3614 1456; x_wconf 86' lang='lat' dir='ltr'><strong>etiam</strong></span> <span class='ocrx_word' id='word_1_221' title='bbox 3668 1403 3836 1458; x_wconf 85' lang='lat' dir='ltr'><strong>Deum</strong></span> 
     </span>
    </p>
   </div>
   <div class='ocr_carea' id='block_1_29' title="bbox 2248 1483 3836 1559">
    <p class='ocr_par' dir='ltr' id='par_1_29' title="bbox 2248 1483 3836 1559">
     <span class='ocr_line' id='line_1_29' title="bbox 2248 1483 3836 1559; baseline 0.006 -20"><span class='ocrx_word' id='word_1_222' title='bbox 2248 1483 2434 1540; x_wconf 90' lang='lat' dir='ltr'><strong>fuisse.</strong></span> <span class='ocrx_word' id='word_1_223' title='bbox 2465 1485 2567 1540; x_wconf 86' lang='lat' dir='ltr'><strong>Hic</strong></span> <span class='ocrx_word' id='word_1_224' title='bbox 2593 1486 2716 1542; x_wconf 91' lang='lat' dir='ltr'><strong>talis</strong></span> <span class='ocrx_word' id='word_1_225' title='bbox 2747 1486 3074 1554; x_wconf 90' lang='lat' dir='ltr'><strong>intellectus,</strong></span> <span class='ocrx_word' id='word_1_226' title='bbox 3099 1490 3432 1559; x_wconf 63' lang='lat' dir='ltr'><strong>praeponitur</strong></span> <span class='ocrx_word' id='word_1_227' title='bbox 3475 1492 3608 1547; x_wconf 88' lang='lat' dir='ltr'><strong>filiis</strong></span> <span class='ocrx_word' id='word_1_228' title='bbox 3659 1492 3836 1548; x_wconf 87' lang='lat' dir='ltr'><strong>Chore</strong></span> 
     </span>
    </p>
   </div>
   <div class='ocr_carea' id='block_1_30' title="bbox 2249 1574 3834 1647">
    <p class='ocr_par' dir='ltr' id='par_1_30' title="bbox 2249 1574 3834 1647">
     <span class='ocr_line' id='line_1_30' title="bbox 2249 1574 3834 1647; baseline 0.006 -19"><span class='ocrx_word' id='word_1_229' title='bbox 2249 1575 2316 1629; x_wconf 92' lang='lat' dir='ltr'><strong>ad</strong></span> <span class='ocrx_word' id='word_1_230' title='bbox 2348 1574 2774 1647; x_wconf 83' lang='lat' dir='ltr'><strong>intelligendum,</strong></span> <span class='ocrx_word' id='word_1_231' title='bbox 2811 1576 2862 1631; x_wconf 91' lang='lat' dir='ltr'><strong>id</strong></span> <span class='ocrx_word' id='word_1_232' title='bbox 2890 1584 2996 1643; x_wconf 89' lang='lat' dir='ltr'><strong>est,</strong></span> <span class='ocrx_word' id='word_1_233' title='bbox 3023 1577 3149 1633; x_wconf 83' lang='lat' dir='ltr'><strong>filiis</strong></span> <span class='ocrx_word' id='word_1_234' title='bbox 3193 1581 3392 1645; x_wconf 91' lang='lat' dir='ltr'><strong>crucis,</strong></span> <span class='ocrx_word' id='word_1_235' title='bbox 3421 1581 3655 1636; x_wconf 86' lang='lat' dir='ltr'><strong>directis</strong></span> <span class='ocrx_word' id='word_1_236' title='bbox 3685 1584 3744 1637; x_wconf 91' lang='lat' dir='ltr'><strong>in</strong></span> <span class='ocrx_word' id='word_1_237' title='bbox 3774 1583 3834 1637; x_wconf 82' lang='lat' dir='ltr'><strong>fi-</strong></span> 
     </span>
    </p>
   </div>
   <div class='ocr_carea' id='block_1_31' title="bbox 2248 1662 3836 1739">
    <p class='ocr_par' dir='ltr' id='par_1_31' title="bbox 2248 1662 3836 1739">
     <span class='ocr_line' id='line_1_31' title="bbox 2248 1662 3836 1739; baseline 0.006 -23"><span class='ocrx_word' id='word_1_238' title='bbox 2248 1677 2392 1728; x_wconf 91' lang='lat' dir='ltr'><strong>nem,</strong></span> <span class='ocrx_word' id='word_1_239' title='bbox 2419 1663 2472 1718; x_wconf 88' lang='lat' dir='ltr'><strong>id</strong></span> <span class='ocrx_word' id='word_1_240' title='bbox 2503 1672 2606 1728; x_wconf 89' lang='lat' dir='ltr'><strong>est,</strong></span> <span class='ocrx_word' id='word_1_241' title='bbox 2640 1663 2695 1718; x_wconf 92' lang='lat' dir='ltr'><strong>in</strong></span> <span class='ocrx_word' id='word_1_242' title='bbox 2718 1662 3024 1731; x_wconf 87' lang='lat' dir='ltr'><strong>Christum,</strong></span> <span class='ocrx_word' id='word_1_243' title='bbox 3063 1666 3109 1720; x_wconf 91' lang='lat' dir='ltr'><strong>si</strong></span> <span class='ocrx_word' id='word_1_244' title='bbox 3135 1667 3251 1722; x_wconf 66' lang='lat' dir='ltr'><strong>haec</strong></span> <span class='ocrx_word' id='word_1_245' title='bbox 3288 1668 3618 1739; x_wconf 78' lang='lat' dir='ltr'><strong>intelligant.</strong></span> <span class='ocrx_word' id='word_1_246' title='bbox 3669 1669 3836 1726; x_wconf 75' lang='lat' dir='ltr'><strong>Mate-</strong></span> 
     </span>
    </p>
   </div>
   <div class='ocr_carea' id='block_1_32' title="bbox 2248 1752 3836 1820">
    <p class='ocr_par' dir='ltr' id='par_1_32' title="bbox 2248 1752 3836 1820">
     <span class='ocr_line' id='line_1_32' title="bbox 2248 1752 3836 1820; baseline 0.006 -14"><span class='ocrx_word' id='word_1_247' title='bbox 2248 1752 2330 1807; x_wconf 87' lang='lat' dir='ltr'><strong>ria</strong></span> <span class='ocrx_word' id='word_1_248' title='bbox 2355 1760 2440 1808; x_wconf 92' lang='lat' dir='ltr'><strong>est</strong></span> <span class='ocrx_word' id='word_1_249' title='bbox 2469 1752 2717 1810; x_wconf 86' lang='lat' dir='ltr'><strong>Christus</strong></span> <span class='ocrx_word' id='word_1_250' title='bbox 2751 1754 2893 1811; x_wconf 92' lang='lat' dir='ltr'><strong>Deus</strong></span> <span class='ocrx_word' id='word_1_251' title='bbox 2934 1763 2990 1809; x_wconf 90' lang='lat' dir='ltr'><strong>et</strong></span> <span class='ocrx_word' id='word_1_252' title='bbox 3018 1755 3199 1820; x_wconf 88' lang='lat' dir='ltr'><strong>homo,</strong></span> <span class='ocrx_word' id='word_1_253' title='bbox 3231 1759 3528 1813; x_wconf 90' lang='lat' dir='ltr'><strong>secundum</strong></span> <span class='ocrx_word' id='word_1_254' title='bbox 3577 1759 3836 1816; x_wconf 85' lang='lat' dir='ltr'><strong>humani-</strong></span> 
     </span>
    </p>
   </div>
   <div class='ocr_carea' id='block_1_33' title="bbox 567 1841 3833 1922">
    <p class='ocr_par' dir='ltr' id='par_1_33' title="bbox 567 1841 3833 1922">
     <span class='ocr_line' id='line_1_33' title="bbox 567 1841 3833 1922; baseline 0.001 -17"><span class='ocrx_word' id='word_1_255' title='bbox 567 1851 812 1922; x_wconf 89' lang='lat' dir='ltr'><strong>perbiam</strong></span> <span class='ocrx_word' id='word_1_256' title='bbox 838 1865 1046 1918; x_wconf 90' lang='lat' dir='ltr'><strong>eorum,</strong></span> <span class='ocrx_word' id='word_1_257' title='bbox 1086 1848 1227 1907; x_wconf 84' lang='lat' dir='ltr'><strong>sicut</strong></span> <span class='ocrx_word' id='word_1_258' title='bbox 1269 1846 1487 1919; x_wconf 87' lang='lat' dir='ltr'><strong>aliquod</strong></span> <span class='ocrx_word' id='word_1_259' title='bbox 1535 1860 1672 1904; x_wconf 90' lang='lat' dir='ltr'><strong>onus</strong></span> <span class='ocrx_word' id='word_1_260' title='bbox 1721 1843 2030 1915; x_wconf 85' lang='lat' dir='ltr'><strong>comprimit</strong></span> <span class='ocrx_word' id='word_1_261' title='bbox 2063 1841 2143 1900; x_wconf 90' lang='lat' dir='ltr'><strong>fe-</strong></span> <span class='ocrx_word' id='word_1_262' title='bbox 2168 1855 2217 1916; x_wconf 81' lang='grc' dir='ltr'><strong>Β</strong></span> <span class='ocrx_word' id='word_1_263' title='bbox 2244 1851 2411 1899; x_wconf 86' lang='lat' dir='ltr'><strong>tatem</strong></span> <span class='ocrx_word' id='word_1_264' title='bbox 2431 1842 2741 1913; x_wconf 88' lang='lat' dir='ltr'><strong>injuriatus,</strong></span> <span class='ocrx_word' id='word_1_265' title='bbox 2763 1860 2860 1915; x_wconf 90' lang='lat' dir='ltr'><strong>per</strong></span> <span class='ocrx_word' id='word_1_266' title='bbox 2895 1846 3228 1901; x_wconf 88' lang='lat' dir='ltr'><strong>divinitatem</strong></span> <span class='ocrx_word' id='word_1_267' title='bbox 3257 1847 3608 1914; x_wconf 80' lang='lat' dir='ltr'><strong>glorificatus.</strong></span> <span class='ocrx_word' id='word_1_268' title='bbox 3644 1850 3833 1907; x_wconf 79' lang='lat' dir='ltr'><strong>Modus</strong></span> 
     </span>
    </p>
   </div>
   <div class='ocr_carea' id='block_1_34' title="bbox 570 1950 803 1998">
    <p class='ocr_par' dir='ltr' id='par_1_34' title="bbox 570 1950 803 1998">
     <span class='ocr_line' id='line_1_34' title="bbox 570 1950 803 1998; baseline -0.013 0"><span class='ocrx_word' id='word_1_269' title='bbox 570 1955 667 1998; x_wconf 70' lang='lat' dir='ltr'><strong>mn</strong></span> <span class='ocrx_word' id='word_1_270' title='bbox 673 1950 780 1998; x_wconf 91' lang='lat' dir='ltr'><strong>tem</strong></span> <span class='ocrx_word' id='word_1_271' title='bbox 789 1981 803 1995; x_wconf 91' lang='lat'><strong>.</strong></span> 
     </span>
    </p>
   </div>
   <div class='ocr_carea' id='block_1_35' title="bbox 639 2028 2148 2099">
    <p class='ocr_par' dir='ltr' id='par_1_35' title="bbox 639 2028 2148 2099">
     <span class='ocr_line' id='line_1_35' title="bbox 639 2028 2148 2099; baseline -0.004 -11"><span class='ocrx_word' id='word_1_272' title='bbox 639 2033 845 2088; x_wconf 85' lang='lat' dir='ltr'><strong>Inimici</strong></span> <span class='ocrx_word' id='word_1_273' title='bbox 869 2041 1273 2099; x_wconf 88' lang='lat' dir='ltr'><strong>convertantur,</strong></span> <span class='ocrx_word' id='word_1_274' title='bbox 1306 2031 1466 2087; x_wconf 91' lang='lat' dir='ltr'><strong>amici</strong></span> <span class='ocrx_word' id='word_1_275' title='bbox 1506 2039 1687 2086; x_wconf 90' lang='lat' dir='ltr'><strong>autem</strong></span> <span class='ocrx_word' id='word_1_276' title='bbox 1727 2048 1746 2081; x_wconf 78' lang='grc' dir='ltr'><strong>ι</strong></span> <span class='ocrx_word' id='word_1_277' title='bbox 1781 2028 2050 2084; x_wconf 77' lang='lat' dir='ltr'><strong>exsultent</strong></span> <span class='ocrx_word' id='word_1_278' title='bbox 2093 2034 2148 2083; x_wconf 90' lang='lat' dir='ltr'><strong>et</strong></span> 
     </span>
    </p>
   </div>
   <div class='ocr_carea' id='block_1_36' title="bbox 569 2115 2144 2190">
    <p class='ocr_par' dir='ltr' id='par_1_36' title="bbox 569 2115 2144 2190">
     <span class='ocr_line' id='line_1_36' title="bbox 569 2115 2144 2190; baseline -0.004 -13"><span class='ocrx_word' id='word_1_279' title='bbox 569 2124 835 2190; x_wconf 62' lang='lat' dir='ltr'><strong>laetentur,</strong></span> <span class='ocrx_word' id='word_1_280' title='bbox 875 2141 895 2176; x_wconf 73' lang='grc' dir='ltr'><strong>ι</strong></span> <span class='ocrx_word' id='word_1_281' title='bbox 932 2123 1157 2189; x_wconf 86' lang='lat' dir='ltr'><strong>scilicet,</strong></span> <span class='ocrx_word' id='word_1_282' title='bbox 1200 2141 1219 2174; x_wconf 81' lang='grc' dir='ltr'><strong>ι</strong></span> <span class='ocrx_word' id='word_1_283' title='bbox 1250 2136 1439 2177; x_wconf 90' lang='lat' dir='ltr'><strong>omnes</strong></span> <span class='ocrx_word' id='word_1_284' title='bbox 1461 2128 1761 2190; x_wconf 83' lang='lat' dir='ltr'><strong>quaerentes</strong></span> <span class='ocrx_word' id='word_1_285' title='bbox 1795 2123 1895 2174; x_wconf 76' lang='grc' dir='ltr'>ιε’»</span> <span class='ocrx_word' id='word_1_286' title='bbox 1924 2126 1979 2172; x_wconf 90' lang='grc' dir='ltr'><strong>ει</strong></span> <span class='ocrx_word' id='word_1_287' title='bbox 2009 2136 2026 2168; x_wconf 84' lang='grc' dir='ltr'><strong>ι</strong></span> <span class='ocrx_word' id='word_1_288' title='bbox 2051 2115 2144 2186; x_wconf 88' lang='lat' dir='ltr'><strong>qui</strong></span> 
     </span>
    </p>
   </div>
   <div class='ocr_carea' id='block_1_37' title="bbox 567 2210 2142 2281">
    <p class='ocr_par' dir='ltr' id='par_1_37' title="bbox 567 2210 2142 2281">
     <span class='ocr_line' id='line_1_37' title="bbox 567 2210 2142 2281; baseline -0.004 -13"><span class='ocrx_word' id='word_1_289' title='bbox 567 2213 793 2281; x_wconf 82' lang='lat' dir='ltr'><strong>diligunt</strong></span> <span class='ocrx_word' id='word_1_290' title='bbox 821 2213 1055 2268; x_wconf 90' lang='lat' dir='ltr'><strong>salutare</strong></span> <span class='ocrx_word' id='word_1_291' title='bbox 1103 2222 1271 2278; x_wconf 89' lang='lat' dir='ltr'><strong>tuum,</strong></span> <span class='ocrx_word' id='word_1_292' title='bbox 1313 2232 1331 2265; x_wconf 74' lang='grc' dir='ltr'><strong>ι</strong></span> <span class='ocrx_word' id='word_1_293' title='bbox 1372 2212 1427 2266; x_wconf 90' lang='lat' dir='ltr'><strong>id</strong></span> <span class='ocrx_word' id='word_1_294' title='bbox 1455 2220 1558 2277; x_wconf 92' lang='lat' dir='ltr'><strong>est,</strong></span> <span class='ocrx_word' id='word_1_295' title='bbox 1590 2210 1942 2265; x_wconf 88' lang='lat' dir='ltr'><strong>salvationem</strong></span> <span class='ocrx_word' id='word_1_296' title='bbox 1980 2222 2142 2278; x_wconf 90' lang='lat' dir='ltr'><strong>quam</strong></span> 
     </span>
    </p>
   </div>
   <div class='ocr_carea' id='block_1_38' title="bbox 566 2302 2137 2375">
    <p class='ocr_par' dir='ltr' id='par_1_38' title="bbox 566 2302 2137 2375">
     <span class='ocr_line' id='line_1_38' title="bbox 566 2302 2137 2375; baseline -0.003 -17"><span class='ocrx_word' id='word_1_297' title='bbox 566 2312 627 2360; x_wconf 88' lang='lat' dir='ltr'><strong>tu</strong></span> <span class='ocrx_word' id='word_1_298' title='bbox 656 2303 810 2370; x_wconf 90' lang='lat' dir='ltr'><strong>facis,</strong></span> <span class='ocrx_word' id='word_1_299' title='bbox 825 2314 880 2360; x_wconf 92' lang='lat' dir='ltr'><strong>et</strong></span> <span class='ocrx_word' id='word_1_300' title='bbox 911 2323 929 2356; x_wconf 86' lang='grc' dir='ltr'><strong>ι</strong></span> <span class='ocrx_word' id='word_1_301' title='bbox 962 2305 1142 2360; x_wconf 91' lang='lat' dir='ltr'><strong>dicant</strong></span> <span class='ocrx_word' id='word_1_302' title='bbox 1164 2319 1406 2375; x_wconf 88' lang='lat' dir='ltr'><strong>semper:</strong></span> <span class='ocrx_word' id='word_1_303' title='bbox 1431 2304 1801 2375; x_wconf 86' lang='lat' dir='ltr'><strong>Magnificetur</strong></span> <span class='ocrx_word' id='word_1_304' title='bbox 1827 2302 2137 2357; x_wconf 65' lang='lat' dir='ltr'><strong>Dominus.)</strong></span> 
     </span>
    </p>
   </div>
   <div class='ocr_carea' id='block_1_39' title="bbox 635 2394 2143 2467">
    <p class='ocr_par' dir='ltr' id='par_1_39' title="bbox 635 2394 2143 2467">
     <span class='ocr_line' id='line_1_39' title="bbox 635 2394 2143 2467; baseline -0.004 -15"><span class='ocrx_word' id='word_1_305' title='bbox 635 2397 712 2452; x_wconf 87' lang='lat' dir='ltr'><strong>De</strong></span> <span class='ocrx_word' id='word_1_306' title='bbox 744 2397 971 2452; x_wconf 90' lang='lat' dir='ltr'><strong>Domino</strong></span> <span class='ocrx_word' id='word_1_307' title='bbox 996 2396 1177 2450; x_wconf 84' lang='lat' dir='ltr'><strong>dicant</strong></span> <span class='ocrx_word' id='word_1_308' title='bbox 1224 2394 1604 2467; x_wconf 86' lang='lat' dir='ltr'><strong>magnificetur</strong></span> <span class='ocrx_word' id='word_1_309' title='bbox 1653 2394 1933 2460; x_wconf 90' lang='lat' dir='ltr'><strong>Dominus,</strong></span> <span class='ocrx_word' id='word_1_310' title='bbox 1986 2394 2051 2448; x_wconf 92' lang='lat' dir='ltr'><strong>de</strong></span> <span class='ocrx_word' id='word_1_311' title='bbox 2085 2405 2143 2448; x_wconf 93' lang='lat' dir='ltr'><strong>se</strong></span> 
     </span>
    </p>
   </div>
   <div class='ocr_carea' id='block_1_40' title="bbox 563 2482 2142 2557">
    <p class='ocr_par' dir='ltr' id='par_1_40' title="bbox 563 2482 2142 2557">
     <span class='ocr_line' id='line_1_40' title="bbox 563 2482 2142 2557; baseline -0.006 -12"><span class='ocrx_word' id='word_1_312' title='bbox 563 2496 746 2546; x_wconf 88' lang='lat' dir='ltr'><strong>autem</strong></span> <span class='ocrx_word' id='word_1_313' title='bbox 774 2487 954 2543; x_wconf 87' lang='lat' dir='ltr'><strong>dicant</strong></span> <span class='ocrx_word' id='word_1_314' title='bbox 991 2502 1006 2541; x_wconf 91' lang='lat'><strong>:</strong></span> <span class='ocrx_word' id='word_1_315' title='bbox 1050 2505 1068 2538; x_wconf 78' lang='grc' dir='ltr'><strong>ι</strong></span> <span class='ocrx_word' id='word_1_316' title='bbox 1106 2486 1217 2557; x_wconf 83' lang='lat' dir='ltr'><strong>Ego</strong></span> <span class='ocrx_word' id='word_1_317' title='bbox 1245 2501 1360 2541; x_wconf 92' lang='lat' dir='ltr'><strong>sum</strong></span> <span class='ocrx_word' id='word_1_318' title='bbox 1385 2485 1686 2550; x_wconf 90' lang='lat' dir='ltr'><strong>mendicus,</strong></span> <span class='ocrx_word' id='word_1_319' title='bbox 1726 2503 1744 2536; x_wconf 73' lang='grc' dir='ltr'><strong>ι</strong></span> <span class='ocrx_word' id='word_1_320' title='bbox 1782 2482 1835 2536; x_wconf 93' lang='lat' dir='ltr'><strong>id</strong></span> <span class='ocrx_word' id='word_1_321' title='bbox 1860 2490 1964 2548; x_wconf 90' lang='lat' dir='ltr'><strong>est,</strong></span> <span class='ocrx_word' id='word_1_322' title='bbox 1996 2497 2142 2551; x_wconf 60' lang='lat' dir='ltr'><strong>quae-</strong></span> 
     </span>
    </p>
   </div>
   <div class='ocr_carea' id='block_1_41' title="bbox 562 2574 2139 2652">
    <p class='ocr_par' dir='ltr' id='par_1_41' title="bbox 562 2574 2139 2652">
     <span class='ocr_line' id='line_1_41' title="bbox 562 2574 2139 2652; baseline -0.006 -14"><span class='ocrx_word' id='word_1_323' title='bbox 562 2594 688 2638; x_wconf 85' lang='lat' dir='ltr'><strong>rens</strong></span> <span class='ocrx_word' id='word_1_324' title='bbox 709 2581 1070 2652; x_wconf 82' lang='lat' dir='ltr'><strong>cognitionem</strong></span> <span class='ocrx_word' id='word_1_325' title='bbox 1101 2579 1168 2634; x_wconf 90' lang='lat' dir='ltr'><strong>de</strong></span> <span class='ocrx_word' id='word_1_326' title='bbox 1193 2579 1324 2642; x_wconf 89' lang='lat' dir='ltr'><strong>Deo,</strong></span> <span class='ocrx_word' id='word_1_327' title='bbox 1352 2586 1406 2633; x_wconf 90' lang='lat' dir='ltr'><strong>et</strong></span> <span class='ocrx_word' id='word_1_328' title='bbox 1431 2584 1907 2647; x_wconf 82' lang='lat' dir='ltr'><strong>quantumcunque</strong></span> <span class='ocrx_word' id='word_1_329' title='bbox 1939 2574 2007 2628; x_wconf 91' lang='lat' dir='ltr'><strong>ad</strong></span> <span class='ocrx_word' id='word_1_330' title='bbox 2036 2575 2139 2628; x_wconf 90' lang='lat' dir='ltr'><strong>hoc</strong></span> 
     </span>
    </p>
   </div>
   <div class='ocr_carea' id='block_1_42' title="bbox 563 2663 2140 2738">
    <p class='ocr_par' dir='ltr' id='par_1_42' title="bbox 563 2663 2140 2738">
     <span class='ocr_line' id='line_1_42' title="bbox 563 2663 2140 2738; baseline -0.005 -13"><span class='ocrx_word' id='word_1_331' title='bbox 563 2671 823 2734; x_wconf 88' lang='lat' dir='ltr'><strong>laborem,</strong></span> <span class='ocrx_word' id='word_1_332' title='bbox 857 2680 1037 2725; x_wconf 90' lang='lat' dir='ltr'><strong>tamen</strong></span> <span class='ocrx_word' id='word_1_333' title='bbox 1060 2683 1274 2738; x_wconf 90' lang='lat' dir='ltr'><strong>semper</strong></span> <span class='ocrx_word' id='word_1_334' title='bbox 1313 2685 1332 2720; x_wconf 80' lang='grc' dir='ltr'><strong>ι</strong></span> <span class='ocrx_word' id='word_1_335' title='bbox 1369 2681 1596 2737; x_wconf 88' lang='lat' dir='ltr'><strong>pauper,</strong></span> <span class='ocrx_word' id='word_1_336' title='bbox 1646 2685 1664 2719; x_wconf 75' lang='grc' dir='ltr'><strong>ι</strong></span> <span class='ocrx_word' id='word_1_337' title='bbox 1703 2666 1754 2720; x_wconf 92' lang='lat' dir='ltr'><strong>id</strong></span> <span class='ocrx_word' id='word_1_338' title='bbox 1783 2673 1892 2729; x_wconf 90' lang='lat' dir='ltr'><strong>est,</strong></span> <span class='ocrx_word' id='word_1_339' title='bbox 1936 2663 2140 2718; x_wconf 79' lang='lat' dir='ltr'><strong>insufii-</strong></span> 
     </span>
    </p>
   </div>
   <div class='ocr_carea' id='block_1_43' title="bbox 561 2754 2136 2827">
    <p class='ocr_par' dir='ltr' id='par_1_43' title="bbox 561 2754 2136 2827">
     <span class='ocr_line' id='line_1_43' title="bbox 561 2754 2136 2827; baseline -0.004 -11"><span class='ocrx_word' id='word_1_340' title='bbox 561 2760 767 2816; x_wconf 90' lang='lat' dir='ltr'><strong>cienter</strong></span> <span class='ocrx_word' id='word_1_341' title='bbox 811 2759 1018 2814; x_wconf 85' lang='lat' dir='ltr'><strong>habens</strong></span> <span class='ocrx_word' id='word_1_342' title='bbox 1069 2758 1428 2827; x_wconf 77' lang='lat' dir='ltr'><strong>cognitionem</strong></span> <span class='ocrx_word' id='word_1_343' title='bbox 1473 2757 1538 2813; x_wconf 92' lang='lat' dir='ltr'><strong>de</strong></span> <span class='ocrx_word' id='word_1_344' title='bbox 1591 2756 1734 2822; x_wconf 90' lang='lat' dir='ltr'><strong>Deo,</strong></span> <span class='ocrx_word' id='word_1_345' title='bbox 1765 2770 1927 2825; x_wconf 89' lang='lat' dir='ltr'><strong>quam</strong></span> <span class='ocrx_word' id='word_1_346' title='bbox 1959 2754 2136 2809; x_wconf 90' lang='lat' dir='ltr'><strong>nullus</strong></span> 
     </span>
    </p>
   </div>
   <div class='ocr_carea' id='block_1_44' title="bbox 560 2846 2138 2921">
    <p class='ocr_par' dir='ltr' id='par_1_44' title="bbox 560 2846 2138 2921">
     <span class='ocr_line' id='line_1_44' title="bbox 560 2846 2138 2921; baseline -0.003 -17"><span class='ocrx_word' id='word_1_347' title='bbox 560 2849 800 2921; x_wconf 79' lang='lat' dir='ltr'><strong>plenarie</strong></span> <span class='ocrx_word' id='word_1_348' title='bbox 824 2849 878 2903; x_wconf 93' lang='lat' dir='ltr'><strong>in</strong></span> <span class='ocrx_word' id='word_1_349' title='bbox 906 2848 1010 2903; x_wconf 89' lang='lat' dir='ltr'><strong>hac</strong></span> <span class='ocrx_word' id='word_1_350' title='bbox 1037 2847 1146 2904; x_wconf 90' lang='lat' dir='ltr'><strong>vita</strong></span> <span class='ocrx_word' id='word_1_351' title='bbox 1177 2848 1359 2913; x_wconf 87' lang='lat' dir='ltr'><strong>habet,</strong></span> <span class='ocrx_word' id='word_1_352' title='bbox 1391 2856 1446 2904; x_wconf 89' lang='lat' dir='ltr'><strong>et</strong></span> <span class='ocrx_word' id='word_1_353' title='bbox 1475 2848 1722 2917; x_wconf 87' lang='lat' dir='ltr'><strong>quamvis</strong></span> <span class='ocrx_word' id='word_1_354' title='bbox 1747 2848 1822 2902; x_wconf 90' lang='lat' dir='ltr'><strong>ita</strong></span> <span class='ocrx_word' id='word_1_355' title='bbox 1867 2846 1969 2901; x_wconf 85' lang='lat' dir='ltr'><strong>sim</strong></span> <span class='ocrx_word' id='word_1_356' title='bbox 2008 2861 2138 2916; x_wconf 91' lang='lat' dir='ltr'><strong>pau-</strong></span> 
     </span>
    </p>
   </div>
   <div class='ocr_carea' id='block_1_45' title="bbox 561 2936 2136 3009">
    <p class='ocr_par' dir='ltr' id='par_1_45' title="bbox 561 2936 2136 3009">
     <span class='ocr_line' id='line_1_45' title="bbox 561 2936 2136 3009; baseline -0.001 -17"><span class='ocrx_word' id='word_1_357' title='bbox 561 2954 677 3009; x_wconf 89' lang='lat' dir='ltr'><strong>per,</strong></span> <span class='ocrx_word' id='word_1_358' title='bbox 705 2945 882 2993; x_wconf 91' lang='lat' dir='ltr'><strong>tamen</strong></span> <span class='ocrx_word' id='word_1_359' title='bbox 903 2937 1190 2992; x_wconf 67' lang='lat' dir='ltr'><strong>«Dominus</strong></span> <span class='ocrx_word' id='word_1_360' title='bbox 1209 2937 1468 2992; x_wconf 87' lang='lat' dir='ltr'><strong>sollicitus</strong></span> <span class='ocrx_word' id='word_1_361' title='bbox 1489 2947 1573 2993; x_wconf 90' lang='lat' dir='ltr'><strong>est</strong></span> <span class='ocrx_word' id='word_1_362' title='bbox 1595 2937 1721 3003; x_wconf 90' lang='lat' dir='ltr'><strong>mei,</strong></span> <span class='ocrx_word' id='word_1_363' title='bbox 1751 2956 1770 2988; x_wconf 85' lang='grc'><strong>›</strong></span> <span class='ocrx_word' id='word_1_364' title='bbox 1797 2945 1852 2992; x_wconf 90' lang='grc' dir='ltr'><strong>ει</strong></span> <span class='ocrx_word' id='word_1_365' title='bbox 1872 2952 1980 2992; x_wconf 90' lang='lat' dir='ltr'><strong>non</strong></span> <span class='ocrx_word' id='word_1_366' title='bbox 2005 2936 2136 2994; x_wconf 85' lang='lat' dir='ltr'><strong>deli-</strong></span> 
     </span>
    </p>
   </div>
   <div class='ocr_carea' id='block_1_46' title="bbox 561 3027 1928 3100">
    <p class='ocr_par' dir='ltr' id='par_1_46' title="bbox 561 3027 1928 3100">
     <span class='ocr_line' id='line_1_46' title="bbox 561 3027 1928 3100; baseline -0.003 -16"><span class='ocrx_word' id='word_1_367' title='bbox 561 3031 666 3096; x_wconf 91' lang='lat' dir='ltr'><strong>cio,</strong></span> <span class='ocrx_word' id='word_1_368' title='bbox 688 3029 815 3100; x_wconf 89' lang='lat' dir='ltr'><strong>quia</strong></span> <span class='ocrx_word' id='word_1_369' title='bbox 836 3029 915 3084; x_wconf 90' lang='lat' dir='ltr'><strong>sic</strong></span> <span class='ocrx_word' id='word_1_370' title='bbox 949 3028 1081 3082; x_wconf 86' lang='lat' dir='ltr'><strong>mihi</strong></span> <span class='ocrx_word' id='word_1_371' title='bbox 1107 3028 1378 3083; x_wconf 89' lang='lat' dir='ltr'><strong>ministrat</strong></span> <span class='ocrx_word' id='word_1_372' title='bbox 1399 3028 1580 3083; x_wconf 90' lang='lat' dir='ltr'><strong>omnia</strong></span> <span class='ocrx_word' id='word_1_373' title='bbox 1602 3027 1928 3083; x_wconf 89' lang='lat' dir='ltr'><strong>necessaria.</strong></span> 
     </span>
    </p>
   </div>
   <div class='ocr_carea' id='block_1_47' title="bbox 631 3108 2135 3188">
    <p class='ocr_par' dir='ltr' id='par_1_47' title="bbox 631 3108 2135 3188">
     <span class='ocr_line' id='line_1_47' title="bbox 631 3108 2135 3188; baseline -0.002 -12"><span class='ocrx_word' id='word_1_374' title='bbox 631 3122 698 3176; x_wconf 83' lang='lat' dir='ltr'><strong>Et</strong></span> <span class='ocrx_word' id='word_1_375' title='bbox 728 3141 748 3173; x_wconf 76' lang='grc' dir='ltr'><strong>ι</strong></span> <span class='ocrx_word' id='word_1_376' title='bbox 780 3130 859 3186; x_wconf 88' lang='lat' dir='ltr'><strong>tu,</strong></span> <span class='ocrx_word' id='word_1_377' title='bbox 897 3139 918 3172; x_wconf 76' lang='grc' dir='ltr'><strong>ι</strong></span> <span class='ocrx_word' id='word_1_378' title='bbox 959 3118 1208 3185; x_wconf 89' lang='lat' dir='ltr'><strong>Domine,</strong></span> <span class='ocrx_word' id='word_1_379' title='bbox 1239 3119 1332 3188; x_wconf 90' lang='lat' dir='ltr'><strong>qui</strong></span> <span class='ocrx_word' id='word_1_380' title='bbox 1360 3108 1388 3170; x_wconf 56' lang='grc' dir='ltr'>ι’</span> <span class='ocrx_word' id='word_1_381' title='bbox 1412 3134 1474 3174; x_wconf 90' lang='grc' dir='ltr'><strong>εε</strong></span> <span class='ocrx_word' id='word_1_382' title='bbox 1500 3116 1714 3186; x_wconf 86' lang='lat' dir='ltr'><strong>adjutor</strong></span> <span class='ocrx_word' id='word_1_383' title='bbox 1743 3133 1895 3174; x_wconf 91' lang='lat' dir='ltr'><strong>meus</strong></span> <span class='ocrx_word' id='word_1_384' title='bbox 1923 3136 1940 3169; x_wconf 77' lang='grc' dir='ltr'><strong>ι</strong></span> <span class='ocrx_word' id='word_1_385' title='bbox 1969 3117 2022 3172; x_wconf 91' lang='lat' dir='ltr'><strong>in</strong></span> <span class='ocrx_word' id='word_1_386' title='bbox 2043 3131 2135 3173; x_wconf 88' lang='lat' dir='ltr'><strong>co-</strong></span> 
     </span>
    </p>
   </div>
   <div class='ocr_carea' id='block_1_48' title="bbox 2245 1935 3832 2012">
    <p class='ocr_par' dir='ltr' id='par_1_48' title="bbox 2245 1935 3832 2012">
     <span class='ocr_line' id='line_1_48' title="bbox 2245 1935 3832 2012; baseline 0.003 -20"><span class='ocrx_word' id='word_1_387' title='bbox 2245 1935 2368 1993; x_wconf 87' lang='lat' dir='ltr'><strong>talis</strong></span> <span class='ocrx_word' id='word_1_388' title='bbox 2397 1945 2500 1992; x_wconf 92' lang='lat' dir='ltr'><strong>est.</strong></span> <span class='ocrx_word' id='word_1_389' title='bbox 2524 1936 2678 1992; x_wconf 88' lang='lat' dir='ltr'><strong>Facit</strong></span> <span class='ocrx_word' id='word_1_390' title='bbox 2710 1945 2818 1992; x_wconf 89' lang='lat' dir='ltr'><strong>tres</strong></span> <span class='ocrx_word' id='word_1_391' title='bbox 2837 1946 3017 2007; x_wconf 88' lang='lat' dir='ltr'><strong>partes</strong></span> <span class='ocrx_word' id='word_1_392' title='bbox 3039 1939 3095 1993; x_wconf 92' lang='lat' dir='ltr'><strong>in</strong></span> <span class='ocrx_word' id='word_1_393' title='bbox 3119 1939 3342 2008; x_wconf 83' lang='lat' dir='ltr'><strong>psalmo.</strong></span> <span class='ocrx_word' id='word_1_394' title='bbox 3371 1939 3430 1994; x_wconf 91' lang='lat' dir='ltr'><strong>In</strong></span> <span class='ocrx_word' id='word_1_395' title='bbox 3468 1941 3652 2010; x_wconf 83' lang='lat' dir='ltr'><strong>prima</strong></span> <span class='ocrx_word' id='word_1_396' title='bbox 3682 1953 3832 2012; x_wconf 83' lang='lat' dir='ltr'><strong>parte</strong></span> 
     </span>
    </p>
   </div>
   <div class='ocr_carea' id='block_1_49' title="bbox 2245 2029 3831 2105">
    <p class='ocr_par' dir='ltr' id='par_1_49' title="bbox 2245 2029 3831 2105">
     <span class='ocr_line' id='line_1_49' title="bbox 2245 2029 3831 2105; baseline 0.002 -19"><span class='ocrx_word' id='word_1_397' title='bbox 2245 2031 2517 2096; x_wconf 87' lang='lat' dir='ltr'><strong>admonet,</strong></span> <span class='ocrx_word' id='word_1_398' title='bbox 2549 2045 2674 2086; x_wconf 87' lang='lat' dir='ltr'><strong>cum</strong></span> <span class='ocrx_word' id='word_1_399' title='bbox 2701 2029 2856 2085; x_wconf 91' lang='lat' dir='ltr'><strong>bonis</strong></span> <span class='ocrx_word' id='word_1_400' title='bbox 2878 2031 3344 2100; x_wconf 86' lang='lat' dir='ltr'><strong>promissionibus,</strong></span> <span class='ocrx_word' id='word_1_401' title='bbox 3374 2042 3434 2086; x_wconf 93' lang='lat' dir='ltr'><strong>ut</strong></span> <span class='ocrx_word' id='word_1_402' title='bbox 3487 2033 3831 2105; x_wconf 82' lang='lat' dir='ltr'><strong>intelligatur</strong></span> 
     </span>
    </p>
   </div>
   <div class='ocr_carea' id='block_1_50' title="bbox 2242 2118 3830 2192">
    <p class='ocr_par' dir='ltr' id='par_1_50' title="bbox 2242 2118 3830 2192">
     <span class='ocr_line' id='line_1_50' title="bbox 2242 2118 3830 2192; baseline 0.003 -18"><span class='ocrx_word' id='word_1_403' title='bbox 2242 2118 2492 2174; x_wconf 89' lang='lat' dir='ltr'><strong>Christus</strong></span> <span class='ocrx_word' id='word_1_404' title='bbox 2517 2127 2714 2188; x_wconf 69' lang='lat' dir='ltr'><strong>praeter</strong></span> <span class='ocrx_word' id='word_1_405' title='bbox 2748 2119 3020 2173; x_wconf 89' lang='lat' dir='ltr'><strong>hominem</strong></span> <span class='ocrx_word' id='word_1_406' title='bbox 3069 2120 3229 2175; x_wconf 91' lang='lat' dir='ltr'><strong>Deus.</strong></span> <span class='ocrx_word' id='word_1_407' title='bbox 3275 2119 3334 2174; x_wconf 91' lang='lat' dir='ltr'><strong>In</strong></span> <span class='ocrx_word' id='word_1_408' title='bbox 3385 2124 3628 2178; x_wconf 86' lang='lat' dir='ltr'><strong>secunda</strong></span> <span class='ocrx_word' id='word_1_409' title='bbox 3681 2135 3830 2192; x_wconf 86' lang='lat' dir='ltr'><strong>parte</strong></span> 
     </span>
    </p>
   </div>
   <div class='ocr_carea' id='block_1_51' title="bbox 2241 2208 3831 2283">
    <p class='ocr_par' dir='ltr' id='par_1_51' title="bbox 2241 2208 3831 2283">
     <span class='ocr_line' id='line_1_51' title="bbox 2241 2208 3831 2283; baseline 0.003 -18"><span class='ocrx_word' id='word_1_410' title='bbox 2241 2210 2427 2280; x_wconf 92' lang='lat' dir='ltr'><strong>ponit,</strong></span> <span class='ocrx_word' id='word_1_411' title='bbox 2457 2225 2627 2279; x_wconf 91' lang='lat' dir='ltr'><strong>quare</strong></span> <span class='ocrx_word' id='word_1_412' title='bbox 2655 2209 2872 2279; x_wconf 90' lang='lat' dir='ltr'><strong>quidam</strong></span> <span class='ocrx_word' id='word_1_413' title='bbox 2913 2208 3234 2279; x_wconf 89' lang='lat' dir='ltr'><strong>simpliciter</strong></span> <span class='ocrx_word' id='word_1_414' title='bbox 3276 2211 3550 2267; x_wconf 88' lang='lat' dir='ltr'><strong>hominem</strong></span> <span class='ocrx_word' id='word_1_415' title='bbox 3598 2226 3831 2283; x_wconf 83' lang='lat' dir='ltr'><strong>putave-</strong></span> 
     </span>
    </p>
   </div>
   <div class='ocr_carea' id='block_1_52' title="bbox 2241 2301 3824 2372">
    <p class='ocr_par' dir='ltr' id='par_1_52' title="bbox 2241 2301 3824 2372">
     <span class='ocr_line' id='line_1_52' title="bbox 2241 2301 3824 2372; baseline 0.003 -15"><span class='ocrx_word' id='word_1_416' title='bbox 2241 2312 2390 2368; x_wconf 87' lang='lat' dir='ltr'><strong>runt,</strong></span> <span class='ocrx_word' id='word_1_417' title='bbox 2410 2302 2635 2368; x_wconf 91' lang='lat' dir='ltr'><strong>scilicet,</strong></span> <span class='ocrx_word' id='word_1_418' title='bbox 2651 2301 2779 2372; x_wconf 91' lang='lat' dir='ltr'><strong>quia</strong></span> <span class='ocrx_word' id='word_1_419' title='bbox 2800 2301 2983 2357; x_wconf 87' lang='lat' dir='ltr'><strong>multis</strong></span> <span class='ocrx_word' id='word_1_420' title='bbox 3003 2303 3178 2358; x_wconf 91' lang='lat' dir='ltr'><strong>modis</strong></span> <span class='ocrx_word' id='word_1_421' title='bbox 3209 2301 3521 2372; x_wconf 88' lang='lat' dir='ltr'><strong>injuriatum</strong></span> <span class='ocrx_word' id='word_1_422' title='bbox 3547 2307 3824 2362; x_wconf 85' lang='lat' dir='ltr'><strong>viderunt.</strong></span> 
     </span>
    </p>
   </div>
   <div class='ocr_carea' id='block_1_53' title="bbox 2240 2393 3827 2469">
    <p class='ocr_par' dir='ltr' id='par_1_53' title="bbox 2240 2393 3827 2469">
     <span class='ocr_line' id='line_1_53' title="bbox 2240 2393 3827 2469; baseline 0.003 -20"><span class='ocrx_word' id='word_1_423' title='bbox 2240 2394 2299 2449; x_wconf 92' lang='lat' dir='ltr'><strong>ln</strong></span> <span class='ocrx_word' id='word_1_424' title='bbox 2326 2396 2486 2450; x_wconf 91' lang='lat' dir='ltr'><strong>tertia</strong></span> <span class='ocrx_word' id='word_1_425' title='bbox 2511 2403 2664 2464; x_wconf 93' lang='lat' dir='ltr'><strong>parte</strong></span> <span class='ocrx_word' id='word_1_426' title='bbox 2691 2409 2790 2449; x_wconf 89' lang='lat' dir='ltr'><strong>nos</strong></span> <span class='ocrx_word' id='word_1_427' title='bbox 2814 2393 2990 2449; x_wconf 90' lang='lat' dir='ltr'><strong>reddit</strong></span> <span class='ocrx_word' id='word_1_428' title='bbox 3008 2403 3186 2450; x_wconf 88' lang='lat' dir='ltr'><strong>certos</strong></span> <span class='ocrx_word' id='word_1_429' title='bbox 3209 2411 3330 2450; x_wconf 91' lang='lat' dir='ltr'><strong>eum</strong></span> <span class='ocrx_word' id='word_1_430' title='bbox 3364 2397 3482 2466; x_wconf 92' lang='lat' dir='ltr'><strong>plus</strong></span> <span class='ocrx_word' id='word_1_431' title='bbox 3508 2412 3636 2453; x_wconf 88' lang='lat' dir='ltr'><strong>esse</strong></span> <span class='ocrx_word' id='word_1_432' title='bbox 3665 2415 3827 2469; x_wconf 85' lang='lat' dir='ltr'><strong>quam</strong></span> 
     </span>
    </p>
   </div>
   <div class='ocr_carea' id='block_1_54' title="bbox 2239 2483 3825 2551">
    <p class='ocr_par' dir='ltr' id='par_1_54' title="bbox 2239 2483 3825 2551">
     <span class='ocr_line' id='line_1_54' title="bbox 2239 2483 3825 2551; baseline 0.004 -11"><span class='ocrx_word' id='word_1_433' title='bbox 2239 2485 2538 2551; x_wconf 88' lang='lat' dir='ltr'><strong>hominem,</strong></span> <span class='ocrx_word' id='word_1_434' title='bbox 2583 2484 2793 2540; x_wconf 88' lang='lat' dir='ltr'><strong>scilicet</strong></span> <span class='ocrx_word' id='word_1_435' title='bbox 2813 2485 2983 2540; x_wconf 88' lang='lat' dir='ltr'><strong>Deum</strong></span> <span class='ocrx_word' id='word_1_436' title='bbox 3009 2483 3197 2541; x_wconf 92' lang='lat' dir='ltr'><strong>fuisse.</strong></span> <span class='ocrx_word' id='word_1_437' title='bbox 3227 2486 3455 2542; x_wconf 83' lang='lat' dir='ltr'><strong>Intentio</strong></span> <span class='ocrx_word' id='word_1_438' title='bbox 3481 2498 3568 2543; x_wconf 88' lang='lat' dir='ltr'><strong>est</strong></span> <span class='ocrx_word' id='word_1_439' title='bbox 3598 2505 3709 2545; x_wconf 87' lang='lat' dir='ltr'><strong>nos</strong></span> <span class='ocrx_word' id='word_1_440' title='bbox 3737 2493 3825 2546; x_wconf 83' lang='lat' dir='ltr'><strong>ad-</strong></span> 
     </span>
    </p>
   </div>
   <div class='ocr_carea' id='block_1_55' title="bbox 2238 2575 3822 2650">
    <p class='ocr_par' dir='ltr' id='par_1_55' title="bbox 2238 2575 3822 2650">
     <span class='ocr_line' id='line_1_55' title="bbox 2238 2575 3822 2650; baseline 0.004 -20"><span class='ocrx_word' id='word_1_441' title='bbox 2238 2584 2480 2641; x_wconf 88' lang='lat' dir='ltr'><strong>monere,</strong></span> <span class='ocrx_word' id='word_1_442' title='bbox 2506 2582 2566 2630; x_wconf 88' lang='lat' dir='ltr'><strong>ut</strong></span> <span class='ocrx_word' id='word_1_443' title='bbox 2591 2575 2876 2630; x_wconf 89' lang='lat' dir='ltr'><strong>credamus</strong></span> <span class='ocrx_word' id='word_1_444' title='bbox 2904 2589 3026 2630; x_wconf 91' lang='lat' dir='ltr'><strong>eum</strong></span> <span class='ocrx_word' id='word_1_445' title='bbox 3077 2575 3246 2632; x_wconf 86' lang='lat' dir='ltr'><strong>Deum</strong></span> <span class='ocrx_word' id='word_1_446' title='bbox 3301 2575 3470 2634; x_wconf 90' lang='lat' dir='ltr'><strong>fuisse</strong></span> <span class='ocrx_word' id='word_1_447' title='bbox 3517 2594 3689 2650; x_wconf 82' lang='lat' dir='ltr'><strong>supra</strong></span> <span class='ocrx_word' id='word_1_448' title='bbox 3728 2582 3822 2637; x_wconf 87' lang='lat' dir='ltr'><strong>ho-</strong></span> 
     </span>
    </p>
   </div>
   <div class='ocr_carea' id='block_1_56' title="bbox 2239 2679 2463 2718">
    <p class='ocr_par' dir='ltr' id='par_1_56' title="bbox 2239 2679 2463 2718">
     <span class='ocr_line' id='line_1_56' title="bbox 2239 2679 2463 2718; baseline -0.004 0"><span class='ocrx_word' id='word_1_449' title='bbox 2239 2679 2463 2718; x_wconf 82' lang='lat' dir='ltr'><strong>minem.</strong></span> 
     </span>
    </p>
   </div>
   <div class='ocr_carea' id='block_1_57' title="bbox 2311 2754 3817 2831">
    <p class='ocr_par' dir='ltr' id='par_1_57' title="bbox 2311 2754 3817 2831">
     <span class='ocr_line' id='line_1_57' title="bbox 2311 2754 3817 2831; baseline 0.005 -21"><span class='ocrx_word' id='word_1_450' title='bbox 2311 2754 2426 2810; x_wconf 81' lang='lat' dir='ltr'><strong>Vox</strong></span> <span class='ocrx_word' id='word_1_451' title='bbox 2450 2754 2653 2811; x_wconf 88' lang='lat' dir='ltr'><strong>Christi</strong></span> <span class='ocrx_word' id='word_1_452' title='bbox 2675 2756 2912 2814; x_wconf 85' lang='lat' dir='ltr'><strong>dicentis</strong></span> <span class='ocrx_word' id='word_1_453' title='bbox 2941 2776 2952 2812; x_wconf 89' lang='lat'><strong>:</strong></span> <span class='ocrx_word' id='word_1_454' title='bbox 2982 2757 3272 2830; x_wconf 87' lang='lat' dir='ltr'><strong>lntelligite</strong></span> <span class='ocrx_word' id='word_1_455' title='bbox 3305 2775 3392 2815; x_wconf 89' lang='lat' dir='ltr'><strong>me</strong></span> <span class='ocrx_word' id='word_1_456' title='bbox 3420 2776 3587 2831; x_wconf 90' lang='lat' dir='ltr'><strong>supra</strong></span> <span class='ocrx_word' id='word_1_457' title='bbox 3636 2763 3817 2817; x_wconf 86' lang='lat' dir='ltr'><strong>homi—</strong></span> 
     </span>
    </p>
   </div>
   <div class='ocr_carea' id='block_1_58' title="bbox 2235 2835 3821 2923">
    <p class='ocr_par' dir='ltr' id='par_1_58' title="bbox 2235 2835 3821 2923">
     <span class='ocr_line' id='line_1_58' title="bbox 2235 2835 3821 2923; baseline 0.003 -21"><span class='ocrx_word' id='word_1_458' title='bbox 2235 2862 2382 2912; x_wconf 90' lang='lat' dir='ltr'><strong>nem,</strong></span> <span class='ocrx_word' id='word_1_459' title='bbox 2411 2848 2536 2916; x_wconf 89' lang='lat' dir='ltr'><strong>quia</strong></span> <span class='ocrx_word' id='word_1_460' title='bbox 2567 2867 2587 2899; x_wconf 86' lang='grc'><em>‹</em></span> <span class='ocrx_word' id='word_1_461' title='bbox 2620 2835 2812 2903; x_wconf 80' lang='lat' dir='ltr'><strong>beatus</strong></span> <span class='ocrx_word' id='word_1_462' title='bbox 2846 2868 2864 2901; x_wconf 77' lang='grc' dir='ltr'><strong>ι</strong></span> <span class='ocrx_word' id='word_1_463' title='bbox 2901 2857 2987 2904; x_wconf 86' lang='grc' dir='ltr'><strong>εει</strong></span> <span class='ocrx_word' id='word_1_464' title='bbox 3012 2849 3100 2905; x_wconf 93' lang='lat' dir='ltr'><strong>ille</strong></span> <span class='ocrx_word' id='word_1_465' title='bbox 3147 2868 3166 2902; x_wconf 84' lang='grc' dir='ltr'><strong>ι</strong></span> <span class='ocrx_word' id='word_1_466' title='bbox 3215 2851 3305 2920; x_wconf 91' lang='lat' dir='ltr'><strong>qui</strong></span> <span class='ocrx_word' id='word_1_467' title='bbox 3357 2851 3609 2922; x_wconf 87' lang='lat' dir='ltr'><strong>intelligit</strong></span> <span class='ocrx_word' id='word_1_468' title='bbox 3653 2868 3821 2923; x_wconf 88' lang='lat' dir='ltr'><strong>super</strong></span> 
     </span>
    </p>
   </div>
   <div class='ocr_carea' id='block_1_59' title="bbox 2233 2937 3818 3010">
    <p class='ocr_par' dir='ltr' id='par_1_59' title="bbox 2233 2937 3818 3010">
     <span class='ocr_line' id='line_1_59' title="bbox 2233 2937 3818 3010; baseline 0.001 -17"><span class='ocrx_word' id='word_1_469' title='bbox 2233 2951 2464 3008; x_wconf 87' lang='lat' dir='ltr'><strong>egenum</strong></span> <span class='ocrx_word' id='word_1_470' title='bbox 2485 2943 2540 2990; x_wconf 91' lang='lat' dir='ltr'><strong>et</strong></span> <span class='ocrx_word' id='word_1_471' title='bbox 2563 2950 2906 3006; x_wconf 66' lang='lat' dir='ltr'><strong>pauperem,»</strong></span> <span class='ocrx_word' id='word_1_472' title='bbox 2937 2937 2989 2992; x_wconf 91' lang='lat' dir='ltr'><strong>id</strong></span> <span class='ocrx_word' id='word_1_473' title='bbox 3017 2946 3121 3003; x_wconf 90' lang='lat' dir='ltr'><strong>est,</strong></span> <span class='ocrx_word' id='word_1_474' title='bbox 3144 2939 3235 3008; x_wconf 87' lang='lat' dir='ltr'><strong>qui</strong></span> <span class='ocrx_word' id='word_1_475' title='bbox 3267 2954 3390 2993; x_wconf 89' lang='lat' dir='ltr'><strong>cum</strong></span> <span class='ocrx_word' id='word_1_476' title='bbox 3411 2939 3559 2993; x_wconf 87' lang='lat' dir='ltr'><strong>videt</strong></span> <span class='ocrx_word' id='word_1_477' title='bbox 3584 2955 3675 2994; x_wconf 91' lang='lat' dir='ltr'><strong>me</strong></span> <span class='ocrx_word' id='word_1_478' title='bbox 3697 2955 3818 3010; x_wconf 81' lang='lat' dir='ltr'><strong>ege-</strong></span> 
     </span>
    </p>
   </div>
   <div class='ocr_carea' id='block_1_60' title="bbox 2234 3030 3819 3100">
    <p class='ocr_par' dir='ltr' id='par_1_60' title="bbox 2234 3030 3819 3100">
     <span class='ocr_line' id='line_1_60' title="bbox 2234 3030 3819 3100; baseline 0.001 -17"><span class='ocrx_word' id='word_1_479' title='bbox 2234 3043 2364 3083; x_wconf 91' lang='lat' dir='ltr'><strong>num</strong></span> <span class='ocrx_word' id='word_1_480' title='bbox 2387 3036 2443 3083; x_wconf 90' lang='lat' dir='ltr'><strong>et</strong></span> <span class='ocrx_word' id='word_1_481' title='bbox 2473 3042 2786 3098; x_wconf 83' lang='lat' dir='ltr'><strong>pauperem,</strong></span> <span class='ocrx_word' id='word_1_482' title='bbox 2814 3037 3037 3098; x_wconf 89' lang='lat' dir='ltr'><strong>propter</strong></span> <span class='ocrx_word' id='word_1_483' title='bbox 3060 3031 3212 3099; x_wconf 82' lang='lat' dir='ltr'><strong>quod</strong></span> <span class='ocrx_word' id='word_1_484' title='bbox 3243 3030 3461 3098; x_wconf 90' lang='lat' dir='ltr'><strong>quidam</strong></span> <span class='ocrx_word' id='word_1_485' title='bbox 3486 3039 3819 3100; x_wconf 86' lang='lat' dir='ltr'><strong>putaverunt</strong></span> 
     </span>
    </p>
   </div>
   <div class='ocr_carea' id='block_1_61' title="bbox 2233 3117 3814 3188">
    <p class='ocr_par' dir='ltr' id='par_1_61' title="bbox 2233 3117 3814 3188">
     <span class='ocr_line' id='line_1_61' title="bbox 2233 3117 3814 3188; baseline 0.001 -16"><span class='ocrx_word' id='word_1_486' title='bbox 2233 3132 2320 3173; x_wconf 92' lang='lat' dir='ltr'><strong>me</strong></span> <span class='ocrx_word' id='word_1_487' title='bbox 2348 3118 2624 3172; x_wconf 90' lang='lat' dir='ltr'><strong>hominem</strong></span> <span class='ocrx_word' id='word_1_488' title='bbox 2674 3117 3010 3173; x_wconf 90' lang='lat' dir='ltr'><strong>solummodo</strong></span> <span class='ocrx_word' id='word_1_489' title='bbox 3037 3133 3176 3186; x_wconf 89' lang='lat' dir='ltr'><strong>esse,</strong></span> <span class='ocrx_word' id='word_1_490' title='bbox 3211 3118 3463 3188; x_wconf 79' lang='lat' dir='ltr'><strong>intelligit</strong></span> <span class='ocrx_word' id='word_1_491' title='bbox 3513 3134 3603 3174; x_wconf 90' lang='lat' dir='ltr'><strong>me</strong></span> <span class='ocrx_word' id='word_1_492' title='bbox 3642 3119 3814 3174; x_wconf 88' lang='lat' dir='ltr'><strong>Deum</strong></span> 
     </span>
    </p>
   </div>
   <div class='ocr_carea' id='block_1_62' title="bbox 567 3207 3814 3283">
    <p class='ocr_par' dir='ltr' id='par_1_62' title="bbox 567 3207 3814 3283">
     <span class='ocr_line' id='line_1_62' title="bbox 567 3207 3814 3283; baseline -0.002 -15"><span class='ocrx_word' id='word_1_493' title='bbox 567 3212 870 3283; x_wconf 84' lang='lat' dir='ltr'><strong>operando,</strong></span> <span class='ocrx_word' id='word_1_494' title='bbox 905 3229 926 3263; x_wconf 82' lang='grc' dir='ltr'><strong>ι</strong></span> <span class='ocrx_word' id='word_1_495' title='bbox 961 3220 1017 3268; x_wconf 90' lang='grc' dir='ltr'><strong>ει</strong></span> <span class='ocrx_word' id='word_1_496' title='bbox 1046 3217 1322 3282; x_wconf 88' lang='lat' dir='ltr'><strong>protector</strong></span> <span class='ocrx_word' id='word_1_497' title='bbox 1353 3229 1373 3264; x_wconf 71' lang='grc' dir='ltr'><strong>ι</strong></span> <span class='ocrx_word' id='word_1_498' title='bbox 1399 3210 1454 3264; x_wconf 92' lang='lat' dir='ltr'><strong>in</strong></span> <span class='ocrx_word' id='word_1_499' title='bbox 1477 3209 1827 3275; x_wconf 89' lang='lat' dir='ltr'><strong>defendendo,</strong></span> <span class='ocrx_word' id='word_1_500' title='bbox 1864 3227 1882 3260; x_wconf 82' lang='grc' dir='ltr'><strong>ι</strong></span> <span class='ocrx_word' id='word_1_501' title='bbox 1921 3223 1988 3264; x_wconf 84' lang='grc' dir='ltr'>ηε</span> <span class='ocrx_word' id='word_1_502' title='bbox 2018 3220 2133 3263; x_wconf 89' lang='lat' dir='ltr'><strong>tar-</strong></span> <span class='ocrx_word' id='word_1_503' title='bbox 2159 3211 2204 3274; x_wconf 87' lang='lat' dir='ltr'><strong>C</strong></span> <span class='ocrx_word' id='word_1_504' title='bbox 2235 3222 2356 3263; x_wconf 90' lang='lat' dir='ltr'><strong>esse</strong></span> <span class='ocrx_word' id='word_1_505' title='bbox 2387 3225 2400 3260; x_wconf 91' lang='lat'>:</span> <span class='ocrx_word' id='word_1_506' title='bbox 2435 3216 2489 3262; x_wconf 91' lang='lat' dir='ltr'><strong>et</strong></span> <span class='ocrx_word' id='word_1_507' title='bbox 2519 3221 2645 3262; x_wconf 88' lang='lat' dir='ltr'><strong>vere</strong></span> <span class='ocrx_word' id='word_1_508' title='bbox 2691 3207 2811 3262; x_wconf 89' lang='lat' dir='ltr'><strong>talis</strong></span> <span class='ocrx_word' id='word_1_509' title='bbox 2861 3216 2945 3262; x_wconf 90' lang='lat' dir='ltr'><strong>est</strong></span> <span class='ocrx_word' id='word_1_510' title='bbox 2988 3207 3197 3274; x_wconf 86' lang='lat' dir='ltr'><strong>beatus,</strong></span> <span class='ocrx_word' id='word_1_511' title='bbox 3227 3209 3353 3278; x_wconf 88' lang='lat' dir='ltr'><strong>quia</strong></span> <span class='ocrx_word' id='word_1_512' title='bbox 3382 3229 3400 3260; x_wconf 81' lang='grc' dir='ltr'><strong>ι</strong></span> <span class='ocrx_word' id='word_1_513' title='bbox 3443 3209 3498 3263; x_wconf 91' lang='lat' dir='ltr'><strong>in</strong></span> <span class='ocrx_word' id='word_1_514' title='bbox 3545 3209 3632 3264; x_wconf 88' lang='lat' dir='ltr'><strong>die</strong></span> <span class='ocrx_word' id='word_1_515' title='bbox 3668 3209 3814 3264; x_wconf 86' lang='lat' dir='ltr'><strong>mala</strong></span> 
     </span>
    </p>
   </div>
   <div class='ocr_carea' id='block_1_63' title="bbox 557 3301 2125 3373">
    <p class='ocr_par' dir='ltr' id='par_1_63' title="bbox 557 3301 2125 3373">
     <span class='ocr_line' id='line_1_63' title="bbox 557 3301 2125 3373; baseline -0.003 -13"><span class='ocrx_word' id='word_1_516' title='bbox 557 3306 771 3360; x_wconf 86' lang='lat' dir='ltr'><strong>daveris</strong></span> <span class='ocrx_word' id='word_1_517' title='bbox 826 3323 845 3356; x_wconf 72' lang='grc' dir='ltr'><strong>ι</strong></span> <span class='ocrx_word' id='word_1_518' title='bbox 901 3304 1030 3373; x_wconf 89' lang='lat' dir='ltr'><strong>quin</strong></span> <span class='ocrx_word' id='word_1_519' title='bbox 1073 3303 1204 3356; x_wconf 91' lang='lat' dir='ltr'><strong>mihi</strong></span> <span class='ocrx_word' id='word_1_520' title='bbox 1254 3301 1420 3357; x_wconf 87' lang='lat' dir='ltr'><strong>facias</strong></span> <span class='ocrx_word' id='word_1_521' title='bbox 1467 3301 1723 3371; x_wconf 87' lang='lat' dir='ltr'><strong>quidquid</strong></span> <span class='ocrx_word' id='word_1_522' title='bbox 1759 3301 2002 3356; x_wconf 89' lang='lat' dir='ltr'><strong>facturus</strong></span> <span class='ocrx_word' id='word_1_523' title='bbox 2047 3317 2125 3356; x_wconf 92' lang='lat' dir='ltr'><strong>es.</strong></span> 
     </span>
    </p>
   </div>
   <div class='ocr_carea' id='block_1_64' title="bbox 558 3388 2130 3465">
    <p class='ocr_par' dir='ltr' id='par_1_64' title="bbox 558 3388 2130 3465">
     <span class='ocr_line' id='line_1_64' title="bbox 558 3388 2130 3465; baseline -0.004 -15"><span class='ocrx_word' id='word_1_524' title='bbox 558 3395 653 3450; x_wconf 79' lang='lat' dir='ltr'><strong>Vel</strong></span> <span class='ocrx_word' id='word_1_525' title='bbox 704 3401 878 3465; x_wconf 89' lang='lat' dir='ltr'><strong>potest</strong></span> <span class='ocrx_word' id='word_1_526' title='bbox 925 3392 1030 3463; x_wconf 89' lang='lat' dir='ltr'><strong>legi</strong></span> <span class='ocrx_word' id='word_1_527' title='bbox 1095 3392 1151 3446; x_wconf 88' lang='lat' dir='ltr'><strong>in</strong></span> <span class='ocrx_word' id='word_1_528' title='bbox 1199 3405 1432 3461; x_wconf 88' lang='lat' dir='ltr'><strong>persona</strong></span> <span class='ocrx_word' id='word_1_529' title='bbox 1487 3389 1687 3444; x_wconf 87' lang='lat' dir='ltr'><strong>Christi</strong></span> <span class='ocrx_word' id='word_1_530' title='bbox 1717 3391 1793 3444; x_wconf 89' lang='lat' dir='ltr'><strong>ita</strong></span> <span class='ocrx_word' id='word_1_531' title='bbox 1827 3407 1839 3443; x_wconf 89' lang='lat'><strong>:</strong></span> <span class='ocrx_word' id='word_1_532' title='bbox 1870 3388 2130 3444; x_wconf 88' lang='lat' dir='ltr'><strong>Dominus</strong></span> 
     </span>
    </p>
   </div>
   <div class='ocr_carea' id='block_1_65' title="bbox 555 3482 2126 3556">
    <p class='ocr_par' dir='ltr' id='par_1_65' title="bbox 555 3482 2126 3556">
     <span class='ocr_line' id='line_1_65' title="bbox 555 3482 2126 3556; baseline -0.003 -16"><span class='ocrx_word' id='word_1_533' title='bbox 555 3485 698 3540; x_wconf 90' lang='lat' dir='ltr'><strong>Deus</strong></span> <span class='ocrx_word' id='word_1_534' title='bbox 722 3484 1112 3556; x_wconf 88' lang='lat' dir='ltr'><strong>magnificetur,</strong></span> <span class='ocrx_word' id='word_1_535' title='bbox 1138 3499 1238 3554; x_wconf 81' lang='lat' dir='ltr'><strong>ego</strong></span> <span class='ocrx_word' id='word_1_536' title='bbox 1261 3491 1441 3537; x_wconf 92' lang='lat' dir='ltr'><strong>autem</strong></span> <span class='ocrx_word' id='word_1_537' title='bbox 1478 3497 1596 3537; x_wconf 92' lang='lat' dir='ltr'><strong>sum</strong></span> <span class='ocrx_word' id='word_1_538' title='bbox 1646 3482 1885 3537; x_wconf 89' lang='lat' dir='ltr'><strong>medicus</strong></span> <span class='ocrx_word' id='word_1_539' title='bbox 1934 3497 2126 3537; x_wconf 87' lang='lat' dir='ltr'><strong>secun-</strong></span> 
     </span>
    </p>
   </div>
   <div class='ocr_carea' id='block_1_66' title="bbox 555 3573 2126 3644">
    <p class='ocr_par' dir='ltr' id='par_1_66' title="bbox 555 3573 2126 3644">
     <span class='ocr_line' id='line_1_66' title="bbox 555 3573 2126 3644; baseline -0.004 -10"><span class='ocrx_word' id='word_1_540' title='bbox 555 3578 681 3634; x_wconf 89' lang='lat' dir='ltr'><strong>dum</strong></span> <span class='ocrx_word' id='word_1_541' title='bbox 730 3575 1117 3632; x_wconf 84' lang='lat' dir='ltr'><strong>humanitatem</strong></span> <span class='ocrx_word' id='word_1_542' title='bbox 1167 3594 1187 3627; x_wconf 83' lang='lat'><strong>(</strong></span> <span class='ocrx_word' id='word_1_543' title='bbox 1210 3581 1264 3627; x_wconf 90' lang='lat' dir='ltr'><strong>et</strong></span> <span class='ocrx_word' id='word_1_544' title='bbox 1283 3587 1506 3644; x_wconf 88' lang='lat' dir='ltr'><strong>pauper,</strong></span> <span class='ocrx_word' id='word_1_545' title='bbox 1541 3591 1560 3625; x_wconf 71' lang='grc' dir='ltr'><strong>ι</strong></span> <span class='ocrx_word' id='word_1_546' title='bbox 1597 3573 1649 3626; x_wconf 91' lang='lat' dir='ltr'><strong>id</strong></span> <span class='ocrx_word' id='word_1_547' title='bbox 1685 3582 1788 3638; x_wconf 89' lang='grc' dir='ltr'>εει,</span> <span class='ocrx_word' id='word_1_548' title='bbox 1822 3587 1984 3643; x_wconf 84' lang='lat' dir='ltr'><strong>egens</strong></span> <span class='ocrx_word' id='word_1_549' title='bbox 2037 3581 2126 3628; x_wconf 92' lang='lat' dir='ltr'><strong>tua</strong></span> 
     </span>
    </p>
   </div>
   <div class='ocr_carea' id='block_1_67' title="bbox 553 3664 2130 3735">
    <p class='ocr_par' dir='ltr' id='par_1_67' title="bbox 553 3664 2130 3735">
     <span class='ocr_line' id='line_1_67' title="bbox 553 3664 2130 3735; baseline -0.004 -10"><span class='ocrx_word' id='word_1_550' title='bbox 553 3667 890 3734; x_wconf 86' lang='lat' dir='ltr'><strong>liberatione,</strong></span> <span class='ocrx_word' id='word_1_551' title='bbox 922 3667 976 3722; x_wconf 90' lang='lat' dir='ltr'><strong>id</strong></span> <span class='ocrx_word' id='word_1_552' title='bbox 1005 3674 1109 3731; x_wconf 91' lang='lat' dir='ltr'><strong>est,</strong></span> <span class='ocrx_word' id='word_1_553' title='bbox 1131 3680 1406 3734; x_wconf 88' lang='lat' dir='ltr'><strong>nunquam</strong></span> <span class='ocrx_word' id='word_1_554' title='bbox 1443 3665 1690 3734; x_wconf 85' lang='lat' dir='ltr'><strong>copiosus</strong></span> <span class='ocrx_word' id='word_1_555' title='bbox 1711 3664 1765 3720; x_wconf 90' lang='lat' dir='ltr'><strong>in</strong></span> <span class='ocrx_word' id='word_1_556' title='bbox 1790 3665 1906 3719; x_wconf 90' lang='lat' dir='ltr'><strong>istis</strong></span> <span class='ocrx_word' id='word_1_557' title='bbox 1928 3673 2130 3735; x_wconf 90' lang='lat' dir='ltr'><strong>tempo-</strong></span> 
     </span>
    </p>
   </div>
   <div class='ocr_carea' id='block_1_68' title="bbox 554 3753 2130 3824">
    <p class='ocr_par' dir='ltr' id='par_1_68' title="bbox 554 3753 2130 3824">
     <span class='ocr_line' id='line_1_68' title="bbox 554 3753 2130 3824; baseline -0.004 -10"><span class='ocrx_word' id='word_1_558' title='bbox 554 3758 779 3814; x_wconf 86' lang='lat' dir='ltr'><strong>ralibus.</strong></span> <span class='ocrx_word' id='word_1_559' title='bbox 812 3757 937 3812; x_wconf 90' lang='lat' dir='ltr'><strong>ldeo</strong></span> <span class='ocrx_word' id='word_1_560' title='bbox 965 3756 1212 3811; x_wconf 90' lang='lat' dir='ltr'><strong>Christus</strong></span> <span class='ocrx_word' id='word_1_561' title='bbox 1244 3757 1346 3808; x_wconf 91' lang='lat' dir='ltr'><strong>hoc</strong></span> <span class='ocrx_word' id='word_1_562' title='bbox 1366 3755 1514 3820; x_wconf 84' lang='lat' dir='ltr'><strong>dicit,</strong></span> <span class='ocrx_word' id='word_1_563' title='bbox 1541 3763 1598 3808; x_wconf 91' lang='lat' dir='ltr'><strong>ut</strong></span> <span class='ocrx_word' id='word_1_564' title='bbox 1621 3762 1882 3824; x_wconf 89' lang='lat' dir='ltr'><strong>proponat</strong></span> <span class='ocrx_word' id='word_1_565' title='bbox 1914 3753 2130 3808; x_wconf 90' lang='lat' dir='ltr'><strong>humili-</strong></span> 
     </span>
    </p>
   </div>
   <div class='ocr_carea' id='block_1_69' title="bbox 552 3843 2122 3912">
    <p class='ocr_par' dir='ltr' id='par_1_69' title="bbox 552 3843 2122 3912">
     <span class='ocr_line' id='line_1_69' title="bbox 552 3843 2122 3912; baseline -0.005 -8"><span class='ocrx_word' id='word_1_566' title='bbox 552 3858 718 3904; x_wconf 89' lang='lat' dir='ltr'><strong>tatem</strong></span> <span class='ocrx_word' id='word_1_567' title='bbox 735 3847 997 3902; x_wconf 86' lang='lat' dir='ltr'><strong>omnibus</strong></span> <span class='ocrx_word' id='word_1_568' title='bbox 1024 3845 1161 3910; x_wconf 90' lang='lat' dir='ltr'><strong>suis,</strong></span> <span class='ocrx_word' id='word_1_569' title='bbox 1182 3843 1409 3909; x_wconf 89' lang='lat' dir='ltr'><strong>scilicet,</strong></span> <span class='ocrx_word' id='word_1_570' title='bbox 1428 3858 1550 3897; x_wconf 91' lang='lat' dir='ltr'><strong>cum</strong></span> <span class='ocrx_word' id='word_1_571' title='bbox 1576 3843 1717 3896; x_wconf 90' lang='lat' dir='ltr'><strong>dicat</strong></span> <span class='ocrx_word' id='word_1_572' title='bbox 1738 3857 1796 3896; x_wconf 92' lang='lat' dir='ltr'><strong>se</strong></span> <span class='ocrx_word' id='word_1_573' title='bbox 1815 3857 2122 3912; x_wconf 84' lang='lat' dir='ltr'><strong>pauperem,</strong></span> 
     </span>
    </p>
   </div>
   <div class='ocr_carea' id='block_1_70' title="bbox 553 3931 2126 4000">
    <p class='ocr_par' dir='ltr' id='par_1_70' title="bbox 553 3931 2126 4000">
     <span class='ocr_line' id='line_1_70' title="bbox 553 3931 2126 4000; baseline -0.008 -6"><span class='ocrx_word' id='word_1_574' title='bbox 553 3939 732 3994; x_wconf 89' lang='lat' dir='ltr'><strong>nullus</strong></span> <span class='ocrx_word' id='word_1_575' title='bbox 758 3949 978 3992; x_wconf 84' lang='lat' dir='ltr'><strong>suorum</strong></span> <span class='ocrx_word' id='word_1_576' title='bbox 1011 3933 1208 3987; x_wconf 86' lang='lat' dir='ltr'><strong>audeat</strong></span> <span class='ocrx_word' id='word_1_577' title='bbox 1246 3933 1311 3986; x_wconf 91' lang='lat' dir='ltr'><strong>de</strong></span> <span class='ocrx_word' id='word_1_578' title='bbox 1357 3945 1416 3985; x_wconf 90' lang='lat' dir='ltr'><strong>se</strong></span> <span class='ocrx_word' id='word_1_579' title='bbox 1455 3945 1800 3998; x_wconf 65' lang='lat' dir='ltr'><strong>praasumere.</strong></span> <span class='ocrx_word' id='word_1_580' title='bbox 1846 3931 1959 4000; x_wconf 85' lang='lat' dir='ltr'><strong>Ego</strong></span> <span class='ocrx_word' id='word_1_581' title='bbox 2007 3945 2126 3985; x_wconf 92' lang='lat' dir='ltr'><strong>sum</strong></span> 
     </span>
    </p>
   </div>
   <div class='ocr_carea' id='block_1_71' title="bbox 551 4021 2124 4102">
    <p class='ocr_par' dir='ltr' id='par_1_71' title="bbox 551 4021 2124 4102">
     <span class='ocr_line' id='line_1_71' title="bbox 551 4021 2124 4102; baseline -0.006 -18"><span class='ocrx_word' id='word_1_582' title='bbox 551 4043 776 4102; x_wconf 91' lang='lat' dir='ltr'><strong>pauper,</strong></span> <span class='ocrx_word' id='word_1_583' title='bbox 804 4027 897 4082; x_wconf 89' lang='lat' dir='ltr'><strong>sed</strong></span> <span class='ocrx_word' id='word_1_584' title='bbox 921 4043 942 4076; x_wconf 77' lang='grc' dir='ltr'><strong>ι</strong></span> <span class='ocrx_word' id='word_1_585' title='bbox 985 4025 1241 4079; x_wconf 90' lang='lat' dir='ltr'><strong>Dominus</strong></span> <span class='ocrx_word' id='word_1_586' title='bbox 1281 4021 1540 4076; x_wconf 87' lang='lat' dir='ltr'><strong>sollicitus</strong></span> <span class='ocrx_word' id='word_1_587' title='bbox 1566 4030 1650 4075; x_wconf 88' lang='lat' dir='ltr'><strong>est</strong></span> <span class='ocrx_word' id='word_1_588' title='bbox 1691 4022 1816 4087; x_wconf 91' lang='lat' dir='ltr'><strong>mei,</strong></span> <span class='ocrx_word' id='word_1_589' title='bbox 1861 4041 1879 4072; x_wconf 75' lang='grc' dir='ltr'><strong>ι</strong></span> <span class='ocrx_word' id='word_1_590' title='bbox 1923 4023 1975 4075; x_wconf 89' lang='lat' dir='ltr'><strong>id</strong></span> <span class='ocrx_word' id='word_1_591' title='bbox 2017 4031 2124 4086; x_wconf 91' lang='lat' dir='ltr'><strong>est,</strong></span> 
     </span>
    </p>
   </div>
   <div class='ocr_carea' id='block_1_72' title="bbox 556 4113 2127 4182">
    <p class='ocr_par' dir='ltr' id='par_1_72' title="bbox 556 4113 2127 4182">
     <span class='ocr_line' id='line_1_72' title="bbox 556 4113 2127 4182; baseline -0.004 -8"><span class='ocrx_word' id='word_1_592' title='bbox 556 4133 644 4174; x_wconf 90' lang='lat' dir='ltr'><strong>me</strong></span> <span class='ocrx_word' id='word_1_593' title='bbox 672 4117 904 4173; x_wconf 86' lang='lat' dir='ltr'><strong>custodit</strong></span> <span class='ocrx_word' id='word_1_594' title='bbox 934 4115 1229 4168; x_wconf 86' lang='lat' dir='ltr'><strong>immunem</strong></span> <span class='ocrx_word' id='word_1_595' title='bbox 1279 4127 1309 4166; x_wconf 89' lang='lat' dir='ltr'><strong>a</strong></span> <span class='ocrx_word' id='word_1_596' title='bbox 1353 4120 1595 4182; x_wconf 86' lang='lat' dir='ltr'><strong>peccato,</strong></span> <span class='ocrx_word' id='word_1_597' title='bbox 1651 4119 1707 4168; x_wconf 92' lang='lat' dir='ltr'><strong>et</strong></span> <span class='ocrx_word' id='word_1_598' title='bbox 1751 4113 2127 4169; x_wconf 86' lang='lat' dir='ltr'><strong>subministrat</strong></span> 
     </span>
    </p>
   </div>
   <div class='ocr_carea' id='block_1_73' title="bbox 557 4206 1090 4266">
    <p class='ocr_par' dir='ltr' id='par_1_73' title="bbox 557 4206 1090 4266">
     <span class='ocr_line' id='line_1_73' title="bbox 557 4206 1090 4266; baseline -0.015 0"><span class='ocrx_word' id='word_1_599' title='bbox 557 4209 740 4266; x_wconf 88' lang='lat' dir='ltr'><strong>omnia</strong></span> <span class='ocrx_word' id='word_1_600' title='bbox 760 4206 1090 4262; x_wconf 83' lang='lat' dir='ltr'><strong>necessaria.</strong></span> 
     </span>
    </p>
   </div>
   <div class='ocr_carea' id='block_1_74' title="bbox 625 4291 2120 4363">
    <p class='ocr_par' dir='ltr' id='par_1_74' title="bbox 625 4291 2120 4363">
     <span class='ocr_line' id='line_1_74' title="bbox 625 4291 2120 4363; baseline -0.003 -10"><span class='ocrx_word' id='word_1_601' title='bbox 625 4298 692 4353; x_wconf 89' lang='lat' dir='ltr'><strong>Et</strong></span> <span class='ocrx_word' id='word_1_602' title='bbox 714 4305 789 4362; x_wconf 92' lang='lat' dir='ltr'><strong>tu,</strong></span> <span class='ocrx_word' id='word_1_603' title='bbox 807 4295 1050 4361; x_wconf 88' lang='lat' dir='ltr'><strong>Domine,</strong></span> <span class='ocrx_word' id='word_1_604' title='bbox 1067 4292 1159 4363; x_wconf 90' lang='lat' dir='ltr'><strong>qui</strong></span> <span class='ocrx_word' id='word_1_605' title='bbox 1181 4307 1240 4348; x_wconf 92' lang='lat' dir='ltr'><strong>es</strong></span> <span class='ocrx_word' id='word_1_606' title='bbox 1258 4291 1399 4347; x_wconf 89' lang='lat' dir='ltr'><strong>Deus</strong></span> <span class='ocrx_word' id='word_1_607' title='bbox 1423 4306 1572 4347; x_wconf 90' lang='lat' dir='ltr'><strong>meus</strong></span> <span class='ocrx_word' id='word_1_608' title='bbox 1587 4301 1639 4347; x_wconf 91' lang='lat' dir='ltr'><strong>et</strong></span> <span class='ocrx_word' id='word_1_609' title='bbox 1660 4299 1932 4362; x_wconf 89' lang='lat' dir='ltr'><strong>protector</strong></span> <span class='ocrx_word' id='word_1_610' title='bbox 1948 4310 2120 4362; x_wconf 85' lang='lat' dir='ltr'><strong>meus,</strong></span> 
     </span>
    </p>
   </div>
   <div class='ocr_carea' id='block_1_75' title="bbox 555 4382 2120 4456">
    <p class='ocr_par' dir='ltr' id='par_1_75' title="bbox 555 4382 2120 4456">
     <span class='ocr_line' id='line_1_75' title="bbox 555 4382 2120 4456; baseline -0.004 -10"><span class='ocrx_word' id='word_1_611' title='bbox 555 4403 624 4446; x_wconf 90' lang='lat' dir='ltr'><strong>ne</strong></span> <span class='ocrx_word' id='word_1_612' title='bbox 662 4387 956 4444; x_wconf 89' lang='lat' dir='ltr'><strong>tardaveris</strong></span> <span class='ocrx_word' id='word_1_613' title='bbox 978 4386 1158 4442; x_wconf 89' lang='lat' dir='ltr'><strong>facere</strong></span> <span class='ocrx_word' id='word_1_614' title='bbox 1186 4384 1445 4456; x_wconf 90' lang='lat' dir='ltr'><strong>quidquid</strong></span> <span class='ocrx_word' id='word_1_615' title='bbox 1479 4382 1721 4439; x_wconf 89' lang='lat' dir='ltr'><strong>facturus</strong></span> <span class='ocrx_word' id='word_1_616' title='bbox 1777 4399 1836 4440; x_wconf 91' lang='lat' dir='ltr'><strong>es</strong></span> <span class='ocrx_word' id='word_1_617' title='bbox 1864 4400 1962 4455; x_wconf 89' lang='lat' dir='ltr'><strong>per</strong></span> <span class='ocrx_word' id='word_1_618' title='bbox 2013 4401 2120 4452; x_wconf 90' lang='lat' dir='ltr'><strong>me,</strong></span> 
     </span>
    </p>
   </div>
   <div class='ocr_carea' id='block_1_76' title="bbox 554 4476 1728 4548">
    <p class='ocr_par' dir='ltr' id='par_1_76' title="bbox 554 4476 1728 4548">
     <span class='ocr_line' id='line_1_76' title="bbox 554 4476 1728 4548; baseline -0.008 -11"><span class='ocrx_word' id='word_1_619' title='bbox 554 4480 774 4544; x_wconf 87' lang='lat' dir='ltr'><strong>scilicet,</strong></span> <span class='ocrx_word' id='word_1_620' title='bbox 814 4492 1066 4548; x_wconf 83' lang='lat' dir='ltr'><strong>reparare</strong></span> <span class='ocrx_word' id='word_1_621' title='bbox 1094 4491 1263 4548; x_wconf 83' lang='lat' dir='ltr'><strong>genus</strong></span> <span class='ocrx_word' id='word_1_622' title='bbox 1291 4476 1606 4540; x_wconf 88' lang='lat' dir='ltr'><strong>humanum,</strong></span> <span class='ocrx_word' id='word_1_623' title='bbox 1625 4481 1728 4530; x_wconf 89' lang='lat' dir='ltr'><strong>etc.</strong></span> 
     </span>
    </p>
   </div>
   <div class='ocr_carea' id='block_1_77' title="bbox 1045 4611 1616 4671">
    <p class='ocr_par' dir='ltr' id='par_1_77' title="bbox 1045 4611 1616 4671">
     <span class='ocr_line' id='line_1_77' title="bbox 1045 4611 1616 4671; baseline -0.009 -1"><span class='ocrx_word' id='word_1_624' title='bbox 1045 4613 1111 4670; x_wconf 84' lang='lat' dir='ltr'><strong>1N</strong></span> <span class='ocrx_word' id='word_1_625' title='bbox 1151 4612 1479 4671; x_wconf 82' lang='lat' dir='ltr'><strong>PSALMUM</strong></span> <span class='ocrx_word' id='word_1_626' title='bbox 1508 4611 1616 4666; x_wconf 79' lang='lat' dir='ltr'><strong>XL.</strong></span> 
     </span>
    </p>
   </div>
   <div class='ocr_carea' id='block_1_78' title="bbox 727 4725 1934 4799">
    <p class='ocr_par' dir='ltr' id='par_1_78' title="bbox 727 4725 1934 4799">
     <span class='ocr_line' id='line_1_78' title="bbox 727 4725 1934 4799; baseline -0.002 -14"><span class='ocrx_word' id='word_1_627' title='bbox 727 4733 982 4787; x_wconf 78' lang='lat' dir='ltr'><strong>TtTULDS.</strong></span> <span class='ocrx_word' id='word_1_628' title='bbox 1013 4729 1080 4784; x_wconf 84' lang='lat' dir='ltr'><strong>In</strong></span> <span class='ocrx_word' id='word_1_629' title='bbox 1108 4732 1266 4799; x_wconf 81' lang='lat' dir='ltr'><strong>ﬁnem</strong></span> <span class='ocrx_word' id='word_1_630' title='bbox 1287 4727 1574 4783; x_wconf 82' lang='lat' dir='ltr'><strong>intellectus</strong></span> <span class='ocrx_word' id='word_1_631' title='bbox 1598 4726 1724 4794; x_wconf 74' lang='lat' dir='ltr'><strong>ﬁliis</strong></span> <span class='ocrx_word' id='word_1_632' title='bbox 1748 4725 1934 4782; x_wconf 80' lang='lat' dir='ltr'><strong>Chore.</strong></span> 
     </span>
    </p>
   </div>
   <div class='ocr_carea' id='block_1_79' title="bbox 628 4839 2119 4911">
    <p class='ocr_par' dir='ltr' id='par_1_79' title="bbox 628 4839 2119 4911">
     <span class='ocr_line' id='line_1_79' title="bbox 628 4839 2119 4911; baseline 0.001 -17"><span class='ocrx_word' id='word_1_633' title='bbox 628 4863 646 4894; x_wconf 79' lang='grc' dir='ltr'><strong>ι</strong></span> <span class='ocrx_word' id='word_1_634' title='bbox 687 4841 882 4896; x_wconf 87' lang='lat' dir='ltr'><strong>Beatus</strong></span> <span class='ocrx_word' id='word_1_635' title='bbox 919 4841 1008 4911; x_wconf 90' lang='lat' dir='ltr'><strong>qui</strong></span> <span class='ocrx_word' id='word_1_636' title='bbox 1050 4840 1296 4910; x_wconf 89' lang='lat' dir='ltr'><strong>intelligit</strong></span> <span class='ocrx_word' id='word_1_637' title='bbox 1332 4855 1493 4909; x_wconf 90' lang='lat' dir='ltr'><strong>super</strong></span> <span class='ocrx_word' id='word_1_638' title='bbox 1523 4855 1771 4910; x_wconf 86' lang='lat' dir='ltr'><strong>egenum.</strong></span> <span class='ocrx_word' id='word_1_639' title='bbox 1808 4859 1828 4891; x_wconf 73' lang='grc' dir='ltr'><strong>ι</strong></span> <span class='ocrx_word' id='word_1_640' title='bbox 1879 4839 1935 4894; x_wconf 90' lang='lat' dir='ltr'><strong>lu</strong></span> <span class='ocrx_word' id='word_1_641' title='bbox 1978 4840 2119 4896; x_wconf 84' lang='lat' dir='ltr'><strong>sedi-</strong></span> 
     </span>
    </p>
   </div>
   <div class='ocr_carea' id='block_1_80' title="bbox 559 4928 2122 5002">
    <p class='ocr_par' dir='ltr' id='par_1_80' title="bbox 559 4928 2122 5002">
     <span class='ocr_line' id='line_1_80' title="bbox 559 4928 2122 5002; baseline -0.003 -12"><span class='ocrx_word' id='word_1_642' title='bbox 559 4932 697 4991; x_wconf 87' lang='lat' dir='ltr'><strong>tione</strong></span> <span class='ocrx_word' id='word_1_643' title='bbox 730 4940 918 4987; x_wconf 89' lang='lat' dir='ltr'><strong>contra</strong></span> <span class='ocrx_word' id='word_1_644' title='bbox 953 4929 1168 5002; x_wconf 82' lang='lat' dir='ltr'><strong>Moysen</strong></span> <span class='ocrx_word' id='word_1_645' title='bbox 1203 4939 1256 4985; x_wconf 91' lang='lat' dir='ltr'><strong>et</strong></span> <span class='ocrx_word' id='word_1_646' title='bbox 1292 4930 1471 4984; x_wconf 85' lang='lat' dir='ltr'><strong>Aaron</strong></span> <span class='ocrx_word' id='word_1_647' title='bbox 1513 4930 1581 4984; x_wconf 90' lang='lat' dir='ltr'><strong>de</strong></span> <span class='ocrx_word' id='word_1_648' title='bbox 1627 4928 1904 5000; x_wconf 81' lang='lat' dir='ltr'><strong>pontificio</strong></span> <span class='ocrx_word' id='word_1_649' title='bbox 1955 4929 2122 4999; x_wconf 89' lang='lat' dir='ltr'><strong>ipsius</strong></span> 
     </span>
    </p>
   </div>
   <div class='ocr_carea' id='block_1_81' title="bbox 554 5017 2120 5088">
    <p class='ocr_par' dir='ltr' id='par_1_81' title="bbox 554 5017 2120 5088">
     <span class='ocr_line' id='line_1_81' title="bbox 554 5017 2120 5088; baseline -0.003 -10"><span class='ocrx_word' id='word_1_650' title='bbox 554 5021 751 5088; x_wconf 78' lang='lat' dir='ltr'><strong>Aaron,</strong></span> <span class='ocrx_word' id='word_1_651' title='bbox 775 5036 897 5076; x_wconf 91' lang='lat' dir='ltr'><strong>cum</strong></span> <span class='ocrx_word' id='word_1_652' title='bbox 921 5018 1256 5074; x_wconf 87' lang='lat' dir='ltr'><strong>thurificaret</strong></span> <span class='ocrx_word' id='word_1_653' title='bbox 1280 5033 1402 5072; x_wconf 92' lang='lat' dir='ltr'><strong>cum</strong></span> <span class='ocrx_word' id='word_1_654' title='bbox 1437 5017 1562 5074; x_wconf 85' lang='lat' dir='ltr'><strong>filiis</strong></span> <span class='ocrx_word' id='word_1_655' title='bbox 1607 5019 1720 5073; x_wconf 84' lang='lat' dir='ltr'><strong>suis</strong></span> <span class='ocrx_word' id='word_1_656' title='bbox 1749 5019 1946 5084; x_wconf 88' lang='lat' dir='ltr'><strong>Chore,</strong></span> <span class='ocrx_word' id='word_1_657' title='bbox 1978 5034 2120 5074; x_wconf 89' lang='lat' dir='ltr'><strong>com-</strong></span> 
     </span>
    </p>
   </div>
   <div class='ocr_carea' id='block_1_82' title="bbox 551 5108 2120 5181">
    <p class='ocr_par' dir='ltr' id='par_1_82' title="bbox 551 5108 2120 5181">
     <span class='ocr_line' id='line_1_82' title="bbox 551 5108 2120 5181; baseline -0.003 -14"><span class='ocrx_word' id='word_1_658' title='bbox 551 5113 744 5168; x_wconf 88' lang='lat' dir='ltr'><strong>bustus</strong></span> <span class='ocrx_word' id='word_1_659' title='bbox 786 5121 870 5167; x_wconf 88' lang='lat' dir='ltr'><strong>est</strong></span> <span class='ocrx_word' id='word_1_660' title='bbox 924 5112 1037 5181; x_wconf 91' lang='lat' dir='ltr'><strong>ipse</strong></span> <span class='ocrx_word' id='word_1_661' title='bbox 1079 5125 1203 5165; x_wconf 92' lang='lat' dir='ltr'><strong>cum</strong></span> <span class='ocrx_word' id='word_1_662' title='bbox 1248 5108 1374 5162; x_wconf 84' lang='lat' dir='ltr'><strong>filiis</strong></span> <span class='ocrx_word' id='word_1_663' title='bbox 1406 5109 1516 5163; x_wconf 86' lang='lat' dir='ltr'><strong>suis</strong></span> <span class='ocrx_word' id='word_1_664' title='bbox 1557 5109 1773 5178; x_wconf 91' lang='lat' dir='ltr'><strong>proprio</strong></span> <span class='ocrx_word' id='word_1_665' title='bbox 1803 5109 1945 5176; x_wconf 83' lang='lat' dir='ltr'><strong>igne.</strong></span> <span class='ocrx_word' id='word_1_666' title='bbox 1993 5109 2120 5162; x_wconf 88' lang='lat' dir='ltr'><strong>lnde</strong></span> 
     </span>
    </p>
   </div>
   <div class='ocr_carea' id='block_1_83' title="bbox 550 5198 2123 5272">
    <p class='ocr_par' dir='ltr' id='par_1_83' title="bbox 550 5198 2123 5272">
     <span class='ocr_line' id='line_1_83' title="bbox 550 5198 2123 5272; baseline -0.004 -13"><span class='ocrx_word' id='word_1_667' title='bbox 550 5203 716 5259; x_wconf 89' lang='lat' dir='ltr'><strong>etiam</strong></span> <span class='ocrx_word' id='word_1_668' title='bbox 741 5211 1118 5272; x_wconf 87' lang='lat' dir='ltr'><strong>comparantur</strong></span> <span class='ocrx_word' id='word_1_669' title='bbox 1144 5200 1302 5254; x_wconf 89' lang='lat' dir='ltr'><strong>hodie</strong></span> <span class='ocrx_word' id='word_1_670' title='bbox 1331 5198 1455 5253; x_wconf 85' lang='lat' dir='ltr'><strong>filiis</strong></span> <span class='ocrx_word' id='word_1_671' title='bbox 1481 5199 1654 5254; x_wconf 89' lang='lat' dir='ltr'><strong>Chore</strong></span> <span class='ocrx_word' id='word_1_672' title='bbox 1701 5199 1798 5264; x_wconf 91' lang='lat' dir='ltr'><strong>illi,</strong></span> <span class='ocrx_word' id='word_1_673' title='bbox 1849 5200 1941 5268; x_wconf 89' lang='lat' dir='ltr'><strong>qui</strong></span> <span class='ocrx_word' id='word_1_674' title='bbox 1993 5207 2123 5254; x_wconf 90' lang='lat' dir='ltr'><strong>sunt</strong></span> 
     </span>
    </p>
   </div>
   <div class='ocr_carea' id='block_1_84' title="bbox 553 5290 2119 5363">
    <p class='ocr_par' dir='ltr' id='par_1_84' title="bbox 553 5290 2119 5363">
     <span class='ocr_line' id='line_1_84' title="bbox 553 5290 2119 5363; baseline -0.003 -14"><span class='ocrx_word' id='word_1_675' title='bbox 553 5294 780 5351; x_wconf 86' lang='lat' dir='ltr'><strong>rebelles</strong></span> <span class='ocrx_word' id='word_1_676' title='bbox 804 5293 1040 5363; x_wconf 64' lang='lat' dir='ltr'><strong>praelatis</strong></span> <span class='ocrx_word' id='word_1_677' title='bbox 1067 5291 1182 5348; x_wconf 83' lang='lat' dir='ltr'><strong>suis</strong></span> <span class='ocrx_word' id='word_1_678' title='bbox 1212 5293 1428 5362; x_wconf 84' lang='lat' dir='ltr'><strong>injuste.</strong></span> <span class='ocrx_word' id='word_1_679' title='bbox 1460 5290 1498 5344; x_wconf 86' lang='lat' dir='ltr'><strong>F</strong></span> <span class='ocrx_word' id='word_1_680' title='bbox 1505 5300 1700 5345; x_wconf 85' lang='lat' dir='ltr'><strong>uerunt</strong></span> <span class='ocrx_word' id='word_1_681' title='bbox 1721 5301 1775 5346; x_wconf 91' lang='lat' dir='ltr'><strong>et</strong></span> <span class='ocrx_word' id='word_1_682' title='bbox 1801 5291 1963 5359; x_wconf 89' lang='lat' dir='ltr'><strong>aliqui</strong></span> <span class='ocrx_word' id='word_1_683' title='bbox 1993 5291 2119 5346; x_wconf 91' lang='lat' dir='ltr'><strong>boni</strong></span> 
     </span>
    </p>
   </div>
   <div class='ocr_carea' id='block_1_85' title="bbox 551 5383 2117 5454">
    <p class='ocr_par' dir='ltr' id='par_1_85' title="bbox 551 5383 2117 5454">
     <span class='ocr_line' id='line_1_85' title="bbox 551 5383 2117 5454; baseline -0.004 -10"><span class='ocrx_word' id='word_1_684' title='bbox 551 5389 618 5444; x_wconf 90' lang='lat' dir='ltr'><strong>de</strong></span> <span class='ocrx_word' id='word_1_685' title='bbox 646 5386 770 5442; x_wconf 84' lang='lat' dir='ltr'><strong>filiis</strong></span> <span class='ocrx_word' id='word_1_686' title='bbox 802 5385 999 5448; x_wconf 89' lang='lat' dir='ltr'><strong>Chore,</strong></span> <span class='ocrx_word' id='word_1_687' title='bbox 1029 5385 1121 5454; x_wconf 91' lang='lat' dir='ltr'><strong>qui</strong></span> <span class='ocrx_word' id='word_1_688' title='bbox 1147 5399 1269 5439; x_wconf 90' lang='lat' dir='ltr'><strong>cum</strong></span> <span class='ocrx_word' id='word_1_689' title='bbox 1291 5383 1500 5439; x_wconf 67' lang='lat' dir='ltr'><strong>caneris</strong></span> <span class='ocrx_word' id='word_1_690' title='bbox 1528 5384 1964 5454; x_wconf 82' lang='lat' dir='ltr'><strong>praecentoribus,</strong></span> <span class='ocrx_word' id='word_1_691' title='bbox 1981 5397 2117 5453; x_wconf 91' lang='lat' dir='ltr'><strong>quos</strong></span> 
     </span>
    </p>
   </div>
   <div class='ocr_carea' id='block_1_86' title="bbox 550 5473 2118 5541">
    <p class='ocr_par' dir='ltr' id='par_1_86' title="bbox 550 5473 2118 5541">
     <span class='ocr_line' id='line_1_86' title="bbox 550 5473 2118 5541; baseline -0.003 -8"><span class='ocrx_word' id='word_1_692' title='bbox 550 5477 724 5534; x_wconf 88' lang='lat' dir='ltr'><strong>David</strong></span> <span class='ocrx_word' id='word_1_693' title='bbox 751 5475 1031 5532; x_wconf 74' lang='lat' dir='ltr'><strong>constituit</strong></span> <span class='ocrx_word' id='word_1_694' title='bbox 1053 5475 1109 5530; x_wconf 92' lang='lat' dir='ltr'><strong>in</strong></span> <span class='ocrx_word' id='word_1_695' title='bbox 1147 5474 1517 5540; x_wconf 88' lang='lat' dir='ltr'><strong>tabernaculo,</strong></span> <span class='ocrx_word' id='word_1_696' title='bbox 1543 5475 1832 5528; x_wconf 84' lang='lat' dir='ltr'><strong>recitantes</strong></span> <span class='ocrx_word' id='word_1_697' title='bbox 1879 5473 2118 5541; x_wconf 87' lang='lat' dir='ltr'><strong>psalmos</strong></span> 
     </span>
    </p>
   </div>
   <div class='ocr_carea' id='block_1_87' title="bbox 549 5562 2114 5642">
    <p class='ocr_par' dir='ltr' id='par_1_87' title="bbox 549 5562 2114 5642">
     <span class='ocr_line' id='line_1_87' title="bbox 549 5562 2114 5642; baseline -0.002 -20"><span class='ocrx_word' id='word_1_698' title='bbox 549 5567 778 5622; x_wconf 91' lang='lat' dir='ltr'><strong>multum</strong></span> <span class='ocrx_word' id='word_1_699' title='bbox 799 5565 1082 5621; x_wconf 84' lang='lat' dir='ltr'><strong>valuerunt</strong></span> <span class='ocrx_word' id='word_1_700' title='bbox 1127 5564 1668 5642; x_wconf 85' lang='lat' dir='ltr'><strong>adampliiicandum</strong></span> <span class='ocrx_word' id='word_1_701' title='bbox 1715 5562 1919 5619; x_wconf 91' lang='lat' dir='ltr'><strong>cultum</strong></span> <span class='ocrx_word' id='word_1_702' title='bbox 1971 5563 2114 5619; x_wconf 89' lang='lat' dir='ltr'><strong>Dei:</strong></span> 
     </span>
    </p>
   </div>
   <div class='ocr_carea' id='block_1_88' title="bbox 552 5653 2117 5727">
    <p class='ocr_par' dir='ltr' id='par_1_88' title="bbox 552 5653 2117 5727">
     <span class='ocr_line' id='line_1_88' title="bbox 552 5653 2117 5727; baseline -0.003 -15"><span class='ocrx_word' id='word_1_703' title='bbox 552 5657 692 5712; x_wconf 89' lang='lat' dir='ltr'><strong>unde</strong></span> <span class='ocrx_word' id='word_1_704' title='bbox 712 5658 914 5713; x_wconf 85' lang='lat' dir='ltr'><strong>Ezdras</strong></span> <span class='ocrx_word' id='word_1_705' title='bbox 935 5657 1181 5727; x_wconf 85' lang='lat' dir='ltr'><strong>judicans</strong></span> <span class='ocrx_word' id='word_1_706' title='bbox 1201 5671 1294 5713; x_wconf 92' lang='lat' dir='ltr'><strong>eos</strong></span> <span class='ocrx_word' id='word_1_707' title='bbox 1313 5657 1505 5727; x_wconf 84' lang='lat' dir='ltr'><strong>dignos</strong></span> <span class='ocrx_word' id='word_1_708' title='bbox 1525 5653 1804 5718; x_wconf 89' lang='lat' dir='ltr'><strong>memoria,</strong></span> <span class='ocrx_word' id='word_1_709' title='bbox 1823 5653 2117 5708; x_wconf 89' lang='lat' dir='ltr'><strong>secundum</strong></span> 
     </span>
    </p>
   </div>
   <div class='ocr_carea' id='block_1_89' title="bbox 553 5742 2118 5816">
    <p class='ocr_par' dir='ltr' id='par_1_89' title="bbox 553 5742 2118 5816">
     <span class='ocr_line' id='line_1_89' title="bbox 553 5742 2118 5816; baseline -0.003 -10"><span class='ocrx_word' id='word_1_710' title='bbox 553 5762 962 5812; x_wconf 82' lang='lat' dir='ltr'><strong>nomen.eorum</strong></span> <span class='ocrx_word' id='word_1_711' title='bbox 994 5744 1286 5807; x_wconf 84' lang='lat' dir='ltr'><strong>intitulavit</strong></span> <span class='ocrx_word' id='word_1_712' title='bbox 1328 5744 1592 5816; x_wconf 89' lang='lat' dir='ltr'><strong>quosdam</strong></span> <span class='ocrx_word' id='word_1_713' title='bbox 1638 5742 1895 5814; x_wconf 88' lang='lat' dir='ltr'><strong>psalmos,</strong></span> <span class='ocrx_word' id='word_1_714' title='bbox 1941 5752 2118 5801; x_wconf 87' lang='lat' dir='ltr'><strong>atten-</strong></span> 
     </span>
    </p>
   </div>
   <div class='ocr_carea' id='block_1_90' title="bbox 2233 3298 3813 3372">
    <p class='ocr_par' dir='ltr' id='par_1_90' title="bbox 2233 3298 3813 3372">
     <span class='ocr_line' id='line_1_90' title="bbox 2233 3298 3813 3372; baseline 0.003 -20"><span class='ocrx_word' id='word_1_715' title='bbox 2233 3298 2486 3353; x_wconf 89' lang='lat' dir='ltr'><strong>liberabit</strong></span> <span class='ocrx_word' id='word_1_716' title='bbox 2506 3309 2630 3354; x_wconf 91' lang='lat' dir='ltr'><strong>eum</strong></span> <span class='ocrx_word' id='word_1_717' title='bbox 2657 3299 2913 3354; x_wconf 89' lang='lat' dir='ltr'><strong>Dominus</strong></span> <span class='ocrx_word' id='word_1_718' title='bbox 2942 3318 2961 3350; x_wconf 85' lang='grc'><strong>›</strong></span> <span class='ocrx_word' id='word_1_719' title='bbox 2994 3301 3062 3355; x_wconf 90' lang='lat' dir='ltr'><strong>ab</strong></span> <span class='ocrx_word' id='word_1_720' title='bbox 3083 3301 3228 3355; x_wconf 92' lang='lat' dir='ltr'><strong>omni</strong></span> <span class='ocrx_word' id='word_1_721' title='bbox 3269 3301 3429 3356; x_wconf 89' lang='lat' dir='ltr'><strong>malo.</strong></span> <span class='ocrx_word' id='word_1_722' title='bbox 3470 3302 3597 3357; x_wconf 91' lang='lat' dir='ltr'><strong>Dies</strong></span> <span class='ocrx_word' id='word_1_723' title='bbox 3620 3302 3813 3372; x_wconf 88' lang='lat' dir='ltr'><strong>judicii</strong></span> 
     </span>
    </p>
   </div>
   <div class='ocr_carea' id='block_1_91' title="bbox 2232 3391 3549 3460">
    <p class='ocr_par' dir='ltr' id='par_1_91' title="bbox 2232 3391 3549 3460">
     <span class='ocr_line' id='line_1_91' title="bbox 2232 3391 3549 3460; baseline 0.002 -15"><span class='ocrx_word' id='word_1_724' title='bbox 2232 3391 2372 3445; x_wconf 88' lang='lat' dir='ltr'><strong>mala</strong></span> <span class='ocrx_word' id='word_1_725' title='bbox 2404 3392 2622 3455; x_wconf 90' lang='lat' dir='ltr'><strong>dicitur,</strong></span> <span class='ocrx_word' id='word_1_726' title='bbox 2641 3392 2768 3460; x_wconf 90' lang='lat' dir='ltr'><strong>quia</strong></span> <span class='ocrx_word' id='word_1_727' title='bbox 2806 3391 2859 3445; x_wconf 93' lang='lat' dir='ltr'><strong>in</strong></span> <span class='ocrx_word' id='word_1_728' title='bbox 2887 3391 3041 3446; x_wconf 90' lang='lat' dir='ltr'><strong>malis</strong></span> <span class='ocrx_word' id='word_1_729' title='bbox 3074 3392 3212 3446; x_wconf 91' lang='lat' dir='ltr'><strong>mala</strong></span> <span class='ocrx_word' id='word_1_730' title='bbox 3238 3393 3549 3448; x_wconf 79' lang='lat' dir='ltr'><strong>reddentur.</strong></span> 
     </span>
    </p>
   </div>
   <div class='ocr_carea' id='block_1_92' title="bbox 2304 3479 3812 3553">
    <p class='ocr_par' dir='ltr' id='par_1_92' title="bbox 2304 3479 3812 3553">
     <span class='ocr_line' id='line_1_92' title="bbox 2304 3479 3812 3553; baseline 0.003 -20"><span class='ocrx_word' id='word_1_731' title='bbox 2304 3479 2459 3534; x_wconf 84' lang='lat' dir='ltr'><strong>Ponit</strong></span> <span class='ocrx_word' id='word_1_732' title='bbox 2485 3481 2785 3535; x_wconf 91' lang='lat' dir='ltr'><strong>orationem</strong></span> <span class='ocrx_word' id='word_1_733' title='bbox 2809 3495 2908 3550; x_wconf 90' lang='lat' dir='ltr'><strong>pro</strong></span> <span class='ocrx_word' id='word_1_734' title='bbox 2938 3481 3030 3534; x_wconf 91' lang='lat' dir='ltr'><strong>tali</strong></span> <span class='ocrx_word' id='word_1_735' title='bbox 3054 3481 3404 3553; x_wconf 85' lang='lat' dir='ltr'><strong>intelligente,</strong></span> <span class='ocrx_word' id='word_1_736' title='bbox 3426 3483 3483 3536; x_wconf 91' lang='lat' dir='ltr'><strong>in</strong></span> <span class='ocrx_word' id='word_1_737' title='bbox 3509 3483 3599 3538; x_wconf 88' lang='lat' dir='ltr'><strong>die</strong></span> <span class='ocrx_word' id='word_1_738' title='bbox 3620 3483 3812 3552; x_wconf 85' lang='lat' dir='ltr'><strong>judicii</strong></span> 
     </span>
    </p>
   </div>
   <div class='ocr_carea' id='block_1_93' title="bbox 2231 3565 3811 3634">
    <p class='ocr_par' dir='ltr' id='par_1_93' title="bbox 2231 3565 3811 3634">
     <span class='ocr_line' id='line_1_93' title="bbox 2231 3565 3811 3634; baseline 0.003 -13"><span class='ocrx_word' id='word_1_739' title='bbox 2231 3569 2483 3624; x_wconf 88' lang='lat' dir='ltr'><strong>liberabit</strong></span> <span class='ocrx_word' id='word_1_740' title='bbox 2502 3579 2626 3624; x_wconf 90' lang='lat' dir='ltr'><strong>eum</strong></span> <span class='ocrx_word' id='word_1_741' title='bbox 2653 3565 2931 3634; x_wconf 88' lang='lat' dir='ltr'><strong>Dominus,</strong></span> <span class='ocrx_word' id='word_1_742' title='bbox 2956 3570 3049 3625; x_wconf 87' lang='lat' dir='ltr'><strong>sed</strong></span> <span class='ocrx_word' id='word_1_743' title='bbox 3072 3570 3288 3625; x_wconf 88' lang='lat' dir='ltr'><strong>interim</strong></span> <span class='ocrx_word' id='word_1_744' title='bbox 3319 3589 3338 3621; x_wconf 79' lang='grc' dir='ltr'><strong>ι</strong></span> <span class='ocrx_word' id='word_1_745' title='bbox 3372 3581 3658 3627; x_wconf 81' lang='lat' dir='ltr'><strong>conservet</strong></span> <span class='ocrx_word' id='word_1_746' title='bbox 3686 3587 3811 3626; x_wconf 88' lang='lat' dir='ltr'><strong>eum</strong></span> 
     </span>
    </p>
   </div>
   <div class='ocr_carea' id='block_1_94' title="bbox 2229 3658 3810 3728">
    <p class='ocr_par' dir='ltr' id='par_1_94' title="bbox 2229 3658 3810 3728">
     <span class='ocr_line' id='line_1_94' title="bbox 2229 3658 3810 3728; baseline 0.003 -16"><span class='ocrx_word' id='word_1_747' title='bbox 2229 3658 2488 3714; x_wconf 91' lang='lat' dir='ltr'><strong>Dominus</strong></span> <span class='ocrx_word' id='word_1_748' title='bbox 2520 3679 2538 3711; x_wconf 72' lang='grc' dir='ltr'><strong>ι</strong></span> <span class='ocrx_word' id='word_1_749' title='bbox 2571 3674 2601 3712; x_wconf 90' lang='lat' dir='ltr'><strong>a</strong></span> <span class='ocrx_word' id='word_1_750' title='bbox 2627 3659 3058 3728; x_wconf 88' lang='lat' dir='ltr'><strong>persecutoribus</strong></span> <span class='ocrx_word' id='word_1_751' title='bbox 3094 3677 3112 3709; x_wconf 85' lang='grc' dir='ltr'><strong>ι</strong></span> <span class='ocrx_word' id='word_1_752' title='bbox 3146 3668 3201 3714; x_wconf 93' lang='lat' dir='ltr'><strong>et</strong></span> <span class='ocrx_word' id='word_1_753' title='bbox 3218 3659 3452 3715; x_wconf 81' lang='lat' dir='ltr'><strong>vivificet</strong></span> <span class='ocrx_word' id='word_1_754' title='bbox 3471 3675 3594 3715; x_wconf 91' lang='lat' dir='ltr'><strong>eum</strong></span> <span class='ocrx_word' id='word_1_755' title='bbox 3629 3680 3650 3713; x_wconf 74' lang='grc' dir='ltr'><strong>ι</strong></span> <span class='ocrx_word' id='word_1_756' title='bbox 3679 3677 3810 3716; x_wconf 82' lang='lat' dir='ltr'><strong>vera</strong></span> 
     </span>
    </p>
   </div>
   <div class='ocr_carea' id='block_1_95' title="bbox 2229 3746 3814 3816">
    <p class='ocr_par' dir='ltr' id='par_1_95' title="bbox 2229 3746 3814 3816">
     <span class='ocr_line' id='line_1_95' title="bbox 2229 3746 3814 3816; baseline 0.003 -16"><span class='ocrx_word' id='word_1_757' title='bbox 2229 3748 2341 3801; x_wconf 89' lang='lat' dir='ltr'><strong>vita</strong></span> <span class='ocrx_word' id='word_1_758' title='bbox 2365 3763 2462 3816; x_wconf 90' lang='lat' dir='ltr'><strong>per</strong></span> <span class='ocrx_word' id='word_1_759' title='bbox 2489 3746 2649 3801; x_wconf 84' lang='lat' dir='ltr'><strong>fidem</strong></span> <span class='ocrx_word' id='word_1_760' title='bbox 2674 3761 2688 3800; x_wconf 92' lang='lat'><strong>:</strong></span> <span class='ocrx_word' id='word_1_761' title='bbox 2717 3764 2736 3797; x_wconf 82' lang='grc' dir='ltr'><strong>ι</strong></span> <span class='ocrx_word' id='word_1_762' title='bbox 2763 3754 2819 3802; x_wconf 88' lang='grc' dir='ltr'><strong>ει</strong></span> <span class='ocrx_word' id='word_1_763' title='bbox 2837 3747 3073 3813; x_wconf 89' lang='lat' dir='ltr'><strong>beatum,</strong></span> <span class='ocrx_word' id='word_1_764' title='bbox 3095 3767 3113 3800; x_wconf 85' lang='grc'>›</span> <span class='ocrx_word' id='word_1_765' title='bbox 3135 3748 3188 3802; x_wconf 89' lang='lat' dir='ltr'><strong>id</strong></span> <span class='ocrx_word' id='word_1_766' title='bbox 3216 3755 3320 3814; x_wconf 90' lang='lat' dir='ltr'><strong>est,</strong></span> <span class='ocrx_word' id='word_1_767' title='bbox 3347 3748 3553 3804; x_wconf 84' lang='lat' dir='ltr'><strong>felicem</strong></span> <span class='ocrx_word' id='word_1_768' title='bbox 3593 3767 3612 3800; x_wconf 79' lang='grc' dir='ltr'><strong>ι</strong></span> <span class='ocrx_word' id='word_1_769' title='bbox 3638 3748 3814 3804; x_wconf 86' lang='lat' dir='ltr'><strong>faciat</strong></span> 
     </span>
    </p>
   </div>
   <div class='ocr_carea' id='block_1_96' title="bbox 2230 3836 3814 3909">
    <p class='ocr_par' dir='ltr' id='par_1_96' title="bbox 2230 3836 3814 3909">
     <span class='ocr_line' id='line_1_96' title="bbox 2230 3836 3814 3909; baseline 0.003 -19"><span class='ocrx_word' id='word_1_770' title='bbox 2230 3851 2354 3890; x_wconf 91' lang='lat' dir='ltr'><strong>eum</strong></span> <span class='ocrx_word' id='word_1_771' title='bbox 2389 3855 2407 3888; x_wconf 73' lang='grc' dir='ltr'><strong>ι</strong></span> <span class='ocrx_word' id='word_1_772' title='bbox 2439 3837 2495 3891; x_wconf 89' lang='lat' dir='ltr'><strong>in</strong></span> <span class='ocrx_word' id='word_1_773' title='bbox 2536 3836 2930 3902; x_wconf 50' lang='lat' dir='ltr'><strong>virtutibus,*et</strong></span> <span class='ocrx_word' id='word_1_774' title='bbox 2973 3838 3138 3892; x_wconf 90' lang='lat' dir='ltr'><strong>etiam</strong></span> <span class='ocrx_word' id='word_1_775' title='bbox 3184 3839 3239 3893; x_wconf 91' lang='lat' dir='ltr'><strong>in</strong></span> <span class='ocrx_word' id='word_1_776' title='bbox 3291 3840 3666 3909; x_wconf 82' lang='lat' dir='ltr'><strong>temporalibus</strong></span> <span class='ocrx_word' id='word_1_777' title='bbox 3699 3855 3720 3892; x_wconf 89' lang='lat'><strong><em>:</em></strong></span> <span class='ocrx_word' id='word_1_778' title='bbox 3752 3848 3814 3895; x_wconf 89' lang='lat' dir='ltr'><strong>et</strong></span> 
     </span>
    </p>
   </div>
   <div class='ocr_carea' id='block_1_97' title="bbox 2230 3926 3814 3993">
    <p class='ocr_par' dir='ltr' id='par_1_97' title="bbox 2230 3926 3814 3993">
     <span class='ocr_line' id='line_1_97' title="bbox 2230 3926 3814 3993; baseline 0.004 -13"><span class='ocrx_word' id='word_1_779' title='bbox 2230 3927 2332 3980; x_wconf 90' lang='lat' dir='ltr'><strong>hoc</strong></span> <span class='ocrx_word' id='word_1_780' title='bbox 2359 3934 2460 3992; x_wconf 89' lang='lat' dir='ltr'><strong>est,</strong></span> <span class='ocrx_word' id='word_1_781' title='bbox 2494 3945 2512 3978; x_wconf 83' lang='grc' dir='ltr'><strong>ι</strong></span> <span class='ocrx_word' id='word_1_782' title='bbox 2545 3926 2599 3980; x_wconf 92' lang='lat' dir='ltr'><strong>in</strong></span> <span class='ocrx_word' id='word_1_783' title='bbox 2627 3935 2792 3993; x_wconf 90' lang='lat' dir='ltr'><strong>terra,</strong></span> <span class='ocrx_word' id='word_1_784' title='bbox 2826 3946 2845 3980; x_wconf 72' lang='grc' dir='ltr'><strong>ι</strong></span> <span class='ocrx_word' id='word_1_785' title='bbox 2881 3927 2934 3982; x_wconf 92' lang='lat' dir='ltr'><strong>id</strong></span> <span class='ocrx_word' id='word_1_786' title='bbox 2962 3937 3067 3993; x_wconf 89' lang='lat' dir='ltr'><strong>est,</strong></span> <span class='ocrx_word' id='word_1_787' title='bbox 3092 3929 3146 3982; x_wconf 92' lang='lat' dir='ltr'><strong>in</strong></span> <span class='ocrx_word' id='word_1_788' title='bbox 3169 3929 3272 3984; x_wconf 92' lang='lat' dir='ltr'><strong>hac</strong></span> <span class='ocrx_word' id='word_1_789' title='bbox 3299 3930 3411 3985; x_wconf 90' lang='lat' dir='ltr'><strong>vita</strong></span> <span class='ocrx_word' id='word_1_790' title='bbox 3441 3952 3454 3982; x_wconf 87' lang='lat'><strong>;</strong></span> <span class='ocrx_word' id='word_1_791' title='bbox 3485 3950 3502 3982; x_wconf 84' lang='grc' dir='ltr'><strong>ι</strong></span> <span class='ocrx_word' id='word_1_792' title='bbox 3526 3939 3580 3986; x_wconf 86' lang='grc' dir='ltr'><strong>ει</strong></span> <span class='ocrx_word' id='word_1_793' title='bbox 3618 3950 3638 3982; x_wconf 74' lang='grc' dir='ltr'><strong>ι</strong></span> <span class='ocrx_word' id='word_1_794' title='bbox 3671 3947 3814 3987; x_wconf 86' lang='lat' dir='ltr'><strong>cum</strong></span> 
     </span>
    </p>
   </div>
   <div class='ocr_carea' id='block_1_98' title="bbox 2230 4004 3808 4076">
    <p class='ocr_par' dir='ltr' id='par_1_98' title="bbox 2230 4004 3808 4076">
     <span class='ocr_line' id='line_1_98' title="bbox 2230 4004 3808 4076; baseline 0.003 -6"><span class='ocrx_word' id='word_1_795' title='bbox 2230 4004 2436 4070; x_wconf 88' lang='lat' dir='ltr'><strong>inimici</strong></span> <span class='ocrx_word' id='word_1_796' title='bbox 2462 4025 2590 4072; x_wconf 90' lang='lat' dir='ltr'><strong>tunc</strong></span> <span class='ocrx_word' id='word_1_797' title='bbox 2617 4016 2852 4071; x_wconf 80' lang='lat' dir='ltr'><strong>maxime</strong></span> <span class='ocrx_word' id='word_1_798' title='bbox 2900 4017 3174 4073; x_wconf 86' lang='lat' dir='ltr'><strong>invideant</strong></span> <span class='ocrx_word' id='word_1_799' title='bbox 3192 4019 3241 4072; x_wconf 92' lang='lat' dir='ltr'><strong>ei</strong></span> <span class='ocrx_word' id='word_1_800' title='bbox 3271 4037 3288 4070; x_wconf 85' lang='grc' dir='ltr'><strong>ι</strong></span> <span class='ocrx_word' id='word_1_801' title='bbox 3324 4034 3432 4074; x_wconf 91' lang='lat' dir='ltr'><strong>non</strong></span> <span class='ocrx_word' id='word_1_802' title='bbox 3459 4022 3638 4075; x_wconf 85' lang='lat' dir='ltr'><strong>tradat</strong></span> <span class='ocrx_word' id='word_1_803' title='bbox 3675 4036 3808 4076; x_wconf 88' lang='lat' dir='ltr'><strong>eum</strong></span> 
     </span>
    </p>
   </div>
   <div class='ocr_carea' id='block_1_99' title="bbox 2229 4105 3811 4177">
    <p class='ocr_par' dir='ltr' id='par_1_99' title="bbox 2229 4105 3811 4177">
     <span class='ocr_line' id='line_1_99' title="bbox 2229 4105 3811 4177; baseline 0.004 -17"><span class='ocrx_word' id='word_1_804' title='bbox 2229 4106 2287 4160; x_wconf 91' lang='lat' dir='ltr'><strong>in</strong></span> <span class='ocrx_word' id='word_1_805' title='bbox 2331 4105 2562 4172; x_wconf 89' lang='lat' dir='ltr'><strong>animas,</strong></span> <span class='ocrx_word' id='word_1_806' title='bbox 2592 4126 2611 4159; x_wconf 86' lang='grc'>›</span> <span class='ocrx_word' id='word_1_807' title='bbox 2648 4108 2701 4161; x_wconf 93' lang='lat' dir='ltr'><strong>id</strong></span> <span class='ocrx_word' id='word_1_808' title='bbox 2743 4115 2845 4174; x_wconf 92' lang='lat' dir='ltr'><strong>est,</strong></span> <span class='ocrx_word' id='word_1_809' title='bbox 2877 4107 2932 4162; x_wconf 92' lang='lat' dir='ltr'><strong>in</strong></span> <span class='ocrx_word' id='word_1_810' title='bbox 2962 4107 3281 4177; x_wconf 88' lang='lat' dir='ltr'><strong>voluntates,</strong></span> <span class='ocrx_word' id='word_1_811' title='bbox 3311 4111 3477 4164; x_wconf 89' lang='lat' dir='ltr'><strong>etiam</strong></span> <span class='ocrx_word' id='word_1_812' title='bbox 3524 4112 3572 4166; x_wconf 91' lang='lat' dir='ltr'><strong>si</strong></span> <span class='ocrx_word' id='word_1_813' title='bbox 3627 4113 3811 4167; x_wconf 86' lang='lat' dir='ltr'><strong>tradat</strong></span> 
     </span>
    </p>
   </div>
   <div class='ocr_carea' id='block_1_100' title="bbox 2227 4198 3808 4273">
    <p class='ocr_par' dir='ltr' id='par_1_100' title="bbox 2227 4198 3808 4273">
     <span class='ocr_line' id='line_1_100' title="bbox 2227 4198 3808 4273; baseline 0.004 -19"><span class='ocrx_word' id='word_1_814' title='bbox 2227 4213 2352 4254; x_wconf 89' lang='lat' dir='ltr'><strong>eum</strong></span> <span class='ocrx_word' id='word_1_815' title='bbox 2377 4198 2521 4254; x_wconf 91' lang='lat' dir='ltr'><strong>Deus</strong></span> <span class='ocrx_word' id='word_1_816' title='bbox 2547 4199 2601 4253; x_wconf 91' lang='lat' dir='ltr'><strong>in</strong></span> <span class='ocrx_word' id='word_1_817' title='bbox 2626 4214 2818 4254; x_wconf 89' lang='lat' dir='ltr'><strong>manus</strong></span> <span class='ocrx_word' id='word_1_818' title='bbox 2857 4220 2876 4251; x_wconf 77' lang='grc' dir='ltr'><strong>ι</strong></span> <span class='ocrx_word' id='word_1_819' title='bbox 2929 4201 3268 4257; x_wconf 91' lang='lat' dir='ltr'><strong>inimicorum</strong></span> <span class='ocrx_word' id='word_1_820' title='bbox 3313 4222 3331 4254; x_wconf 77' lang='grc' dir='ltr'><strong>ι</strong></span> <span class='ocrx_word' id='word_1_821' title='bbox 3392 4211 3503 4258; x_wconf 88' lang='lat' dir='ltr'><strong>tam</strong></span> <span class='ocrx_word' id='word_1_822' title='bbox 3546 4204 3808 4273; x_wconf 83' lang='lat' dir='ltr'><strong>spiritua-</strong></span> 
     </span>
    </p>
   </div>
   <div class='ocr_carea' id='block_1_101' title="bbox 2227 4295 3803 4369">
    <p class='ocr_par' dir='ltr' id='par_1_101' title="bbox 2227 4295 3803 4369">
     <span class='ocr_line' id='line_1_101' title="bbox 2227 4295 3803 4369; baseline 0.003 -21"><span class='ocrx_word' id='word_1_823' title='bbox 2227 4295 2381 4359; x_wconf 91' lang='lat' dir='ltr'><strong>lium,</strong></span> <span class='ocrx_word' id='word_1_824' title='bbox 2409 4309 2571 4364; x_wconf 91' lang='lat' dir='ltr'><strong>quam</strong></span> <span class='ocrx_word' id='word_1_825' title='bbox 2598 4295 2894 4348; x_wconf 91' lang='lat' dir='ltr'><strong>carnalium</strong></span> <span class='ocrx_word' id='word_1_826' title='bbox 2926 4313 2945 4344; x_wconf 80' lang='grc' dir='ltr'><strong>ι</strong></span> <span class='ocrx_word' id='word_1_827' title='bbox 2991 4295 3126 4364; x_wconf 88' lang='lat' dir='ltr'><strong>ejus,</strong></span> <span class='ocrx_word' id='word_1_828' title='bbox 3162 4315 3180 4347; x_wconf 79' lang='grc' dir='ltr'><strong>ι</strong></span> <span class='ocrx_word' id='word_1_829' title='bbox 3213 4297 3269 4351; x_wconf 90' lang='lat' dir='ltr'><strong>id</strong></span> <span class='ocrx_word' id='word_1_830' title='bbox 3293 4305 3394 4360; x_wconf 91' lang='lat' dir='ltr'><strong>cst,</strong></span> <span class='ocrx_word' id='word_1_831' title='bbox 3428 4299 3803 4369; x_wconf 78' lang='lat' dir='ltr'><strong>intelligentis.</strong></span> 
     </span>
    </p>
   </div>
   <div class='ocr_carea' id='block_1_102' title="bbox 2297 4384 3808 4457">
    <p class='ocr_par' dir='ltr' id='par_1_102' title="bbox 2297 4384 3808 4457">
     <span class='ocr_line' id='line_1_102' title="bbox 2297 4384 3808 4457; baseline 0.004 -19"><span class='ocrx_word' id='word_1_832' title='bbox 2297 4385 2366 4438; x_wconf 86' lang='lat' dir='ltr'><strong>Et</strong></span> <span class='ocrx_word' id='word_1_833' title='bbox 2398 4384 2522 4453; x_wconf 92' lang='lat' dir='ltr'><strong>quia</strong></span> <span class='ocrx_word' id='word_1_834' title='bbox 2551 4384 2879 4454; x_wconf 90' lang='lat' dir='ltr'><strong>impossibile</strong></span> <span class='ocrx_word' id='word_1_835' title='bbox 2902 4384 3178 4440; x_wconf 88' lang='lat' dir='ltr'><strong>videretur</strong></span> <span class='ocrx_word' id='word_1_836' title='bbox 3205 4400 3323 4442; x_wconf 89' lang='lat' dir='ltr'><strong>esse</strong></span> <span class='ocrx_word' id='word_1_837' title='bbox 3346 4388 3490 4456; x_wconf 91' lang='lat' dir='ltr'><strong>quod</strong></span> <span class='ocrx_word' id='word_1_838' title='bbox 3529 4388 3726 4457; x_wconf 90' lang='lat' dir='ltr'><strong>aliquis</strong></span> <span class='ocrx_word' id='word_1_839' title='bbox 3750 4390 3808 4444; x_wconf 88' lang='lat' dir='ltr'><strong>in</strong></span> 
     </span>
    </p>
   </div>
   <div class='ocr_carea' id='block_1_103' title="bbox 2226 4474 3804 4546">
    <p class='ocr_par' dir='ltr' id='par_1_103' title="bbox 2226 4474 3804 4546">
     <span class='ocr_line' id='line_1_103' title="bbox 2226 4474 3804 4546; baseline 0.004 -18"><span class='ocrx_word' id='word_1_840' title='bbox 2226 4474 2329 4530; x_wconf 91' lang='lat' dir='ltr'><strong>hac</strong></span> <span class='ocrx_word' id='word_1_841' title='bbox 2350 4483 2459 4528; x_wconf 91' lang='lat' dir='ltr'><strong>tam</strong></span> <span class='ocrx_word' id='word_1_842' title='bbox 2486 4474 2683 4529; x_wconf 87' lang='lat' dir='ltr'><strong>misera</strong></span> <span class='ocrx_word' id='word_1_843' title='bbox 2697 4475 2805 4528; x_wconf 89' lang='lat' dir='ltr'><strong>vita</strong></span> <span class='ocrx_word' id='word_1_844' title='bbox 2829 4475 3016 4530; x_wconf 90' lang='lat' dir='ltr'><strong>beatus</strong></span> <span class='ocrx_word' id='word_1_845' title='bbox 3035 4484 3215 4546; x_wconf 92' lang='lat' dir='ltr'><strong>posset</strong></span> <span class='ocrx_word' id='word_1_846' title='bbox 3231 4489 3370 4542; x_wconf 90' lang='lat' dir='ltr'><strong>esse,</strong></span> <span class='ocrx_word' id='word_1_847' title='bbox 3385 4486 3507 4531; x_wconf 89' lang='lat' dir='ltr'><strong>orat</strong></span> <span class='ocrx_word' id='word_1_848' title='bbox 3528 4477 3804 4544; x_wconf 89' lang='lat' dir='ltr'><strong>Christus,</strong></span> 
     </span>
    </p>
   </div>
   <div class='ocr_carea' id='block_1_104' title="bbox 2144 4554 3807 4639">
    <p class='ocr_par' dir='ltr' id='par_1_104' title="bbox 2144 4554 3807 4639">
     <span class='ocr_line' id='line_1_104' title="bbox 2144 4554 3807 4639; baseline 0.004 -19"><span class='ocrx_word' id='word_1_849' title='bbox 2144 4554 2198 4614; x_wconf 82' lang='lat' dir='ltr'><strong>D</strong></span> <span class='ocrx_word' id='word_1_850' title='bbox 2224 4575 2282 4621; x_wconf 91' lang='lat' dir='ltr'><strong>ut</strong></span> <span class='ocrx_word' id='word_1_851' title='bbox 2309 4566 2434 4622; x_wconf 89' lang='lat' dir='ltr'><strong>huic</strong></span> <span class='ocrx_word' id='word_1_852' title='bbox 2463 4567 2781 4635; x_wconf 86' lang='lat' dir='ltr'><strong>intelligenti</strong></span> <span class='ocrx_word' id='word_1_853' title='bbox 2810 4567 2889 4621; x_wconf 89' lang='lat' dir='ltr'><strong>sic</strong></span> <span class='ocrx_word' id='word_1_854' title='bbox 2917 4566 3057 4622; x_wconf 89' lang='lat' dir='ltr'><strong>ferat</strong></span> <span class='ocrx_word' id='word_1_855' title='bbox 3093 4584 3271 4639; x_wconf 89' lang='lat' dir='ltr'><strong>opem,</strong></span> <span class='ocrx_word' id='word_1_856' title='bbox 3301 4585 3399 4639; x_wconf 87' lang='lat' dir='ltr'><strong>per</strong></span> <span class='ocrx_word' id='word_1_857' title='bbox 3419 4586 3588 4639; x_wconf 90' lang='lat' dir='ltr'><strong>quam</strong></span> <span class='ocrx_word' id='word_1_858' title='bbox 3612 4572 3807 4626; x_wconf 61' lang='lat' dir='ltr'><strong>beﬂus</strong></span> 
     </span>
    </p>
   </div>
   <div class='ocr_carea' id='block_1_105' title="bbox 2219 4658 3806 4730">
    <p class='ocr_par' dir='ltr' id='par_1_105' title="bbox 2219 4658 3806 4730">
     <span class='ocr_line' id='line_1_105' title="bbox 2219 4658 3806 4730; baseline 0.001 -16"><span class='ocrx_word' id='word_1_859' title='bbox 2219 4659 2389 4730; x_wconf 90' lang='lat' dir='ltr'><strong>possit</strong></span> <span class='ocrx_word' id='word_1_860' title='bbox 2412 4672 2551 4715; x_wconf 90' lang='lat' dir='ltr'><strong>esse.</strong></span> <span class='ocrx_word' id='word_1_861' title='bbox 2577 4658 2921 4713; x_wconf 91' lang='lat' dir='ltr'><strong>Continuatio</strong></span> <span class='ocrx_word' id='word_1_862' title='bbox 2947 4673 2961 4711; x_wconf 91' lang='lat'><strong>:</strong></span> <span class='ocrx_word' id='word_1_863' title='bbox 2997 4658 3130 4714; x_wconf 89' lang='lat' dir='ltr'><strong>Dico</strong></span> <span class='ocrx_word' id='word_1_864' title='bbox 3159 4659 3375 4714; x_wconf 91' lang='lat' dir='ltr'><strong>beatum</strong></span> <span class='ocrx_word' id='word_1_865' title='bbox 3425 4660 3615 4726; x_wconf 87' lang='lat' dir='ltr'><strong>faciat,</strong></span> <span class='ocrx_word' id='word_1_866' title='bbox 3644 4672 3698 4716; x_wconf 91' lang='lat' dir='ltr'><strong>et</strong></span> <span class='ocrx_word' id='word_1_867' title='bbox 3745 4671 3806 4715; x_wconf 90' lang='lat' dir='ltr'><strong>ut</strong></span> 
     </span>
    </p>
   </div>
   <div class='ocr_carea' id='block_1_106' title="bbox 2221 4750 3810 4821">
    <p class='ocr_par' dir='ltr' id='par_1_106' title="bbox 2221 4750 3810 4821">
     <span class='ocr_line' id='line_1_106' title="bbox 2221 4750 3810 4821; baseline -0.001 -13"><span class='ocrx_word' id='word_1_868' title='bbox 2221 4755 2411 4808; x_wconf 89' lang='lat' dir='ltr'><strong>beatus</strong></span> <span class='ocrx_word' id='word_1_869' title='bbox 2455 4752 2625 4821; x_wconf 87' lang='lat' dir='ltr'><strong>possit</strong></span> <span class='ocrx_word' id='word_1_870' title='bbox 2657 4765 2798 4816; x_wconf 89' lang='lat' dir='ltr'><strong>esse,</strong></span> <span class='ocrx_word' id='word_1_871' title='bbox 2829 4770 2846 4801; x_wconf 79' lang='grc' dir='ltr'><strong>ι</strong></span> <span class='ocrx_word' id='word_1_872' title='bbox 2883 4751 3144 4806; x_wconf 91' lang='lat' dir='ltr'><strong>Dominus</strong></span> <span class='ocrx_word' id='word_1_873' title='bbox 3169 4750 3309 4806; x_wconf 87' lang='lat' dir='ltr'><strong>ferat</strong></span> <span class='ocrx_word' id='word_1_874' title='bbox 3352 4765 3535 4820; x_wconf 83' lang='lat' dir='ltr'><strong>Opem,</strong></span> <span class='ocrx_word' id='word_1_875' title='bbox 3569 4771 3588 4804; x_wconf 72' lang='grc' dir='ltr'><strong>ι</strong></span> <span class='ocrx_word' id='word_1_876' title='bbox 3621 4753 3678 4806; x_wconf 91' lang='lat' dir='ltr'><strong>id</strong></span> <span class='ocrx_word' id='word_1_877' title='bbox 3719 4764 3810 4806; x_wconf 86' lang='lat' dir='ltr'><strong>est</strong></span> 
     </span>
    </p>
   </div>
   <div class='ocr_carea' id='block_1_107' title="bbox 2222 4840 3808 4911">
    <p class='ocr_par' dir='ltr' id='par_1_107' title="bbox 2222 4840 3808 4911">
     <span class='ocr_line' id='line_1_107' title="bbox 2222 4840 3808 4911; baseline -0.002 -11"><span class='ocrx_word' id='word_1_878' title='bbox 2222 4842 2668 4900; x_wconf 87' lang='lat' dir='ltr'><strong>confortationem</strong></span> <span class='ocrx_word' id='word_1_879' title='bbox 2699 4840 2772 4894; x_wconf 92' lang='lat' dir='ltr'><strong>illi</strong></span> <span class='ocrx_word' id='word_1_880' title='bbox 2804 4841 3143 4911; x_wconf 82' lang='lat' dir='ltr'><strong>intelligenti,</strong></span> <span class='ocrx_word' id='word_1_881' title='bbox 3161 4841 3235 4894; x_wconf 90' lang='lat' dir='ltr'><strong>ita</strong></span> <span class='ocrx_word' id='word_1_882' title='bbox 3261 4849 3320 4895; x_wconf 90' lang='lat' dir='ltr'><strong>ut</strong></span> <span class='ocrx_word' id='word_1_883' title='bbox 3342 4841 3509 4894; x_wconf 87' lang='lat' dir='ltr'><strong>faciat</strong></span> <span class='ocrx_word' id='word_1_884' title='bbox 3533 4855 3664 4896; x_wconf 89' lang='lat' dir='ltr'><strong>cum</strong></span> <span class='ocrx_word' id='word_1_885' title='bbox 3683 4857 3808 4897; x_wconf 86' lang='lat' dir='ltr'><strong>esse</strong></span> 
     </span>
    </p>
   </div>
   <div class='ocr_carea' id='block_1_108' title="bbox 2229 4931 3809 5005">
    <p class='ocr_par' dir='ltr' id='par_1_108' title="bbox 2229 4931 3809 5005">
     <span class='ocr_line' id='line_1_108' title="bbox 2229 4931 3809 5005; baseline 0 -17"><span class='ocrx_word' id='word_1_886' title='bbox 2229 4955 2248 4988; x_wconf 81' lang='grc' dir='ltr'><strong>ι</strong></span> <span class='ocrx_word' id='word_1_887' title='bbox 2286 4951 2446 5005; x_wconf 91' lang='lat' dir='ltr'><strong>super</strong></span> <span class='ocrx_word' id='word_1_888' title='bbox 2475 4935 2671 4989; x_wconf 90' lang='lat' dir='ltr'><strong>lectum</strong></span> <span class='ocrx_word' id='word_1_889' title='bbox 2700 4932 2900 4987; x_wconf 88' lang='lat' dir='ltr'><strong>doloris</strong></span> <span class='ocrx_word' id='word_1_890' title='bbox 2923 4931 3061 5001; x_wconf 90' lang='lat' dir='ltr'><strong>ejus.</strong></span> <span class='ocrx_word' id='word_1_891' title='bbox 3101 4952 3121 4985; x_wconf 75' lang='grc' dir='ltr'><strong>ι</strong></span> <span class='ocrx_word' id='word_1_892' title='bbox 3156 4931 3376 4987; x_wconf 89' lang='lat' dir='ltr'><strong>Lectum</strong></span> <span class='ocrx_word' id='word_1_893' title='bbox 3402 4941 3560 4986; x_wconf 91' lang='lat' dir='ltr'><strong>vocat</strong></span> <span class='ocrx_word' id='word_1_894' title='bbox 3591 4934 3809 4988; x_wconf 77' lang='lat' dir='ltr'><strong>anima-</strong></span> 
     </span>
    </p>
   </div>
   <div class='ocr_carea' id='block_1_109' title="bbox 2221 5024 3812 5094">
    <p class='ocr_par' dir='ltr' id='par_1_109' title="bbox 2221 5024 3812 5094">
     <span class='ocr_line' id='line_1_109' title="bbox 2221 5024 3812 5094; baseline -0.001 -13"><span class='ocrx_word' id='word_1_895' title='bbox 2221 5029 2447 5092; x_wconf 90' lang='lat' dir='ltr'><strong>litatem,</strong></span> <span class='ocrx_word' id='word_1_896' title='bbox 2470 5025 2676 5082; x_wconf 90' lang='lat' dir='ltr'><strong>scilicet</strong></span> <span class='ocrx_word' id='word_1_897' title='bbox 2695 5025 2983 5094; x_wconf 88' lang='lat' dir='ltr'><strong>quamdam</strong></span> <span class='ocrx_word' id='word_1_898' title='bbox 2999 5025 3107 5079; x_wconf 91' lang='lat' dir='ltr'><strong>vim</strong></span> <span class='ocrx_word' id='word_1_899' title='bbox 3138 5024 3447 5079; x_wconf 89' lang='lat' dir='ltr'><strong>inferiorem</strong></span> <span class='ocrx_word' id='word_1_900' title='bbox 3471 5025 3696 5090; x_wconf 65' lang='lat' dir='ltr'><strong>animm,</strong></span> <span class='ocrx_word' id='word_1_901' title='bbox 3719 5041 3812 5081; x_wconf 77' lang='lat' dir='ltr'><strong>se-</strong></span> 
     </span>
    </p>
   </div>
   <div class='ocr_carea' id='block_1_110' title="bbox 2223 5115 3812 5187">
    <p class='ocr_par' dir='ltr' id='par_1_110' title="bbox 2223 5115 3812 5187">
     <span class='ocr_line' id='line_1_110' title="bbox 2223 5115 3812 5187; baseline -0.003 -12"><span class='ocrx_word' id='word_1_902' title='bbox 2223 5120 2453 5175; x_wconf 89' lang='lat' dir='ltr'><strong>cundum</strong></span> <span class='ocrx_word' id='word_1_903' title='bbox 2484 5132 2645 5187; x_wconf 88' lang='lat' dir='ltr'><strong>quam</strong></span> <span class='ocrx_word' id='word_1_904' title='bbox 2673 5117 2788 5186; x_wconf 89' lang='lat' dir='ltr'><strong>ipsa</strong></span> <span class='ocrx_word' id='word_1_905' title='bbox 2835 5116 3016 5171; x_wconf 85' lang='lat' dir='ltr'><strong>anima</strong></span> <span class='ocrx_word' id='word_1_906' title='bbox 3051 5115 3308 5180; x_wconf 89' lang='lat' dir='ltr'><strong>vivificat,</strong></span> <span class='ocrx_word' id='word_1_907' title='bbox 3333 5123 3387 5169; x_wconf 89' lang='lat' dir='ltr'><strong>et</strong></span> <span class='ocrx_word' id='word_1_908' title='bbox 3415 5116 3624 5170; x_wconf 90' lang='lat' dir='ltr'><strong>sentire</strong></span> <span class='ocrx_word' id='word_1_909' title='bbox 3672 5115 3812 5171; x_wconf 83' lang='lat' dir='ltr'><strong>facit</strong></span> 
     </span>
    </p>
   </div>
   <div class='ocr_carea' id='block_1_111' title="bbox 2223 5207 3813 5281">
    <p class='ocr_par' dir='ltr' id='par_1_111' title="bbox 2223 5207 3813 5281">
     <span class='ocr_line' id='line_1_111' title="bbox 2223 5207 3813 5281; baseline -0.002 -16"><span class='ocrx_word' id='word_1_910' title='bbox 2223 5212 2398 5281; x_wconf 91' lang='lat' dir='ltr'><strong>ipsum</strong></span> <span class='ocrx_word' id='word_1_911' title='bbox 2429 5225 2649 5280; x_wconf 89' lang='lat' dir='ltr'><strong>corpus,</strong></span> <span class='ocrx_word' id='word_1_912' title='bbox 2684 5224 2804 5278; x_wconf 60' lang='lat' dir='ltr'><strong>quae</strong></span> <span class='ocrx_word' id='word_1_913' title='bbox 2836 5209 2955 5263; x_wconf 90' lang='lat' dir='ltr'><strong>ideo</strong></span> <span class='ocrx_word' id='word_1_914' title='bbox 2975 5217 3200 5263; x_wconf 87' lang='lat' dir='ltr'><strong>vocatur</strong></span> <span class='ocrx_word' id='word_1_915' title='bbox 3228 5208 3422 5273; x_wconf 91' lang='lat' dir='ltr'><strong>lectus,</strong></span> <span class='ocrx_word' id='word_1_916' title='bbox 3445 5208 3573 5276; x_wconf 88' lang='lat' dir='ltr'><strong>quia</strong></span> <span class='ocrx_word' id='word_1_917' title='bbox 3597 5207 3654 5261; x_wconf 92' lang='lat' dir='ltr'><strong>in</strong></span> <span class='ocrx_word' id='word_1_918' title='bbox 3682 5209 3813 5276; x_wconf 80' lang='lat' dir='ltr'><strong>ipsa</strong></span> 
     </span>
    </p>
   </div>
   <div class='ocr_carea' id='block_1_112' title="bbox 2224 5297 3812 5369">
    <p class='ocr_par' dir='ltr' id='par_1_112' title="bbox 2224 5297 3812 5369">
     <span class='ocr_line' id='line_1_112' title="bbox 2224 5297 3812 5369; baseline -0.002 -15"><span class='ocrx_word' id='word_1_919' title='bbox 2224 5299 2454 5369; x_wconf 88' lang='lat' dir='ltr'><strong>quiescit</strong></span> <span class='ocrx_word' id='word_1_920' title='bbox 2481 5299 2726 5368; x_wconf 57' lang='lat' dir='ltr'><strong>quaedam</strong></span> <span class='ocrx_word' id='word_1_921' title='bbox 2751 5299 2833 5353; x_wconf 91' lang='lat' dir='ltr'><strong>vis</strong></span> <span class='ocrx_word' id='word_1_922' title='bbox 2866 5299 3058 5353; x_wconf 76' lang='lat' dir='ltr'><strong>anima:</strong></span> <span class='ocrx_word' id='word_1_923' title='bbox 3101 5299 3366 5368; x_wconf 91' lang='lat' dir='ltr'><strong>superior,</strong></span> <span class='ocrx_word' id='word_1_924' title='bbox 3393 5297 3604 5352; x_wconf 90' lang='lat' dir='ltr'><strong>scilicet</strong></span> <span class='ocrx_word' id='word_1_925' title='bbox 3633 5300 3812 5354; x_wconf 90' lang='lat' dir='ltr'><strong>ratio.</strong></span> 
     </span>
    </p>
   </div>
   <div class='ocr_carea' id='block_1_113' title="bbox 2225 5385 3813 5456">
    <p class='ocr_par' dir='ltr' id='par_1_113' title="bbox 2225 5385 3813 5456">
     <span class='ocr_line' id='line_1_113' title="bbox 2225 5385 3813 5456; baseline 0.001 -15"><span class='ocrx_word' id='word_1_926' title='bbox 2225 5387 2420 5442; x_wconf 88' lang='lat' dir='ltr'><strong>Lectus</strong></span> <span class='ocrx_word' id='word_1_927' title='bbox 2447 5387 2568 5442; x_wconf 91' lang='lat' dir='ltr'><strong>ideo</strong></span> <span class='ocrx_word' id='word_1_928' title='bbox 2596 5387 2816 5451; x_wconf 90' lang='lat' dir='ltr'><strong>doloris,</strong></span> <span class='ocrx_word' id='word_1_929' title='bbox 2839 5388 2966 5456; x_wconf 91' lang='lat' dir='ltr'><strong>quia</strong></span> <span class='ocrx_word' id='word_1_930' title='bbox 2996 5387 3063 5442; x_wconf 91' lang='lat' dir='ltr'><strong>ad</strong></span> <span class='ocrx_word' id='word_1_931' title='bbox 3088 5386 3332 5441; x_wconf 90' lang='lat' dir='ltr'><strong>carnales</strong></span> <span class='ocrx_word' id='word_1_932' title='bbox 3355 5385 3665 5455; x_wconf 89' lang='lat' dir='ltr'><strong>voluptates</strong></span> <span class='ocrx_word' id='word_1_933' title='bbox 3709 5403 3813 5442; x_wconf 82' lang='lat' dir='ltr'><strong>se—</strong></span> 
     </span>
    </p>
   </div>
   <div class='ocr_carea' id='block_1_114' title="bbox 2220 5475 3818 5545">
    <p class='ocr_par' dir='ltr' id='par_1_114' title="bbox 2220 5475 3818 5545">
     <span class='ocr_line' id='line_1_114' title="bbox 2220 5475 3818 5545; baseline 0.003 -15"><span class='ocrx_word' id='word_1_934' title='bbox 2220 5476 2453 5530; x_wconf 90' lang='lat' dir='ltr'><strong>cundum</strong></span> <span class='ocrx_word' id='word_1_935' title='bbox 2474 5489 2663 5529; x_wconf 90' lang='lat' dir='ltr'><strong>omnes</strong></span> <span class='ocrx_word' id='word_1_936' title='bbox 2685 5489 2875 5531; x_wconf 89' lang='lat' dir='ltr'><strong>sensus</strong></span> <span class='ocrx_word' id='word_1_937' title='bbox 2893 5477 3155 5545; x_wconf 90' lang='lat' dir='ltr'><strong>corporis,</strong></span> <span class='ocrx_word' id='word_1_938' title='bbox 3170 5485 3224 5532; x_wconf 90' lang='lat' dir='ltr'><strong>et</strong></span> <span class='ocrx_word' id='word_1_939' title='bbox 3249 5475 3318 5530; x_wconf 90' lang='lat' dir='ltr'><strong>ad</strong></span> <span class='ocrx_word' id='word_1_940' title='bbox 3342 5475 3543 5530; x_wconf 81' lang='lat' dir='ltr'><strong>multos</strong></span> <span class='ocrx_word' id='word_1_941' title='bbox 3573 5475 3818 5534; x_wconf 83' lang='lat' dir='ltr'><strong>illicitos</strong></span> 
     </span>
    </p>
   </div>
   <div class='ocr_carea' id='block_1_115' title="bbox 2219 5565 3815 5637">
    <p class='ocr_par' dir='ltr' id='par_1_115' title="bbox 2219 5565 3815 5637">
     <span class='ocr_line' id='line_1_115' title="bbox 2219 5565 3815 5637; baseline 0.002 -16"><span class='ocrx_word' id='word_1_942' title='bbox 2219 5575 2398 5621; x_wconf 91' lang='lat' dir='ltr'><strong>motus</strong></span> <span class='ocrx_word' id='word_1_943' title='bbox 2425 5565 2554 5622; x_wconf 88' lang='lat' dir='ltr'><strong>facit</strong></span> <span class='ocrx_word' id='word_1_944' title='bbox 2575 5567 2682 5621; x_wconf 85' lang='lat' dir='ltr'><strong>vim</strong></span> <span class='ocrx_word' id='word_1_945' title='bbox 2714 5567 2814 5622; x_wconf 87' lang='lat' dir='ltr'><strong>sibi</strong></span> <span class='ocrx_word' id='word_1_946' title='bbox 2845 5568 3178 5637; x_wconf 89' lang='lat' dir='ltr'><strong>superiorem</strong></span> <span class='ocrx_word' id='word_1_947' title='bbox 3198 5567 3546 5633; x_wconf 82' lang='lat' dir='ltr'><strong>consentire,</strong></span> <span class='ocrx_word' id='word_1_948' title='bbox 3575 5567 3646 5622; x_wconf 91' lang='lat' dir='ltr'><strong>de</strong></span> <span class='ocrx_word' id='word_1_949' title='bbox 3670 5571 3815 5637; x_wconf 85' lang='lat' dir='ltr'><strong>qui-</strong></span> 
     </span>
    </p>
   </div>
   <div class='ocr_carea' id='block_1_116' title="bbox 2220 5657 3821 5727">
    <p class='ocr_par' dir='ltr' id='par_1_116' title="bbox 2220 5657 3821 5727">
     <span class='ocr_line' id='line_1_116' title="bbox 2220 5657 3821 5727; baseline 0.003 -15"><span class='ocrx_word' id='word_1_950' title='bbox 2220 5658 2321 5713; x_wconf 89' lang='lat' dir='ltr'><strong>bus</strong></span> <span class='ocrx_word' id='word_1_951' title='bbox 2350 5657 2496 5714; x_wconf 90' lang='lat' dir='ltr'><strong>dolet</strong></span> <span class='ocrx_word' id='word_1_952' title='bbox 2518 5659 2680 5714; x_wconf 89' lang='lat' dir='ltr'><strong>ratio.</strong></span> <span class='ocrx_word' id='word_1_953' title='bbox 2702 5657 2808 5715; x_wconf 91' lang='lat' dir='ltr'><strong>Sed</strong></span> <span class='ocrx_word' id='word_1_954' title='bbox 2840 5659 3010 5714; x_wconf 89' lang='lat' dir='ltr'><strong>lectus</strong></span> <span class='ocrx_word' id='word_1_955' title='bbox 3040 5660 3162 5724; x_wconf 91' lang='lat' dir='ltr'><strong>iste,</strong></span> <span class='ocrx_word' id='word_1_956' title='bbox 3190 5673 3350 5727; x_wconf 90' lang='lat' dir='ltr'><strong>quem</strong></span> <span class='ocrx_word' id='word_1_957' title='bbox 3380 5659 3540 5714; x_wconf 90' lang='lat' dir='ltr'><strong>modo</strong></span> <span class='ocrx_word' id='word_1_958' title='bbox 3561 5658 3821 5718; x_wconf 82' lang='lat' dir='ltr'><strong>dicimus</strong></span> 
     </span>
    </p>
   </div>
   <div class='ocr_carea' id='block_1_117' title="bbox 2221 5745 3818 5820">
    <p class='ocr_par' dir='ltr' id='par_1_117' title="bbox 2221 5745 3818 5820">
     <span class='ocr_line' id='line_1_117' title="bbox 2221 5745 3818 5820; baseline 0.002 -18"><span class='ocrx_word' id='word_1_959' title='bbox 2221 5745 2440 5817; x_wconf 93' lang='lat' dir='ltr'><strong>doloris,</strong></span> <span class='ocrx_word' id='word_1_960' title='bbox 2463 5749 2612 5818; x_wconf 91' lang='lat' dir='ltr'><strong>prius</strong></span> <span class='ocrx_word' id='word_1_961' title='bbox 2638 5747 2738 5805; x_wconf 92' lang='lat' dir='ltr'><strong>fuit</strong></span> <span class='ocrx_word' id='word_1_962' title='bbox 2758 5749 2954 5805; x_wconf 66' lang='lat' dir='ltr'><strong>laatitize</strong></span> <span class='ocrx_word' id='word_1_963' title='bbox 2979 5759 3032 5804; x_wconf 90' lang='lat' dir='ltr'><strong>et</strong></span> <span class='ocrx_word' id='word_1_964' title='bbox 3052 5749 3435 5807; x_wconf 90' lang='lat' dir='ltr'><strong>consolationis</strong></span> <span class='ocrx_word' id='word_1_965' title='bbox 3461 5769 3471 5803; x_wconf 90' lang='lat'>:</span> <span class='ocrx_word' id='word_1_966' title='bbox 3507 5750 3631 5820; x_wconf 89' lang='lat' dir='ltr'><strong>quia</strong></span> <span class='ocrx_word' id='word_1_967' title='bbox 3661 5750 3818 5805; x_wconf 82' lang='lat' dir='ltr'><strong>dum</strong></span> 
     </span>
    </p>
   </div>
  </div>
