3984 6460
197 415 310 476 337

1391 402 1834 464 EXPLANATIO
1870 403 1938 458 IN
1976 401 2316 461 PSALMOﬁ

3377 403 3482 464 333

195 539 416 613 primus
461 533 624 591 homo
649 529 887 603 perstitit
924 529 977 584 in
1021 524 1346 593 obedientia,
1389 526 1605 596 praefuit
1649 523 1788 578 ratio
1821 525 1865 585 Α
1896 521 2158 586 tendens,
2191 521 2380 613 in'quo
2414 519 3146 613 eratcum-adhuemccum
3192 537 3484 580 conserva-

196 624 547 688 animalitati,
583 623 658 677 ita
684 621 826 690 quod
856 619 970 689 ipsa
1019 617 1327 672 animalitas
1352 616 1646 672 secundum
1677 613 1794 668 nul-

199 714 319 771 Idm
346 727 565 769 sensum
597 709 840 780 corporis
861 709 1180 762 movebatur
1201 707 1269 761 ad
1289 706 1524 775 aliquam
1552 704 1794 773 volupta-

197 819 314 865 tem
343 794 545 869 carnis,
581 803 634 857 in
676 816 780 871 qua
812 801 890 855 sic
933 799 1173 869 subjecta
1221 798 1420 852 rationi
1477 797 1792 867 quiescebat

198 902 343 957 ratio
369 913 492 955 cum
521 895 726 951 laetitia.
754 894 1047 962 Postquam
1084 907 1213 948 vero
1239 893 1306 946 ab
1328 889 1633 946 obedientia
1680 888 1792 944 dis-

197 991 392 1055 cessit,
416 989 592 1043 Iactus
612 994 695 1042 est
717 986 891 1040 lectus
912 984 1136 1039 doloris.
1159 982 1449 1038 Sciendum
1475 981 1619 1051 quod
1648 980 1792 1036 Deus

200 1084 399 1139 adhoc
432 1079 764 1150 superiorem
794 1077 902 1131 vim
935 1077 1149 1140 animm,
1173 1074 1381 1129 scilicet
1403 1073 1668 1127 rationem
1713 1073 1793 1126 in-

200 1173 397 1238 seruit,
412 1169 480 1226 'ut
509 1172 670 1225 homo
695 1185 793 1238 per
821 1183 942 1223 eam
971 1167 1139 1222 Deum
1186 1170 1557 1228 contueretur,
1588 1172 1644 1217 et
1673 1163 1790 1233 ipsa

201 1265 393 1320 eadem
424 1261 566 1316 ratio
603 1274 818 1328 semper
840 1271 1072 1328 prmcsse
1099 1256 1256 1311 debet
1287 1254 1628 1318 animal‘itati,
1655 1254 1795 1308 sicut

202 1355 293 1409 vi'r
318 1352 549 1408 mulieri.
595 1348 959 1404 Animalitatis
1006 1346 1238 1402 oilicium
1278 1355 1382 1412 est,
1415 1346 1530 1400 haec
1579 1352 1794 1400 terrena

203 1441 491 1499 commode
519 1439 805 1509 disponere
837 1478 849 1490 .
879 1445 934 1491 et
979 1451 1192 1505 semper
1240 1435 1399 1490 debet
1438 1448 1560 1490 esse
1597 1433 1795 1488 rationi

205 1535 267 1588 in
291 1530 635 1600 adjutorium,
662 1535 717 1582 et
747 1524 986 1594 subjecta
1035 1525 1189 1595 quasi
1237 1523 1376 1590 viro,
1403 1530 1458 1578 et
1491 1522 1560 1578 ad
1599 1521 1799 1588 signiﬁ-

209 1624 417 1681 candas
445 1623 545 1677 has
581 1621 717 1675 duas
769 1618 1042 1689 potentias
1083 1616 1298 1682 animae,
1345 1630 1578 1686 quarum
1628 1614 1797 1669 altera

204 1724 493 1789 praeesset,
528 1713 697 1768 altera
725 1712 995 1776 subesset,
1019 1709 1225 1765 creavit
1245 1708 1388 1763 Deus
1417 1705 1721 1762 masculum
1744 1714 1800 1760 et

207 1809 468 1865 feminam
496 1846 510 1871 ,
551 1819 786 1874 quorum
833 1801 1108 1857 masculus
1160 1806 1438 1869 prmesset,
1484 1796 1798 1868 signiﬁcans

208 1898 478 1953 rationem
519 1913 530 1948 :
566 1893 769 1949 femina
816 1893 1082 1955 subesset,
1135 1889 1444 1959 signiﬁcans
1495 1885 1800 1941 animalita-

206 1999 347 2045 tem.
374 1989 516 2044 Bene
545 1987 665 2042 dico
686 1985 884 2040 lectum
911 1982 1137 2047 doloris,
1174 1982 1299 2050 quia
1328 2000 1347 2032 ‹
1384 1982 1438 2034 in
1481 1979 1798 2035 inﬁrmitate

207 2077 354 2147 ejus,
386 2098 404 2130 ι
435 2078 487 2131 id
518 2085 618 2141 εει,
645 2075 702 2129 in
738 2082 986 2144 peccato,
1018 2072 1160 2142 quod
1188 2071 1394 2141 primus
1436 2070 1564 2126 fecit
1591 2084 1691 2140 per
1721 2070 1802 2124 in-

205 2169 576 2225 obcdientiam
599 2186 616 2218 ι
638 2165 868 2221 versasti
892 2172 1123 2220 stratum
1139 2163 1306 2236 ejus,»
1331 2162 1496 2230 idest,
1513 2162 1657 2216 illam
1680 2177 1802 2217 sen-

209 2260 541 2322 sualitatcm,
567 2273 686 2329 quae
711 2257 862 2328 prius
891 2265 1010 2311 erat
1040 2264 1233 2320 strata,
1260 2255 1314 2308 id
1336 2261 1436 2317 εει,
1457 2251 1696 2322 subjecta
1710 2266 1800 2306 ra-

209 2351 374 2416 tioni,
398 2348 716 2406 convertisti
739 2348 995 2418 ita,quod
1019 2348 1136 2416 ipsa
1169 2345 1329 2401 modo
1355 2344 1484 2398 velit
1508 2342 1801 2408 dominari,

211 2453 274 2501 et
299 2459 480 2501 secum
501 2457 622 2498 eam
653 2441 870 2514 trahere
893 2441 948 2495 in
974 2440 1278 2508 voluptates
1310 2436 1489 2492 carnis
1523 2452 1536 2489 :
1570 2442 1803 2490 stratum

213 2537 341 2592 dico
388 2540 665 2590 versatum
720 2547 828 2588 non
866 2530 1163 2586 secundum
1215 2542 1380 2583 unum
1433 2540 1675 2590 sensum,
1711 2523 1807 2579 sed

219 2643 242 2676 ς
269 2625 602 2688 universum,
627 2643 644 2675 ι
665 2622 835 2687 idest,
868 2623 1164 2676 secundum
1193 2632 1384 2673 omnes
1405 2630 1598 2672 sensus
1618 2627 1808 2684 corpo-

214 2717 321 2772 ris.
346 2715 518 2770 Homo
541 2715 687 2770 enim
713 2712 874 2768 modo
905 2719 1151 2767 movetur
1170 2711 1238 2766 ad
1275 2709 1576 2778 voluptates
1605 2707 1804 2772 carnis,

217 2808 522 2864 secundum
549 2821 739 2862 omnes
769 2819 982 2860 sensus.
1112 2813 1113 2816 ‘

297 2897 377 2954 Tu
407 2897 638 2954 versasti
677 2905 906 2951 stratum
931 2893 1075 2963 ejus,
1112 2893 1207 2949 sed
1236 2901 1423 2948 contra
1454 2891 1559 2947 hoc
1588 2904 1689 2958 ego
1715 2905 1812 2946 oro

216 3006 323 3064 pro
355 3005 422 3045 eo
453 3008 466 3044 :
498 2990 682 3045 ethoc
707 2997 791 3044 est
816 3006 828 3040 :
868 3006 887 3038 ε
911 3002 1012 3058 ego
1036 2986 1148 3042 dixi
1172 3005 1188 3036 ι
1216 2985 1379 3041 corde
1407 2993 1461 3040 et
1493 2999 1619 3040 ore:
1657 3001 1676 3035 ι
1702 2985 1809 3038 Do-

224 3085 399 3150 mine,
432 3083 693 3139 miserere
738 3081 868 3147 mei,
919 3101 937 3132 ι
968 3080 1022 3136 id
1045 3088 1146 3145 est,
1178 3093 1423 3134 meorum
1454 3096 1466 3131 :
1500 3077 1574 3132 ita
1605 3075 1813 3132 scilicet

221 3178 465 3233 animam
515 3191 689 3232 meam
715 3215 730 3241 ,
774 3195 793 3228 ι
840 3175 895 3231 id
923 3182 1040 3240 est,
1068 3189 1334 3238 meorum,
1377 3191 1396 3224 ι
1439 3172 1562 3242 quia
1594 3170 1813 3241 peccavi

222 3269 350 3336 tibi,
388 3289 406 3322 ι
443 3269 494 3324 id
525 3277 628 3333 est,
676 3239 743 3322 ad
789 3275 939 3322 tuum
979 3267 1262 3330 honorem,
1293 3265 1420 3334 quia
1457 3239 1516 3317 tu
1549 3239 1696 3318 solus
1725 3262 1813 3316 ille
1839 3239 1884 3301 (ἶ

221 3358 492 3423 medicus,
524 3357 614 3426 qui
636 3356 783 3411 solus
811 3355 1026 3410 laudem
1059 3364 1213 3424 potes
1241 3353 1443 3408 habere
1471 3352 1538 3407 de
1569 3360 1814 3421 peccato-

223 3464 352 3503 rum
380 3449 676 3514 curatione,
727 3465 794 3504 εχ
847 3465 1041 3520 magna
1095 3449 1379 3506 aﬁ‘eetione
1432 3466 1596 3520 quam
1649 3451 1815 3506 habet

224 3537 484 3594 Christus
535 3553 665 3608 erga
703 3553 850 3603 suos,
897 3539 1120 3595 ascribit
1178 3539 1281 3596 sibi
1323 3549 1543 3609 peccata
1594 3555 1815 3596 suorum

231 3644 362 3684 cum
391 3630 494 3685 boc
520 3630 670 3686 dicit.

305 3719 497 3790 Incipit
548 3722 612 3776 de
644 3722 880 3777 secunda
917 3732 1102 3793 parte,
1135 3724 1344 3780 scilicet
1378 3722 1617 3780 ostendit
1656 3722 1816 3778 Chri-

229 3819 379 3870 stum
415 3812 600 3869 multis
633 3814 809 3870 modis
841 3815 1177 3887 injuriatum,
1213 3825 1434 3888 propter
1459 3815 1603 3886 quod
1640 3829 1671 3868 a
1698 3812 1819 3884 qui-

228 3905 461 3961 busdam
486 3905 802 3975 simpliciter
822 3915 1104 3978 reputatus
1129 3917 1213 3964 εει
1241 3909 1422 3964 homo.
1456 3907 1540 3962 Ad
1571 3907 1672 3961 hoc
1695 3905 1822 3974 jun—

227 3995 421 4067 gitur:
455 3993 572 4072 Ego
619 3994 698 4049 sic
741 4010 838 4050 oro
879 4009 978 4065 pro
1027 3996 1181 4060 meis,
1225 3995 1320 4052 sed
1355 4015 1374 4048 ι
1411 3994 1617 4050 inimici
1655 3993 1763 4048 mei
1796 4011 1814 4043 ι

231 4101 349 4140 non
374 4093 630 4141 curantes
651 4086 756 4141 hoc
783 4105 801 4138 ι
842 4086 1094 4142 dixerunt
1119 4086 1260 4141 mala
1283 4085 1414 4141 mihi
1437 4105 1454 4138 ι
1488 4094 1548 4140 ut
1574 4083 1820 4138 :Dtemo-

232 4179 390 4233 nium
447 4178 648 4245 habes,
707 4187 763 4234 ει
809 4178 1024 4234 similia.
1081 4178 1228 4235 Inter
1283 4187 1478 4234 caetera
1531 4176 1814 4233 dicebant:

235 4289 257 4321 α
291 4269 521 4336 Quando
550 4269 812 4325 morietur
847 4289 864 4322 ι
897 4270 1060 4325 homo
1109 4270 1210 4325 iste
1238 4288 1256 4320 ι
1292 4277 1348 4324 ει
1389 4267 1587 4339 peribit
1626 4281 1821 4324 nomen

227 4358 399 4430 ejus?
433 4380 451 4412 ι
488 4360 541 4416 id
569 4368 653 4415 est
674 4400 690 4426 ,
720 4361 1029 4416 destruetur
1052 4359 1196 4415 fama
1218 4360 1385 4430 ejus?

304 4449 425 4507 Non
471 4459 679 4506 tantum
720 4451 922 4506 inimici
969 4450 1242 4506 manifesti
1279 4450 1420 4505 mala
1464 4448 1826 4520 loquebantur

229 4541 402 4608 mihi,
457 4541 553 4597 sed
601 4542 765 4596 etiam
819 4542 1140 4598 simulatorii
1189 4541 1348 4596 amici
1388 4550 1488 4595 :et
1540 4540 1644 4595 hoc
1694 4540 1826 4594 dicit

1854 4592 1903 4651 D

1895 618 2082 672 retur,
2138 608 2386 675 scilicet,
2445 616 2506 664 ut
2561 608 2629 664 de
2679 624 2768 664 me
2817 609 2960 666 mala
3011 611 3160 666 omni
3201 611 3382 668 studio
3407 611 3487 668 Ioc

1896 707 2182 768 queretur.

1965 789 2071 844 Per
2101 789 2310 861 singula
2337 789 2469 860 quid
2500 791 2832 848 curramus?
2866 810 2886 844 ‹
2917 789 3120 848 Omnes
3151 792 3353 848 inimici
3380 794 3486 848 mei

1895 882 2272 946 susurrabant,
2313 901 2331 933 ι
2370 881 2424 938 id
2452 890 2556 948 est,
2589 883 2803 940 occulte
2832 883 3287 940 aconsiliabantur
3337 883 3484 939 crad-

1897 989 2115 1030 versum
2139 988 2228 1029 me
2249 1015 2264 1040 ,
2301 992 2320 1026 ι
2355 974 2408 1029 id
2431 982 2537 1040 est,
2565 975 2796 1030 adversa
2822 985 2878 1031 et
2902 977 3093 1032 nociva
3125 975 3278 1030 mihi.
3304 974 3488 1044 Neque

1895 1063 2176 1120 consiliari
2223 1064 2358 1118 satis
2384 1071 2504 1119 erat
2526 1064 2637 1130 eis,
2671 1065 2768 1120 sed
2802 1065 2967 1120 etiam
2995 1085 3012 1118 ι
3057 1065 3368 1137 cogitabant
3393 1065 3490 1121 ad-

1897 1168 2116 1209 versum
2165 1169 2252 1208 me
2303 1153 2484 1220 mala,
2527 1174 2545 1207 ι
2603 1153 2661 1208 id
2698 1163 2810 1219 est,
2855 1149 3233 1224 unusquisque
3263 1154 3404 1225 apud
3433 1166 3494 1211 se

1898 1247 2113 1330 curiose
2144 1245 2414 1301 tractabat
2440 1246 2569 1315 quid
2603 1261 2843 1315 unquam
2877 1248 3094 1317 gravius
3111 1256 3166 1301 et
3192 1246 3369 1317 magis
3395 1259 3494 1301 no-

1899 1341 2079 1396 civum
2117 1348 2306 1410 posset
2335 1339 2647 1410 excogitare
2676 1339 2732 1393 in
2767 1353 2890 1394 me:
2921 1353 3042 1408 quae
3087 1339 3228 1394 mala
3277 1339 3497 1394 fuerunt

1905 1456 1924 1489 ε
1960 1435 2124 1500 mihi,
2161 1454 2180 1486 ι
2211 1435 2266 1490 id
2294 1442 2378 1491 est
2397 1475 2412 1500 ,
2440 1435 2509 1490 ad
2540 1449 2723 1490 meum
2751 1433 3016 1488 honorem
3055 1441 3111 1488 et
3136 1434 3204 1488 ad
3249 1447 3495 1489 meorum

1902 1533 2122 1590 redacta
2149 1539 2277 1587 sunt
2307 1529 2619 1584 utilitatem.
3456 1530 3458 1532 '

1971 1627 2090 1684 Non
2106 1635 2316 1683 tantum
2330 1630 2772 1690 susurraverunt,
2793 1621 3188 1694 cogitaverunt,
3213 1617 3307 1674 sed
3329 1616 3496 1672 etiam

1907 1737 1926 1772 ι
1957 1721 2182 1774 verbum
2209 1717 2454 1786 iniquum
2486 1713 2886 1769 constituerunt
2907 1712 3195 1767 adversum
3217 1723 3357 1776 me,»
3386 1707 3497 1764 sci-

1903 1805 2031 1862 licet
2054 1847 2068 1873 ,
2103 1805 2436 1862 sententiam
2468 1803 2662 1859 mortis
2700 1801 2954 1858 stabilem
2983 1801 3310 1856 induxerunt
3337 1811 3502 1870 super

1830 1879 1877 1940 Β
1905 1911 2030 1953 me:
2057 1907 2112 1952 et
2140 1877 2561 1968 quod'Caipbas
2598 1893 2802 1950 inscius
2838 1874 3167 1963 piophetans
3194 1891 3497 1962 judicavit:

1907 2010 1927 2043 ι
1960 1992 2190 2062 Expedit
2209 1999 2270 2045 ut
2295 2005 2435 2046 unus
2461 1989 2624 2045 homo
2647 1988 2941 2054 moriatur,
2968 2001 3038 2042 ne
3067 1995 3177 2042 tota
3208 2001 3341 2055 gens
3365 2000 3492 2056 pcr-

1901 2090 1992 2137 eat
2017 2079 2199 2153 (Joan.
2228 2079 2329 2151 xl).
2365 2098 2383 2132 ι

1906 2181 1909 2184 ’
1976 2173 2082 2243 1ρεὶ
2113 2188 2200 2227 me
2229 2172 2308 2227 sic
2343 2170 2768 2241 iudicaverunt,
2807 2187 2826 2221 ς
2869 2167 2965 2223 sed
2999 2167 3091 2237 qui
3120 2166 3321 2222 dormit
3350 2184 3370 2216 ι
3409 2164 3504 2233 qui

1905 2264 2084 2319 tradet
2107 2263 2345 2317 animam
2379 2276 2532 2316 suam
2563 2260 2758 2326 morti,
2798 2259 3006 2315 scilicet
3032 2273 3133 2330 ego
3150 2299 3165 2324 ,
3190 2272 3354 2328 quam
3378 2270 3502 2326 pos-

1906 2354 1980 2409 sit
2038 2353 2112 2407 ita
2170 2350 2361 2406 leviter
2408 2349 2718 2416 dimittere,
2776 2348 2918 2404 sicut
2983 2348 3258 2404 dormiens
3309 2345 3506 2415 aliquis

1907 2459 2182 2509 somnum,
2217 2463 2236 2495 ι
2276 2441 2520 2513 nunquid
2558 2457 2664 2497 non
2690 2440 2942 2512 adjiciet,
2976 2459 2995 2492 ›
3028 2440 3204 2504 idest,
3251 2435 3506 2508 adjunget

1907 2549 2020 2590 suae
2039 2533 2202 2588 morti
2241 2551 2260 2584 ι
2298 2532 2665 2602 utresurgat?
2703 2552 2722 2584 ι
2756 2531 2939 2598 Quide
2955 2530 3136 2602 seipso
3158 2529 3325 2585 dicit:
3359 2548 3375 2580 ι
3396 2528 3500 2583 Ρο-

1911 2632 2166 2679 testatcm
2195 2622 2372 2677 habeo
2413 2621 2649 2693 ponendi
2699 2622 2938 2676 animam
2969 2636 3146 2676 meam
3168 2661 3181 2687 ,
3212 2628 3268 2675 ει
3301 2621 3500 2675 iterum

1910 2715 2187 2784 suscipere
2233 2729 2353 2769 eam
2398 2712 2580 2785 (Joan.
2614 2713 2673 2785 x)
2717 2734 2734 2766 ι
2773 2712 2879 2768 Ρει·
2925 2727 3047 2768 eam
3087 2713 3504 2769 resurrectionis

1911 2822 2021 2862 sua:
2048 2805 2418 2871 securitatem,
2449 2819 2636 2859 eorum
2677 2803 2962 2860 stultitiam
2993 2805 3359 2875 reprehendit.

1983 2897 2049 2952 Et
2072 2896 2430 2952 beneinimici
2447 2897 2552 2951 mei
2586 2905 2916 2967 putaverunt
2948 2913 3033 2952 me
3050 2896 3316 2967 judicare.
3346 2918 3363 2948 ι
3411 2897 3505 2951 Et-

1913 2989 2058 3043 enim
2081 2989 2269 3054 homo,
2300 3007 2318 3041 ι
2347 2988 2399 3043 id
2422 2985 2704 3052 est,.ludas
2735 3007 2752 3039 ι
2778 2987 2931 3057 pacis
2950 3003 3106 3054 mem,
3132 3005 3150 3038 ›
3181 2987 3233 3042 id
3258 2995 3362 3053 est,
3387 3003 3508 3042 cum

1915 3095 2020 3152 quo
2049 3097 2147 3151 ego
2178 3080 2440 3135 habebam
2473 3094 2660 3150 pacem
2688 3079 2817 3134 licet
2840 3095 2948 3135 non
2978 3079 3092 3150 ipse
3130 3095 3366 3144 mecum,
3399 3097 3418 3129 ιι
3450 3079 3504 3133 in

1915 3189 2022 3244 quo
2045 3171 2310 3242 spcravi,r
2339 3185 2558 3241 sperare
2589 3171 2746 3226 debui
2773 3171 3072 3226 secundum
3095 3170 3285 3226 merita
3307 3185 3426 3240 quae
3457 3170 3510 3225 in

1917 3279 2038 3319 cum
2056 3264 2178 3327 feci,
2201 3282 2218 3313 ι
2251 3264 2344 3332 qui
2368 3262 2558 3316 edebat
2585 3277 2752 3332 panes
2776 3275 2927 3317 meos
2957 3283 2974 3315 ι
2996 3261 3355 3317 materialiter
3381 3279 3393 3315 :
3423 3261 3506 3316 vel

1924 3376 1942 3409 ‹
1979 3372 2148 3428 panes
2171 3396 2186 3420 ,
2219 3377 2236 3406 ι
2266 3355 2464 3421 idest,
2500 3354 2824 3410 refectiones
2863 3354 3162 3424 spiritualis
3206 3353 3463 3410 doctrina;
3494 3372 3507 3406 :

1925 3471 1943 3502 ι
1978 3450 2421 3522 ωεεηίιίεειγίι,-›
2455 3449 2507 3504 id
2535 3457 2637 3515 est,
2668 3449 3008 3520 magniﬁcam
3033 3448 3161 3505 fecit
3201 3468 3219 3501 σ
3257 3449 3512 3521 supplan-

1916 3543 2201 3607 tationem,
2241 3561 2258 3594 ι
2295 3541 2348 3594 id
2373 3550 2477 3606 εει,
2509 3541 2902 3610 deceptionem,
2933 3541 3110 3597 dando
3157 3542 3290 3596 mihi
3339 3556 3497 3596 oscu-

1921 3631 2031 3687 lum
2059 3631 2382 3701 proditionis
2401 3671 2416 3696 ,
2445 3630 2591 3700 quod
2613 3632 2778 3686 etiam
2809 3632 3151 3687 inimicorum
3181 3631 3358 3687 nullus
3383 3631 3513 3687 fecit

1929 3741 1947 3775 ι
1981 3720 2364 3793 magniﬁcavit,
2398 3719 2540 3786 dico,
2571 3735 2733 3790 super
2779 3736 2886 3787 me,
2921 3742 2938 3773 ι
2987 3721 3040 3776 id
3090 3730 3195 3785 est,
3239 3723 3305 3776 ad
3333 3737 3510 3777 meam

1925 3812 2349 3885 depressionem.
3071 3823 3074 3827 ·

1993 3905 2187 3974 Incipit
2223 3904 2289 3960 de
2335 3903 2494 3959 tertia
2528 3912 2715 3974 parte,
2750 3903 2958 3959 scilicet
2991 3902 3136 3958 illam
3164 3903 3514 3975 gloriﬁcatio-

1925 4010 2071 4058 nem,
2105 4010 2204 4064 per
2241 4009 2403 4064 quam
2446 3994 2693 4050 Christus
2727 3993 2848 4064 plus
2897 4009 3059 4064 quam
3089 3995 3282 4060 homo,
3309 3993 3518 4050 scilicet

1925 4087 2085 4149 Deus,
2121 4084 2490 4142 indubitanter
2539 4086 2790 4158 cognosci
2840 4087 3011 4157 possit
3042 4088 3146 4143 :ad
3189 4088 3290 4144 hoc
3345 4089 3515 4144 conti-

1925 4188 2124 4234 nuatur
2155 4194 2168 4233 :
2201 4179 2306 4249 Ipsi
2355 4194 2440 4234 me
2471 4179 2546 4234 ita
2581 4177 2850 4247 iudicant,
2885 4198 2903 4230 ι
2939 4189 2994 4234 tu
3023 4187 3224 4245 autem,
3264 4178 3512 4243 Demine,

1925 4271 2184 4325 miserere
2228 4271 2336 4325 mei
2385 4289 2404 4322 ι
2459 4279 2515 4325 ει
2557 4269 2866 4325 miserando
2902 4288 2920 4321 ι
2994 4271 3260 4326 resuscita
3299 4286 3416 4338 me,
3461 4281 3516 4327 et

1928 4361 2144 4416 tandem
2182 4361 2479 4416 retribuam
2515 4360 2594 4416 eis
2633 4380 2652 4413 ι
2684 4361 2790 4416 hoc
2812 4359 2957 4430 quod
2983 4361 3115 4416 mihi
3137 4360 3398 4417 fecerunt.

2001 4451 2068 4506 Et
2117 4467 2244 4506 vere
2277 4451 2598 4517 suscitabis,
2635 4471 2654 4504 ι
2691 4453 2948 4522 quoniam
2994 4451 3211 4508 voluisti
3259 4469 3372 4520 me,
3406 4472 3424 4505 ι
3460 4453 3513 4509 id

1929 4552 2044 4609 est,
2080 4557 2296 4613 semper
2316 4542 2414 4597 tibi
2448 4542 2587 4598 bene
2621 4541 2835 4612 placui:
2863 4550 2918 4597 et
2945 4561 2962 4594 ι
2998 4542 3052 4596 in
3079 4543 3182 4597 hoc
3211 4562 3231 4595 ι
3259 4543 3402 4613 quod
3427 4557 3515 4598 me

236 4652 258 4686 ι
304 4641 362 4688 ει
388 4633 432 4688 si
469 4632 874 4704 ingrediebatur
910 4653 930 4686 ι
975 4633 1170 4703 aliquis
1203 4633 1258 4687 in
1296 4631 1662 4696 consortium,
1700 4648 1718 4681 ‹
1766 4639 1826 4685 ut
1854 4629 1902 4651 ν
1927 4632 2145 4689 voluisti
2185 4650 2204 4684 ‹
2241 4631 2500 4703 cognovi,
2533 4631 2788 4701 quoniam
2821 4645 2929 4686 non
2969 4630 3224 4703 gaudebit
3259 4629 3514 4686 inimicus

231 4725 478 4792 videret,
543 4745 562 4778 ι
619 4725 672 4780 id
712 4733 823 4791 est,
855 4724 1163 4795 exploraret
1188 4766 1203 4791 ,
1250 4723 1296 4780 si
1330 4724 1385 4778 in
1423 4722 1603 4793 aliquo
1642 4729 1827 4793 posset

232 4818 502 4888 derogare
527 4816 682 4882 mihi,
720 4834 738 4867 ‹
775 4831 913 4870 vana
944 4815 1303 4886 loquebatur»
1335 4815 1482 4870 velut
1517 4813 1604 4868 ille
1627 4814 1718 4883 qui
1747 4812 1825 4868 Io-

233 4908 506 4978 quebatur
529 4925 540 4960 :
565 4925 583 4958 ι
619 4906 676 4961 Si
705 4906 792 4961 hic
815 4907 1081 4977 propheta
1107 4915 1272 4972 esset,
1304 4907 1466 4962 sciret
1494 4905 1678 4975 utique
1705 4919 1824 4974 qua:

234 5005 293 5052 et
323 4995 498 5066 qualis
534 5003 678 5051 esset
709 4995 905 5051 mulier
944 5011 1064 5066 qua:
1104 4997 1277 5067 tangit
1300 5010 1422 5050 eum
1467 4994 1618 5065 (Luc.
1646 4993 1766 5063 vu).
1800 5013 1817 5045 ι

237 5088 374 5142 Dico
392 5101 530 5140 vana
562 5086 910 5156 loquebatur,
934 5095 990 5141 et
1033 5087 1158 5142 inde
1195 5105 1214 5138 α
1255 5102 1350 5142 cor
1377 5081 1529 5158 eius,
1573 5106 1590 5138 ι
1626 5085 1678 5140 id
1717 5093 1820 5150 εει,

239 5195 477 5252 nequam
530 5179 778 5234 voluntas
828 5181 945 5250 ejus
998 5198 1018 5232 ‹
1071 5180 1434 5252 congregabat
1483 5178 1821 5248 iniquitatem

241 5269 368 5326 sibi.
439 5287 457 5320 ι
505 5267 781 5324 Accedens
826 5269 972 5324 enim
1023 5269 1090 5325 ad
1116 5285 1241 5324 eum
1289 5283 1355 5324 ex
1397 5283 1504 5340 quo
1532 5267 1826 5323 benevolus

243 5359 442 5416 melior
467 5357 793 5426 eﬁiceretur,
828 5359 928 5415 iste
955 5361 1107 5431 pejor
1132 5359 1356 5416 ell‘ectus
1386 5369 1469 5415 est
1491 5360 1616 5428 quia
1647 5375 1826 5429 pravae

244 5449 540 5505 voluntatis
567 5464 694 5519 erga
723 5449 998 5504 Christum
1026 5450 1157 5516 fuit,
1198 5449 1563 5520 congregabat
1589 5450 1725 5517 sibi,
1773 5447 1826 5503 id

246 5547 364 5606 est,
397 5539 466 5594 ad
495 5538 748 5594 damnum
781 5554 955 5594 suum.

318 5631 728 5702 Ingrediebatur
763 5632 829 5687 ad
871 5647 956 5687 me
997 5633 1308 5704 explorator
1337 5644 1391 5689 et
1422 5649 1632 5690 mecum
1682 5633 1835 5688 habi-

255 5733 379 5778 tans
405 5720 726 5792 loquebatur
746 5737 904 5787 vana,
929 5733 983 5778 et
1007 5723 1148 5778 idem
1183 5741 1201 5774 ‹
1234 5725 1610 5794 egrediebatur
1635 5723 1780 5778 foras
1809 5744 1828 5776 ι

257 5825 414 5874 extra
444 5817 773 5875 consortium
803 5834 999 5885 metuu,
1039 5838 1056 5870 ι
1087 5819 1404 5889 loquebatur
1442 5819 1495 5874 in
1542 5818 1772 5889 idipsum
1808 5837 1826 5871 ι

1935 4743 1953 4776 ι
1983 4739 2135 4779 meus
2161 4737 2323 4794 super
2341 4738 2449 4790 me,
2473 4743 2493 4777 ι
2529 4723 2582 4778 id
2603 4731 2707 4789 est,
2725 4738 2832 4778 non
2854 4722 3108 4780 retinebit
3129 4738 3216 4780 me
3235 4723 3292 4780 in
3314 4733 3510 4792 morte,

1927 4812 2072 4884 quod
2109 4813 2153 4868 si
2176 4820 2384 4883 posset,
2407 4827 2572 4884 super
2605 4826 2694 4868 me
2719 4820 2880 4869 esset.

1996 4905 2252 4960 Inimicus
2281 4919 2388 4960 non
2423 4903 2680 4977 gaudebit
2702 4945 2718 4971 ,
2748 4919 2848 4974 ego
2873 4914 3053 4961 autem
3079 4903 3356 4978 gaudebo,
3387 4904 3512 4973 quia

1934 5016 1952 5048 ι
1988 4997 2272 5068 suscepisti
2295 5011 2381 5051 me
2403 5014 2422 5048 ι
2450 4997 2519 5052 ad
2544 4996 3008 5054 immortalitatem
3035 5005 3092 5052 et
3113 4994 3514 5066 impassibilita-

1933 5096 2038 5142 tem
2067 5107 2084 5139 ‹
2117 5095 2336 5158 prepter
2365 5087 2726 5144 innocentiam
2747 5130 2762 5154 ,
2802 5096 2858 5144 et
2883 5085 3216 5146 conﬁrmasti
3243 5099 3376 5150 'me,
3409 5103 3428 5137 ›
3461 5083 3515 5139 id

1931 5186 2046 5244 εει,
2070 5178 2148 5232 εἰε
2182 5177 2494 5245 collocasti,
2528 5179 2672 5249 quod
2711 5179 2845 5235 nihil
2881 5178 3135 5247 deinceps
3172 5175 3303 5232 mihi
3344 5174 3516 5246 possit

1933 5283 2130 5324 nocere
2163 5286 2182 5320 ί
2213 5268 2267 5323 in
2294 5278 2584 5339 conspectu
2609 5277 2722 5337 tuo,
2755 5287 2774 5322 ι
2802 5269 2856 5324 id
2877 5277 2983 5334 est,
3011 5268 3066 5324 in
3090 5265 3375 5339 praesentia
3399 5273 3511 5320 tua:

1935 5376 2040 5416 non
2077 5361 2150 5415 ibi
2179 5361 2246 5416 ad
2276 5360 2465 5416 horam
2499 5374 2811 5416 mansurum
2845 5359 2942 5415 sed
2975 5379 2992 5411 ι
3024 5359 3077 5414 in
3099 5364 3381 5414 aeternum.
3421 5374 3440 5405 ι

2011 5450 2078 5505 Ει
2100 5450 2224 5520 quia
2253 5465 2338 5505 me
2374 5451 2447 5505 ita
2475 5449 2764 5515 exaltavit,
2795 5449 2915 5504 ideo
2948 5449 3020 5506 sit
3060 5466 3078 5500 ι
3121 5444 3460 5510 benedictus,
3491 5465 3510 5497 ι

1938 5542 1988 5597 id
2024 5550 2137 5608 cst,
2166 5541 2442 5605 laudatus,
2473 5550 2526 5597 et
2548 5540 2670 5596 talis
2706 5539 2954 5611 cognitus
2980 5537 3152 5609 qualis
3173 5545 3257 5592 est
3283 5555 3301 5589 ι
3336 5535 3518 5591 Domi.

1938 5646 2040 5687 nus
2083 5629 2285 5697 Israel,
2341 5650 2359 5682 ι
2417 5628 2474 5684 id
2500 5639 2611 5694 est,
2642 5629 2731 5684 ille
2772 5629 2863 5699 qui
2893 5628 3200 5685 dominatur
3237 5621 3434 5695 Israel,
3465 5625 3517 5681 id

1938 5729 2042 5788 est,
2101 5720 2409 5777 videntibus
2443 5719 2608 5775 Deum
2659 5729 2716 5776 et
2743 5739 2761 5772 ι
2791 5720 2953 5788 Deus,
2996 5739 3016 5774 ι
3059 5719 3113 5776 id
3163 5727 3266 5787 est,
3301 5726 3522 5775 creator

1944 5836 1962 5869 ι
1996 5815 2160 5875 Israel
2195 5835 2212 5869 ι
2243 5831 2364 5886 quae
2398 5813 2704 5872 benedictio
2744 5814 2965 5887 Incipiat
3002 5833 3021 5868 ς
3055 5831 3086 5872 a
3114 5813 3310 5874 saeculo
3340 5833 3358 5868 ι
3390 5815 3518 5879 isto,
