3984 6468
548 381 654 439 539

1002 379 1354 436 HAYMONIS
1390 376 1867 433 HALBERSTAT.
1910 374 2123 430 EPlSC.
2165 373 2318 431 OPP.
2360 372 2542 432 PARS
2576 376 2616 431 ι.
2657 407 2727 417 —
2763 376 3118 434 COMMENT.
3161 378 3333 466 βιει.

3710 383 3817 440 340

545 503 603 553 et
630 514 650 548 ι
685 496 740 550 in
788 494 1043 549 smculum
1073 513 1093 545 ι
1120 489 1516 548 consecutivum
1560 488 1719 558 hujus
1748 486 1925 542 saeculi
1958 487 2116 542 deve-
2141 492 2191 551 Α
2218 487 2374 543 sitire
2395 528 2410 553 ,
2446 504 2513 544 ex
2564 489 2818 562 lacrymis
2864 491 3210 548 refectionem
3238 493 3470 561 habere,
3502 514 3524 547 ι
3558 512 3689 552 sum
3730 513 3815 554 re-

542 587 661 649 niat
686 605 710 639 ι
747 586 859 655 fiat,
908 586 1001 643 fiat
1036 605 1048 639 :
1101 606 1120 638 ι
1161 584 1247 638 hic
1298 582 1527 637 habetur
1574 581 1627 636 in
1658 580 1906 646 Hebraeo,
1937 595 2115 646 amen,

543 693 728 735 amen.

997 768 1065 823 ΙΝ
1127 765 1399 823 PSALMU
1408 766 1456 821 Μ
1518 765 1652 820 XLI.

440 900 445 906 ι
543 862 798 925 Ttruws.
839 862 907 924 In
943 862 1101 931 ﬁnem
1154 860 1446 931 intellectus
1495 861 1622 930 ﬁliis
1650 860 1831 917 ‘Cliore
1870 860 2117 918 Psalmm

1230 930 1422 985 David.

615 1066 636 1100 ι
677 1044 1136 1116 Quemadmodum
1181 1042 1477 1101 desiderat.
1524 1061 1544 1096 ι
1580 1042 1828 1100 Psalmus
1866 1042 1973 1100 iste
2023 1044 2115 1114 qui

538 1136 734 1194 dicitur
755 1134 1078 1200 intellectus,
1105 1135 1233 1204 quia
1258 1134 1493 1190 ostendit
1513 1134 1672 1191 nobis
1687 1136 1938 1205 quiddam
1961 1136 2114 1192 valde

537 1226 980 1297 intelligendum,
1029 1225 1238 1281 scilicet
1275 1225 1332 1279 in
1379 1224 1597 1281 homine
1649 1225 1784 1282 duas
1822 1227 2114 1297 potentias,

535 1330 766 1386 quarum
792 1314 982 1371 fortior
1002 1314 1314 1370 debiliorem
1341 1315 1965 1386 eorifortet,proponitur
1994 1316 2117 1373 [iliis

536 1407 735 1474 Chore,
757 1408 826 1462 ad
847 1407 1135 1463 dicendum
1153 1407 1236 1467 vel
1255 1407 1606 1475 cantandum,
1628 1408 1681 1464 id
1705 1417 1810 1475 εει,
1838 1408 1963 1465 liliis
1991 1426 2116 1466 cru—

537 1498 616 1553 cis
639 1539 654 1562 ,
682 1497 915 1563 scilicet,
947 1498 1149 1556 sanctis
1176 1497 1502 1568 martyribus
1544 1515 1776 1568 quorum
1820 1514 1924 1554 vox
1948 1508 2033 1556 est
2058 1501 2111 1556 in

538 1590 640 1645 hoc
668 1588 883 1645 Psalmo
911 1605 926 1646 :
958 1589 1087 1659 ipsis
1115 1588 1236 1645 dico
1258 1604 1355 1658 per
1388 1588 1491 1644 hoc
1520 1589 1738 1675 directis
1766 1590 1821 1645 in
1845 1590 2028 1658 finem,
2059 1592 2114 1647 id

538 1691 662 1748 est,
696 1682 752 1739 in
802 1680 1093 1741 Christum.
1156 1680 1379 1739 Materia
1430 1691 1514 1736 est
1553 1681 1762 1752 justus,
1818 1682 2113 1741 secundum

539 1780 829 1842 utramque
853 1772 959 1831 vim
984 1771 1194 1829 animae.
1213 1769 1401 1827 Modus
1429 1771 1527 1831 :ln
1557 1772 1729 1842 prima
1755 1780 1908 1843 parte
1931 1780 2112 1831 osten-

2219 579 2471 633 cordatus
2506 598 2527 633 ι
2577 582 2670 649 qui
2699 582 2848 652 prius
2897 582 3188 653 aliquando
3210 583 3414 641 oblitus
3436 585 3681 641 fueram.
3715 587 3815 645 Ulli

2206 678 2372 725 notat
2398 685 2457 726 se
2495 671 2719 727 oblitum
2772 673 3002 730 istorum
3042 674 3209 747 fuisse
3234 692 3333 747 per
3362 693 3523 733 suum
3554 678 3811 748 lapsum,

2223 760 2360 815 tollit
2387 776 2417 815 a
2446 761 2795 819 debilioribus
2817 765 3250 835 desperationem
3278 807 3294 831 ,
3344 768 3433 823 vel
3456 770 3809 837 recordatus,

2217 848 2273 904 id
2302 857 2414 916 est,
2459 851 2514 905 in
2563 850 2829 922 frequenti
2875 855 3041 913 habui
3087 858 3412 927 cogitatione
3447 878 3467 910 ι
3515 867 3578 914 ει
3614 859 3809 915 deinde

2215 939 2377 997 εσυόί
2405 941 2639 999 animam
2669 959 2876 1012 meam,
2938 966 2958 999 ι
2990 947 3044 1002 id
3090 956 3212 1013 est,
3255 950 3476 1005 extendi
3510 966 3700 1020 usque
3744 953 3805 1007 ad

2216 1030 2556 1087 inimicorum
2585 1034 2924 1093 dilectionem
2950 1078 2966 1103 ,
3007 1039 3080 1107 ita
3103 1047 3281 1095 tamen
3309 1042 3453 1111 quod
3474 1043 3599 1113 ipsa
3624 1043 3804 1098 anima

2215 1137 2335 1177 mea
2359 1133 2502 1179 esset
2532 1145 2549 1176 ι
2578 1125 2630 1180 ἱη
2657 1141 2741 1182 me
2766 1167 2782 1191 ,
2813 1146 2830 1178 ι
2867 1128 2922 1183 id
2950 1139 3072 1196 εει,
3124 1130 3177 1185 in
3220 1147 3337 1188 mea
3366 1141 3677 1203 potestate,
3728 1133 3803 1192 sic

2215 1224 2465 1271 contenta
2482 1233 2603 1273 meo
2636 1218 2898 1287 dominio,
2928 1222 3072 1291 quod
3095 1222 3347 1280 inimicus
3363 1240 3520 1280 meus
3540 1240 3654 1278 non
3682 1240 3802 1294 pos-

2213 1315 2298 1362 set
2335 1322 2457 1363 cam
2504 1310 2776 1380 surripere
2808 1330 2822 1365 :
2859 1321 2916 1367 et
2947 1313 3068 1369 ideo
3097 1314 3177 1370 sic
3227 1314 3389 1371 effudi
3413 1356 3430 1382 ,
3481 1335 3502 1368 ι
3538 1318 3798 1386 quoniam

2214 1399 2456 1455 transibo
2495 1416 2667 1471 usque
2719 1403 2787 1457 ad
2813 1403 3032 1461 domum
3056 1406 3174 1472 Dei,
3212 1427 3231 1460 ι
3273 1408 3326 1463 id
3351 1417 3481 1474 εει,
3519 1408 3797 1465 caelestem

2215 1487 2547 1544 Hierusalem
2575 1510 2593 1542 ι
2620 1492 2863 1548 transibo
2886 1494 2942 1548 in
2968 1494 3144 1551 locum
3175 1498 3539 1564 tabernaculi,
3570 1518 3595 1550 ο
3634 1499 3795 1564 idat,

2215 1579 2270 1634 in
2290 1579 2600 1647 ecclesiam,
2626 1597 2745 1651 quae
2766 1584 2963 1639 dicitur
2985 1601 3154 1653 iocus,
3177 1588 3303 1657 quia
3322 1598 3478 1643 extra
3507 1589 3794 1645 ecclesiam

2210 1671 2356 1726 nulla
2386 1671 2671 1737 certitudo,
2699 1674 2793 1730 sed
2816 1676 2908 1744 qui
2947 1677 3108 1733 modo
3132 1687 3256 1733 sunt
3291 1680 3346 1734 in
3370 1679 3611 1736 ecclesia
3632 1721 3651 1746 ,
3671 1696 3795 1750 quo-

2212 1764 2500 1822 dammodo
2524 1778 2727 1822 certam
2750 1768 2995 1825 obtinent
3021 1771 3200 1827 ﬁdem.
3232 1773 3329 1829 Vel
3353 1774 3410 1829 in
3433 1775 3650 1840 locum,
3679 1776 3792 1844 quia

537 1865 714 1931 ditur,
766 1862 1059 1919 secundum
1101 1863 1209 1919 vim
1230 1863 1565 1934 superiorem
1587 1862 1757 1921 Deum
1778 1863 2103 1931 desiderare,
2137 1859 2182 1919 Β
2209 1871 2423 1927 semper
2453 1861 2992 1931 promoveturjustus
3012 1862 3066 1916 in
3093 1863 3338 1920 altiorem
3366 1866 3605 1936 gradum
3631 1868 3792 1922 virtu-

535 1953 773 2009 ctclestia
807 1953 919 2008 sola
948 1961 1221 2025 appetere,
1259 1952 1614 2008 adversitates
1650 1952 1815 2024 hujus
1852 1953 1976 2009 vitae
2000 1969 2106 2009 non

533 2044 746 2105 timere.
777 2043 834 2097 ln
860 2043 1094 2099 secunda
1123 2050 1277 2114 parte
1309 2056 1405 2112 per
1442 2041 1588 2096 illam
1616 2044 1724 2097 vim
1752 2043 2105 2114 superiorem,

533 2133 926 2189 animalitatem
946 2132 1273 2197 confortare,
1295 2147 1415 2202 quae
1432 2132 1538 2187 cito
1568 2133 1814 2187 turbatur
1844 2133 2104 2189 turbatio-

534 2226 695 2281 nibus
723 2225 883 2296 hujus
903 2225 1046 2280 vitaz.
1079 2224 1312 2280 Intentio
1331 2231 1434 2291 est,
1463 2224 1746 2281 debiliores
1776 2224 2102 2293 confortare,

516 2330 602 2389 ne
649 2322 964 2370 moveantur
992 2316 1286 2371 secundum
1333 2313 1742 2381 animalitatem,
1789 2316 1883 2371 sed
1928 2315 2107 2388 potius

532 2421 629 2485 per
655 2421 806 2461 suam
833 2406 1098 2462 rationem
1118 2403 1424 2462 confortent
1456 2405 1843 2462 animalitatem
1860 2448 1875 2473 ,
1905 2423 2104 2478 propo-

532 2505 666 2555 nunt
684 2498 848 2555 etiam
868 2497 999 2567 justi
1020 2499 1109 2568 qui
1126 2498 1417 2568 loquuntur
1432 2513 1490 2553 se
1505 2498 1791 2568 aliquando
1812 2500 2101 2565 cecidisse;

531 2603 598 2641 ne
625 2587 912 2658 desperent
943 2587 1251 2652 debiliores,
1286 2589 1335 2643 si
1365 2596 1421 2643 et
1451 2588 1551 2657 ipsi
1580 2588 1868 2660 aliquando
1899 2591 2104 2647 cecide-

533 2681 662 2746 rint,
703 2689 760 2735 et
808 2680 1072 2751 incipiunt
1112 2678 1398 2736 ostendere
1435 2680 1604 2749 prius,
1644 2682 1787 2751 quod
1829 2683 1967 2738 ratio
2006 2698 2101 2740 sua

533 2773 701 2837 Deum
730 2771 1025 2836 desideret,
1042 2769 1119 2826 sic
1146 2788 1160 2823 :

601 2862 647 2920 Ο
670 2865 811 2920 Deus
841 2882 863 2917 t
902 2863 974 2918 ita
1000 2863 1270 2925 desiderat
1287 2864 1469 2922 anima
1498 2878 1640 2929 mea,
1679 2885 1699 2917 ι
1728 2864 1782 2920 id
1807 2872 1908 2929 est,
1936 2880 2098 2936 supe-

530 2955 643 3017 rior
681 2955 762 3010 vis
810 2955 1003 3012 animae
1036 2973 1056 3011 ι
1102 2955 1172 3017 ad
1219 2963 1273 3011 te
1312 2974 1331 3009 ι
1363 2955 1665 3011 habendum
1698 2974 1715 3007 ι
1747 2958 2096 3026 quemadmo-

531 3048 692 3111 dum,
746 3065 764 3098 ι
798 3046 848 3107 id
875 3055 980 3111 est,
1009 3061 1172 3116 quam
1217 3046 1469 3102 ardenter
1503 3064 1523 3107 ι
1552 3047 1821 3108 desiderat
1854 3062 2046 3105 cervus
2074 3068 2092 3101 ι

530 3137 838 3211 pertingere
897 3151 1065 3206 usque
1106 3155 1122 3188 ι
1165 3136 1234 3192 ad
1286 3136 1462 3194 fontes
1503 3154 1783 3209 aquarum.
1835 3160 1854 3193 ι
1893 3138 2094 3196 Natura

2208 1955 2322 2001 tum
2355 1966 2367 2001 :
2395 1948 2727 2005 tabernaculi
2752 1951 2873 2007 dico
2907 1972 2926 2004 ‹
2958 1954 3314 2020 admirabilis,
3353 1975 3373 2007 ι
3400 1957 3455 2012 id
3494 1965 3617 2034 est,
3652 1957 3790 2029 digni

2207 2036 2605 2098 admiratione:
2634 2048 2694 2095 ut
2738 2041 3060 2100 admirabile
3098 2043 3234 2112 fuit,
3277 2048 3421 2117 quod
3467 2048 3792 2107 Laurentius

2208 2138 2414 2185 tantam
2442 2133 2757 2202 passionem
2784 2135 3061 2193 sustinuit.

2275 2221 2543 2279 Transibo
2566 2224 2686 2280 dico
2708 2226 2775 2280 ad
2794 2225 3011 2282 domum
3036 2227 3131 2283 Dei
3180 2248 3200 2282 ‹
3229 2230 3283 2284 in
3312 2245 3444 2286 voce
3467 2232 3789 2289 exsultatio-

2206 2313 2290 2366 nis
2332 2320 2387 2367 et
2429 2313 2801 2372 confessionis.
2838 2336 2857 2369 ι
2892 2318 2949 2373 1d
2991 2326 3075 2374 est
3124 2319 3178 2374 in
3227 2335 3315 2375 me
3365 2322 3702 2378 exsultando
3742 2332 3788 2380 et

2206 2400 2374 2456 Deum
2412 2402 2718 2460 laudando:
2750 2405 3109 2462 confessionis
3151 2409 3271 2465 dico
3310 2428 3329 2461 ι
3365 2426 3536 2467 sonus
3565 2415 3787 2483 epulan-

2206 2493 2295 2548 tis.
2330 2512 2348 2545 ι
2388 2494 2445 2549 ld
2469 2505 2587 2561 est,
2631 2498 2722 2566 qui
2774 2497 2909 2553 mihi
2951 2508 3036 2554 est
3081 2508 3226 2557 mnta
3274 2501 3500 2557 refectio
3527 2543 3544 2567 ,
3588 2515 3785 2574 quanta

2205 2580 2428 2639 refectio
2447 2586 2714 2642 cantilena
2742 2596 2825 2643 est
2847 2589 3207 2659 epulantibus.
3241 2590 3447 2657 Sonus,
3490 2594 3546 2649 id
3567 2605 3657 2650 est
3686 2597 3785 2651 (ἰείη

2203 2676 2281 2731 eis
2309 2677 2576 2731 cantilena
2602 2718 2618 2743 ,
2662 2687 2717 2733 et
2751 2687 2833 2734 est
2875 2695 3041 2736 sonus
3080 2681 3168 2737 hic
3191 2682 3415 2752 genitivi
3451 2699 3619 2741 casus
3637 2690 3784 2756 quasi

2203 2767 2428 2820 sonitus.
2460 2766 2557 2821 Vel
2585 2769 2824 2824 transibo
2849 2770 2903 2824 in
2935 2771 3151 2826 domum
3180 2773 3299 2838 Dei,
3329 2772 3533 2830 ductus
3571 2777 3631 2831 in
3659 2793 3783 2835 voce

2201 2858 2573 2915 exsultationis
2587 2869 2638 2915 et
2651 2861 3029 2929 confessionis,
3052 2863 3103 2920 id
3124 2874 3228 2930 est,
3244 2864 3296 2920 in
3316 2882 3451 2923 voce
3474 2868 3783 2939 angelorum

2200 2947 2580 3003 exsultantium
2606 2959 2662 3005 et
2693 2950 3024 3007 laudantium
3054 2954 3382 3025 Deum,qu:e
3410 2972 3516 3012 vox
3537 2957 3645 3014 fuit
3658 2960 3782 3016 mihi

2202 3053 2372 3094 sonus
2397 3039 2686 3109 epulantis.

2271 3129 2466 3200 Incipit
2514 3131 2580 3187 de
2622 3135 2861 3190 secunda
2919 3144 3096 3206 parte,
3145 3136 3349 3193 scilicet
3398 3139 3778 3198 animaiitatem

531 3208 677 3283 cervi
705 3236 816 3293 est,
859 3236 919 3282 ut
954 3226 1083 3282 ﬂatu
1126 3226 1337 3282 narium
1363 3208 1598 3291 attrahat
1632 3228 1687 3284 in
1717 3244 1913 3301 corpus
1946 3246 2102 3287 suum
2131 3208 2175 3269 Ο
2208 3239 2358 3280 suam
2385 3224 2715 3282 confortare.
2738 3228 3584 3302 Continuatiozouandoquidem
3609 3243 3778 3289 trans-

532 3320 712 3374 vivum
743 3326 1052 3390 serpentem
1075 3358 1090 3385 ,
1141 3326 1426 3392 postquam
1456 3328 1639 3381 autem
1668 3335 1930 3377 venenum
1962 3321 2106 3377 intus

505 3391 859 3475 exardescit,
887 3410 1041 3465 ardet
1067 3409 1153 3465 siti
1171 3449 1187 3476 ,
1213 3417 1268 3465 et
1288 3410 1457 3465 currit
1486 3410 1552 3464 ad
1578 3410 1779 3479 fontem
1808 3413 2020 3477 vivum,
2052 3422 2107 3468 et

532 3502 658 3557 inde
699 3500 961 3565 refectus,
988 3501 1207 3571 deponit
1231 3515 1433 3555 cornua
1475 3507 1530 3555 ει
1552 3499 1720 3569 pilos,
1753 3510 1807 3556 et
1829 3500 2104 3570 rejuvenc-

539 3593 642 3650 scit
668 3612 680 3647 :
712 3593 784 3648 ita
813 3593 986 3648 sancti
1016 3592 1204 3647 imbuti
1236 3607 1441 3647 veneno
1472 3591 1704 3658 diaboli,
1731 3593 1938 3650 scilicet
1972 3609 2099 3664 pec-

528 3685 685 3751 catis,
710 3692 935 3738 currunt
963 3685 1030 3738 ad
1057 3682 1223 3738 Deum
1254 3682 1604 3752 poenitentes,
1633 3700 1729 3755 per
1754 3699 1915 3755 quem
1938 3686 2101 3766 depo-

528 3786 661 3841 nunt
683 3790 897 3831 omnem
921 3783 1263 3830 vetustatem.
1956 3828 1965 3833 1

596 3868 726 3922 Dico
747 3866 889 3938 quod
912 3866 1092 3920 anima
1113 3864 1384 3920 desiderat
1404 3866 1582 3928 modo,
1612 3864 1792 3933 etjam
1820 3866 1986 3921 etiam
2006 3869 2101 3925 de-

524 3958 803 4022 sideravit,
827 3966 882 4011 et
911 3956 1012 4010 hoc
1040 3963 1123 4010 est
1146 3972 1188 4009 ς(
1221 3953 1403 4009 Sitivit
1431 3955 1608 4008 anima
1635 3970 1752 4010 mea
1778 3956 1842 4011 ad
1872 3956 2038 4017 Deum
2073 3975 2093 4010 ι

523 4046 826 4102 habendum
855 4062 867 4098 :
893 4042 1059 4096 Deum
1083 4043 1203 4096 dico
1236 4060 1253 4092 ι
1281 4040 1534 4105 fontem,»
1559 4041 1681 4110 quia
1714 4042 1825 4111 ipse
1845 4052 1928 4097 est
1947 4044 2097 4115 origo

528 4136 693 4195 totius
729 4133 875 4187 boni.
934 4132 1156 4186 Fontem
1203 4131 1324 4186 dico
1358 4149 1376 4181 ε
1421 4131 1623 4196 vivum,
1649 4150 1665 4181 ι
1702 4133 1827 4201 quia
1882 4133 1996 4203 ipse
2041 4136 2093 4189 in

525 4234 782 4287 geternum
819 4222 980 4288 vivit,
1027 4230 1079 4276 et
1130 4221 1219 4290 qui
1269 4235 1392 4276 eum
1432 4229 1666 4291 gustant,
1722 4221 1856 4278 facit
1902 4240 1995 4281 cos
2036 4226 2091 4280 in

524 4324 783 4372 aeternum
810 4313 1008 4373 vivere.
1052 4312 1146 4369 Vel
1178 4313 1345 4369 Deum
1380 4313 1612 4379 fontem,
1651 4315 1774 4383 quia
1807 4315 1921 4386 ipse
1947 4315 2092 4373 solus

524 4413 701 4483 potest
724 4419 823 4459 nos
841 4402 1049 4475 eripere
1087 4404 1154 4459 de
1174 4412 1437 4481 potestate
1464 4402 1661 4459 diaboli
1695 4422 1707 4457 :
1742 4422 1761 4454 ι
1791 4415 1846 4460 ει
1872 4405 2089 4475 quando

524 4495 736 4552 veniam
801 4505 924 4551 ante
968 4497 1160 4552 faciem
1208 4498 1350 4552 Dei?
1383 4517 1403 4549 ι
1454 4496 1508 4552 id
1546 4507 1665 4564 est,
1704 4498 1757 4552 in
1799 4498 2083 4568 prmscntia

2208 3315 2295 3370 ibo
2324 3315 2381 3369 in
2410 3331 2543 3373 voce
2567 3317 2964 3385 exsultationis,
2997 3334 3127 3391 ergo
3151 3329 3227 3384 tu,
3257 3339 3274 3371 ‹
3302 3323 3485 3376 anima
3513 3339 3652 3387 mea,
3685 3343 3705 3374 ι
3729 3326 3777 3378 i-J

2206 3416 2309 3471 est,
2347 3407 2653 3465 animalitas
2677 3424 2799 3473 mea
2833 3427 2851 3462 ι
2899 3426 3069 3481 quare
3098 3411 3268 3468 tristis
3292 3412 3400 3467 es?
3435 3431 3455 3465 ι
3499 3423 3556 3469 ει
3589 3433 3607 3465 ι
3638 3431 3725 3470 me
3750 3434 3770 3466 ι

2205 3498 2539 3566 superiorem
2569 3503 2676 3554 vim
2724 3519 2744 3551 ι
2801 3516 2973 3573 quare
3016 3503 3345 3558 conturbas?
3388 3523 3408 3557 ι
3461 3504 3633 3571 Quam
3677 3505 3775 3559 ali-

2203 3589 2418 3658 quando
2450 3589 2543 3644 tibi
2570 3590 2770 3645 dolenti
2810 3592 2945 3646 facis
2970 3592 3278 3649 condolere.

2274 3678 2395 3736 Noli
2440 3694 2559 3737 esse
2608 3680 2802 3746 tristis,
2839 3682 2933 3736 sed
2962 3700 2979 3733 ι
3018 3696 3174 3753 Spera
3213 3682 3269 3747 in
3314 3682 3429 3745 Deo
3462 3704 3480 3737 ι
3532 3693 3589 3745 ει
3613 3684 3775 3742 debes

2201 3766 2398 3835 facere,
2436 3788 2454 3823 ‹
2484 3770 2735 3840 quoniam
2774 3789 2792 3823 ›
2826 3786 2927 3841 ego
2970 3772 3247 3827 confessus
3278 3791 3296 3829 ι
3346 3774 3517 3830 adhuc
3548 3776 3776 3838 conﬁte-

2199 3859 2298 3915 bor
2324 3860 2422 3925 illi,
2455 3881 2472 3913 ι
2504 3862 2606 3916 hoc
2631 3861 2857 3927 scilicet,
2887 3864 3074 3943 ιιι,ςυί
3103 3878 3162 3918 εε
3192 3882 3210 3914 ι
3244 3865 3492 3931 salutare,
3520 3885 3536 3918 ι
3574 3867 3626 3920 id
3649 3876 3763 3934 est,

2200 3950 2446 4006 Salvator
2488 3965 2657 4017 meus,
2688 3952 2954 4033 particeps
3003 3953 3174 4009 factus
3208 3972 3228 4005 ι
3272 3956 3377 4010 mei
3414 3956 3602 4020 vultus.
3649 3976 3669 4009 ι
3708 3959 3771 4018 ω

2196 4051 2298 4104 εει,
2327 4054 2459 4095 meae
2488 4041 2860 4108 humanitatis,
2893 4041 3099 4106 scilicet
3149 4044 3311 4107 homo
3338 4060 3403 4105 es
3434 4066 3451 4097 ι
3475 4056 3527 4105 et
3547 4046 3717 4115 Deus,
3743 4068 3765 4102 ι

2195 4131 2249 4186 id
2277 4139 2378 4196 est,
2407 4130 2636 4187 Greater
2670 4150 2693 4189 ι
2725 4146 2900 4187 meus.
2940 4152 2960 4185 I

2264 4223 2331 4278 Et
2358 4224 2479 4280 ideo
2516 4224 2679 4280 debes
2708 4240 2947 4295 sperare,
2994 4228 3119 4297 quia
3166 4228 3309 4299 quod
3362 4248 3381 4281 ι
3414 4230 3597 4285 anima
3650 4246 3769 4287 mea

2192 4317 2405 4369 turbata
2453 4324 2537 4371 est
2568 4335 2585 4367 ι
2626 4335 2644 4366 ι
2683 4316 2751 4372 ad
2781 4316 3098 4389 meipsum,»
3146 4318 3197 4374 id
3244 4328 3364 4384 est,
3408 4335 3518 4374 non
3555 4320 3771 4376 aliunde

2192 4405 2406 4467 turbata
2440 4414 2526 4458 εει
2547 4404 2727 4469 anima
2756 4419 2897 4469 mea,
2942 4404 3049 4460 nisi
3093 4421 3174 4461 εχ·
3190 4421 3276 4461 me
3310 4424 3324 4461 :
3367 4416 3423 4461 et
3461 4408 3566 4464 hoc
3602 4409 3771 4463 mani~

2190 4495 2325 4551 feste
2352 4494 2481 4549 dicit
2516 4494 2620 4549 alia
2646 4493 2949 4560 translatio,
2983 4510 3103 4564 qua:
3145 4495 3348 4550 habet:
3379 4512 3411 4550 a
3442 4498 3691 4567 meipso;
3718 4510 3771 4556 et

523 4589 704 4671 ipsius,
728 4598 786 4647 ut
810 4604 1125 4661 cognoscam
1150 4604 1271 4644 eum
1292 4598 1451 4659 prout
1469 4598 1570 4644 est.
1600 4589 1752 4646 Unde
1772 4557 2080 4661 A-postolus:
2114 4557 2163 4616 Β
2188 4587 2312 4657 quia
2341 4602 2408 4641 ex
2441 4601 2526 4640 me
2573 4586 2784 4639 turbata
2812 4593 2917 4651 est,
2951 4604 2968 4638 ‹
3000 4593 3284 4657 propterea
3314 4607 3333 4641 ι
3361 4603 3395 4643 0
3419 4587 3564 4644 Deus
3612 4611 3632 4642 ί
3663 4608 3771 4647 me-

527 4701 543 4733 ι
587 4679 737 4735 Nune
759 4680 1003 4742 videmus.
1030 4680 1084 4743 in
1117 4680 1397 4752 aenigmate
1424 4723 1440 4749 ,
1481 4690 1607 4736 tunc
1637 4693 1817 4738 autem
1856 4681 1993 4737 facie
2018 4683 2085 4739 ad

522 4771 711 4833 faciem
737 4769 786 4842 (Ι
802 4769 924 4825 Cor.
952 4770 1101 4841 xm):
1129 4792 1147 4824 ι
1167 4783 1221 4829 ει
1248 4782 1372 4829 tunc
1387 4789 1506 4845 ego,
1531 4774 1620 4845 qui
1647 4775 1697 4829 in
1723 4775 1826 4829 hac
1840 4776 1944 4829 vita
1970 4775 2085 4829 nul-

519 4861 622 4924 lius
650 4862 805 4932 pretii
826 4876 1080 4932 appareo,
1103 4866 1371 4935 apparebo
1405 4866 1577 4943 qualis
1605 4867 1728 4921 sint.
1755 4866 1883 4920 Dico
1914 4885 1932 4918 ι
1964 4866 2083 4920 εἰιί-

518 4952 594 5006 vit
619 4951 798 5007 anima
836 4967 981 5019 mea,
1003 4972 1021 5005 ›
1055 4962 1109 5008 ει
1143 4955 1267 5009 dum
1300 4956 1534 5023 sitit-em,
1568 4957 1731 5011 habui
1767 4954 2087 5012 refectiones

516 5060 652 5127 quas
676 5042 934 5105 fundebat
954 5046 1260 5109 auimalitas
1278 5045 1471 5103 afﬂicta
1489 5047 1721 5103 miseriis
1742 5046 1899 5116 hujus
1926 5048 2076 5102 vitae:

512 5133 693 5194 ethoc
722 5144 807 5193 est
836 5154 854 5187 ε
889 5134 1141 5206 lacrynim
1173 5151 1304 5193 tuear
1324 5176 1339 5200 ,
1371 5157 1390 5191 ι
1427 5137 1480 5193 id
1509 5147 1621 5203 est,
1667 5154 1799 5193 meae
1836 5138 2083 5192 animali-

516 5226 641 5280 talis
677 5243 695 5280 ‹
726 5224 1091 5281 fueruntmibi
1123 5247 1141 5280 ι
1168 5228 1461 5291 secundum
1492 5230 1755 5291 rationem
1782 5248 1801 5280 ‹
1835 5244 2025 5305 panes,
2055 5248 2074 5281 ι

517 5312 564 5365 id
595 5323 697 5377 est,
728 5314 1046 5377 refectiones
1073 5335 1092 5372 ι
1125 5317 1209 5370 (lic
1235 5332 1298 5372 ac
1336 5326 1523 5382 nocte,
1560 5337 1576 5370 ι
1607 5318 1659 5372 id
1687 5327 1789 5382 cst,
1823 5318 2034 5373 assidue
2065 5337 2076 5372 :

420 5390 423 5393 ’
514 5400 765 5472 lacrymae
810 5403 929 5458 dico
966 5418 1032 5459 ex
1063 5406 1164 5461 hoc
1199 5405 1392 5463 habita:
1423 5425 1441 5457 ‹
1476 5407 1633 5470 dunt,
1678 5427 1696 5459 ι
1733 5407 1782 5461 id
1819 5420 1920 5473 est,
1952 5409 2077 5478 quia

520 5506 539 5545 ι
570 5490 766 5546 dicitur
810 5492 962 5560 mihi,
995 5494 1096 5551 Ubi
1133 5508 1215 5551 est
1256 5498 1394 5551 Deus
1438 5498 1594 5551 tuus?
1632 5518 1648 5549 ι
1691 5498 1886 5552 Putant
1933 5500 2075 5553 enin.

514 5582 639 5643 mali
677 5583 850 5649 justos
880 5587 1047 5645 Deum
1087 5606 1191 5643 non
1220 5590 1417 5646 habere
1442 5630 1456 5655 ,
1505 5590 1630 5645 dum
1660 5591 1738 5646 sic
1771 5593 1951 5649 vident
1984 5608 2078 5649 eos

517 5674 1233 5739 tribulationibussubditos.

589 5784 606 5822 ι
644 5762 764 5831 Hec
797 5787 814 5820 ι
840 5785 958 5849 quae
982 5762 1230 5846 prmdicta
1251 5780 1393 5837 sunt,
1421 5772 1623 5837 scilicet
1643 5775 1874 5839 animum
1901 5789 2073 5828 meam

2187 4693 2307 4733 mor
2354 4692 2448 4734 cro
2496 4676 2574 4731 tui
2614 4695 2633 4727 ι
2667 4676 2756 4745 qui
2804 4691 3003 4731 sanare
3037 4685 3197 4746 potes,
3225 4696 3243 4731 ι
3296 4678 3362 4733 de
3403 4687 3552 4735 terra
3583 4678 3771 4737 Jordae

2187 4770 2293 4835 nis,
2333 4787 2352 4821 ι
2392 4769 2446 4824 id
2473 4777 2577 4834 est,
2614 4769 2680 4822 de
2719 4783 2806 4821 me
2833 4767 3128 4823 secundum
3174 4768 3278 4829 hoc
3321 4768 3463 4839 quod
3503 4778 3652 4826 terra
3691 4771 3769 4827 fa,

2187 4870 2305 4917 ctus
2326 4877 2465 4925 sum,
2489 4859 2810 4915 fructificata
2835 4874 2933 4929 per
2964 4860 3311 4930 baptismum.
3351 4861 3454 4916 Per
3475 4860 3769 4919 Iordanem

2189 4950 2485 5021 accipimus
2510 4949 2860 5018 baptismum,
2912 4949 3039 5019 quia
3086 4949 3141 5003 in
3188 4964 3254 5005 eo
3298 4949 3403 5004 fuit
3460 4951 3771 5021 baptizatus

2184 5042 2449 5109 Christus,
2476 5058 2542 5098 ex
2588 5057 2694 5111 quo
2728 5041 2885 5102 nobis
2932 5041 3195 5117 processit
3237 5041 3540 5111 baptismus
3578 5059 3592 5095 :
3643 5043 3771 5112 quia

2184 5134 2482 5203 baptismus
2513 5133 2748 5204 irrigans
2789 5146 2889 5186 nos
2931 5140 2984 5187 et
3008 5133 3194 5188 lavans
3224 5141 3473 5202 peccata,
3508 5130 3645 5188 facit
3668 5148 3768 5187 nos

2184 5234 2383 5281 terram
2414 5223 2772 5280 fructit‘erain.
2816 5222 2884 5277 Et
2914 5223 3038 5292 quia
3069 5221 3321 5279 Jordanis
3347 5223 3645 5280 descensus
3683 5225 3767 5279 in-

2185 5326 2542 5386 terpretatur,
2592 5317 2646 5369 in
2687 5316 2790 5370 hoc
2814 5324 3064 5370 notamus
3089 5315 3471 5382 humilitatem,
3500 5331 3666 5386 quam
3710 5319 3767 5372 in

2181 5408 2449 5477 baptismo
2480 5406 2762 5466 habemus,
2791 5404 2915 5459 dum
2939 5420 3188 5475 pompam
3214 5404 3410 5459 diaboli
3448 5405 3763 5475 rejicimus:

2182 5509 2237 5554 et
2259 5514 2352 5552 ero
2381 5512 2589 5551 memor
2615 5495 2692 5549 tui
2723 5496 2787 5549 dc
2814 5509 2953 5549 terra
2993 5514 3011 5546 ι
3046 5495 3399 5560 Hermouiim,
3427 5514 3445 5547 ι
3480 5495 3535 5549 id
3564 5505 3670 5560 est,
3696 5496 3768 5552 de

2184 5592 2405 5659 meipsu,
2438 5604 2603 5643 secun
2628 5605 2657 5642 ιι
2670 5605 2722 5642 m
2758 5590 2862 5645 hoc
2890 5588 3033 5658 quod
3057 5603 3174 5642 sum
3202 5603 3463 5658 separans
3502 5604 3533 5643 a
3561 5604 3671 5653 me,
3704 5600 3764 5644 et

2183 5678 2650 5733 anathematizans
2673 5692 2861 5733 omnes
2886 5688 3064 5734 sectas
3097 5678 3493 5733 hereticorum.
3519 5680 3763 5744 Hermon

2185 5784 2416 5849 namque
2438 5769 2518 5822 vel
2545 5768 2895 5834 llermuniim,
2932 5767 3405 5823 anatheuiatizatio
3436 5769 3762 5839 interpr-ctu-
