3984 6522
461 336 565 392 3-53

917 447 985 502 ΙΝ
1023 445 1356 533 PSALMUM
1393 444 1570 500 XLIII.

463 580 715 638 Ttruws.
788 578 854 634 In
903 580 1058 649 ﬁnem
1097 578 1166 632 ad
1193 577 1527 649 intellectum
1547 574 1674 644 ﬁliis
1703 572 1874 629 Chore
1891 571 2029 644 psal-

1079 665 1192 703 mus
1224 647 1411 701 David.

456 800 459 804 ’
540 827 559 861 ι
604 807 745 863 Deus
783 808 1003 864 auribus
1037 805 1256 862 nostris.
1295 824 1313 858 ›
1349 805 1597 861 Psalmus
1643 806 1745 861 iste
1769 803 2030 874 praeponi-

466 908 554 956 tur
585 899 709 955 ﬁliis
744 899 937 964 Chore,
985 899 1039 954 id
1068 905 1174 964 est,
1204 898 1548 961 Christianis,
1580 897 1649 952 ad
1695 896 2030 952 intellectum

464 991 789 1057 habendum,
821 990 1028 1045 scilicet
1055 999 1114 1045 ut
1144 989 1448 1061 intelligant
1478 1002 1575 1059 per
1602 986 1916 1056 temporalia
1937 985 2028 1040 bo-

464 1100 534 1139 na
570 1084 697 1138 data
734 1083 956 1152 antiquo
983 1082 1200 1153 populo,
1228 1081 1528 1153 signiﬁcata
1565 1095 1685 1137 esse
1728 1080 2026 1150 spiritualia

462 1176 622 1241 bona,
649 1189 768 1245 qua:
787 1174 899 1244 jam
931 1176 1130 1231 dantur
1149 1174 1460 1231 Christiano
1484 1173 1698 1244 populo,
1730 1182 1786 1227 et
1818 1172 2029 1241 plenius

462 1265 731 1320 dabuntur
758 1264 814 1319 in
843 1262 1022 1320 futuro
1041 1263 1166 1320 ﬁliis
1185 1263 1382 1329 Chore,
1412 1262 1634 1319 directis
1667 1261 1721 1316 in
1748 1262 1908 1317 ﬁnem
1929 1276 2037 1332 per

460 1357 604 1412 hunc
633 1356 982 1412 intellectum.
1015 1355 1238 1411 Materia
1270 1362 1390 1410 sunt
1425 1361 1719 1425 martyres,
1748 1352 1839 1423 qui
1862 1353 2027 1408 etiam

459 1446 772 1518 loquuntur.
807 1445 994 1502 Modus
1021 1463 1035 1500 :
1062 1446 1119 1500 In
1149 1446 1323 1516 prima
1350 1452 1506 1515 parte
1544 1443 1700 1515 ponit
1736 1443 1879 1499 bona
1909 1458 2029 1513 quae

461 1537 591 1593 facit
628 1539 772 1593 Deus
826 1538 953 1593 huic
986 1537 1202 1608 populo,
1244 1551 1366 1592 eum
1403 1536 1805 1606 comparatione
1840 1548 2025 1589 eorum

460 1643 581 1698 quae
606 1626 737 1683 fecit
763 1627 930 1697 priori
957 1628 1151 1699 populo
1175 1645 1188 1681 :
1215 1628 1507 1684 ostendens
1527 1628 1641 1682 haec
1659 1640 1781 1682 esse
1799 1633 2024 1690 acterna,

463 1736 586 1775 cum
618 1719 707 1775 illa
733 1720 965 1776 fuissent
997 1718 1407 1799 temporalia.ln
1433 1718 1663 1774 secunda
1698 1726 1853 1787 parte
1878 1716 2029 1787 ponit

914 331 1269 390 llAYMONlS
1307 327 1779 397 llALBERS’l‘AT.
1823 327 2037 385 EPISC.
2074 326 2224 385 OPP.
2265 327 2444 384 PARS
2481 327 2522 382 Ι.
2563 291 2644 369 —.
2669 328 3029 386 COMMENT.
3070 328 3240 385 BIBL.

2058 450 2108 510 Α
2136 440 2345 510 fugaret
2367 441 2571 505 decem,
2613 462 2631 493 ι
2663 452 2716 498 ct
2744 442 3087 509 illuminatio,
3125 463 3143 495 ι
3188 443 3243 499 id
3272 451 3379 509 est,
3421 444 3733 500 consilium

3612 331 3733 389 ιιι

2132 548 2240 602 quo
2299 532 2417 587 illos
2490 532 2852 601 illuminabas,
2901 543 2960 589 ut
3018 534 3234 604 quando
3308 548 3408 604 per
3484 534 3732 590 insidias

2129 635 2318 677 eorum
2358 622 2567 691 aliquos
2597 624 2883 690 devincere
2926 624 3167 681 faciebas
3193 642 3207 678 :
3233 639 3357 694 qua:
3388 624 3729 679 illuminatio

2130 720 2248 766 erat
2276 730 2295 763 ι
2346 712 2526 767 vultus
2576 714 2672 777 tui,
2726 733 2746 766 ι
2793 714 2845 770 id
2884 721 2993 780 est,
3035 715 3337 783 procedens
3357 729 3443 790 ,ει
3475 713 3597 771 sola
3631 729 3723 769 vo-

2131 804 2345 860 luntate
2381 812 2471 859 tua
2516 819 2585 859 ne
2626 806 2771 875 quod
2814 806 2918 862 hoc
2952 806 3172 861 volebas
3217 814 3443 876 propter
3492 804 3724 876 aliquod

2129 900 2383 956 meritum
2406 914 2619 967 eorum,
2641 901 2737 956 sed
2757 916 2921 974 agens
2942 902 3016 956 ita
3043 887 3343 973 {quoniam
3373 903 3429 958 in
3448 902 3534 958 eis
3564 917 3722 957 com-

2130 990 2379 1063 placuisti
2414 1010 2431 1043 »
2467 990 2583 1057 tibi,
2623 990 2707 1047 vel
2735 991 2845 1047 Deo
2875 991 3042 1048 Patri.

2212 1082 2279 1138 Et
2310 1084 2436 1154 quia
2489 1102 2511 1135 ι
2566 1093 2622 1138 tu
2670 1084 2783 1155 ipse
2820 1105 2838 1139 ›
2885 1086 2987 1141 hoc
3023 1084 3197 1140 fecisti
3239 1086 3338 1152 eis,
3375 1103 3397 1138 ι
3428 1101 3493 1142 es
3534 1105 3556 1138 ι
3614 1101 3717 1141 rex

2130 1188 2282 1229 meus
2315 1182 2369 1229 et
2396 1174 2537 1230 Deus
2569 1189 2742 1241 meus,
2779 1193 2798 1226 ι
2834 1182 2891 1230 tu
2923 1176 3220 1245 ipse,dico,
3248 1178 3343 1246 qui
3364 1177 3599 1232 mandas
3612 1193 3715 1241 ,εε-

2128 1265 2268 1321 lutes
2305 1265 2490 1332 Iacob,
2527 1285 2545 1318 ι
2602 1265 2657 1321 id
2705 1274 2808 1332 est,
2841 1268 2996 1323 nobis
3027 1254 3419 1334 luctatoribus,
3470 1270 3566 1339 qui
3614 1283 3719 1339 per

2128 1353 2294 1412 Jacob
2323 1355 2708 1427 signiﬁcamur.
2746 1356 2845 1411 Vel
2872 1346 3069 1425 Iacob,
3092 1358 3147 1413 id
3197 1366 3305 1425 est,
3347 1356 3580 1416 Iudaico
3610 1375 3714 1430 po-

2104 1444 2275 1516 'pulo,
2303 1445 2394 1515 qui
2423 1452 2649 1501 vocatus
2675 1444 2780 1500 fuit
2809 1443 2999 1502 Jacob.

2215 1536 2295 1591 Tn
2335 1550 2394 1592 es
2441 1552 2538 1592 rex
2583 1551 2756 1604 meus,
2799 1545 2855 1592 et
2894 1553 3064 1593 cornu
3105 1526 3395 1605 nostrum,
3426 1556 3447 1592 ι
3485 1547 3547 1597 et
3572 1540 3628 1595 in
3662 1549 3715 1596 te

2086 1668 2092 1674 .
2129 1643 2296 1683 cornu
2329 1646 2349 1679 ι
2394 1634 2602 1693 nostro,
2654 1626 2709 1681 id
2757 1635 2861 1693 cst,
2900 1625 3211 1684 defensione
3235 1637 3425 1685 nostra
3468 1646 3489 1680 α
3536 1630 3713 1685 venti-

2128 1718 2380 1785 labimus,
2449 1737 2467 1771 ι
2537 1718 2590 1772 id
2631 1724 2716 1773 est
2742 1757 2759 1785 ,
2812 1716 3160 1787 projiciemus
3206 1727 3262 1774 et
3336 1719 3711 1790 dispergemus

461 1809 601 1865 mala
632 1825 752 1880 quae
780 1810 1009 1866 sustinet
1046 1810 1099 1864 in
1132 1809 1232 1865 hac
1273 1809 1402 1874 vita,
1431 1808 1677 1878 quamvis
1711 1807 1819 1863 sint
1859 1806 1913 1860 in
1943 1805 2021 1859 fu-
2050 1812 2097 1871 B
2125 1806 2370 1861 inimicos
2413 1813 2629 1861 nostros
2667 1824 2686 1859 ι
2731 1813 2841 1860 tam
2878 1807 3125 1863 carnales
3161 1824 3325 1879 quam
3372 1809 3709 1879 spirituales,

461 1910 586 1956 turo
621 1900 854 1956 habituri
885 1901 1052 1956 multa
1081 1900 1240 1956 bona.
1279 1900 1431 1968 Quod
1457 1908 1640 1955 autem
1674 1899 1808 1970 justi
1843 1900 1897 1953 in
1924 1899 2027 1954 hac

462 1991 571 2047 vita
582 1991 871 2062 “patiuntur
894 1990 1205 2061 temporalia
1236 1989 1393 2053 mala,
1417 1999 1606 2045 contra
1635 1990 1739 2043 hoc
1758 1998 1860 2055 est,
1884 1988 2028 2058 quod

461 2082 671 2150 priores
693 2080 821 2151 justi
853 2079 1031 2151 populi
1059 2078 1428 2134 liberabantur
1448 2094 1478 2133 a
1507 2076 1878 2149 corporalibus
1914 2093 2030 2133 ma-

462 2170 549 2225 lis.
580 2170 639 2225 In
678 2171 836 2225 tertia
868 2179 1023 2241 parte
1054 2178 1177 2225 orat
1204 2168 1421 2225 liberari
1446 2185 1476 2223 a
1510 2169 1666 2224 malis
1692 2168 1849 2238 hujus
1881 2170 2023 2225 vita).

462 2261 696 2317 Intentio
721 2270 806 2317 est
829 2251 1057 2317 invitare
1082 2262 1150 2317 ad
1172 2261 1507 2332 patientiam.

533 2353 649 2409 Vox
672 2360 970 2423 martyrum
997 2352 1392 2408 ostendentium
1423 2367 1544 2422 qum
1560 2351 1705 2415 bona
1733 2349 1858 2408 fecit
1886 2353 2027 2408 Deus

461 2440 697 2510 antiquis
745 2439 1010 2511 patribus,
1049 2454 1189 2508 cum
1213 2440 1397 2495 dicunt
1423 2456 1437 2493 :
1465 2459 1483 2491 α
1518 2437 1659 2495 De'us
1686 2453 1785 2493 nos
1820 2440 2028 2494 audivi-

462 2547 621 2596 mus,
678 2550 696 2583 ι
748 2539 803 2587 ει
850 2548 956 2587 non
1004 2534 1121 2589 sine
1174 2532 1547 2605 intelligentia,
1589 2534 1681 2589 sed
1746 2553 1764 2585 ι
1809 2533 2030 2590 auribus

461 2621 681 2687 nostris,
737 2641 755 2673 ι
798 2621 850 2677 id
894 2630 995 2687 est,
1048 2636 1171 2677 cum
1204 2622 1580 2699 intelligentia,
1611 2640 1732 2695 qua:
1771 2632 1853 2680 est
1892 2624 2031 2678 inte-

461 2712 573 2767 rior
616 2712 748 2778 oris,
790 2720 846 2767 et
893 2713 999 2768 hoc
1046 2728 1156 2769 non
1203 2728 1235 2767 a
1283 2714 1612 2784 quicunque,
1656 2716 1752 2770 sed
1790 2734 1807 2766 ι
1844 2724 2027 2785 patres

460 2802 654 2869 nostri,
694 2822 712 2854 ι
745 2803 799 2857 id
829 2811 930 2868 est,
971 2803 1290 2872 patriarchae
1318 2810 1374 2857 et
1409 2805 1703 2874 prophetaa,
1761 2825 1781 2858 ς
1819 2820 2029 2860 annun-

459 2894 726 2949 tiaverunt
786 2892 941 2949 nobis
996 2913 1015 2945 ι
1068 2909 1172 2949 non
1218 2895 1371 2966 quasi
1424 2894 1705 2962 ﬁctitium,
1773 2896 1866 2952 sed
1911 2912 2026 2952 rem

463 3002 667 3043 veram.
2004 3058 2005 3061 η

536 3098 554 3130 ι
592 3079 707 3136 Hoc
735 3080 1190 3135 annuntiaverunt
1219 3100 1239 3134 ι
1265 3096 1401 3152 opus
1428 3084 1570 3153 quod
1594 3090 1847 3153 operatus
1870 3098 1930 3139 cs
1968 3084 2023 3137 in

459 3170 651 3225 diebus
663 3185 848 3226 eorum
863 3170 918 3225 in
941 3170 1129 3227 diebus
1151 3172 1404 3243 antiquis,
1433 3174 1505 3228 ita
1529 3174 1767 3245 legemus
1791 3193 1804 3230 :
1836 3174 2025 3232 Patres

459 3261 630 3317 nostri
673 3263 1128 3319 annuntiaverunt
1157 3264 1314 3321 nobis
1337 3281 1473 3335 opus
1500 3267 1643 3336 quod
1683 3277 1938 3339 operatus
1967 3283 2027 3324 es

459 3352 513 3406 in
544 3353 729 3409 diebus
762 3369 949 3409 eorum
993 3373 1007 3408 :
1037 3355 1177 3410 sicut
1205 3357 1258 3411 in
1286 3357 1569 3414 eductione
1606 3374 1705 3430 per
1724 3374 1887 3414 mare
1915 3360 2027 3414 Ru-

458 3443 634 3509 brum,
662 3451 718 3498 ct
744 3444 847 3498 alia
876 3443 1203 3515 hujusmodi,
1226 3455 1283 3502 et
1306 3448 1469 3503 etiam
1501 3464 1566 3505 ea
1602 3466 1725 3520 quae
1762 3449 1938 3505 fecisti
1970 3451 2025 3506 in

459 3536 650 3592 diebus
677 3537 933 3607 antiquis,
963 3548 1025 3595 ut
1051 3539 1117 3596 de
1147 3541 1421 3596 creatione
1445 3542 1565 3598 coeli
1600 3549 1654 3599 et
1681 3551 1862 3610 teme,
1888 3552 1942 3599 et
1962 3558 2024 3599 ea

458 3642 579 3697 quae
602 3626 776 3683 fecisti
803 3628 956 3696 Abel,
982 3628 1112 3699 Noe,
1139 3639 1245 3688 etc.

534 3717 645 3775 Hoc
667 3736 818 3791 opus,
852 3722 1078 3790 scilicet,
1110 3742 1128 3775 ε
1159 3740 1352 3783 manus
1380 3734 1491 3792 tua,
1529 3747 1547 3780 ι
1578 3726 1631 3782 id
1658 3734 1763 3795 est,
1783 3728 2026 3799 operatio

459 3820 548 3867 tua
567 3831 585 3863 ι
611 3821 797 3884 gentes
822 3813 1155 3885 disperdidit,
1185 3835 1205 3869 ι
1227 3817 1294 3873 de
1317 3817 1423 3874 illis
1444 3818 1575 3874 dicit
1618 3835 1737 3889 qua:
1757 3821 1905 3891 prius
1926 3821 2025 3877 ha-

455 3903 699 3960 bitabant
720 3905 773 3960 in
800 3914 938 3961 terra
963 3909 1358 3977 promissionis,
1378 3930 1397 3963 (
1420 3919 1473 3967 et
1491 3911 1770 3982 plantasti,
1799 3935 1818 3968 ι
1846 3915 1897 3971 id
1919 3923 2024 3982 est,

457 3993 687 4050 ﬁrmiter
715 3996 965 4052 stabilisti
1005 3998 1058 4051 in
1091 4006 1236 4054 terra
1275 3999 1488 4056 illarum
1520 4003 1759 4073 gentium
1793 4023 1813 4056 ι
1846 4020 1962 4071 eos,
2001 4024 2019 4056 ι

457 4085 512 4140 id
542 4094 646 4151 cst,
672 4094 855 4157 patres
880 4095 1093 4142 nostros
1121 4106 1136 4144 :
1164 4097 1220 4144 et
1254 4105 1324 4145 ne
1355 4100 1676 4162 putarentur
1703 4093 1806 4149 illa:
1835 4102 2025 4164 gentes

457 4176 686 4243 debiles,
726 4177 920 4246 quibus
953 4178 1059 4234 cito
1111 4188 1255 4236 terra
1299 4198 1395 4238 sua
1434 4183 1761 4252 auferretur,
1797 4186 2023 4244 subdit:

464 4285 485 4317 ι
511 4265 760 4321 Aﬁlixisti
802 4268 1027 4337 populos
1056 4288 1075 4323 ι
1106 4270 1158 4325 in
1189 4271 1379 4341 primis
1410 4291 1429 4325 ‹
1464 4282 1520 4330 ει
1557 4293 1577 4328 ι
1611 4275 1804 4332 deinde
1840 4277 2024 4334 multis

459 4355 634 4412 modis
658 4355 883 4414 afflictos
914 4378 931 4411 ι
962 4361 1214 4430 expulisti
1239 4377 1353 4418 eos.
1390 4384 1409 4416 ι
1583 4385 1616 4408 ο

526 4447 595 4502 Et
627 4464 695 4504 ne
721 4448 890 4505 Judaei
918 4450 1022 4507 hoc
1051 4468 1161 4507 suae
1205 4455 1525 4524 deputarent
1568 4455 1846 4526 probitati,
1891 4458 2021 4514 dicit

2128 1898 2273 1967 quod
2302 1895 2539 1950 futurum
2566 1904 2650 1951 est
2690 1896 2745 1971 in
2769 1897 2997 1968 judicio,
3028 1897 3121 1954 ubi
3146 1898 3273 1954 boni
3302 1915 3334 1954 a
3366 1900 3529 1956 malis
3553 1917 3710 1973 scpao

2128 1995 2329 2044 rantur.
2364 1987 2467 2045 Per
2490 2004 2660 2044 cornu
2701 1990 2823 2045 ideo
2848 1991 3142 2061 accipimus
3164 1990 3565 2058 defensionem,
3590 1995 3710 2063 quia

2129 2078 2384 2133 cornibus
2410 2076 2705 2134 defendunt
2732 2095 2791 2136 se
2811 2080 3063 2135 animalia
3091 2099 3106 2136 :
3135 2090 3189 2137 et
3210 2082 3500 2147 ventilant,
3524 2084 3583 2137 id
3609 2093 3707 2149 est,

2127 2176 2383 2240 separant
2419 2183 2449 2223 a
2484 2183 2545 2225 se
2578 2169 2853 2233 animalia,
2891 2188 2911 2222 ι
2954 2180 3008 2225 ει
3049 2171 3102 2225 in
3134 2171 3352 2227 nomine
3383 2181 3481 2227 tuo
3518 2193 3539 2224 ι
3586 2174 3709 2244 quia

2127 2259 2216 2314 hic
2238 2259 2500 2316 habemus
2518 2274 2711 2316 nomen
2736 2269 2907 2327 tuum,
2933 2260 3137 2316 scilicet
3158 2260 3454 2317 Christiani
3480 2278 3706 2318 sumus:

2133 2370 2152 2404 ς
2184 2365 2502 2422 Spernemus
2530 2370 2549 2403 ι
2584 2351 2713 2407 item
2740 2351 2796 2406 in
2817 2349 3025 2421 judicio
3057 2369 3075 2401 ι
3108 2352 3451 2423 insurgentes
3482 2374 3501 2405 ι
3532 2353 3588 2407 in
3613 2355 3709 2409 hac

2127 2440 2238 2494 vita
2270 2460 2288 2492 ‹
2326 2440 2379 2495 in
2411 2456 2528 2497 nos.
2564 2462 2584 2495 ι
2617 2442 2756 2497 Ecce
2786 2442 2899 2513 jam
2928 2442 2980 2495 in
3010 2442 3115 2497 hoc
3144 2457 3305 2497 versu
3333 2441 3583 2498 ostendit
3615 2459 3707 2499 nos

2127 2530 2404 2585 habituros
2425 2539 2626 2586 aeterna
2650 2533 2812 2597 bona,
2837 2546 2957 2601 qua:
2980 2531 3136 2602 longe
3164 2540 3293 2586 sunt
3316 2532 3547 2589 meliora
3577 2544 3706 2589 tem-

2126 2620 2422 2689 poralibus,
2447 2635 2567 2690 qua:
2596 2607 2902 2677 habuerunt
2934 2622 3140 2692 antiqui
3165 2630 3367 2691 patres.

2195 2712 2264 2769 Et
2304 2715 2442 2769 béne
2468 2715 2608 2781 dico,
2652 2715 2792 2785 quod
2824 2715 2878 2769 in
2913 2724 2965 2769 te
2990 2714 3374 2771 ventilabimus
3401 2724 3457 2771 et
3482 2732 3704 2787 sperne-

2126 2821 2247 2863 mus
2283 2806 2555 2875 inimicos,
2602 2808 2728 2878 quia
2763 2822 2864 2878 per
2896 2822 2995 2862 nos
3047 2823 3320 2878 nunquam
3373 2809 3480 2865 hoc
3510 2812 3706 2880 poteri-

2126 2914 2247 2956 mus
2277 2916 2292 2956 ε
2320 2907 2375 2956 ει
2397 2901 2500 2956 hoc
2526 2901 2658 2956 dicit
2690 2920 2708 2953 ε
2740 2915 2847 2955 non
2864 2900 3006 2956 enim
3034 2901 3086 2955 in
3116 2916 3245 2955 arcu
3274 2917 3398 2957 meo
3421 2904 3656 2972 sperabo
3682 2924 3700 2955 ι

2127 2991 2182 3046 ἰη
2207 2992 2403 3047 minori
2431 2991 2743 3047 fortitudine
2764 3007 2901 3057 mea,
2923 3012 2941 3044 ι
2970 2999 3024 3047 et
3045 2992 3252 3062 gladius
3270 3008 3445 3059 meus,
3475 3014 3495 3045 ι
3525 2995 3581 3050 id
3601 3003 3702 3060 est,

2127 3080 2299 3151 major
2320 3082 2403 3137 vis
2426 3097 2544 3137 mea
2581 3100 2601 3134 ‹
2640 3096 2749 3137 non
2778 3082 3009 3137 salva'bit
3034 3096 3142 3135 me.
3181 3102 3227 3133 )-

2051 3156 2096 3218 Ο
2196 3174 2265 3229 Et
2290 3188 2417 3229 vere
2457 3190 2565 3230 non
2595 3173 2825 3229 salvabit
2849 3189 2937 3229 me
2976 3173 3185 3244 gladius
3211 3173 3298 3228 vel
3336 3189 3505 3230 arcus
3532 3191 3701 3239 meus,

2128 3265 2260 3336 quia
2294 3273 2350 3319 tu
2382 3265 2528 3321 solus
2557 3265 2738 3336 potius
2765 3265 3018 3331 salvabis,
3062 3273 3116 3321 et
3141 3267 3245 3321 hoc
3268 3266 3400 3322 dicit
3435 3286 3454 3318 ε
3488 3268 3704 3323 salvasti

2135 3359 2281 3414 enim
2312 3374 2412 3415 nos
2457 3359 2525 3414 de
2572 3357 2930 3427 afﬂigentibus
2956 3373 3055 3413 nos
3090 3379 3108 3411 ι
3146 3358 3199 3413 in
3229 3359 3334 3414 hac
3358 3360 3493 3423 vita,
3517 3369 3572 3416 et
3598 3376 3700 3416 non

2127 3456 2337 3505 tantum
2362 3448 2656 3519 aﬁligentes
2680 3463 2799 3512 nos,
2821 3448 2915 3503 sed
2941 3467 2960 3500 ι
2992 3448 3154 3504 etiam
3176 3448 3425 3504 odientes
3449 3465 3551 3505 nos
3571 3465 3699 3505 con-

2124 3541 2329 3606 fudisti,
2362 3561 2380 3594 ι
2426 3541 2478 3596 id
2529 3548 2631 3604 est,
2680 3539 3012 3605 confundes,
3071 3533 3287 3611 quando
3329 3540 3546 3595 dicetur
3582 3542 3697 3596 eis:

2124 3632 2395 3689 Discedite
2421 3648 2452 3687 a
2479 3646 2589 3698 me,
2604 3631 2896 3696 maledicti,
2923 3631 2977 3685 in
3003 3631 3179 3701 ignem
3208 3638 3491 3686 aeternum.
3506 3630 3691 3687 Potest

2124 3725 2216 3781 hic
2241 3739 2432 3783 versus
2455 3723 2560 3795 legi
2591 3723 2657 3778 de
2681 3722 2766 3777 his
2815 3737 2937 3791 quae
2964 3721 3095 3776 facit
3122 3721 3264 3777 Deus
3288 3720 3535 3777 ﬁdelibus
3559 3723 3695 3787 suis,

2124 3818 2178 3873 in
2208 3818 2310 3874 hac
2332 3816 2460 3880 vita,
2482 3823 2543 3870 ut
2557 3814 2635 3870 sic
2655 3814 3017 3870 continuetur.
3036 3812 3221 3868 Securi
3249 3827 3530 3882 possumus
3560 3827 3684 3868 esse

2123 3908 2266 3978 quod
2297 3907 2351 3963 in
2383 3915 2436 3963 te
2464 3905 2867 3972 ventilabimus,
2910 3918 3226 3976 spernemus
3256 3904 3518 3972 inimicos,
3560 3904 3682 3975 quia

2124 4006 2183 4054 tu
2198 3997 2311 4068 jam
2344 3996 2563 4054 salvasti
2595 4013 2694 4053 nos
2723 3996 2789 4052 de
2821 3993 3202 4066 affligentibus,
3234 4009 3304 4049 ne
3346 4009 3447 4049 nos
3479 4002 3692 4064 possent

2124 4105 2154 4144 a
2185 4090 2331 4144 bono
2357 4073 2654 4153 retrahere,
2696 4095 2753 4142 et
2773 4087 3017 4142 odientes
3039 4101 3139 4141 nos
3165 4084 3559 4149 confudisti,ex
3594 4085 3696 4139 hoc

2122 4178 2266 4249 quod
2314 4193 2418 4233 non
2445 4184 2736 4249 potuerunt
2781 4174 3121 4231 conformare
3157 4190 3255 4231 nos
3303 4175 3427 4230 sibi.
3474 4174 3543 4228 Et
3568 4175 3692 4243 quia

2122 4268 2342 4325 salvasti
2373 4283 2495 4334 nos,
2539 4268 2660 4324 ideo
2695 4287 2713 4318 ι
2742 4267 3086 4323 laudabimur
3112 4286 3131 4319 ι
3177 4282 3285 4321 non
3310 4273 3518 4322 tantum
3546 4281 3579 4318 a
3605 4266 3695 4320 bo-

2121 4358 2224 4424 nis,
2257 4357 2350 4413 scd
2378 4357 2542 4412 etiam
2573 4372 2603 4411 a
2629 4356 2804 4423 malis,
2836 4363 2898 4411 ut
2923 4370 3047 4411 cum
3071 4354 3284 4410 dicent:
3317 4372 3338 4406 ‹
3369 4352 3479 4409 Nos
3509 4354 3688 4409 insen-

2122 4448 2227 4503 sati
2253 4448 2419 4503 vitam
2453 4448 2661 4503 illorum
2713 4447 3034 4518 putabamus
3082 4445 3370 4512 insaniam,
3403 4459 3532 4501 ecce
3557 4459 3689 4515 quo-

458 4539 562 4593 hoc
583 4555 687 4595 non
712 4556 775 4596 ex
808 4542 955 4612 ipsis,
984 4544 1076 4599 sed
1095 4559 1162 4599 ex
1191 4508 1308 4616 ipso
1328 4508 1847 4607 Deovsibireveﬁniswsve:
2048 4508 2103 4569 Β
2124 4540 2283 4595 modo
2328 4540 2468 4596 inter
2496 4540 2633 4595 ﬁlios
2670 4508 2766 4594 υἱεῖ
2823 4539 3116 4608 computa“
3162 4525 3289 4593 έυηι
3324 4508 3475 4608 (έαρο
3526 4508 3628 4608 θ’).³
3661 4556 3679 4588 ³

459 4630 687 4688 tinuatio
718 4651 730 4685 :
764 4633 906 4689 Bene
935 4634 1072 4702 dico,
1093 4635 1237 4706 quod
1262 4646 1348 4704 tu,
1379 4638 1831 4710 Deus,plantasti,
1860 4661 1878 4694 ι
1904 4656 2019 4699 non

460 4725 605 4779 enim
664 4724 765 4796 ipsi
812 4725 1166 4795 possederunt
1208 4736 1409 4784 terram
1459 4730 1605 4785 illam
1647 4732 1701 4786 in
1751 4733 1967 4803 gaudio,
1994 4753 2013 4788 ι

457 4816 511 4870 id
551 4823 653 4881 est,
682 4830 779 4886 per
806 4832 955 4870 arma
994 4832 1091 4872 sua
1132 4826 1188 4873 et
1226 4818 1371 4875 vires
1408 4834 1555 4885 suas,
1590 4840 1609 4870 ‹
1648 4829 1703 4876 ει
1738 4823 2018 4880 brachium

456 4921 643 4962 eorum
671 4947 685 4972 ,
746 4926 766 4959 ι
811 4907 864 4963 id
927 4916 1012 4964 est
1038 4949 1054 4976 ,
1099 4908 1355 4965 fortitudo
1397 4920 1453 4964 et
1495 4913 1734 4982 potentia
1789 4929 1974 4970 eorum
2001 4958 2017 4983 ,

462 4988 483 5049 ὰ
517 5012 624 5053 non
664 4996 1028 5065 salvavitcos,
1059 5019 1078 5051 ι
1124 5009 1181 5054 ει
1206 4999 1251 5053 si
1282 4999 1490 5070 seipsos
1525 5017 1631 5057 non
1664 5015 1886 5073 possent
1914 5006 2019 5063 sal-

456 5102 584 5143 vare
624 5088 692 5143 ab
719 5087 822 5143 illis
851 5089 1120 5159 gentibus,
1170 5098 1299 5143 tunc
1328 5089 1496 5144 multo
1526 5092 1704 5148 minus
1749 5093 1802 5148 in
1842 5094 2021 5164 gladio

454 5196 553 5236 suo
572 5180 926 5251 possederunt
951 5196 1137 5236 earum
1159 5180 1396 5251 gentium
1420 5190 1638 5238 terram.
1663 5183 1767 5239 Per
1786 5185 2020 5256 gladium

453 5275 746 5328 humanam
772 5273 1048 5341 virtutem,
1093 5287 1191 5344 per
1216 5272 1498 5328 brachium
1529 5276 1824 5346 potentiam
1859 5276 2019 5332 intel-

453 5363 667 5434 ligimus
694 5377 710 5417 :
1250 5356 1255 5359 ’

524 5453 811 5510 Brachium
858 5470 964 5510 non
1011 5455 1240 5511 salvavit
1255 5469 1368 5523 cos,
1402 5475 1420 5507 ι
1455 5458 1550 5513 sed
1589 5457 1808 5513 dextera
1843 5464 1952 5525 tua,
1995 5478 2013 5510 ι

455 5544 511 5599 id
554 5552 659 5608 est,
687 5546 928 5616 prosperi
958 5557 1183 5601 eventus
1208 5561 1345 5616 quos
1382 5554 1435 5601 tu
1463 5546 1632 5602 dabas
1675 5547 1776 5612 eis,
1800 5556 1858 5602 ut
1895 5564 2017 5603 cum

456 5633 538 5688 eis
585 5633 1043 5690 circumcuntibus
1088 5635 1395 5689 ceciderunt
1434 5637 1571 5690 muri
1628 5636 1864 5703 Jericbo,
1906 5656 1924 5689 ι
1962 5646 2018 5693 ει

458 5726 760 5794 brachium,
784 5746 801 5779 ι
825 5727 878 5783 id
900 5726 1265 5794 est,forlitudo
1288 5737 1376 5783 tua
1397 5748 1406 5782 :
1426 5736 1485 5783 ut
1507 5745 1628 5785 cum
1651 5729 2016 5803 unusquisque

2119 4644 2240 4702 quat
2271 4628 2388 4687 laus
2427 4630 2532 4684 crit
2568 4647 2586 4680 ι
2618 4628 2671 4683 in
2701 4627 2833 4694 Deo,
2867 4648 2887 4681 ι
2922 4628 2978 4682 id
3007 4634 3107 4692 est,
3141 4626 3207 4681 ad
3255 4626 3516 4680 honorem
3550 4625 3684 4680 Dei:

2119 4728 2176 4776 et
2205 4735 2305 4776 nos
2347 4738 2366 4771 ι
2399 4718 2776 4775 conﬁtebimur
2808 4716 2926 4784 tibi,
2983 4737 3003 4771 ι
3050 4717 3105 4772 id
3138 4725 3247 4783 est,
3282 4716 3565 4771 laudamus
3595 4723 3687 4771 te:

2124 4804 2145 4861 ἡ
2177 4817 2235 4865 ει
2271 4810 2325 4865 in
2358 4810 2576 4866 nomine
2611 4817 2724 4875 tuo,
2763 4829 2782 4861 ι
2816 4809 2867 4864 id
2894 4818 2998 4875 est,
3029 4808 3155 4879 quia
3196 4808 3284 4863 hic
3316 4807 3580 4864 habemus
3606 4824 3696 4865 no-

2122 4915 2245 4956 men
2270 4909 2416 4955 tuum
2451 4918 2470 4951 σ
2504 4898 2557 4954 in
2586 4899 2861 4967 saeculum,
2898 4920 2916 4952 ι
2943 4900 2996 4956 id
3023 4908 3128 4966 est,
3164 4899 3220 4954 in
3247 4906 3528 4954 aeternum.

2194 5011 2385 5081 Incipit
2431 5010 2497 5067 de
2543 5012 2772 5068 secunda
2803 5019 2974 5083 parte.
3018 5010 3259 5068 Tandem
3296 5025 3398 5067 nos
3434 5009 3693 5078 salvabis,

2130 5124 2150 5158 ι
2180 5121 2323 5161 nunc
2348 5113 2525 5160 autem
2556 5125 2575 5157 ι
2608 5106 2663 5160 in
2695 5090 2797 5162 hac
2833 5106 3016 5160 vita‘i
3049 5103 3312 5175 repulisti,
3355 5123 3373 5155 ι
3404 5103 3458 5159 id
3481 5112 3590 5170 est,
3620 5104 3694 5159 ita

2124 5194 2417 5265 permisisti
2464 5193 2665 5266 aﬂligi,
2719 5194 2862 5264 quod
2903 5201 3218 5264 putaremur
3260 5208 3291 5247 a
3340 5200 3394 5248 te
3443 5192 3688 5262 repulsi:

2133 5302 2152 5336 σ
2200 5292 2254 5338 ct
2277 5282 2563 5340 confudisti
2585 5299 2683 5340 nos
2715 5304 2734 5336 ι
2762 5300 2869 5340 non
2899 5284 3121 5353 quodin
3147 5282 3478 5339 conscientia
3507 5291 3690 5338 nostra

2128 5375 2496 5433 confusionem
2527 5385 2584 5431 et
2616 5375 3038 5432 erubescentiam
3061 5384 3390 5446 pateremur,
3412 5375 3510 5430 sed
3526 5389 3693 5445 quan-

2128 5475 2241 5521 tum
2285 5466 2353 5520 ad
2387 5466 2573 5521 oculos
2600 5466 2896 5531 hominum,
2926 5465 3018 5537 qui
3047 5472 3237 5534 putant
3272 5478 3372 5519 nos
3398 5462 3692 5520 confusibi-

2126 5555 2239 5611 les:
2266 5565 2320 5612 et
2345 5556 2597 5626 deinceps
2641 5575 2659 5607 ι
2697 5571 2802 5612 non
2834 5556 3147 5628 egredieris,
3183 5574 3202 5609 ι
3229 5555 3282 5611 id
3302 5564 3403 5620 est,
3433 5570 3539 5611 non
3558 5542 3693 5609 mit-

2126 5655 2208 5703 tes
2234 5646 2515 5702 manifeste
2542 5647 2788 5718 angelum
2821 5656 2968 5703 tuum
2995 5662 3232 5718 pugnare
3269 5647 3546 5703 nobiscum
3582 5665 3600 5698 ι
3634 5645 3691 5699 in
3730 5636 3743 5641 ”

2128 5734 2437 5804 virtutibus,
2470 5755 2486 5787 ι
2540 5736 2593 5791 id
2622 5744 2721 5802 est,
2769 5736 2823 5791 in
2852 5732 3180 5792 exercitibus
3214 5756 3231 5789 ι
3270 5735 3474 5793 nostris
3500 5754 3519 5791 ι
3545 5733 3688 5792 sicut

3937 1380 3939 1481 1

3937 1760 3939 1849 4
