3984 6454
211 348 318 405 545

1386 347 1822 404 EXPLANATIO
1861 349 1926 404 1N
1964 351 2303 413 PSALMOS.

3349 374 3454 430 546

208 462 387 522 fecisti
410 461 656 536 patribus
686 462 907 530 nostris,
934 476 1031 532 pro
1053 463 1250 532 quibus
1271 464 1554 520 manifeste
1579 479 1780 536 pugna-
1811 467 1855 526 Α
1886 466 2106 521 semitas
2157 477 2372 522 nostras
2410 489 2428 520 ι
2478 471 2672 541 quibus
2724 472 2790 528 ad
2835 480 2885 530 te
2913 475 3208 536 incedimus
3241 501 3260 533 ‹
3296 499 3326 538 a
3366 487 3450 542 via

205 556 340 611 bant
366 550 564 624 angeli.
817 613 832 626 η

277 643 397 698 Non
423 649 632 696 tantum
655 641 919 710 repulisti,
948 641 1040 696 sed
1067 644 1227 696 etiam
1249 643 1512 713 quosdam
1534 652 1778 699 nostrum

210 752 231 784 ι
263 731 511 788 avertisti
545 751 564 784 ι
597 745 628 784 a
648 731 790 785 bono
810 732 1108 801 proposito,
1133 730 1380 787 faciendo
1411 754 1428 784 ι
1459 749 1556 788 nos
1579 740 1781 788 retror-

203 840 325 880 sum
355 832 478 894 post
524 821 774 878 inimicos
820 833 1056 888 nostros,
1109 842 1128 876 ι
1183 824 1236 878 id
1272 834 1377 890 est,
1415 833 1474 880 ut
1528 839 1776 894 sequere-

203 930 329 968 mur
370 914 620 969 inimicos
665 921 900 978 nostros,
927 923 981 968 et
1010 923 1139 970 tunc
1192 933 1210 966 ι
1263 916 1351 985 qui
1383 917 1612 971 oderunt
1654 933 1772 983 nos,

203 1005 531 1076 diripiebant
577 1004 698 1068 sibi,
739 1023 755 1056 ι
813 1005 864 1059 id
907 1013 1010 1071 εει,
1044 1005 1097 1059 in
1142 1014 1354 1075 partem
1401 1021 1556 1061 suam
1598 1006 1774 1076 rapie-

200 1096 336 1151 bant
371 1109 492 1159 nos,
532 1102 588 1148 et
626 1094 729 1148 hoc
761 1101 846 1149 est
872 1095 1165 1149 maximum
1205 1102 1531 1150 tormentum
1561 1104 1771 1152 sancto-

203 1201 346 1249 rum,
369 1185 584 1255 quando
608 1184 793 1239 vi‘dent
823 1200 948 1240 suos
982 1185 1056 1238 ita
1079 1183 1331 1240 devocari
1361 1201 1391 1238 a
1418 1185 1543 1240 ﬁde.

273 1277 546 1343 Quosdam
592 1276 856 1341 avertisti,
891 1295 909 1327 ι
943 1291 1040 1330 nos
1076 1295 1094 1328 ι
1127 1285 1306 1330 autem
1332 1276 1420 1344 qui
1451 1277 1765 1340 restitimus,

206 1390 226 1423 ι
263 1369 455 1425 dedisti
489 1377 744 1438 tanquam
780 1383 910 1423 oves
937 1381 1182 1423 escarum
1221 1387 1238 1418 ι
1269 1383 1386 1437 qum
1409 1385 1514 1422 non
1547 1367 1762 1434 fructui,

197 1461 296 1516 sed
325 1459 423 1515 soli
461 1458 716 1514 occisioni
745 1458 1010 1526 deputatae
1037 1466 1180 1522 sunt,
1209 1467 1264 1512 et
1292 1457 1345 1511 in
1372 1458 1620 1529 gentibus
1660 1458 1767 1513 dis-

197 1551 416 1622 persisti
446 1564 545 1605 nos
579 1568 598 1601 ‹
644 1548 857 1618 quando
893 1547 1060 1619 fugati
1095 1564 1282 1603 sumus
1328 1549 1394 1602 de
1448 1549 1666 1603 civitate
1710 1548 1764 1602 in

197 1643 493 1707 civitatem,
527 1660 545 1693 ι
575 1640 627 1695 id
654 1649 756 1706 est,
785 1639 1050 1694 tradidisti
1081 1639 1132 1694 in
1172 1655 1365 1694 manus
1399 1639 1760 1703 inimicorum,

194 1744 257 1788 ut
280 1734 486 1802 aliquos
516 1732 612 1786 tibi
642 1731 693 1785 in
722 1729 1157 1786 tribulationibus
1186 1731 1546 1800 acquirerem.

1881 563 1990 619 tua,
2029 575 2047 607 ι
2097 556 2148 610 id
2192 566 2293 624 est,
2333 574 2363 613 a
2402 563 2687 631 praeceptis
2725 564 2847 619 tuis.
2890 565 3116 638 Semper
3147 571 3290 625 enim
3324 589 3426 644 ope

1880 644 1980 698 rati
2018 660 2204 700 sumus
2230 649 2525 703 secundum
2563 661 2833 722 prmcepta
2870 664 2980 709 tua.
3009 655 3104 711 Vel
3144 659 3280 725 sine,
3317 677 3446 727 non,

1879 735 1952 789 ita
1985 735 2198 807 legitur,
2231 739 2536 809 declinasti,
2562 743 2614 797 id
2645 755 2751 810 est,
2788 747 3060 803 declinare
3085 748 3256 804 fecisti
3287 754 3449 808 semi-

1880 831 1962 880 tas
1991 835 2202 882 noslras
2231 843 2260 881 a
2297 829 2378 882 via
2434 838 2546 894 tua,
2602 843 2662 887 ut
2708 850 2892 905 supra,
2925 838 3007 890 vel
3061 840 3139 892 sic
3187 855 3400 911 quoque
3428 859 3441 872 '

1882 932 1900 964 ι
1929 915 2153 971 semitas
2181 926 2419 983 nostras,
2454 939 2472 970 ι
2507 921 2559 976 id
2586 933 2690 990 est,
2717 940 2880 994 Opera
2916 943 3034 997 qua:
3068 947 3134 986 ex
3159 932 3314 987 nobis
3345 933 3413 988 ha

1872 1004 2082 1072 bemus,
2115 1008 2206 1076 qui
2250 1010 2544 1076 secundum
2574 1027 2673 1067 nos
2721 1015 2852 1069 nihil
2882 1017 3009 1073 boni
3052 1020 3230 1077 facere
3256 1037 3444 1092 possu-

1872 1111 2012 1162 mus,
2039 1097 2156 1152 illas
2176 1099 2395 1154 semitas
2422 1118 2440 1150 ‹
2477 1101 2781 1168 declinasti,
2817 1126 2835 1157 ι
2865 1108 2918 1162 id
2941 1120 3045 1176 εει,
3068 1113 3362 1168 declinatas
3389 1123 3444 1168 et

1871 1187 2113 1244 diversas
2138 1191 2421 1245 ostendisti
2454 1211 2472 1242 ς
2515 1208 2544 1245 a
2575 1193 2660 1246 via
2691 1203 2798 1260 tua,
2838 1217 2855 1248 ι
2887 1199 3060 1266 idest,
3087 1202 3155 1256 ab
3191 1204 3444 1274 operibus

1871 1278 2000 1343 tuis,
2031 1280 2121 1348 qui
2153 1295 2424 1349 nunquam
2446 1281 2552 1336 nisi
2573 1282 2712 1337 bona
2745 1283 2898 1341 facis.

1919 1372 2192 1428 ‘Divcrsas
2227 1367 2510 1428 ostendisti
2564 1375 2698 1441 vias,
2755 1394 2773 1428 ‹
2832 1380 3085 1446 quoniam
3139 1397 3238 1436 nos
3271 1383 3443 1437 humi-

1868 1462 2051 1530 liasti,
2107 1483 2126 1516 ι
2186 1465 2239 1519 id
2285 1473 2405 1531 est,
2449 1465 2726 1542 afﬁixisti,
2782 1469 2836 1523 in
2899 1487 3006 1540 quo
3064 1476 3442 1544 cognoscimus

1867 1552 2234 1622 unusquisque
2275 1569 2332 1608 se
2377 1555 2629 1610 miserum
2654 1565 2708 1612 et
2737 1573 2794 1613 se
2816 1561 2948 1616 nihil
2987 1563 3112 1617 boni
3147 1579 3214 1618 ex
3250 1581 3308 1620 se
3340 1567 3438 1619 ha-

1864 1642 2014 1697 bere.
2053 1643 2135 1697 Ad
2166 1643 2326 1698 aliam
2355 1649 2681 1702 sententiam
2728 1653 3076 1707 continuatur
3113 1655 3186 1709 ita
3233 1675 3245 1710 :
3295 1657 3440 1710 Bene

1864 1731 2004 1798 dico,
2054 1734 2197 1803 quod
2225 1735 2443 1791 semitas
2471 1746 2684 1793 nostras
2726 1756 2830 1795 non
2871 1741 3050 1798 fecisti
3090 1745 3322 1812 deviare,
3355 1751 3440 1806 vel

273 1843 292 1875 ι
322 1822 620 1878 Vendidisti
639 1821 889 1892 populum
913 1829 1080 1888 tuum,
1115 1840 1134 1874 ι
1165 1820 1217 1875 id
1237 1829 1337 1886 est,
1357 1829 1616 1891 martyres
1644 1828 1764 1874 tuos
1793 1807 1838 1866 Β
1867 1820 2044 1877 fecisti
2068 1825 2302 1893 pendere
2327 1841 2356 1879 a
2378 1827 2462 1880 via
2489 1836 2599 1894 tua,
2628 1847 2648 1881 ι
2677 1832 2929 1898 quoniam
2956 1851 3052 1889 nos
3076 1807 3392 1907 humiliasti,
3415 1861 3433 1893 ι

197 1935 219 1967 ι
252 1916 365 1970 sine
407 1913 581 1984 pretio
612 1931 630 1964 ι
681 1912 884 1981 aliquo,
930 1911 1054 1982 quia
1103 1910 1392 1981 aliquando
1437 1925 1543 1964 non
1593 1909 1758 1963 ullum

191 2003 466 2058 hominem
501 2002 553 2056 in
599 2008 772 2056 morte
821 2011 1130 2056 sanctorum
1160 1999 1400 2055 lucratus
1441 2017 1454 2053 :
1497 2008 1553 2055 et
1581 1999 1624 2055 si
1664 1999 1760 2053 ali-

188 2094 410 2163 quando
445 2091 650 2162 aliquos
695 2089 933 2145 lucratus
983 2105 1061 2154 es,
1089 2091 1245 2160 pauci
1296 2089 1534 2156 fuerunt,
1576 2090 1760 2144 ethoc

188 2187 327 2241 dicit
366 2205 379 2240 :
419 2205 438 2238 ι
473 2194 527 2240 ει
566 2199 673 2240 non
714 2183 816 2238 fuit
845 2183 1126 2238 multitudo
1153 2183 1206 2236 in
1250 2181 1758 2236 commutationibus

188 2293 406 2343 eorum,
458 2296 476 2329 ι
545 2277 598 2331 id
645 2285 743 2338 εει,
798 2274 1012 2344 quando
1055 2275 1195 2328 Deus
1246 2273 1339 2328 dat
1375 2287 1523 2337 suos,
1562 2282 1620 2326 ut
1663 2271 1756 2324 alir

183 2383 326 2438 quos
365 2366 629 2438 acquirat.
660 2364 892 2421 Posuisti
928 2364 1089 2418 etiam
1122 2377 1218 2417 nos
1247 2362 1597 2432 opprobrium
1649 2376 1753 2414 non

184 2458 483 2523 extraneis,
541 2455 634 2525 qui
671 2470 794 2510 raro
818 2455 1001 2509 vident
1049 2469 1166 2520 nos,
1197 2455 1292 2509 sed
1325 2471 1344 2505 ι
1389 2453 1590 2508 nostris
1629 2451 1756 2507 vici-

189 2551 280 2604 nis
313 2569 330 2601 I
373 2549 466 2619 qui
511 2561 651 2618 saepe
701 2547 1033 2618 obiecerunt,
1067 2553 1122 2600 et
1152 2545 1256 2599 hoc
1281 2544 1628 2615 opprobrium
1659 2559 1756 2614 per

188 2651 378 2712 partes
405 2641 737 2710 exsequitur,
766 2639 950 2694 dicens
974 2652 988 2692 :
1017 2656 1036 2690 ι
1059 2636 1546 2694 Subsannationem
1579 2645 1632 2691 et
1663 2637 1754 2690 de-

179 2738 356 2792 risum
398 2737 482 2791 his
517 2736 607 2805 qui
647 2735 699 2789 in
752 2734 981 2789 circuitu
1038 2740 1221 2786 nostro
1261 2739 1405 2785 sunt.
1447 2749 1464 2781 ι
1515 2728 1754 2784 Subsan-

177 2829 336 2882 natio
366 2826 423 2880 ﬁt
451 2841 549 2896 per
573 2839 784 2889 nasum,
812 2823 1010 2877 derisio
1047 2835 1142 2892 per
1172 2821 1376 2876 hiatum
1407 2821 1536 2874 oris.

256 2917 487 2973 Posuisti
517 2932 614 2972 nos
643 2916 694 2969 in
726 2915 1127 2969 similitudinem
1155 2913 1420 2983 gentibus,
1460 2911 1665 2966 scilicet
1691 2919 1751 2965 ut

178 3013 256 3068 ad
295 3019 531 3066 nostram
569 3007 974 3064 similitudinem
1003 3006 1388 3061 maledicercnt
1432 3004 1553 3058 aliis
1579 3013 1634 3058 et
1671 3003 1748 3058 sic

176 3104 425 3157 dicerent
451 3120 462 3154 :
491 3101 633 3155 Talis
663 3099 968 3155 maledictio
1012 3099 1109 3154 tibi
1141 3098 1228 3163 sit,
1257 3097 1434 3166 qualis
1462 3105 1545 3151 est
1565 3096 1744 3162 Petro,

172 3193 268 3248 vel
295 3192 480 3258 Paulo,
519 3191 602 3247 vel
633 3191 938 3246 Laurentio.
971 3191 1066 3245 Vel
1092 3190 1316 3260 posuisti
1353 3204 1452 3243 nos
1473 3189 1527 3242 in
1556 3188 1748 3242 simili-

175 3283 421 3338 tudinem
453 3282 673 3347 Christi,
718 3291 776 3335 ut
807 3283 944 3336 sicut
978 3280 1224 3336 Christus
1269 3279 1556 3349 opprobria
1589 3278 1749 3332 susti-

175 3373 324 3437 nuit,
373 3372 451 3427 sic
495 3382 551 3426 et
589 3388 707 3435 nos,
738 3372 919 3425 statim
967 3371 1119 3439 ponit
1160 3385 1323 3422 unum
1353 3370 1416 3422 de
1445 3369 1749 3437 opprobriis

173 3477 304 3533 qua:
356 3461 610 3518 sustinuit
639 3459 883 3514 Christus
917 3475 929 3510 :
967 3475 984 3508 ι
1021 3457 1438 3512 commotionem
1471 3456 1664 3522 capitis
1694 3456 1746 3509 in

173 3555 420 3625 populis,
492 3573 510 3604 ι
579 3553 632 3606 id
683 3561 784 3616 est,
833 3565 993 3618 super
1027 3565 1161 3618 quos
1209 3546 1391 3616 populi
1441 3546 1750 3602 deridentes

177 3653 470 3699 moverunt
514 3642 689 3712 capita
731 3656 848 3704 sua,
897 3641 1036 3694 sicut
1071 3654 1230 3707 supra
1263 3639 1460 3692 dictum
1508 3646 1612 3702 est,
1669 3637 1750 3691 di-

173 3741 368 3788 centes
394 3751 407 3785 :
439 3749 457 3782 (
481 3732 626 3786 Vah!
659 3731 746 3799 qui
771 3729 1002 3785 destruis
1025 3727 1278 3798 templum
1302 3727 1395 3782 Dei
1423 3724 1614 3798 (Marc.
1643 3741 1745 3790 xv;

172 3823 374 3878 Matth.
403 3823 597 3890 xxvii),
627 3829 731 3876 etc.
747 3840 763 3872 ι

249 3911 389 3978 Quid
418 3909 622 3980 singula
651 3899 1014 3964 ’cnumerem?
1047 3927 1064 3959 ε
1114 3915 1222 3961 tota
1252 3907 1360 3972 die,
1407 3925 1425 3958 ι
1457 3906 1510 3961 id
1533 3913 1637 3971 est,
1663 3919 1749 3960 as-

171 4001 335 4056 sidue
390 4017 408 4049 α
457 3999 777 4054 verecundia
828 4011 964 4062 mea,
1005 4016 1024 4048 ι
1078 3997 1285 4052 scilicet
1333 3996 1743 4066 opprobriorum

166 4105 424 4147 meorum
472 4109 490 4142 ‹
527 4097 610 4145 εει
633 4097 818 4144 contra
848 4104 953 4145 me.
990 4109 1006 4141 ι
1037 4088 1237 4143 Contra
1266 4089 1416 4153 dicit,
1444 4088 1591 4157 quia,
1621 4104 1742 4143 cum

166 4189 446 4251 martyres
481 4178 866 4234 conﬁterentur
891 4194 950 4232 se
970 4193 1088 4232 esse
1112 4176 1307 4245 justos,
1339 4192 1612 4248 nunquam
1649 4178 1743 4232 de-

167 4268 372 4325 b'erent
403 4267 706 4339 hujusmodi
745 4266 1031 4337 Opprobria
1060 4268 1347 4332 sustinere,
1377 4275 1433 4320 et
1471 4275 1529 4319 ut
1557 4282 1744 4337 aggra-

165 4371 266 4418 vet
293 4361 690 4423 verecundiam,
716 4359 846 4413 dicit
879 4377 892 4411 :
930 4378 947 4409 ι
969 4358 1224 4414 Confusio
1266 4357 1423 4413 faciei
1459 4373 1593 4413 meae
1649 4374 1742 4413 co-

165 4452 394 4523 operuit
437 4465 540 4506 me.
579 4469 596 4500 ›
631 4448 883 4502 Naturam
923 4449 1067 4502 illam
1100 4447 1289 4518 tangit,
1321 4447 1463 4517 quod
1494 4463 1615 4501 cum
1647 4447 1743 4501 ho-

166 4557 264 4596 mo
291 4539 495 4610 patitur
520 4538 750 4608 aliquam
789 4537 1238 4602 erubescentiam,
1267 4539 1584 4608 sanguinem
1607 4537 1741 4591 intc-

165 4633 374 4687 riorem
405 4629 604 4695 anima,
636 4637 696 4682 ut
721 4643 779 4683 se
823 4628 1114 4698 cooperiat,
1143 4628 1308 4681 mittit
1339 4627 1408 4681 ad
1443 4627 1735 4681 exteriora.

164 4722 433 4778 Confusio
477 4721 596 4776 dico
647 4719 790 4774 illata
823 4739 840 4769 ‹
874 4734 904 4773 a
933 4733 1065 4773 voce
1107 4718 1488 4787 exprobrantis
1507 4726 1564 4772 et
1594 4716 1742 4773 oblo-

163 4813 392 4884 quentis
447 4830 464 4862 ι
525 4809 808 4864 veritatem
853 4827 870 4860 ι
906 4823 937 4860 a
987 4807 1122 4863 facie
1175 4807 1404 4869 inimici,
1462 4825 1480 4857 ι
1536 4805 1742 4862 scilicet

166 4900 315 4956 mala
338 4899 613 4953 voluntate
646 4914 664 4947 α
703 4904 759 4951 ει
784 4895 1153 4966 persequentis
1193 4914 1210 4946 ›
1244 4895 1359 4965 ipso
1382 4904 1526 4948 actu.

251 5009 270 5041 σ
304 4990 429 5044 llzec
453 4987 633 5042 omnia
659 4996 920 5041 venerunt
944 5003 1105 5056 super
1127 5003 1242 5051 nos,
1279 5007 1296 5039 ι
1327 4988 1534 5042 scilicet
1560 4996 1618 5041 ut
1643 5003 1740 5043 nos

164 5081 587 5152 opprimerent,«
610 5093 708 5132 nec
737 5085 912 5131 tamen
940 5077 1092 5132 obliti
1121 5094 1304 5133 sumus
1335 5087 1406 5144 te,
1431 5099 1448 5128 ι
1475 5080 1569 5134 εεά
1599 5095 1737 5134 sem-

166 5187 270 5242 per
304 5169 592 5224 habuimus
623 5176 674 5223 te
724 5168 776 5221 in
805 5168 914 5238 jugi
953 5169 1209 5223 memoria
1260 5183 1275 5222 :
1322 5190 1338 5220 ι
1379 5179 1432 5224 ει
1473 5171 1524 5224 in
1574 5179 1736 5225 testa-

165 5267 356 5316 mento
381 5267 490 5322 tuo,
515 5277 532 5308 ι
553 5257 604 5310 id
624 5264 728 5320 est,
746 5256 797 5310 in
819 5255 934 5326 lege
960 5267 1046 5310 tua
1076 5274 1093 5306 ‹
1125 5272 1228 5311 non
1251 5258 1459 5328 egimus
1482 5259 1682 5328 inique,
1709 5279 1727 5311 ι

166 5349 267 5405 sed
298 5362 509 5418 semper
539 5345 829 5402 secundum
872 5355 1135 5415 praecepta
1176 5354 1268 5402 tua
1300 5347 1583 5403 habuimus
1611 5364 1734 5418 nos,

165 5449 229 5494 et
267 5439 321 5493 in
345 5439 448 5493 hoc
470 5451 626 5491 versu
657 5450 849 5504 magna
876 5435 1046 5488 virtus
1066 5445 1360 5506 martyrum
1386 5446 1621 5514 notatur.

243 5529 379 5586 Cum
428 5529 543 5584 htec
569 5527 748 5581 omnia
785 5524 922 5579 mala
961 5526 1205 5581 venirent
1229 5543 1392 5597 super
1434 5545 1550 5594 nos,
1593 5549 1610 5582 ι
1644 5545 1738 5586 εοι·

170 5631 424 5678 nostrum
474 5636 580 5674 non
616 5617 840 5673 recessit
863 5626 1027 5680 retro,
1069 5638 1085 5670 ι
1118 5619 1168 5672 id
1205 5629 1308 5685 est,
1333 5635 1437 5674 non
1481 5621 1736 5691 despera-

167 5715 281 5780 vit,
323 5733 340 5765 ι
383 5722 437 5768 ει
480 5728 584 5766 non
635 5708 936 5775 declinasti,
987 5711 1036 5764 id
1085 5719 1188 5774 est,
1239 5711 1507 5768 declinare
1559 5713 1732 5768 fecisti

1767 4497 1820 4560 D

1862 1913 1916 1967 id
1959 1923 2062 1980 est,
2103 1916 2332 1972 humiles
2356 1920 2658 1986 ostendisti,
2700 1938 2819 1992 quae
2863 1925 3164 1981 humiliatio
3205 1940 3288 1985 est
3319 1949 3337 1981 ‹
3383 1932 3438 1986 in

1862 2002 1979 2058 loco
2027 2002 2356 2071 afﬁictionis,
2394 2025 2412 2058 ι
2467 2007 2519 2062 id
2567 2019 2681 2076 est,
2733 2011 2787 2065 in
2814 2013 2915 2068 hac
2947 2015 3078 2080 vita,
3127 2026 3435 2087 postquam

1860 2093 2036 2148 nullus
2069 2094 2220 2150 locus
2270 2098 2646 2164 correctionis,
2700 2110 2756 2156 et
2808 2102 2939 2157 adeo
2990 2107 3431 2175 noshumiliasti,

1858 2186 1999 2255 quod
2035 2204 2053 2236 ‹
2086 2189 2276 2241 umbra
2319 2189 2532 2254 mortis,
2585 2209 2603 2241 ι
2639 2191 2690 2245 id
2718 2202 2821 2258 est,
2854 2194 2969 2264 ipsa
3005 2212 3154 2252 mors
3182 2218 3198 2248 ι
3237 2215 3433 2269 εοορε-

1857 2276 1967 2330 ruit
2007 2292 2126 2342 nos,
2165 2297 2181 2328 ι
2217 2279 2401 2343 idest,
2441 2282 2604 2336 occisi
2647 2298 2852 2338 sumus.
2881 2286 2976 2340 Vel
3009 2305 3028 2337 ‹
3065 2289 3253 2346 umbra
3281 2305 3428 2344 mor-

1857 2369 1946 2430 tis,
1975 2387 1993 2418 ›
2026 2369 2078 2422 id
2120 2379 2225 2434 est,
2247 2370 2508 2435 limretici,
2530 2374 2676 2441 quia,
2702 2375 2921 2444 siquem
2947 2377 2999 2431 in
3031 2393 3227 2448 corpus
3275 2397 3430 2436 suum

1855 2458 2062 2524 dicunt,
2093 2461 2274 2514 statim
2299 2461 2387 2514 ille
2416 2477 2445 2514 a
2476 2477 2603 2516 vera
2633 2464 2739 2517 vita
2772 2465 3034 2534 privatur.

1925 2551 2048 2603 Ideo
2082 2566 2188 2604 non
2242 2566 2430 2605 sumus
2461 2551 2614 2605 obliti
2657 2562 2728 2617 te,
2761 2555 2884 2624 quia
2916 2556 3115 2611 scimus
3153 2559 3294 2627 quod
3327 2577 3345 2611 ι
3385 2562 3429 2616 si

1853 2639 2005 2694 obliti
2058 2655 2244 2694 sumus
2305 2655 2539 2704 nomen,
2601 2661 2620 2693 ι
2681 2642 2732 2695 id
2786 2653 2912 2707 est,
2962 2645 3426 2704 honoriﬁcentiam

1859 2752 1876 2784 ‹
1904 2732 1998 2787 Dei
2027 2733 2216 2798 nostri,
2241 2752 2257 2784 ι
2290 2741 2345 2788 ει
2369 2735 2412 2788 si
2446 2735 2548 2789 hoc
2577 2735 2792 2802 gravius
2815 2735 3062 2800 facimus,
3078 2738 3302 2805 scilicet,
3329 2759 3347 2790 ι
3383 2744 3426 2796 si

1853 2824 2203 2894 expandimus
2253 2841 2441 2879 manus
2493 2833 2707 2878 nostras
2744 2845 2762 2876 ι
2816 2836 2870 2880 ει
2909 2826 3193 2882 interiores
3237 2838 3289 2884 ει
3329 2847 3427 2884 ex--

1852 2916 2079 2971 teriorcs
2115 2935 2132 2967 ‹
2168 2917 2232 2971 ad
2264 2916 2432 2970 Deum
2488 2917 2744 2982 alienum,
2800 2937 2817 2967 ι
2873 2918 2924 2972 id
2979 2927 3079 2984 est,
3113 2921 3205 2989 qui
3256 2938 3428 2990 neque

1849 3023 1948 3064 nos
1986 3009 2210 3074 creavit,
2255 3024 2428 3078 neque
2481 3010 2680 3064 bonum
2731 3009 2860 3064 fecit
2906 3012 3085 3077 nobis,
3129 3013 3337 3068 scilicet
3381 3016 3426 3069 si

1851 3101 1979 3156 facti
2031 3116 2216 3154 sumus
2271 3100 2568 3176 idololatra:
2618 3118 2636 3151 ‹
2690 3101 2831 3156 Deus
2882 3104 3118 3171 requiret
3151 3106 3274 3158 ista.
3315 3127 3331 3157 ›
3363 3107 3428 3160 Ει

1851 3191 1975 3260 quia
1999 3190 2193 3260 aliquis
2223 3191 2425 3244 diceret
2457 3207 2469 3242 :
2507 3189 2564 3245 Si
2596 3204 2786 3244 manus
2818 3192 3096 3260 expandis,
3122 3193 3224 3247 hoc
3252 3195 3428 3262 requi-

1853 3289 1954 3345 ret,
1983 3281 2110 3350 quia
2136 3281 2239 3335 hoc
2263 3281 2398 3335 bene
2428 3281 2592 3348 videt,
2618 3281 2709 3336 sed
2731 3281 2775 3336 si
2802 3283 3000 3338 oblitus
3017 3298 3096 3348 es,
3116 3300 3222 3338 non
3247 3285 3425 3353 requi-

1851 3379 1952 3434 ret,
1991 3369 2116 3438 quia
2168 3369 2295 3422 illnd
2353 3370 2586 3439 ignorat,
2623 3372 2818 3440 probat
2873 3373 3014 3440 quod
3064 3374 3225 3427 etiam
3292 3374 3426 3428 obli-

1850 3461 2061 3513 vionem
2111 3461 2370 3530 requiret,
2407 3477 2528 3516 cum
2559 3462 2709 3530 dicit,
2748 3481 2765 3514 ‹
2807 3463 2922 3532 ipse
2948 3466 3089 3519 enim
3123 3466 3272 3520 novit
3296 3467 3421 3520 abs-

1855 3551 2072 3604 condita
2100 3551 2296 3604 cordis.
2331 3569 2348 3601 ι

1921 3640 2020 3692 Hic
2055 3640 2240 3708 incipit
2264 3641 2330 3692 de
2368 3639 2521 3692 tertia
2552 3647 2706 3707 parte
2743 3655 2758 3694 :
2784 3639 2890 3695 Nos
2916 3657 3023 3708 non
3047 3645 3417 3712 cxpandimus,

1851 3734 1905 3782 et
1944 3728 2081 3793 ideo,
2117 3727 2211 3797 tu,}
2240 3726 2485 3791 Domine,
2523 3741 2773 3797 exsurge,
2816 3736 2871 3782 et
2893 3729 3170 3798 prmmittit
3204 3745 3421 3784 causam

1849 3834 2016 3889 quare
2046 3818 2236 3874 debeat
2270 3833 2584 3889 exsurgere,
2613 3836 2632 3868 ί
2675 3817 2926 3886 quoniam
2954 3828 3175 3888 propter
3200 3827 3254 3874 te
3279 3836 3421 3874 mor-

1848 3907 2117 3962 tiﬁcamur
2160 3914 2270 3961 tota
2324 3906 2410 3961 die
2466 3926 2484 3958 ι
2531 3915 2586 3961 ει
2627 3907 2917 3973 intantum,
2963 3909 3106 3977 quod
3167 3927 3186 3960 ‹
3237 3925 3419 3966 sumus

1845 3997 2094 4054 :estimati
2143 4006 2205 4050 ut
2249 4011 2378 4051 oves
2427 3996 2736 4061 occisionis,
2775 4015 2792 4048 ι
2843 3997 3070 4063 scilicet,
3103 4005 3163 4051 ut
3194 3998 3420 4053 nullate-

1844 4103 1946 4143 nus
1975 4095 2351 4158 reputaremur
2401 4087 2597 4151 idonei,
2644 4087 2743 4141 nisi
2793 4087 2856 4141 ad
2884 4088 3242 4154 occisionem;
3277 4089 3414 4157 ideo,

1845 4178 2089 4242 Domine,
2120 4177 2186 4231 ad
2222 4192 2320 4232 nos
2349 4175 2654 4231 liberandos
2685 4194 2703 4227 ‹
2737 4192 2990 4248 exsurge,
3026 4193 3195 4248 quare
3224 4180 3413 4234 obdor-

1843 4268 1981 4322 mis?
2012 4287 2029 4319 ι
2061 4267 2380 4323 Obdormire
2423 4266 2623 4320 dicitur
2652 4266 2815 4330 Deus,
2872 4283 2994 4321 cum
3045 4269 3125 4322 sui
3161 4285 3268 4324 non
3309 4271 3419 4325 cito

1845 4357 2162 4422 liberantur,
2183 4372 2282 4410 nec
2302 4341 2481 4410 tamen
2525 4356 2802 4421 deﬁciunt,
2832 4365 2886 4410 ct
2913 4372 3080 4426 quare
3108 4359 3411 4415 obdormisi

1847 4449 2321 4520 interrogationem
2345 4447 2659 4518 ponit,quia
2688 4447 3046 4503 licetcausam
3079 4433 3410 4520 ignoremus,

1846 4548 2026 4594 tamen
2082 4539 2259 4607 aliqua
2331 4553 2493 4592 causa
2551 4546 2634 4592 cst
2685 4553 2853 4608 quare
2900 4539 3042 4594 Deus
3085 4539 3187 4595 hoc
3230 4539 3410 4596 faciat.

1847 4648 1866 4682 ι
1895 4630 2154 4698 Exsurge,
2187 4628 2445 4683 Domine:
2472 4647 2490 4678 ι
2523 4627 2723 4683 etlicet
2754 4627 2909 4682 modo
2931 4628 3138 4699 aliquos
3167 4632 3407 4701 repellas,

1847 4738 1866 4772 ι
1900 4737 2004 4777 non
2029 4729 2207 4775 tamen
2237 4719 2462 4789 repellas
2507 4720 2560 4773 in
2603 4729 2882 4785 veternum,
2924 4740 2942 4771 ›
2994 4723 3088 4777 sed
3130 4725 3219 4794 qui
3254 4727 3410 4782 modo

1842 4813 2090 4867 videntur
2114 4811 2294 4880 ejecti,
2325 4810 2612 4879 aliquando
2637 4811 2803 4866 reduc
2831 4811 2894 4866 ad
2923 4813 3211 4868 ecclesiam
3243 4826 3408 4871 tuam.

1918 4921 1936 4954 ι
1971 4903 2048 4956 Νε
2071 4902 2295 4971 repellas
2325 4901 2467 4965 dico,
2489 4910 2544 4955 et
2567 4916 2634 4956 ne
2663 4909 2875 4958 avertas
2903 4902 3092 4959 faciem
3110 4914 3276 4971 tuam,
3304 4927 3322 4959 ι
3356 4909 3408 4962 id

1844 5002 1947 5059 est,
1989 4993 2348 5063 cognitionem
2408 5000 2551 5046 tuam
2617 4991 2694 5045 ab‘
2721 4992 2826 5048 illis
2880 4995 2969 5064 qui
3013 4997 3171 5050 modo
3214 4997 3408 5064 repulsi

1842 5093 1986 5148 sunt,
2004 5092 2059 5138 et
2088 5103 2104 5133 ι
2131 5097 2295 5153 quare
2322 5082 2508 5136 faciem
2537 5089 2681 5136 tuam
2705 5085 2944 5146 avertis?
2971 5103 2988 5135 ι
3009 5085 3074 5138 Et
3103 5085 3191 5138 hic
3213 5085 3406 5141 iterum

1842 5175 2038 5239 innuit,
2065 5174 2205 5242 quod
2247 5173 2370 5227 licet
2396 5188 2614 5228 causam
2647 5173 2976 5243 ignoremus,
3020 5182 3198 5230 tamen
3241 5192 3404 5232 causa

1841 5275 1925 5321 est
1950 5280 2115 5335 quare
2151 5265 2289 5320 Deus
2317 5272 2545 5326 avertat,
2591 5273 2646 5318 et
2679 5281 2846 5334 quare
2905 5283 2923 5316 ι
2957 5266 3290 5324 Oblivisceris
3328 5269 3408 5322 in-

1840 5354 1976 5423 opiae
2000 5359 2196 5406 nostrae
2225 5361 2278 5407 et
2307 5353 2667 5408 tribulationis
2713 5354 2948 5408 nostrrc?
2990 5374 3007 5406 ι
3041 5355 3153 5410 Ηοε
3177 5356 3409 5412 refertur

1839 5448 1905 5502 ad
1935 5462 2048 5511 eos,
2079 5445 2273 5515 quibus
2301 5445 2571 5500 obdormit
2599 5446 2759 5510 Deus,
2798 5460 2897 5499 nec
2924 5453 3099 5500 tamen
3124 5446 3400 5513 deﬁciunt,

1837 5549 2065 5605 quorum
2098 5535 2287 5603 inopia:
2315 5534 2554 5588 oblivisci
2597 5535 2814 5597 dicitur,
2870 5535 3086 5602 quando
3132 5551 3236 5590 non
3279 5551 3404 5592 con-

1839 5624 1997 5677 fortat
2039 5623 2273 5677 rationes
2295 5637 2506 5686 eorum,
2532 5636 2628 5675 nec
2653 5621 2746 5674 dat
2778 5621 2968 5676 solatia
2998 5622 3062 5675 ad
3091 5623 3402 5692 patientiam

1837 5714 2217 5780 tribulationis,
2256 5713 2470 5784 quando
2501 5727 2598 5765 nec
2632 5711 2859 5782 mitigat,
2893 5727 2992 5768 nec
3024 5726 3264 5769 removet
