  <div class='ocr_page' id='page_1' title='image "/cluster/home/n/w/nwhite01/storage/ocr_20150623/116/hvd.32044015466881/179.png"; bbox 0 0 3984 6468; ppageno 0'>
   <div class='ocr_carea' id='block_1_1' title="bbox 495 397 603 451">
    <p class='ocr_par' dir='ltr' id='par_1_1' title="bbox 495 397 603 451">
     <span class='ocr_line' id='line_1_1' title="bbox 495 397 603 451; baseline -0.019 0"><span class='ocrx_word' id='word_1_1' title='bbox 495 397 603 451; x_wconf 67' lang='grc'><strong>347</strong></span> 
     </span>
    </p>
   </div>
   <div class='ocr_carea' id='block_1_2' title="bbox 966 382 2114 446">
    <p class='ocr_par' dir='ltr' id='par_1_2' title="bbox 966 382 2112 446">
     <span class='ocr_line' id='line_1_2' title="bbox 966 382 2112 446; baseline -0.004 0"><span class='ocrx_word' id='word_1_2' title='bbox 966 387 1327 446; x_wconf 75' lang='lat' dir='ltr'><strong>HAYMONIS</strong></span> <span class='ocrx_word' id='word_1_3' title='bbox 1368 382 1852 442; x_wconf 78' lang='lat' dir='ltr'><strong>HALDERSTAT.</strong></span> <span class='ocrx_word' id='word_1_4' title='bbox 1895 383 2112 441; x_wconf 85' lang='lat' dir='ltr'><strong>EPISC.</strong></span> 
     </span>
    </p>
   </div>
   <div class='ocr_carea' id='block_1_3' title="bbox 2219 382 3308 446">
    <p class='ocr_par' dir='ltr' id='par_1_3' title="bbox 2219 382 3308 441">
     <span class='ocr_line' id='line_1_3' title="bbox 2219 382 3308 441; baseline -0.002 -2"><span class='ocrx_word' id='word_1_5' title='bbox 2219 385 2306 439; x_wconf 69' lang='lat' dir='ltr'><strong>PP.</strong></span> <span class='ocrx_word' id='word_1_6' title='bbox 2348 383 2534 441; x_wconf 76' lang='lat' dir='ltr'><strong>PARS</strong></span> <span class='ocrx_word' id='word_1_7' title='bbox 2571 383 2612 438; x_wconf 87' lang='grc'><strong>1.</strong></span> <span class='ocrx_word' id='word_1_8' title='bbox 2647 415 2710 424; x_wconf 94' lang='lat'><strong>—-</strong></span> <span class='ocrx_word' id='word_1_9' title='bbox 2741 382 3096 440; x_wconf 73' lang='grc' dir='ltr'><strong>(ΣΟΜΜΕΝΤ.</strong></span> <span class='ocrx_word' id='word_1_10' title='bbox 3139 383 3308 438; x_wconf 78' lang='lat' dir='ltr'><strong>BIBL.</strong></span> 
     </span>
    </p>
   </div>
   <div class='ocr_carea' id='block_1_4' title="bbox 3683 388 3798 444">
    <p class='ocr_par' dir='ltr' id='par_1_4' title="bbox 3683 388 3798 444">
     <span class='ocr_line' id='line_1_4' title="bbox 3683 388 3798 444; baseline 0 0"><span class='ocrx_word' id='word_1_11' title='bbox 3683 388 3798 444; x_wconf 63' lang='grc' dir='ltr'><strong>ΜΒ</strong></span> 
     </span>
    </p>
   </div>
   <div class='ocr_carea' id='block_1_5' title="bbox 564 499 3797 576">
    <p class='ocr_par' dir='ltr' id='par_1_5' title="bbox 564 499 3797 576">
     <span class='ocr_line' id='line_1_5' title="bbox 564 499 3797 576; baseline -0.002 -9"><span class='ocrx_word' id='word_1_12' title='bbox 564 510 649 568; x_wconf 85' lang='lat' dir='ltr'><strong>Ne</strong></span> <span class='ocrx_word' id='word_1_13' title='bbox 665 506 1010 567; x_wconf 72' lang='lat' dir='ltr'><strong>obliviscaris</strong></span> <span class='ocrx_word' id='word_1_14' title='bbox 1030 505 1289 576; x_wconf 70' lang='lat' dir='ltr'><strong>inopiaeet</strong></span> <span class='ocrx_word' id='word_1_15' title='bbox 1311 500 1700 566; x_wconf 72' lang='lat' dir='ltr'><strong>tribulationis,</strong></span> <span class='ocrx_word' id='word_1_16' title='bbox 1722 499 1818 556; x_wconf 91' lang='lat' dir='ltr'><strong>sed</strong></span> <span class='ocrx_word' id='word_1_17' title='bbox 1838 514 2086 571; x_wconf 76' lang='lat' dir='ltr'><strong>exsurge,</strong></span> <span class='ocrx_word' id='word_1_18' title='bbox 2121 504 2167 563; x_wconf 81' lang='grc' dir='ltr'>Α</span> <span class='ocrx_word' id='word_1_19' title='bbox 2195 502 2369 557; x_wconf 88' lang='lat' dir='ltr'><strong>honor</strong></span> <span class='ocrx_word' id='word_1_20' title='bbox 2397 501 2452 556; x_wconf 93' lang='lat' dir='ltr'><strong>in</strong></span> <span class='ocrx_word' id='word_1_21' title='bbox 2473 502 2577 558; x_wconf 90' lang='lat' dir='ltr'><strong>hoc</strong></span> <span class='ocrx_word' id='word_1_22' title='bbox 2605 499 2814 572; x_wconf 87' lang='lat' dir='ltr'><strong>psalmo</strong></span> <span class='ocrx_word' id='word_1_23' title='bbox 2836 508 3122 567; x_wconf 72' lang='lat' dir='ltr'><strong>tractatur,</strong></span> <span class='ocrx_word' id='word_1_24' title='bbox 3153 500 3280 570; x_wconf 85' lang='lat' dir='ltr'><strong>quia</strong></span> <span class='ocrx_word' id='word_1_25' title='bbox 3306 514 3403 573; x_wconf 88' lang='lat' dir='ltr'><strong>per</strong></span> <span class='ocrx_word' id='word_1_26' title='bbox 3429 509 3625 571; x_wconf 82' lang='lat' dir='ltr'><strong>partes</strong></span> <span class='ocrx_word' id='word_1_27' title='bbox 3650 504 3797 559; x_wconf 79' lang='lat' dir='ltr'><strong>mul-</strong></span> 
     </span>
    </p>
   </div>
   <div class='ocr_carea' id='block_1_6' title="bbox 500 592 2086 678">
    <p class='ocr_par' dir='ltr' id='par_1_6' title="bbox 500 592 2086 678">
     <span class='ocr_line' id='line_1_6' title="bbox 500 592 2086 678; baseline -0.012 -14"><span class='ocrx_word' id='word_1_28' title='bbox 500 617 557 664; x_wconf 93' lang='lat' dir='ltr'><strong>et</strong></span> <span class='ocrx_word' id='word_1_29' title='bbox 583 604 839 678; x_wconf 79' lang='lat' dir='ltr'><strong>proponit</strong></span> <span class='ocrx_word' id='word_1_30' title='bbox 865 615 1085 658; x_wconf 81' lang='lat' dir='ltr'><strong>causam</strong></span> <span class='ocrx_word' id='word_1_31' title='bbox 1116 609 1286 667; x_wconf 84' lang='lat' dir='ltr'><strong>quare</strong></span> <span class='ocrx_word' id='word_1_32' title='bbox 1309 594 1505 649; x_wconf 89' lang='lat' dir='ltr'><strong>debeat</strong></span> <span class='ocrx_word' id='word_1_33' title='bbox 1523 606 1837 664; x_wconf 76' lang='lat' dir='ltr'><strong>exsurgere,</strong></span> <span class='ocrx_word' id='word_1_34' title='bbox 1860 606 1985 647; x_wconf 92' lang='lat' dir='ltr'><strong>cum</strong></span> <span class='ocrx_word' id='word_1_35' title='bbox 2006 592 2086 646; x_wconf 87' lang='lat' dir='ltr'><strong>di-</strong></span> 
     </span>
    </p>
   </div>
   <div class='ocr_carea' id='block_1_7' title="bbox 499 682 2082 767">
    <p class='ocr_par' dir='ltr' id='par_1_7' title="bbox 499 682 2082 767">
     <span class='ocr_line' id='line_1_7' title="bbox 499 682 2082 767; baseline -0.014 -12"><span class='ocrx_word' id='word_1_36' title='bbox 499 699 597 765; x_wconf 89' lang='lat' dir='ltr'><strong>cit,</strong></span> <span class='ocrx_word' id='word_1_37' title='bbox 635 714 655 749; x_wconf 79' lang='grc' dir='ltr'><strong>ι</strong></span> <span class='ocrx_word' id='word_1_38' title='bbox 693 710 857 767; x_wconf 87' lang='lat' dir='ltr'><strong>quam</strong></span> <span class='ocrx_word' id='word_1_39' title='bbox 881 689 1163 748; x_wconf 86' lang='lat' dir='ltr'><strong>humiliata</strong></span> <span class='ocrx_word' id='word_1_40' title='bbox 1186 693 1271 741; x_wconf 89' lang='lat' dir='ltr'><strong>est</strong></span> <span class='ocrx_word' id='word_1_41' title='bbox 1300 685 1481 740; x_wconf 89' lang='lat' dir='ltr'><strong>anima</strong></span> <span class='ocrx_word' id='word_1_42' title='bbox 1504 692 1692 740; x_wconf 91' lang='lat' dir='ltr'><strong>nostra</strong></span> <span class='ocrx_word' id='word_1_43' title='bbox 1721 683 1775 737; x_wconf 88' lang='lat' dir='ltr'><strong>in</strong></span> <span class='ocrx_word' id='word_1_44' title='bbox 1797 682 2037 755; x_wconf 77' lang='lat' dir='ltr'><strong>pulvere,</strong></span> <span class='ocrx_word' id='word_1_45' title='bbox 2064 701 2082 733; x_wconf 75' lang='grc' dir='ltr'><strong>ι</strong></span> 
     </span>
    </p>
   </div>
   <div class='ocr_carea' id='block_1_8' title="bbox 502 771 2088 854">
    <p class='ocr_par' dir='ltr' id='par_1_8' title="bbox 502 771 2088 854">
     <span class='ocr_line' id='line_1_8' title="bbox 502 771 2088 854; baseline -0.011 -8"><span class='ocrx_word' id='word_1_46' title='bbox 502 791 560 846; x_wconf 91' lang='lat' dir='ltr'><strong>id</strong></span> <span class='ocrx_word' id='word_1_47' title='bbox 582 798 686 854; x_wconf 85' lang='lat' dir='ltr'><strong>est,</strong></span> <span class='ocrx_word' id='word_1_48' title='bbox 714 788 771 842; x_wconf 92' lang='lat' dir='ltr'><strong>in</strong></span> <span class='ocrx_word' id='word_1_49' title='bbox 817 779 1251 841; x_wconf 76' lang='lat' dir='ltr'><strong>consideratione</strong></span> <span class='ocrx_word' id='word_1_50' title='bbox 1294 775 1540 831; x_wconf 80' lang='lat' dir='ltr'><strong>defectus</strong></span> <span class='ocrx_word' id='word_1_51' title='bbox 1586 771 1811 831; x_wconf 82' lang='lat' dir='ltr'><strong>humani</strong></span> <span class='ocrx_word' id='word_1_52' title='bbox 1855 773 2088 844; x_wconf 81' lang='lat' dir='ltr'><strong>generis,</strong></span> 
     </span>
    </p>
   </div>
   <div class='ocr_carea' id='block_1_9' title="bbox 503 865 2094 950">
    <p class='ocr_par' dir='ltr' id='par_1_9' title="bbox 503 865 2094 950">
     <span class='ocr_line' id='line_1_9' title="bbox 503 865 2094 950; baseline -0.013 -13"><span class='ocrx_word' id='word_1_53' title='bbox 503 879 657 950; x_wconf 90' lang='lat' dir='ltr'><strong>cuius</strong></span> <span class='ocrx_word' id='word_1_54' title='bbox 698 876 940 934; x_wconf 79' lang='lat' dir='ltr'><strong>defectus</strong></span> <span class='ocrx_word' id='word_1_55' title='bbox 985 872 1201 943; x_wconf 87' lang='lat' dir='ltr'><strong>signum</strong></span> <span class='ocrx_word' id='word_1_56' title='bbox 1250 874 1336 923; x_wconf 92' lang='lat' dir='ltr'><strong>est</strong></span> <span class='ocrx_word' id='word_1_57' title='bbox 1381 866 1578 937; x_wconf 90' lang='lat' dir='ltr'><strong>pulvis,</strong></span> <span class='ocrx_word' id='word_1_58' title='bbox 1618 880 1780 937; x_wconf 90' lang='lat' dir='ltr'><strong>quem</strong></span> <span class='ocrx_word' id='word_1_59' title='bbox 1821 865 2094 935; x_wconf 71' lang='lat' dir='ltr'><strong>paenitens</strong></span> 
     </span>
    </p>
   </div>
   <div class='ocr_carea' id='block_1_10' title="bbox 505 955 2096 1044">
    <p class='ocr_par' dir='ltr' id='par_1_10' title="bbox 505 955 2096 1044">
     <span class='ocr_line' id='line_1_10' title="bbox 505 955 2096 1044; baseline -0.011 -15"><span class='ocrx_word' id='word_1_60' title='bbox 505 986 667 1044; x_wconf 84' lang='lat' dir='ltr'><strong>super</strong></span> <span class='ocrx_word' id='word_1_61' title='bbox 691 975 854 1039; x_wconf 88' lang='lat' dir='ltr'><strong>caput</strong></span> <span class='ocrx_word' id='word_1_62' title='bbox 881 981 1039 1022; x_wconf 91' lang='lat' dir='ltr'><strong>suum</strong></span> <span class='ocrx_word' id='word_1_63' title='bbox 1076 962 1294 1033; x_wconf 89' lang='lat' dir='ltr'><strong>accipit,</strong></span> <span class='ocrx_word' id='word_1_64' title='bbox 1321 967 1547 1031; x_wconf 83' lang='lat' dir='ltr'><strong>propter</strong></span> <span class='ocrx_word' id='word_1_65' title='bbox 1575 960 1682 1015; x_wconf 92' lang='lat' dir='ltr'><strong>hoc</strong></span> <span class='ocrx_word' id='word_1_66' title='bbox 1710 957 1907 1013; x_wconf 91' lang='lat' dir='ltr'><strong>merito</strong></span> <span class='ocrx_word' id='word_1_67' title='bbox 1931 955 2096 1011; x_wconf 88' lang='lat' dir='ltr'><strong>debes</strong></span> 
     </span>
    </p>
   </div>
   <div class='ocr_carea' id='block_1_11' title="bbox 506 1049 2099 1134">
    <p class='ocr_par' dir='ltr' id='par_1_11' title="bbox 506 1049 2099 1134">
     <span class='ocr_line' id='line_1_11' title="bbox 506 1049 2099 1134; baseline -0.011 -13"><span class='ocrx_word' id='word_1_68' title='bbox 506 1077 818 1134; x_wconf 73' lang='lat' dir='ltr'><strong>exsurgere,</strong></span> <span class='ocrx_word' id='word_1_69' title='bbox 847 1067 904 1116; x_wconf 89' lang='lat' dir='ltr'><strong>et</strong></span> <span class='ocrx_word' id='word_1_70' title='bbox 930 1071 1156 1113; x_wconf 89' lang='lat' dir='ltr'><strong>necesse</strong></span> <span class='ocrx_word' id='word_1_71' title='bbox 1171 1063 1328 1111; x_wconf 87' lang='lat' dir='ltr'><strong>estut</strong></span> <span class='ocrx_word' id='word_1_72' title='bbox 1351 1067 1666 1124; x_wconf 71' lang='lat' dir='ltr'><strong>exsurgas,t</strong></span> <span class='ocrx_word' id='word_1_73' title='bbox 1688 1049 1945 1123; x_wconf 89' lang='lat' dir='ltr'><strong>quoniam</strong></span> <span class='ocrx_word' id='word_1_74' title='bbox 1970 1065 2099 1104; x_wconf 84' lang='lat' dir='ltr'><strong>ven-</strong></span> 
     </span>
    </p>
   </div>
   <div class='ocr_carea' id='block_1_12' title="bbox 506 1145 2100 1217">
    <p class='ocr_par' dir='ltr' id='par_1_12' title="bbox 506 1145 2100 1217">
     <span class='ocr_line' id='line_1_12' title="bbox 506 1145 2100 1217; baseline -0.009 -9"><span class='ocrx_word' id='word_1_75' title='bbox 506 1164 593 1211; x_wconf 88' lang='lat' dir='ltr'><strong>ter</strong></span> <span class='ocrx_word' id='word_1_76' title='bbox 621 1160 826 1217; x_wconf 89' lang='lat' dir='ltr'><strong>noster,</strong></span> <span class='ocrx_word' id='word_1_77' title='bbox 891 1169 910 1203; x_wconf 72' lang='grc' dir='ltr'><strong>ι</strong></span> <span class='ocrx_word' id='word_1_78' title='bbox 951 1149 1007 1205; x_wconf 92' lang='lat' dir='ltr'><strong>id</strong></span> <span class='ocrx_word' id='word_1_79' title='bbox 1059 1154 1162 1214; x_wconf 88' lang='lat' dir='ltr'><strong>est,</strong></span> <span class='ocrx_word' id='word_1_80' title='bbox 1194 1145 1490 1202; x_wconf 86' lang='lat' dir='ltr'><strong>carnalitas</strong></span> <span class='ocrx_word' id='word_1_81' title='bbox 1530 1150 1737 1209; x_wconf 88' lang='lat' dir='ltr'><strong>nostra,</strong></span> <span class='ocrx_word' id='word_1_82' title='bbox 1775 1149 1858 1198; x_wconf 87' lang='lat' dir='ltr'><strong>est</strong></span> <span class='ocrx_word' id='word_1_83' title='bbox 1912 1160 1929 1192; x_wconf 79' lang='grc' dir='ltr'><strong>ι</strong></span> <span class='ocrx_word' id='word_1_84' title='bbox 1977 1155 2100 1195; x_wconf 89' lang='lat' dir='ltr'><strong>eon—</strong></span> 
     </span>
    </p>
   </div>
   <div class='ocr_carea' id='block_1_13' title="bbox 506 1231 2097 1320">
    <p class='ocr_par' dir='ltr' id='par_1_13' title="bbox 506 1231 2097 1320">
     <span class='ocr_line' id='line_1_13' title="bbox 506 1231 2097 1320; baseline -0.011 -18"><span class='ocrx_word' id='word_1_85' title='bbox 506 1245 801 1319; x_wconf 86' lang='lat' dir='ltr'><strong>glutinatus</strong></span> <span class='ocrx_word' id='word_1_86' title='bbox 850 1244 1111 1320; x_wconf 62' lang='lat' dir='ltr'><strong>interra</strong></span> <span class='ocrx_word' id='word_1_87' title='bbox 1141 1281 1156 1306; x_wconf 90' lang='lat'><strong>,</strong></span> <span class='ocrx_word' id='word_1_88' title='bbox 1212 1259 1231 1290; x_wconf 69' lang='grc' dir='ltr'><strong>ι</strong></span> <span class='ocrx_word' id='word_1_89' title='bbox 1286 1239 1341 1294; x_wconf 90' lang='lat' dir='ltr'><strong>id</strong></span> <span class='ocrx_word' id='word_1_90' title='bbox 1373 1246 1490 1303; x_wconf 89' lang='lat' dir='ltr'><strong>est,</strong></span> <span class='ocrx_word' id='word_1_91' title='bbox 1539 1236 1767 1293; x_wconf 80' lang='lat' dir='ltr'><strong>adluesit</strong></span> <span class='ocrx_word' id='word_1_92' title='bbox 1820 1234 1876 1289; x_wconf 93' lang='lat' dir='ltr'><strong>in</strong></span> <span class='ocrx_word' id='word_1_93' title='bbox 1919 1231 2097 1295; x_wconf 88' lang='lat' dir='ltr'><strong>terris,</strong></span> 
     </span>
    </p>
   </div>
   <div class='ocr_carea' id='block_1_14' title="bbox 508 1327 1366 1399">
    <p class='ocr_par' dir='ltr' id='par_1_14' title="bbox 508 1327 1366 1399">
     <span class='ocr_line' id='line_1_14' title="bbox 508 1327 1366 1399; baseline -0.01 -8"><span class='ocrx_word' id='word_1_94' title='bbox 508 1335 719 1391; x_wconf 88' lang='lat' dir='ltr'><strong>scilicet</strong></span> <span class='ocrx_word' id='word_1_95' title='bbox 747 1334 867 1388; x_wconf 65' lang='lat' dir='ltr'><strong>hate</strong></span> <span class='ocrx_word' id='word_1_96' title='bbox 896 1340 1111 1387; x_wconf 86' lang='lat' dir='ltr'><strong>terrena</strong></span> <span class='ocrx_word' id='word_1_97' title='bbox 1139 1327 1366 1399; x_wconf 90' lang='lat' dir='ltr'><strong>appetit.</strong></span> 
     </span>
    </p>
   </div>
   <div class='ocr_carea' id='block_1_15' title="bbox 580 1416 2105 1494">
    <p class='ocr_par' dir='ltr' id='par_1_15' title="bbox 580 1416 2105 1494">
     <span class='ocr_line' id='line_1_15' title="bbox 580 1416 2105 1494; baseline -0.009 -15"><span class='ocrx_word' id='word_1_98' title='bbox 580 1424 651 1481; x_wconf 90' lang='lat' dir='ltr'><strong>Et</strong></span> <span class='ocrx_word' id='word_1_99' title='bbox 674 1430 961 1494; x_wconf 86' lang='lat' dir='ltr'><strong>propterea</strong></span> <span class='ocrx_word' id='word_1_100' title='bbox 989 1440 1008 1473; x_wconf 77' lang='grc' dir='ltr'><strong>ι</strong></span> <span class='ocrx_word' id='word_1_101' title='bbox 1039 1433 1291 1488; x_wconf 80' lang='lat' dir='ltr'><strong>exsurge,</strong></span> <span class='ocrx_word' id='word_1_102' title='bbox 1316 1416 1559 1481; x_wconf 90' lang='lat' dir='ltr'><strong>Domine,</strong></span> <span class='ocrx_word' id='word_1_103' title='bbox 1588 1416 1778 1487; x_wconf 89' lang='lat' dir='ltr'><strong>adiuva</strong></span> <span class='ocrx_word' id='word_1_104' title='bbox 1806 1429 1921 1477; x_wconf 88' lang='lat' dir='ltr'><strong>nos,</strong></span> <span class='ocrx_word' id='word_1_105' title='bbox 1941 1420 1995 1466; x_wconf 91' lang='lat' dir='ltr'><strong>et</strong></span> <span class='ocrx_word' id='word_1_106' title='bbox 2020 1425 2105 1465; x_wconf 56' lang='lat' dir='ltr'><strong>rea</strong></span> 
     </span>
    </p>
   </div>
   <div class='ocr_carea' id='block_1_16' title="bbox 513 1502 2104 1579">
    <p class='ocr_par' dir='ltr' id='par_1_16' title="bbox 513 1502 2104 1579">
     <span class='ocr_line' id='line_1_16' title="bbox 513 1502 2104 1579; baseline -0.009 -9"><span class='ocrx_word' id='word_1_107' title='bbox 513 1515 658 1570; x_wconf 90' lang='lat' dir='ltr'><strong>dime</strong></span> <span class='ocrx_word' id='word_1_108' title='bbox 696 1528 812 1578; x_wconf 91' lang='lat' dir='ltr'><strong>nos,</strong></span> <span class='ocrx_word' id='word_1_109' title='bbox 854 1531 873 1565; x_wconf 74' lang='grc' dir='ltr'><strong>ι</strong></span> <span class='ocrx_word' id='word_1_110' title='bbox 923 1512 977 1567; x_wconf 90' lang='lat' dir='ltr'><strong>id</strong></span> <span class='ocrx_word' id='word_1_111' title='bbox 1006 1519 1107 1576; x_wconf 90' lang='lat' dir='ltr'><strong>est,</strong></span> <span class='ocrx_word' id='word_1_112' title='bbox 1150 1510 1217 1565; x_wconf 87' lang='lat' dir='ltr'><strong>da</strong></span> <span class='ocrx_word' id='word_1_113' title='bbox 1266 1509 1525 1579; x_wconf 89' lang='lat' dir='ltr'><strong>pretium,</strong></span> <span class='ocrx_word' id='word_1_114' title='bbox 1578 1514 1638 1562; x_wconf 91' lang='lat' dir='ltr'><strong>ut</strong></span> <span class='ocrx_word' id='word_1_115' title='bbox 1672 1506 1738 1561; x_wconf 88' lang='lat' dir='ltr'><strong>de</strong></span> <span class='ocrx_word' id='word_1_116' title='bbox 1776 1502 1976 1560; x_wconf 87' lang='lat' dir='ltr'><strong>diaboli</strong></span> <span class='ocrx_word' id='word_1_117' title='bbox 2010 1518 2104 1573; x_wconf 89' lang='lat' dir='ltr'><strong>po-</strong></span> 
     </span>
    </p>
   </div>
   <div class='ocr_carea' id='block_1_17' title="bbox 513 1604 2108 1672">
    <p class='ocr_par' dir='ltr' id='par_1_17' title="bbox 513 1604 2108 1672">
     <span class='ocr_line' id='line_1_17' title="bbox 513 1604 2108 1672; baseline -0.008 -13"><span class='ocrx_word' id='word_1_118' title='bbox 513 1611 711 1660; x_wconf 81' lang='lat' dir='ltr'><strong>testate</strong></span> <span class='ocrx_word' id='word_1_119' title='bbox 762 1619 863 1660; x_wconf 92' lang='lat' dir='ltr'><strong>nos</strong></span> <span class='ocrx_word' id='word_1_120' title='bbox 892 1604 1151 1659; x_wconf 86' lang='lat' dir='ltr'><strong>detrahas</strong></span> <span class='ocrx_word' id='word_1_121' title='bbox 1187 1619 1205 1653; x_wconf 80' lang='grc' dir='ltr'><strong>ι</strong></span> <span class='ocrx_word' id='word_1_122' title='bbox 1242 1609 1465 1672; x_wconf 85' lang='lat' dir='ltr'><strong>propter</strong></span> <span class='ocrx_word' id='word_1_123' title='bbox 1516 1614 1712 1654; x_wconf 90' lang='lat' dir='ltr'><strong>nomen</strong></span> <span class='ocrx_word' id='word_1_124' title='bbox 1757 1605 1907 1652; x_wconf 87' lang='lat' dir='ltr'><strong>tuum</strong></span> <span class='ocrx_word' id='word_1_125' title='bbox 1943 1616 1961 1648; x_wconf 73' lang='grc' dir='ltr'><strong>ι</strong></span> <span class='ocrx_word' id='word_1_126' title='bbox 1997 1609 2108 1648; x_wconf 89' lang='lat' dir='ltr'><strong>am-</strong></span> 
     </span>
    </p>
   </div>
   <div class='ocr_carea' id='block_1_18' title="bbox 514 1687 2105 1765">
    <p class='ocr_par' dir='ltr' id='par_1_18' title="bbox 514 1687 2105 1765">
     <span class='ocr_line' id='line_1_18' title="bbox 514 1687 2105 1765; baseline -0.008 -16"><span class='ocrx_word' id='word_1_127' title='bbox 514 1696 792 1765; x_wconf 88' lang='lat' dir='ltr'><strong>pliandum</strong></span> <span class='ocrx_word' id='word_1_128' title='bbox 843 1713 857 1749; x_wconf 87' lang='lat'><strong>:</strong></span> <span class='ocrx_word' id='word_1_129' title='bbox 897 1694 1049 1764; x_wconf 88' lang='lat' dir='ltr'><strong>quia,</strong></span> <span class='ocrx_word' id='word_1_130' title='bbox 1077 1704 1178 1747; x_wconf 88' lang='lat' dir='ltr'><strong>nos</strong></span> <span class='ocrx_word' id='word_1_131' title='bbox 1211 1689 1493 1762; x_wconf 86' lang='lat' dir='ltr'><strong>redempti,</strong></span> <span class='ocrx_word' id='word_1_132' title='bbox 1526 1687 1876 1744; x_wconf 87' lang='lat' dir='ltr'><strong>dilatabimus</strong></span> <span class='ocrx_word' id='word_1_133' title='bbox 1909 1698 2105 1740; x_wconf 88' lang='lat' dir='ltr'><strong>nomen</strong></span> 
     </span>
    </p>
   </div>
   <div class='ocr_carea' id='block_1_19' title="bbox 518 1784 1248 1856">
    <p class='ocr_par' dir='ltr' id='par_1_19' title="bbox 518 1784 1248 1856">
     <span class='ocr_line' id='line_1_19' title="bbox 518 1784 1248 1856; baseline -0.004 -17"><span class='ocrx_word' id='word_1_134' title='bbox 518 1796 669 1840; x_wconf 89' lang='lat' dir='ltr'><strong>tuum</strong></span> <span class='ocrx_word' id='word_1_135' title='bbox 699 1800 797 1856; x_wconf 88' lang='lat' dir='ltr'><strong>per</strong></span> <span class='ocrx_word' id='word_1_136' title='bbox 822 1784 1018 1839; x_wconf 88' lang='lat' dir='ltr'><strong>multas</strong></span> <span class='ocrx_word' id='word_1_137' title='bbox 1039 1791 1248 1854; x_wconf 82' lang='lat' dir='ltr'><strong>gentes.</strong></span> 
     </span>
    </p>
   </div>
   <div class='ocr_carea' id='block_1_20' title="bbox 967 1924 1641 1981">
    <p class='ocr_par' dir='ltr' id='par_1_20' title="bbox 967 1924 1641 1981">
     <span class='ocr_line' id='line_1_20' title="bbox 967 1924 1641 1981; baseline -0.004 0"><span class='ocrx_word' id='word_1_138' title='bbox 967 1925 1037 1981; x_wconf 81' lang='lat' dir='ltr'><strong>IN</strong></span> <span class='ocrx_word' id='word_1_139' title='bbox 1076 1924 1411 1981; x_wconf 80' lang='lat' dir='ltr'><strong>PSALMUM</strong></span> <span class='ocrx_word' id='word_1_140' title='bbox 1458 1924 1641 1979; x_wconf 77' lang='lat' dir='ltr'><strong>XLIV.</strong></span> 
     </span>
    </p>
   </div>
   <div class='ocr_carea' id='block_1_21' title="bbox 517 2030 2105 2110">
    <p class='ocr_par' dir='ltr' id='par_1_21' title="bbox 517 2030 2105 2110">
     <span class='ocr_line' id='line_1_21' title="bbox 517 2030 2105 2110; baseline -0.009 -12"><span class='ocrx_word' id='word_1_141' title='bbox 517 2042 775 2098; x_wconf 77' lang='lat' dir='ltr'><strong>Tt&#39;ruws.</strong></span> <span class='ocrx_word' id='word_1_142' title='bbox 838 2039 907 2093; x_wconf 88' lang='lat' dir='ltr'><strong>In</strong></span> <span class='ocrx_word' id='word_1_143' title='bbox 940 2040 1095 2110; x_wconf 80' lang='lat' dir='ltr'><strong>ﬁnem</strong></span> <span class='ocrx_word' id='word_1_144' title='bbox 1125 2056 1220 2108; x_wconf 86' lang='lat' dir='ltr'><strong>pro</strong></span> <span class='ocrx_word' id='word_1_145' title='bbox 1253 2039 1334 2093; x_wconf 77' lang='lat' dir='ltr'><strong>his</strong></span> <span class='ocrx_word' id='word_1_146' title='bbox 1366 2040 1454 2110; x_wconf 83' lang='lat' dir='ltr'><strong>qui</strong></span> <span class='ocrx_word' id='word_1_147' title='bbox 1491 2034 1953 2110; x_wconf 62' lang='lat' dir='ltr'><strong>committebantur</strong></span> <span class='ocrx_word' id='word_1_148' title='bbox 1980 2030 2105 2102; x_wconf 75' lang='lat' dir='ltr'><strong>ﬁliis</strong></span> 
     </span>
    </p>
   </div>
   <div class='ocr_carea' id='block_1_22' title="bbox 661 2104 1963 2177">
    <p class='ocr_par' dir='ltr' id='par_1_22' title="bbox 661 2104 1963 2177">
     <span class='ocr_line' id='line_1_22' title="bbox 661 2104 1963 2177; baseline -0.007 -11"><span class='ocrx_word' id='word_1_149' title='bbox 661 2110 829 2166; x_wconf 80' lang='lat' dir='ltr'><strong>Chore</strong></span> <span class='ocrx_word' id='word_1_150' title='bbox 857 2104 1300 2175; x_wconf 43' lang='lat' dir='ltr'><strong>ad&#39;iutelle&#39;ctum,</strong></span> <span class='ocrx_word' id='word_1_151' title='bbox 1342 2104 1603 2163; x_wconf 68' lang='lat' dir='ltr'><strong>canticum</strong></span> <span class='ocrx_word' id='word_1_152' title='bbox 1634 2123 1729 2177; x_wconf 85' lang='lat' dir='ltr'><strong>pro</strong></span> <span class='ocrx_word' id='word_1_153' title='bbox 1751 2104 1963 2160; x_wconf 81' lang='lat' dir='ltr'><strong>dilecto.</strong></span> 
     </span>
    </p>
   </div>
   <div class='ocr_carea' id='block_1_23' title="bbox 596 2237 2109 2312">
    <p class='ocr_par' dir='ltr' id='par_1_23' title="bbox 596 2237 2109 2312">
     <span class='ocr_line' id='line_1_23' title="bbox 596 2237 2109 2312; baseline -0.002 -14"><span class='ocrx_word' id='word_1_154' title='bbox 596 2265 614 2298; x_wconf 79' lang='grc' dir='ltr'><strong>ι</strong></span> <span class='ocrx_word' id='word_1_155' title='bbox 650 2247 926 2302; x_wconf 87' lang='lat' dir='ltr'><strong>Eructavit</strong></span> <span class='ocrx_word' id='word_1_156' title='bbox 969 2260 1065 2301; x_wconf 91' lang='lat' dir='ltr'><strong>cor</strong></span> <span class='ocrx_word' id='word_1_157' title='bbox 1114 2259 1314 2311; x_wconf 86' lang='lat' dir='ltr'><strong>meum.</strong></span> <span class='ocrx_word' id='word_1_158' title='bbox 1377 2263 1396 2297; x_wconf 72' lang='grc' dir='ltr'><strong>ι</strong></span> <span class='ocrx_word' id='word_1_159' title='bbox 1457 2242 1559 2297; x_wconf 84' lang='lat' dir='ltr'><strong>Hic</strong></span> <span class='ocrx_word' id='word_1_160' title='bbox 1612 2241 1852 2312; x_wconf 89' lang='lat' dir='ltr'><strong>psalmus</strong></span> <span class='ocrx_word' id='word_1_161' title='bbox 1883 2238 1997 2311; x_wconf 89' lang='lat' dir='ltr'><strong>agit</strong></span> <span class='ocrx_word' id='word_1_162' title='bbox 2042 2237 2109 2295; x_wconf 91' lang='lat' dir='ltr'><strong>de</strong></span> 
     </span>
    </p>
   </div>
   <div class='ocr_carea' id='block_1_24' title="bbox 518 2330 2105 2410">
    <p class='ocr_par' dir='ltr' id='par_1_24' title="bbox 518 2330 2105 2410">
     <span class='ocr_line' id='line_1_24' title="bbox 518 2330 2105 2410; baseline -0.006 -16"><span class='ocrx_word' id='word_1_163' title='bbox 518 2339 777 2410; x_wconf 78' lang='lat' dir='ltr'><strong>dignitate</strong></span> <span class='ocrx_word' id='word_1_164' title='bbox 817 2337 1001 2409; x_wconf 87' lang='lat' dir='ltr'><strong>sponsi</strong></span> <span class='ocrx_word' id='word_1_165' title='bbox 1033 2348 1089 2392; x_wconf 92' lang='lat' dir='ltr'><strong>et</strong></span> <span class='ocrx_word' id='word_1_166' title='bbox 1115 2352 1349 2408; x_wconf 63' lang='lat' dir='ltr'><strong>sponsae,</strong></span> <span class='ocrx_word' id='word_1_167' title='bbox 1373 2344 1428 2391; x_wconf 92' lang='lat' dir='ltr'><strong>et</strong></span> <span class='ocrx_word' id='word_1_168' title='bbox 1459 2336 1562 2391; x_wconf 92' lang='lat' dir='ltr'><strong>hoc</strong></span> <span class='ocrx_word' id='word_1_169' title='bbox 1586 2334 1784 2389; x_wconf 85' lang='lat' dir='ltr'><strong>dicitur</strong></span> <span class='ocrx_word' id='word_1_170' title='bbox 1814 2334 1868 2388; x_wconf 92' lang='lat' dir='ltr'><strong>in</strong></span> <span class='ocrx_word' id='word_1_171' title='bbox 1898 2330 2054 2386; x_wconf 88' lang='lat' dir='ltr'><strong>titulo</strong></span> <span class='ocrx_word' id='word_1_172' title='bbox 2091 2348 2105 2384; x_wconf 91' lang='lat'><strong>:</strong></span> 
     </span>
    </p>
   </div>
   <div class='ocr_carea' id='block_1_25' title="bbox 517 2426 2105 2503">
    <p class='ocr_par' dir='ltr' id='par_1_25' title="bbox 517 2426 2105 2503">
     <span class='ocr_line' id='line_1_25' title="bbox 517 2426 2105 2503; baseline -0.006 -17"><span class='ocrx_word' id='word_1_173' title='bbox 517 2447 617 2503; x_wconf 87' lang='lat' dir='ltr'><strong>pro</strong></span> <span class='ocrx_word' id='word_1_174' title='bbox 641 2431 728 2486; x_wconf 87' lang='lat' dir='ltr'><strong>his</strong></span> <span class='ocrx_word' id='word_1_175' title='bbox 754 2429 1256 2495; x_wconf 89' lang='lat' dir='ltr'><strong>commutabuntur,</strong></span> <span class='ocrx_word' id='word_1_176' title='bbox 1284 2427 1336 2483; x_wconf 87' lang='lat' dir='ltr'><strong>id</strong></span> <span class='ocrx_word' id='word_1_177' title='bbox 1363 2436 1463 2491; x_wconf 88' lang='lat' dir='ltr'><strong>est,</strong></span> <span class='ocrx_word' id='word_1_178' title='bbox 1497 2426 1563 2481; x_wconf 92' lang='lat' dir='ltr'><strong>ad</strong></span> <span class='ocrx_word' id='word_1_179' title='bbox 1590 2427 1850 2481; x_wconf 90' lang='lat' dir='ltr'><strong>honorem</strong></span> <span class='ocrx_word' id='word_1_180' title='bbox 1876 2436 2105 2495; x_wconf 72' lang='lat' dir='ltr'><strong>sponsae,</strong></span> 
     </span>
    </p>
   </div>
   <div class='ocr_carea' id='block_1_26' title="bbox 520 2516 2110 2596">
    <p class='ocr_par' dir='ltr' id='par_1_26' title="bbox 520 2516 2110 2596">
     <span class='ocr_line' id='line_1_26' title="bbox 520 2516 2110 2596; baseline -0.006 -16"><span class='ocrx_word' id='word_1_181' title='bbox 520 2527 575 2581; x_wconf 92' lang='lat' dir='ltr'><strong>in</strong></span> <span class='ocrx_word' id='word_1_182' title='bbox 601 2540 709 2596; x_wconf 89' lang='lat' dir='ltr'><strong>qua</strong></span> <span class='ocrx_word' id='word_1_183' title='bbox 738 2523 802 2580; x_wconf 93' lang='lat' dir='ltr'><strong>ﬁt</strong></span> <span class='ocrx_word' id='word_1_184' title='bbox 826 2523 1182 2579; x_wconf 89' lang='lat' dir='ltr'><strong>conunutatio</strong></span> <span class='ocrx_word' id='word_1_185' title='bbox 1218 2521 1285 2577; x_wconf 89' lang='lat' dir='ltr'><strong>de</strong></span> <span class='ocrx_word' id='word_1_186' title='bbox 1310 2520 1511 2576; x_wconf 87' lang='lat' dir='ltr'><strong>mundo</strong></span> <span class='ocrx_word' id='word_1_187' title='bbox 1553 2519 1620 2573; x_wconf 90' lang='lat' dir='ltr'><strong>ad</strong></span> <span class='ocrx_word' id='word_1_188' title='bbox 1648 2518 1840 2583; x_wconf 89' lang='lat' dir='ltr'><strong>Deum,</strong></span> <span class='ocrx_word' id='word_1_189' title='bbox 1864 2531 1986 2586; x_wconf 67' lang='lat' dir='ltr'><strong>qum</strong></span> <span class='ocrx_word' id='word_1_190' title='bbox 2007 2516 2110 2570; x_wconf 91' lang='lat' dir='ltr'><strong>bo-</strong></span> 
     </span>
    </p>
   </div>
   <div class='ocr_carea' id='block_1_27' title="bbox 520 2608 2112 2676">
    <p class='ocr_par' dir='ltr' id='par_1_27' title="bbox 520 2608 2112 2676">
     <span class='ocr_line' id='line_1_27' title="bbox 520 2608 2112 2676; baseline -0.008 -4"><span class='ocrx_word' id='word_1_191' title='bbox 520 2632 589 2672; x_wconf 93' lang='lat' dir='ltr'><strong>na</strong></span> <span class='ocrx_word' id='word_1_192' title='bbox 638 2623 741 2670; x_wconf 91' lang='lat' dir='ltr'><strong>est.</strong></span> <span class='ocrx_word' id='word_1_193' title='bbox 790 2614 910 2669; x_wconf 86' lang='lat' dir='ltr'><strong>Alia</strong></span> <span class='ocrx_word' id='word_1_194' title='bbox 960 2612 1313 2668; x_wconf 89' lang='lat' dir='ltr'><strong>commutatio</strong></span> <span class='ocrx_word' id='word_1_195' title='bbox 1344 2614 1409 2665; x_wconf 91' lang='lat' dir='ltr'><strong>de</strong></span> <span class='ocrx_word' id='word_1_196' title='bbox 1440 2610 1550 2664; x_wconf 90' lang='lat' dir='ltr'><strong>Deo</strong></span> <span class='ocrx_word' id='word_1_197' title='bbox 1580 2608 1647 2663; x_wconf 87' lang='lat' dir='ltr'><strong>ad</strong></span> <span class='ocrx_word' id='word_1_198' title='bbox 1673 2608 1954 2671; x_wconf 89' lang='lat' dir='ltr'><strong>mundum,</strong></span> <span class='ocrx_word' id='word_1_199' title='bbox 1992 2620 2112 2676; x_wconf 65' lang='lat' dir='ltr'><strong>qua:</strong></span> 
     </span>
    </p>
   </div>
   <div class='ocr_carea' id='block_1_28' title="bbox 520 2696 2113 2775">
    <p class='ocr_par' dir='ltr' id='par_1_28' title="bbox 520 2696 2113 2775">
     <span class='ocr_line' id='line_1_28' title="bbox 520 2696 2113 2775; baseline -0.008 -12"><span class='ocrx_word' id='word_1_200' title='bbox 520 2708 663 2764; x_wconf 90' lang='lat' dir='ltr'><strong>mala</strong></span> <span class='ocrx_word' id='word_1_201' title='bbox 683 2714 789 2769; x_wconf 90' lang='lat' dir='ltr'><strong>est,</strong></span> <span class='ocrx_word' id='word_1_202' title='bbox 813 2721 911 2775; x_wconf 92' lang='lat' dir='ltr'><strong>pro</strong></span> <span class='ocrx_word' id='word_1_203' title='bbox 937 2704 1154 2767; x_wconf 89' lang='lat' dir='ltr'><strong>dilecto,</strong></span> <span class='ocrx_word' id='word_1_204' title='bbox 1182 2704 1235 2758; x_wconf 91' lang='lat' dir='ltr'><strong>id</strong></span> <span class='ocrx_word' id='word_1_205' title='bbox 1260 2711 1365 2767; x_wconf 83' lang='lat' dir='ltr'><strong>est,</strong></span> <span class='ocrx_word' id='word_1_206' title='bbox 1399 2701 1468 2756; x_wconf 86' lang='lat' dir='ltr'><strong>ad</strong></span> <span class='ocrx_word' id='word_1_207' title='bbox 1493 2703 1753 2755; x_wconf 86' lang='lat' dir='ltr'><strong>honorem</strong></span> <span class='ocrx_word' id='word_1_208' title='bbox 1782 2698 1983 2755; x_wconf 88' lang='lat' dir='ltr'><strong>dilecti.</strong></span> <span class='ocrx_word' id='word_1_209' title='bbox 2013 2696 2113 2753; x_wconf 90' lang='lat' dir='ltr'><strong>Sa-</strong></span> 
     </span>
    </p>
   </div>
   <div class='ocr_carea' id='block_1_29' title="bbox 521 2790 2113 2868">
    <p class='ocr_par' dir='ltr' id='par_1_29' title="bbox 521 2790 2113 2868">
     <span class='ocr_line' id='line_1_29' title="bbox 521 2790 2113 2868; baseline -0.003 -16"><span class='ocrx_word' id='word_1_210' title='bbox 521 2799 707 2854; x_wconf 89' lang='lat' dir='ltr'><strong>lomon</strong></span> <span class='ocrx_word' id='word_1_211' title='bbox 755 2795 1052 2868; x_wconf 87' lang='lat' dir='ltr'><strong>appellatus</strong></span> <span class='ocrx_word' id='word_1_212' title='bbox 1099 2794 1291 2859; x_wconf 88' lang='lat' dir='ltr'><strong>Edida,</strong></span> <span class='ocrx_word' id='word_1_213' title='bbox 1332 2793 1383 2848; x_wconf 89' lang='lat' dir='ltr'><strong>id</strong></span> <span class='ocrx_word' id='word_1_214' title='bbox 1411 2802 1517 2859; x_wconf 82' lang='lat' dir='ltr'><strong>est,</strong></span> <span class='ocrx_word' id='word_1_215' title='bbox 1548 2792 1795 2859; x_wconf 90' lang='lat' dir='ltr'><strong>dilectus,</strong></span> <span class='ocrx_word' id='word_1_216' title='bbox 1844 2790 2113 2863; x_wconf 88' lang='lat' dir='ltr'><strong>ﬁgurabat</strong></span> 
     </span>
    </p>
   </div>
   <div class='ocr_carea' id='block_1_30' title="bbox 522 2882 2114 2943">
    <p class='ocr_par' dir='ltr' id='par_1_30' title="bbox 522 2882 2114 2943">
     <span class='ocr_line' id='line_1_30' title="bbox 522 2882 2114 2943; baseline -0.004 0"><span class='ocrx_word' id='word_1_217' title='bbox 522 2888 800 2943; x_wconf 87' lang='lat' dir='ltr'><strong>Christum</strong></span> <span class='ocrx_word' id='word_1_218' title='bbox 827 2901 1016 2940; x_wconf 89' lang='lat' dir='ltr'><strong>verum</strong></span> <span class='ocrx_word' id='word_1_219' title='bbox 1039 2885 1292 2941; x_wconf 90' lang='lat' dir='ltr'><strong>dilectum</strong></span> <span class='ocrx_word' id='word_1_220' title='bbox 1321 2901 1351 2938; x_wconf 89' lang='lat' dir='ltr'><strong>a</strong></span> <span class='ocrx_word' id='word_1_221' title='bbox 1380 2884 1557 2939; x_wconf 86' lang='lat' dir='ltr'><strong>Patre.</strong></span> <span class='ocrx_word' id='word_1_222' title='bbox 1617 2882 1773 2939; x_wconf 92' lang='lat' dir='ltr'><strong>Unde</strong></span> <span class='ocrx_word' id='word_1_223' title='bbox 1796 2892 1881 2938; x_wconf 90' lang='lat' dir='ltr'><strong>est</strong></span> <span class='ocrx_word' id='word_1_224' title='bbox 1911 2900 1926 2937; x_wconf 89' lang='lat'><strong>:</strong></span> <span class='ocrx_word' id='word_1_225' title='bbox 1962 2901 1979 2934; x_wconf 80' lang='grc' dir='ltr'><strong>ι</strong></span> <span class='ocrx_word' id='word_1_226' title='bbox 2014 2882 2114 2938; x_wconf 80' lang='lat' dir='ltr'><strong>llic</strong></span> 
     </span>
    </p>
   </div>
   <div class='ocr_carea' id='block_1_31' title="bbox 525 2973 2111 3046">
    <p class='ocr_par' dir='ltr' id='par_1_31' title="bbox 525 2973 2111 3046">
     <span class='ocr_line' id='line_1_31' title="bbox 525 2973 2111 3046; baseline -0.005 -10"><span class='ocrx_word' id='word_1_227' title='bbox 525 2989 609 3036; x_wconf 88' lang='lat' dir='ltr'><strong>est</strong></span> <span class='ocrx_word' id='word_1_228' title='bbox 656 2980 830 3035; x_wconf 86' lang='lat' dir='ltr'><strong>Filius</strong></span> <span class='ocrx_word' id='word_1_229' title='bbox 878 2994 1032 3033; x_wconf 88' lang='lat' dir='ltr'><strong>meus</strong></span> <span class='ocrx_word' id='word_1_230' title='bbox 1082 2977 1328 3041; x_wconf 89' lang='lat' dir='ltr'><strong>dilectus,</strong></span> <span class='ocrx_word' id='word_1_231' title='bbox 1364 2977 1417 3031; x_wconf 92' lang='lat' dir='ltr'><strong>in</strong></span> <span class='ocrx_word' id='word_1_232' title='bbox 1459 2990 1567 3046; x_wconf 92' lang='lat' dir='ltr'><strong>quo</strong></span> <span class='ocrx_word' id='word_1_233' title='bbox 1608 2974 1743 3030; x_wconf 89' lang='lat' dir='ltr'><strong>mihi</strong></span> <span class='ocrx_word' id='word_1_234' title='bbox 1782 2973 2111 3045; x_wconf 88' lang='lat' dir='ltr'><strong>complacui,</strong></span> 
     </span>
    </p>
   </div>
   <div class='ocr_carea' id='block_1_32' title="bbox 526 3065 2111 3142">
    <p class='ocr_par' dir='ltr' id='par_1_32' title="bbox 526 3065 2111 3142">
     <span class='ocr_line' id='line_1_32' title="bbox 526 3065 2111 3142; baseline -0.004 -16"><span class='ocrx_word' id='word_1_235' title='bbox 526 3072 704 3142; x_wconf 87' lang='lat' dir='ltr'><strong>ipsum</strong></span> <span class='ocrx_word' id='word_1_236' title='bbox 755 3070 938 3125; x_wconf 89' lang='lat' dir='ltr'><strong>audite</strong></span> <span class='ocrx_word' id='word_1_237' title='bbox 962 3067 1178 3141; x_wconf 78' lang='lat' dir='ltr'><strong>(Matth.</strong></span> <span class='ocrx_word' id='word_1_238' title='bbox 1212 3083 1274 3122; x_wconf 85' lang='lat' dir='ltr'><strong>ut</strong></span> <span class='ocrx_word' id='word_1_239' title='bbox 1303 3077 1348 3121; x_wconf 85' lang='lat' dir='ltr'><strong>et</strong></span> <span class='ocrx_word' id='word_1_240' title='bbox 1381 3065 1539 3136; x_wconf 86' lang='lat' dir='ltr'><strong>xvn),</strong></span> <span class='ocrx_word' id='word_1_241' title='bbox 1562 3085 1580 3117; x_wconf 76' lang='grc' dir='ltr'><strong>ι</strong></span> <span class='ocrx_word' id='word_1_242' title='bbox 1624 3073 1681 3120; x_wconf 89' lang='lat' dir='ltr'><strong>et</strong></span> <span class='ocrx_word' id='word_1_243' title='bbox 1697 3073 1785 3121; x_wconf 88' lang='lat' dir='ltr'><strong>est</strong></span> <span class='ocrx_word' id='word_1_244' title='bbox 1813 3065 2111 3131; x_wconf 90' lang='lat' dir='ltr'><strong>canticum,</strong></span> 
     </span>
    </p>
   </div>
   <div class='ocr_carea' id='block_1_33' title="bbox 531 3158 2113 3234">
    <p class='ocr_par' dir='ltr' id='par_1_33' title="bbox 531 3158 2113 3234">
     <span class='ocr_line' id='line_1_33' title="bbox 531 3158 2113 3234; baseline -0.004 -17"><span class='ocrx_word' id='word_1_245' title='bbox 531 3164 657 3234; x_wconf 90' lang='lat' dir='ltr'><strong>quia</strong></span> <span class='ocrx_word' id='word_1_246' title='bbox 687 3162 914 3217; x_wconf 91' lang='lat' dir='ltr'><strong>multum</strong></span> <span class='ocrx_word' id='word_1_247' title='bbox 945 3161 1057 3232; x_wconf 86' lang='lat' dir='ltr'><strong>agit</strong></span> <span class='ocrx_word' id='word_1_248' title='bbox 1081 3160 1145 3215; x_wconf 92' lang='lat' dir='ltr'><strong>de</strong></span> <span class='ocrx_word' id='word_1_249' title='bbox 1179 3167 1382 3216; x_wconf 66' lang='lat' dir='ltr'><strong>aeterna</strong></span> <span class='ocrx_word' id='word_1_250' title='bbox 1417 3158 1798 3223; x_wconf 78' lang='lat' dir='ltr'><strong>exsultatione,</strong></span> <span class='ocrx_word' id='word_1_251' title='bbox 1834 3167 1890 3212; x_wconf 89' lang='lat' dir='ltr'><strong>et</strong></span> <span class='ocrx_word' id='word_1_252' title='bbox 1915 3158 2113 3213; x_wconf 90' lang='lat' dir='ltr'><strong>dicitur</strong></span> 
     </span>
    </p>
   </div>
   <div class='ocr_carea' id='block_1_34' title="bbox 2186 590 3795 663">
    <p class='ocr_par' dir='ltr' id='par_1_34' title="bbox 2186 590 3795 663">
     <span class='ocr_line' id='line_1_34' title="bbox 2186 590 3795 663; baseline 0.002 -17"><span class='ocrx_word' id='word_1_253' title='bbox 2186 598 2274 647; x_wconf 89' lang='lat' dir='ltr'><strong>tas</strong></span> <span class='ocrx_word' id='word_1_254' title='bbox 2321 591 2758 659; x_wconf 89' lang='lat' dir='ltr'><strong>commendatur,</strong></span> <span class='ocrx_word' id='word_1_255' title='bbox 2803 591 2950 662; x_wconf 91' lang='lat' dir='ltr'><strong>quod</strong></span> <span class='ocrx_word' id='word_1_256' title='bbox 2997 590 3276 648; x_wconf 90' lang='lat' dir='ltr'><strong>canticum</strong></span> <span class='ocrx_word' id='word_1_257' title='bbox 3329 591 3519 663; x_wconf 85' lang='lat' dir='ltr'><strong>dirigit</strong></span> <span class='ocrx_word' id='word_1_258' title='bbox 3571 606 3684 649; x_wconf 85' lang='lat' dir='ltr'><strong>nos</strong></span> <span class='ocrx_word' id='word_1_259' title='bbox 3737 595 3795 649; x_wconf 82' lang='lat' dir='ltr'><strong>in</strong></span> 
     </span>
    </p>
   </div>
   <div class='ocr_carea' id='block_1_35' title="bbox 2187 682 3798 750">
    <p class='ocr_par' dir='ltr' id='par_1_35' title="bbox 2187 682 3798 750">
     <span class='ocr_line' id='line_1_35' title="bbox 2187 682 3798 750; baseline 0.002 -11"><span class='ocrx_word' id='word_1_260' title='bbox 2187 683 2372 739; x_wconf 90' lang='lat' dir='ltr'><strong>ﬁnem.</strong></span> <span class='ocrx_word' id='word_1_261' title='bbox 2402 682 2499 739; x_wconf 92' lang='lat' dir='ltr'><strong>Vel</strong></span> <span class='ocrx_word' id='word_1_262' title='bbox 2529 682 2711 739; x_wconf 89' lang='lat' dir='ltr'><strong>taliter</strong></span> <span class='ocrx_word' id='word_1_263' title='bbox 2733 692 3007 750; x_wconf 87' lang='lat' dir='ltr'><strong>construe,</strong></span> <span class='ocrx_word' id='word_1_264' title='bbox 3037 685 3316 741; x_wconf 89' lang='lat' dir='ltr'><strong>canticum</strong></span> <span class='ocrx_word' id='word_1_265' title='bbox 3346 684 3491 741; x_wconf 89' lang='lat' dir='ltr'><strong>istud</strong></span> <span class='ocrx_word' id='word_1_266' title='bbox 3515 694 3603 742; x_wconf 88' lang='lat' dir='ltr'><strong>est</strong></span> <span class='ocrx_word' id='word_1_267' title='bbox 3631 686 3798 742; x_wconf 81' lang='lat' dir='ltr'><strong>habi-</strong></span> 
     </span>
    </p>
   </div>
   <div class='ocr_carea' id='block_1_36' title="bbox 2191 773 3792 849">
    <p class='ocr_par' dir='ltr' id='par_1_36' title="bbox 2191 773 3792 849">
     <span class='ocr_line' id='line_1_36' title="bbox 2191 773 3792 849; baseline 0.002 -20"><span class='ocrx_word' id='word_1_268' title='bbox 2191 781 2301 829; x_wconf 93' lang='lat' dir='ltr'><strong>tum</strong></span> <span class='ocrx_word' id='word_1_269' title='bbox 2329 789 2427 844; x_wconf 91' lang='lat' dir='ltr'><strong>pro</strong></span> <span class='ocrx_word' id='word_1_270' title='bbox 2450 773 2574 829; x_wconf 90' lang='lat' dir='ltr'><strong>ﬁliis</strong></span> <span class='ocrx_word' id='word_1_271' title='bbox 2596 774 2774 831; x_wconf 91' lang='lat' dir='ltr'><strong>Chore</strong></span> <span class='ocrx_word' id='word_1_272' title='bbox 2802 776 2893 846; x_wconf 92' lang='lat' dir='ltr'><strong>qui</strong></span> <span class='ocrx_word' id='word_1_273' title='bbox 2916 777 3420 841; x_wconf 86' lang='lat' dir='ltr'><strong>commutabuntur,</strong></span> <span class='ocrx_word' id='word_1_274' title='bbox 3445 779 3792 849; x_wconf 85' lang='lat' dir='ltr'><strong>propositum</strong></span> 
     </span>
    </p>
   </div>
   <div class='ocr_carea' id='block_1_37' title="bbox 2190 863 3795 937">
    <p class='ocr_par' dir='ltr' id='par_1_37' title="bbox 2190 863 3795 937">
     <span class='ocr_line' id='line_1_37' title="bbox 2190 863 3795 937; baseline 0.004 -18"><span class='ocrx_word' id='word_1_275' title='bbox 2190 863 2442 919; x_wconf 91' lang='lat' dir='ltr'><strong>omnibus</strong></span> <span class='ocrx_word' id='word_1_276' title='bbox 2472 864 2543 920; x_wconf 91' lang='lat' dir='ltr'><strong>ad</strong></span> <span class='ocrx_word' id='word_1_277' title='bbox 2570 863 3002 935; x_wconf 90' lang='lat' dir='ltr'><strong>intelligendum,</strong></span> <span class='ocrx_word' id='word_1_278' title='bbox 3036 874 3094 922; x_wconf 91' lang='lat' dir='ltr'><strong>et</strong></span> <span class='ocrx_word' id='word_1_279' title='bbox 3120 867 3286 922; x_wconf 91' lang='lat' dir='ltr'><strong>etiam</strong></span> <span class='ocrx_word' id='word_1_280' title='bbox 3316 884 3417 937; x_wconf 89' lang='lat' dir='ltr'><strong>pro</strong></span> <span class='ocrx_word' id='word_1_281' title='bbox 3447 868 3795 925; x_wconf 69' lang='lat' dir='ltr'><strong>dilectoJla-</strong></span> 
     </span>
    </p>
   </div>
   <div class='ocr_carea' id='block_1_38' title="bbox 2193 958 3791 1029">
    <p class='ocr_par' dir='ltr' id='par_1_38' title="bbox 2193 958 3791 1029">
     <span class='ocr_line' id='line_1_38' title="bbox 2193 958 3791 1029; baseline 0.005 -17"><span class='ocrx_word' id='word_1_282' title='bbox 2193 958 2331 1013; x_wconf 90' lang='lat' dir='ltr'><strong>teria</strong></span> <span class='ocrx_word' id='word_1_283' title='bbox 2350 965 2435 1013; x_wconf 89' lang='lat' dir='ltr'><strong>est</strong></span> <span class='ocrx_word' id='word_1_284' title='bbox 2458 973 2691 1028; x_wconf 84' lang='lat' dir='ltr'><strong>sponsus</strong></span> <span class='ocrx_word' id='word_1_285' title='bbox 2709 966 2765 1014; x_wconf 88' lang='lat' dir='ltr'><strong>et</strong></span> <span class='ocrx_word' id='word_1_286' title='bbox 2784 975 3001 1029; x_wconf 89' lang='lat' dir='ltr'><strong>sponsa,</strong></span> <span class='ocrx_word' id='word_1_287' title='bbox 3017 959 3266 1017; x_wconf 86' lang='lat' dir='ltr'><strong>Christus</strong></span> <span class='ocrx_word' id='word_1_288' title='bbox 3285 962 3496 1018; x_wconf 88' lang='lat' dir='ltr'><strong>scilicet</strong></span> <span class='ocrx_word' id='word_1_289' title='bbox 3521 972 3581 1019; x_wconf 88' lang='lat' dir='ltr'><strong>et</strong></span> <span class='ocrx_word' id='word_1_290' title='bbox 3601 963 3791 1020; x_wconf 83' lang='lat' dir='ltr'><strong>Eccle-</strong></span> 
     </span>
    </p>
   </div>
   <div class='ocr_carea' id='block_1_39' title="bbox 2195 1046 3793 1122">
    <p class='ocr_par' dir='ltr' id='par_1_39' title="bbox 2195 1046 3793 1122">
     <span class='ocr_line' id='line_1_39' title="bbox 2195 1046 3793 1122; baseline 0.006 -19"><span class='ocrx_word' id='word_1_291' title='bbox 2195 1047 2294 1103; x_wconf 87' lang='lat' dir='ltr'><strong>sia.</strong></span> <span class='ocrx_word' id='word_1_292' title='bbox 2327 1046 2516 1103; x_wconf 82' lang='lat' dir='ltr'><strong>Modus</strong></span> <span class='ocrx_word' id='word_1_293' title='bbox 2546 1066 2561 1102; x_wconf 90' lang='lat'><strong>:</strong></span> <span class='ocrx_word' id='word_1_294' title='bbox 2589 1047 2647 1102; x_wconf 88' lang='lat' dir='ltr'><strong>In</strong></span> <span class='ocrx_word' id='word_1_295' title='bbox 2674 1049 2849 1120; x_wconf 91' lang='lat' dir='ltr'><strong>prima</strong></span> <span class='ocrx_word' id='word_1_296' title='bbox 2877 1059 3031 1120; x_wconf 91' lang='lat' dir='ltr'><strong>parte</strong></span> <span class='ocrx_word' id='word_1_297' title='bbox 3070 1051 3222 1122; x_wconf 91' lang='lat' dir='ltr'><strong>ponit</strong></span> <span class='ocrx_word' id='word_1_298' title='bbox 3257 1055 3793 1112; x_wconf 78' lang='lat' dir='ltr'><strong>commendationem</strong></span> 
     </span>
    </p>
   </div>
   <div class='ocr_carea' id='block_1_40' title="bbox 2197 1140 3794 1218">
    <p class='ocr_par' dir='ltr' id='par_1_40' title="bbox 2197 1140 3794 1218">
     <span class='ocr_line' id='line_1_40' title="bbox 2197 1140 3794 1218; baseline 0.006 -23"><span class='ocrx_word' id='word_1_299' title='bbox 2197 1140 2613 1210; x_wconf 88' lang='lat' dir='ltr'><strong>sponsi,scilieet</strong></span> <span class='ocrx_word' id='word_1_300' title='bbox 2625 1141 2849 1198; x_wconf 88' lang='lat' dir='ltr'><strong>Christi.</strong></span> <span class='ocrx_word' id='word_1_301' title='bbox 2868 1142 2924 1197; x_wconf 86' lang='lat' dir='ltr'><strong>In</strong></span> <span class='ocrx_word' id='word_1_302' title='bbox 2942 1145 3174 1201; x_wconf 87' lang='lat' dir='ltr'><strong>secunda</strong></span> <span class='ocrx_word' id='word_1_303' title='bbox 3187 1154 3340 1217; x_wconf 90' lang='lat' dir='ltr'><strong>parte</strong></span> <span class='ocrx_word' id='word_1_304' title='bbox 3352 1146 3509 1218; x_wconf 89' lang='lat' dir='ltr'><strong>ponit</strong></span> <span class='ocrx_word' id='word_1_305' title='bbox 3519 1163 3794 1205; x_wconf 85' lang='lat' dir='ltr'><strong>commen-</strong></span> 
     </span>
    </p>
   </div>
   <div class='ocr_carea' id='block_1_41' title="bbox 2199 1232 3793 1306">
    <p class='ocr_par' dir='ltr' id='par_1_41' title="bbox 2199 1232 3793 1306">
     <span class='ocr_line' id='line_1_41' title="bbox 2199 1232 3793 1306; baseline 0.006 -19"><span class='ocrx_word' id='word_1_306' title='bbox 2199 1232 2470 1288; x_wconf 90' lang='lat' dir='ltr'><strong>dationem</strong></span> <span class='ocrx_word' id='word_1_307' title='bbox 2506 1233 2784 1289; x_wconf 67' lang='lat' dir='ltr'><strong>Ecclesia).</strong></span> <span class='ocrx_word' id='word_1_308' title='bbox 2827 1234 2983 1291; x_wconf 90' lang='lat' dir='ltr'><strong>Unde</strong></span> <span class='ocrx_word' id='word_1_309' title='bbox 3031 1237 3120 1293; x_wconf 90' lang='lat' dir='ltr'><strong>hic</strong></span> <span class='ocrx_word' id='word_1_310' title='bbox 3169 1238 3415 1306; x_wconf 88' lang='lat' dir='ltr'><strong>psalmus</strong></span> <span class='ocrx_word' id='word_1_311' title='bbox 3458 1249 3697 1294; x_wconf 87' lang='lat' dir='ltr'><strong>vocatur</strong></span> <span class='ocrx_word' id='word_1_312' title='bbox 3730 1242 3793 1296; x_wconf 78' lang='lat' dir='ltr'><strong>ab</strong></span> 
     </span>
    </p>
   </div>
   <div class='ocr_carea' id='block_1_42' title="bbox 2198 1323 3796 1395">
    <p class='ocr_par' dir='ltr' id='par_1_42' title="bbox 2198 1323 3796 1395">
     <span class='ocr_line' id='line_1_42' title="bbox 2198 1323 3796 1395; baseline 0.005 -17"><span class='ocrx_word' id='word_1_313' title='bbox 2198 1323 2498 1394; x_wconf 81' lang='lat' dir='ltr'><strong>Augustino</strong></span> <span class='ocrx_word' id='word_1_314' title='bbox 2512 1325 2942 1395; x_wconf 87' lang='lat' dir='ltr'><strong>epithalamium,</strong></span> <span class='ocrx_word' id='word_1_315' title='bbox 2961 1327 3011 1382; x_wconf 90' lang='lat' dir='ltr'><strong>id</strong></span> <span class='ocrx_word' id='word_1_316' title='bbox 3033 1337 3138 1393; x_wconf 90' lang='lat' dir='ltr'><strong>est,</strong></span> <span class='ocrx_word' id='word_1_317' title='bbox 3154 1329 3274 1384; x_wconf 91' lang='lat' dir='ltr'><strong>laus</strong></span> <span class='ocrx_word' id='word_1_318' title='bbox 3292 1328 3542 1385; x_wconf 86' lang='lat' dir='ltr'><strong>thalami.</strong></span> <span class='ocrx_word' id='word_1_319' title='bbox 3564 1329 3796 1386; x_wconf 76' lang='lat' dir='ltr'><strong>intendit</strong></span> 
     </span>
    </p>
   </div>
   <div class='ocr_carea' id='block_1_43' title="bbox 2202 1414 3795 1491">
    <p class='ocr_par' dir='ltr' id='par_1_43' title="bbox 2202 1414 3795 1491">
     <span class='ocr_line' id='line_1_43' title="bbox 2202 1414 3795 1491; baseline 0.006 -22"><span class='ocrx_word' id='word_1_320' title='bbox 2202 1430 2301 1470; x_wconf 92' lang='lat' dir='ltr'><strong>nos</strong></span> <span class='ocrx_word' id='word_1_321' title='bbox 2322 1414 2556 1472; x_wconf 74' lang='lat' dir='ltr'><strong>invitare</strong></span> <span class='ocrx_word' id='word_1_322' title='bbox 2596 1418 2664 1473; x_wconf 88' lang='lat' dir='ltr'><strong>ad</strong></span> <span class='ocrx_word' id='word_1_323' title='bbox 2711 1418 2854 1475; x_wconf 89' lang='lat' dir='ltr'><strong>hanc</strong></span> <span class='ocrx_word' id='word_1_324' title='bbox 2883 1420 3341 1491; x_wconf 89' lang='lat' dir='ltr'><strong>coniunctionem,</strong></span> <span class='ocrx_word' id='word_1_325' title='bbox 3377 1423 3599 1479; x_wconf 86' lang='lat' dir='ltr'><strong>scilicet</strong></span> <span class='ocrx_word' id='word_1_326' title='bbox 3634 1433 3699 1478; x_wconf 81' lang='lat' dir='ltr'><strong>ut</strong></span> <span class='ocrx_word' id='word_1_327' title='bbox 3719 1425 3795 1479; x_wconf 87' lang='lat' dir='ltr'><strong>iu-</strong></span> 
     </span>
    </p>
   </div>
   <div class='ocr_carea' id='block_1_44' title="bbox 2205 1508 3793 1583">
    <p class='ocr_par' dir='ltr' id='par_1_44' title="bbox 2205 1508 3793 1583">
     <span class='ocr_line' id='line_1_44' title="bbox 2205 1508 3793 1583; baseline 0.008 -21"><span class='ocrx_word' id='word_1_328' title='bbox 2205 1508 2510 1580; x_wconf 87' lang='lat' dir='ltr'><strong>telligamus</strong></span> <span class='ocrx_word' id='word_1_329' title='bbox 2541 1510 2684 1565; x_wconf 91' lang='lat' dir='ltr'><strong>hanc</strong></span> <span class='ocrx_word' id='word_1_330' title='bbox 2725 1512 3163 1583; x_wconf 89' lang='lat' dir='ltr'><strong>coniunctionem</strong></span> <span class='ocrx_word' id='word_1_331' title='bbox 3200 1515 3404 1571; x_wconf 89' lang='lat' dir='ltr'><strong>Christi</strong></span> <span class='ocrx_word' id='word_1_332' title='bbox 3430 1524 3491 1570; x_wconf 90' lang='lat' dir='ltr'><strong>et</strong></span> <span class='ocrx_word' id='word_1_333' title='bbox 3512 1515 3793 1573; x_wconf 66' lang='lat' dir='ltr'><strong>Ecclesia.</strong></span> 
     </span>
    </p>
   </div>
   <div class='ocr_carea' id='block_1_45' title="bbox 2277 1601 3797 1675">
    <p class='ocr_par' dir='ltr' id='par_1_45' title="bbox 2277 1601 3797 1675">
     <span class='ocr_line' id='line_1_45' title="bbox 2277 1601 3797 1675; baseline 0.006 -19"><span class='ocrx_word' id='word_1_334' title='bbox 2277 1601 2390 1656; x_wconf 90' lang='lat' dir='ltr'><strong>Vox</strong></span> <span class='ocrx_word' id='word_1_335' title='bbox 2420 1602 2714 1671; x_wconf 76' lang='lat' dir='ltr'><strong>prophetzn,</strong></span> <span class='ocrx_word' id='word_1_336' title='bbox 2749 1612 2804 1660; x_wconf 90' lang='lat' dir='ltr'><strong>et</strong></span> <span class='ocrx_word' id='word_1_337' title='bbox 2845 1613 3136 1675; x_wconf 87' lang='lat' dir='ltr'><strong>antequam</strong></span> <span class='ocrx_word' id='word_1_338' title='bbox 3183 1614 3426 1663; x_wconf 88' lang='lat' dir='ltr'><strong>transeat</strong></span> <span class='ocrx_word' id='word_1_339' title='bbox 3471 1608 3543 1663; x_wconf 85' lang='lat' dir='ltr'><strong>ad</strong></span> <span class='ocrx_word' id='word_1_340' title='bbox 3586 1608 3797 1666; x_wconf 74' lang='lat' dir='ltr'><strong>laudern</strong></span> 
     </span>
    </p>
   </div>
   <div class='ocr_carea' id='block_1_46' title="bbox 2206 1692 3799 1769">
    <p class='ocr_par' dir='ltr' id='par_1_46' title="bbox 2206 1692 3799 1769">
     <span class='ocr_line' id='line_1_46' title="bbox 2206 1692 3799 1769; baseline 0.006 -24"><span class='ocrx_word' id='word_1_341' title='bbox 2206 1692 2413 1762; x_wconf 86' lang='lat' dir='ltr'><strong>sponsi,</strong></span> <span class='ocrx_word' id='word_1_342' title='bbox 2442 1692 2596 1763; x_wconf 90' lang='lat' dir='ltr'><strong>ponit</strong></span> <span class='ocrx_word' id='word_1_343' title='bbox 2635 1695 3161 1751; x_wconf 88' lang='lat' dir='ltr'><strong>commendationem</strong></span> <span class='ocrx_word' id='word_1_344' title='bbox 3204 1697 3375 1769; x_wconf 87' lang='lat' dir='ltr'><strong>ipsius</strong></span> <span class='ocrx_word' id='word_1_345' title='bbox 3411 1697 3599 1754; x_wconf 87' lang='lat' dir='ltr'><strong>laudis</strong></span> <span class='ocrx_word' id='word_1_346' title='bbox 3639 1714 3799 1769; x_wconf 76' lang='lat' dir='ltr'><strong>quam</strong></span> 
     </span>
    </p>
   </div>
   <div class='ocr_carea' id='block_1_47' title="bbox 2208 1782 3797 1852">
    <p class='ocr_par' dir='ltr' id='par_1_47' title="bbox 2208 1782 3797 1852">
     <span class='ocr_line' id='line_1_47' title="bbox 2208 1782 3797 1852; baseline 0.003 -14"><span class='ocrx_word' id='word_1_347' title='bbox 2208 1782 2454 1839; x_wconf 72' lang='lat' dir='ltr'><strong>facturus</strong></span> <span class='ocrx_word' id='word_1_348' title='bbox 2481 1792 2587 1852; x_wconf 89' lang='lat' dir='ltr'><strong>est,</strong></span> <span class='ocrx_word' id='word_1_349' title='bbox 2625 1800 2751 1841; x_wconf 92' lang='lat' dir='ltr'><strong>eum</strong></span> <span class='ocrx_word' id='word_1_350' title='bbox 2791 1785 2961 1842; x_wconf 86' lang='lat' dir='ltr'><strong>dicit:</strong></span> <span class='ocrx_word' id='word_1_351' title='bbox 3012 1805 3031 1838; x_wconf 74' lang='grc' dir='ltr'><strong>ι</strong></span> <span class='ocrx_word' id='word_1_352' title='bbox 3067 1786 3175 1844; x_wconf 86' lang='lat' dir='ltr'><strong>Cor</strong></span> <span class='ocrx_word' id='word_1_353' title='bbox 3224 1802 3406 1843; x_wconf 88' lang='lat' dir='ltr'><strong>meum</strong></span> <span class='ocrx_word' id='word_1_354' title='bbox 3447 1790 3749 1844; x_wconf 81' lang='lat' dir='ltr'><strong>eructavit.</strong></span> <span class='ocrx_word' id='word_1_355' title='bbox 3779 1809 3797 1842; x_wconf 80' lang='grc' dir='ltr'><strong>ι</strong></span> 
     </span>
    </p>
   </div>
   <div class='ocr_carea' id='block_1_48' title="bbox 2134 1866 3801 1952">
    <p class='ocr_par' dir='ltr' id='par_1_48' title="bbox 2134 1866 3801 1952">
     <span class='ocr_line' id='line_1_48' title="bbox 2134 1866 3801 1952; baseline 0.006 -25"><span class='ocrx_word' id='word_1_356' title='bbox 2134 1866 2184 1927; x_wconf 86' lang='grc' dir='ltr'><strong><em>Β</em></strong></span> <span class='ocrx_word' id='word_1_357' title='bbox 2210 1873 2311 1931; x_wconf 76' lang='lat' dir='ltr'><strong>ilic</strong></span> <span class='ocrx_word' id='word_1_358' title='bbox 2345 1877 2607 1946; x_wconf 88' lang='lat' dir='ltr'><strong>propheta</strong></span> <span class='ocrx_word' id='word_1_359' title='bbox 2646 1892 2715 1933; x_wconf 77' lang='lat' dir='ltr'><strong>ex</strong></span> <span class='ocrx_word' id='word_1_360' title='bbox 2760 1878 2934 1933; x_wconf 89' lang='lat' dir='ltr'><strong>saturi</strong></span> <span class='ocrx_word' id='word_1_361' title='bbox 2981 1878 3333 1935; x_wconf 87' lang='lat' dir='ltr'><strong>similitudine</strong></span> <span class='ocrx_word' id='word_1_362' title='bbox 3375 1880 3651 1950; x_wconf 86' lang='lat' dir='ltr'><strong>loquitur,</strong></span> <span class='ocrx_word' id='word_1_363' title='bbox 3679 1882 3801 1952; x_wconf 82' lang='lat' dir='ltr'><strong>quia</strong></span> 
     </span>
    </p>
   </div>
   <div class='ocr_carea' id='block_1_49' title="bbox 2209 1964 3802 2042">
    <p class='ocr_par' dir='ltr' id='par_1_49' title="bbox 2209 1964 3802 2042">
     <span class='ocr_line' id='line_1_49' title="bbox 2209 1964 3802 2042; baseline 0.007 -24"><span class='ocrx_word' id='word_1_364' title='bbox 2209 1972 2359 2019; x_wconf 89' lang='lat' dir='ltr'><strong>satus</strong></span> <span class='ocrx_word' id='word_1_365' title='bbox 2396 1964 2593 2034; x_wconf 76' lang='lat' dir='ltr'><strong>aliquis</strong></span> <span class='ocrx_word' id='word_1_366' title='bbox 2630 1982 2736 2021; x_wconf 90' lang='lat' dir='ltr'><strong>non</strong></span> <span class='ocrx_word' id='word_1_367' title='bbox 2765 1976 2945 2024; x_wconf 81' lang='lat' dir='ltr'><strong>potest</strong></span> <span class='ocrx_word' id='word_1_368' title='bbox 2987 1969 3226 2025; x_wconf 88' lang='lat' dir='ltr'><strong>retinere</strong></span> <span class='ocrx_word' id='word_1_369' title='bbox 3267 1970 3452 2026; x_wconf 89' lang='lat' dir='ltr'><strong>cibum</strong></span> <span class='ocrx_word' id='word_1_370' title='bbox 3492 1972 3633 2042; x_wconf 88' lang='lat' dir='ltr'><strong>quin</strong></span> <span class='ocrx_word' id='word_1_371' title='bbox 3677 1988 3802 2028; x_wconf 83' lang='lat' dir='ltr'><strong>eru-</strong></span> 
     </span>
    </p>
   </div>
   <div class='ocr_carea' id='block_1_50' title="bbox 2208 2057 3804 2132">
    <p class='ocr_par' dir='ltr' id='par_1_50' title="bbox 2208 2057 3804 2132">
     <span class='ocr_line' id='line_1_50' title="bbox 2208 2057 3804 2132; baseline 0.006 -21"><span class='ocrx_word' id='word_1_372' title='bbox 2208 2065 2341 2123; x_wconf 91' lang='lat' dir='ltr'><strong>ctet,</strong></span> <span class='ocrx_word' id='word_1_373' title='bbox 2364 2057 2443 2112; x_wconf 90' lang='lat' dir='ltr'><strong>sic</strong></span> <span class='ocrx_word' id='word_1_374' title='bbox 2471 2059 2734 2129; x_wconf 88' lang='lat' dir='ltr'><strong>propheta</strong></span> <span class='ocrx_word' id='word_1_375' title='bbox 2763 2059 2956 2129; x_wconf 91' lang='lat' dir='ltr'><strong>plenus</strong></span> <span class='ocrx_word' id='word_1_376' title='bbox 2992 2058 3197 2132; x_wconf 88' lang='lat' dir='ltr'><strong>Spiritu</strong></span> <span class='ocrx_word' id='word_1_377' title='bbox 3239 2070 3452 2131; x_wconf 86' lang='lat' dir='ltr'><strong>sancto,</strong></span> <span class='ocrx_word' id='word_1_378' title='bbox 3490 2067 3804 2121; x_wconf 78' lang='lat' dir='ltr'><strong>necessario</strong></span> 
     </span>
    </p>
   </div>
   <div class='ocr_carea' id='block_1_51' title="bbox 2207 2151 3802 2223">
    <p class='ocr_par' dir='ltr' id='par_1_51' title="bbox 2207 2151 3802 2223">
     <span class='ocr_line' id='line_1_51' title="bbox 2207 2151 3802 2223; baseline 0.005 -17"><span class='ocrx_word' id='word_1_379' title='bbox 2207 2151 2492 2217; x_wconf 87' lang='lat' dir='ltr'><strong>eructavit,</strong></span> <span class='ocrx_word' id='word_1_380' title='bbox 2543 2160 2604 2208; x_wconf 88' lang='lat' dir='ltr'><strong>ut</strong></span> <span class='ocrx_word' id='word_1_381' title='bbox 2652 2151 2858 2223; x_wconf 88' lang='lat' dir='ltr'><strong>aliquid</strong></span> <span class='ocrx_word' id='word_1_382' title='bbox 2916 2153 3311 2222; x_wconf 79' lang='lat' dir='ltr'><strong>manifestaret,</strong></span> <span class='ocrx_word' id='word_1_383' title='bbox 3365 2159 3647 2213; x_wconf 82' lang='lat' dir='ltr'><strong>eructavit</strong></span> <span class='ocrx_word' id='word_1_384' title='bbox 3691 2158 3802 2214; x_wconf 83' lang='lat' dir='ltr'><strong>dico</strong></span> 
     </span>
    </p>
   </div>
   <div class='ocr_carea' id='block_1_52' title="bbox 2213 2243 3803 2321">
    <p class='ocr_par' dir='ltr' id='par_1_52' title="bbox 2213 2243 3803 2321">
     <span class='ocr_line' id='line_1_52' title="bbox 2213 2243 3803 2321; baseline 0.007 -25"><span class='ocrx_word' id='word_1_385' title='bbox 2213 2262 2233 2296; x_wconf 80' lang='grc' dir='ltr'><strong>ι</strong></span> <span class='ocrx_word' id='word_1_386' title='bbox 2266 2243 2511 2311; x_wconf 90' lang='lat' dir='ltr'><strong>verbum,</strong></span> <span class='ocrx_word' id='word_1_387' title='bbox 2541 2263 2561 2299; x_wconf 83' lang='grc'><strong>›</strong></span> <span class='ocrx_word' id='word_1_388' title='bbox 2602 2243 2658 2300; x_wconf 90' lang='lat' dir='ltr'><strong>id</strong></span> <span class='ocrx_word' id='word_1_389' title='bbox 2680 2253 2782 2312; x_wconf 90' lang='lat' dir='ltr'><strong>est,</strong></span> <span class='ocrx_word' id='word_1_390' title='bbox 2814 2244 3012 2301; x_wconf 89' lang='lat' dir='ltr'><strong>Filium</strong></span> <span class='ocrx_word' id='word_1_391' title='bbox 3050 2246 3183 2303; x_wconf 88' lang='lat' dir='ltr'><strong>Dei:</strong></span> <span class='ocrx_word' id='word_1_392' title='bbox 3232 2249 3359 2317; x_wconf 85' lang='lat' dir='ltr'><strong>quia</strong></span> <span class='ocrx_word' id='word_1_393' title='bbox 3407 2250 3453 2305; x_wconf 93' lang='lat' dir='ltr'><strong>si</strong></span> <span class='ocrx_word' id='word_1_394' title='bbox 3494 2250 3628 2319; x_wconf 83' lang='lat' dir='ltr'><strong>quis</strong></span> <span class='ocrx_word' id='word_1_395' title='bbox 3670 2251 3803 2321; x_wconf 59' lang='grc' dir='ltr'>μεεὶρ</span> 
     </span>
    </p>
   </div>
   <div class='ocr_carea' id='block_1_53' title="bbox 2207 2334 3801 2408">
    <p class='ocr_par' dir='ltr' id='par_1_53' title="bbox 2207 2334 3801 2408">
     <span class='ocr_line' id='line_1_53' title="bbox 2207 2334 3801 2408; baseline 0.006 -21"><span class='ocrx_word' id='word_1_396' title='bbox 2207 2348 2358 2389; x_wconf 88' lang='lat' dir='ltr'><strong>mum</strong></span> <span class='ocrx_word' id='word_1_397' title='bbox 2417 2334 2679 2402; x_wconf 81' lang='lat' dir='ltr'><strong>attendat,</strong></span> <span class='ocrx_word' id='word_1_398' title='bbox 2722 2335 2924 2405; x_wconf 89' lang='lat' dir='ltr'><strong>poterit</strong></span> <span class='ocrx_word' id='word_1_399' title='bbox 2993 2352 3123 2394; x_wconf 89' lang='lat' dir='ltr'><strong>vere</strong></span> <span class='ocrx_word' id='word_1_400' title='bbox 3178 2350 3480 2408; x_wconf 82' lang='lat' dir='ltr'><strong>agnoscere</strong></span> <span class='ocrx_word' id='word_1_401' title='bbox 3529 2340 3801 2398; x_wconf 75' lang='lat' dir='ltr'><strong>Christum</strong></span> 
     </span>
    </p>
   </div>
   <div class='ocr_carea' id='block_1_54' title="bbox 2208 2422 3800 2496">
    <p class='ocr_par' dir='ltr' id='par_1_54' title="bbox 2208 2422 3800 2496">
     <span class='ocr_line' id='line_1_54' title="bbox 2208 2422 3800 2496; baseline 0.006 -17"><span class='ocrx_word' id='word_1_402' title='bbox 2208 2423 2304 2479; x_wconf 89' lang='lat' dir='ltr'><strong>Dei</strong></span> <span class='ocrx_word' id='word_1_403' title='bbox 2356 2422 2553 2479; x_wconf 85' lang='lat' dir='ltr'><strong>Filium</strong></span> <span class='ocrx_word' id='word_1_404' title='bbox 2616 2440 2757 2481; x_wconf 90' lang='lat' dir='ltr'><strong>esse.</strong></span> <span class='ocrx_word' id='word_1_405' title='bbox 2802 2427 3006 2483; x_wconf 88' lang='lat' dir='ltr'><strong>Eodem</strong></span> <span class='ocrx_word' id='word_1_406' title='bbox 3052 2428 3272 2486; x_wconf 89' lang='lat' dir='ltr'><strong>nomine</strong></span> <span class='ocrx_word' id='word_1_407' title='bbox 3323 2430 3501 2486; x_wconf 90' lang='lat' dir='ltr'><strong>utitur</strong></span> <span class='ocrx_word' id='word_1_408' title='bbox 3545 2430 3800 2496; x_wconf 79' lang='lat' dir='ltr'><strong>Joannes.</strong></span> 
     </span>
    </p>
   </div>
   <div class='ocr_carea' id='block_1_55' title="bbox 2210 2512 3795 2594">
    <p class='ocr_par' dir='ltr' id='par_1_55' title="bbox 2210 2512 3795 2594">
     <span class='ocr_line' id='line_1_55' title="bbox 2210 2512 3795 2594; baseline 0.005 -25"><span class='ocrx_word' id='word_1_409' title='bbox 2210 2512 2437 2569; x_wconf 89' lang='lat' dir='ltr'><strong>dicens:</strong></span> <span class='ocrx_word' id='word_1_410' title='bbox 2476 2532 2495 2566; x_wconf 80' lang='grc' dir='ltr'><strong>ι</strong></span> <span class='ocrx_word' id='word_1_411' title='bbox 2530 2514 2588 2572; x_wconf 92' lang='lat' dir='ltr'><strong>ln</strong></span> <span class='ocrx_word' id='word_1_412' title='bbox 2637 2516 2908 2588; x_wconf 90' lang='lat' dir='ltr'><strong>principio</strong></span> <span class='ocrx_word' id='word_1_413' title='bbox 2953 2526 3077 2574; x_wconf 89' lang='lat' dir='ltr'><strong>erat</strong></span> <span class='ocrx_word' id='word_1_414' title='bbox 3111 2517 3349 2576; x_wconf 81' lang='lat' dir='ltr'><strong>Verbum</strong></span> <span class='ocrx_word' id='word_1_415' title='bbox 3396 2521 3589 2590; x_wconf 69' lang='lat' dir='ltr'><strong>(locu.</strong></span> <span class='ocrx_word' id='word_1_416' title='bbox 3636 2523 3722 2594; x_wconf 77' lang='lat' dir='ltr'><strong>t);</strong></span> <span class='ocrx_word' id='word_1_417' title='bbox 3776 2544 3795 2577; x_wconf 72' lang='grc' dir='ltr'><strong><em>ο</em></strong></span> 
     </span>
    </p>
   </div>
   <div class='ocr_carea' id='block_1_56' title="bbox 2209 2605 3797 2679">
    <p class='ocr_par' dir='ltr' id='par_1_56' title="bbox 2209 2605 3797 2679">
     <span class='ocr_line' id='line_1_56' title="bbox 2209 2605 3797 2679; baseline 0.008 -20"><span class='ocrx_word' id='word_1_418' title='bbox 2209 2605 2437 2661; x_wconf 87' lang='lat' dir='ltr'><strong>verbum</strong></span> <span class='ocrx_word' id='word_1_419' title='bbox 2500 2606 2623 2663; x_wconf 91' lang='lat' dir='ltr'><strong>dico</strong></span> <span class='ocrx_word' id='word_1_420' title='bbox 2701 2626 2720 2659; x_wconf 78' lang='grc' dir='ltr'><strong>ι</strong></span> <span class='ocrx_word' id='word_1_421' title='bbox 2807 2609 3012 2664; x_wconf 83' lang='lat' dir='ltr'><strong>bonum</strong></span> <span class='ocrx_word' id='word_1_422' title='bbox 3074 2628 3095 2661; x_wconf 74' lang='grc' dir='ltr'><strong>ι</strong></span> <span class='ocrx_word' id='word_1_423' title='bbox 3149 2609 3501 2679; x_wconf 80' lang='lat' dir='ltr'><strong>singulariter</strong></span> <span class='ocrx_word' id='word_1_424' title='bbox 3570 2613 3797 2677; x_wconf 57' lang='lat' dir='ltr'><strong>sciliwt.</strong></span> 
     </span>
    </p>
   </div>
   <div class='ocr_carea' id='block_1_57' title="bbox 2188 2695 3797 2772">
    <p class='ocr_par' dir='ltr' id='par_1_57' title="bbox 2188 2695 3797 2772">
     <span class='ocr_line' id='line_1_57' title="bbox 2188 2695 3797 2772; baseline 0.007 -22"><span class='ocrx_word' id='word_1_425' title='bbox 2188 2695 2336 2771; x_wconf 10' lang='lat' dir='ltr'><strong>iquia</strong></span> <span class='ocrx_word' id='word_1_426' title='bbox 2370 2695 2517 2752; x_wconf 89' lang='lat' dir='ltr'><strong>solus</strong></span> <span class='ocrx_word' id='word_1_427' title='bbox 2543 2697 2685 2753; x_wconf 89' lang='lat' dir='ltr'><strong>Deus</strong></span> <span class='ocrx_word' id='word_1_428' title='bbox 2713 2699 2888 2755; x_wconf 88' lang='lat' dir='ltr'><strong>bonus</strong></span> <span class='ocrx_word' id='word_1_429' title='bbox 2920 2710 3022 2763; x_wconf 90' lang='lat' dir='ltr'><strong>est,</strong></span> <span class='ocrx_word' id='word_1_430' title='bbox 3066 2707 3123 2757; x_wconf 89' lang='lat' dir='ltr'><strong>et</strong></span> <span class='ocrx_word' id='word_1_431' title='bbox 3153 2700 3418 2772; x_wconf 87' lang='lat' dir='ltr'><strong>quidquid</strong></span> <span class='ocrx_word' id='word_1_432' title='bbox 3442 2703 3575 2759; x_wconf 93' lang='lat' dir='ltr'><strong>boni</strong></span> <span class='ocrx_word' id='word_1_433' title='bbox 3604 2714 3710 2769; x_wconf 86' lang='lat' dir='ltr'><strong>est,</strong></span> <span class='ocrx_word' id='word_1_434' title='bbox 3733 2720 3797 2761; x_wconf 80' lang='lat' dir='ltr'><strong>ex</strong></span> 
     </span>
    </p>
   </div>
   <div class='ocr_carea' id='block_1_58' title="bbox 2211 2787 3793 2863">
    <p class='ocr_par' dir='ltr' id='par_1_58' title="bbox 2211 2787 3793 2863">
     <span class='ocr_line' id='line_1_58' title="bbox 2211 2787 3793 2863; baseline 0.005 -19"><span class='ocrx_word' id='word_1_435' title='bbox 2211 2787 2327 2844; x_wconf 91' lang='lat' dir='ltr'><strong>solo</strong></span> <span class='ocrx_word' id='word_1_436' title='bbox 2356 2787 2466 2845; x_wconf 91' lang='lat' dir='ltr'><strong>Deo</strong></span> <span class='ocrx_word' id='word_1_437' title='bbox 2488 2796 2592 2844; x_wconf 90' lang='lat' dir='ltr'><strong>est.</strong></span> <span class='ocrx_word' id='word_1_438' title='bbox 2621 2788 2774 2845; x_wconf 88' lang='lat' dir='ltr'><strong>Unde</strong></span> <span class='ocrx_word' id='word_1_439' title='bbox 2796 2790 3070 2858; x_wconf 89' lang='lat' dir='ltr'><strong>Christus,</strong></span> <span class='ocrx_word' id='word_1_440' title='bbox 3098 2807 3220 2848; x_wconf 90' lang='lat' dir='ltr'><strong>cum</strong></span> <span class='ocrx_word' id='word_1_441' title='bbox 3242 2794 3465 2863; x_wconf 88' lang='lat' dir='ltr'><strong>quidam</strong></span> <span class='ocrx_word' id='word_1_442' title='bbox 3490 2796 3670 2851; x_wconf 84' lang='lat' dir='ltr'><strong>solam</strong></span> <span class='ocrx_word' id='word_1_443' title='bbox 3700 2798 3793 2852; x_wconf 49' lang='lat' dir='ltr'><strong>hu.</strong></span> 
     </span>
    </p>
   </div>
   <div class='ocr_carea' id='block_1_59' title="bbox 2210 2881 3798 2953">
    <p class='ocr_par' dir='ltr' id='par_1_59' title="bbox 2210 2881 3798 2953">
     <span class='ocr_line' id='line_1_59' title="bbox 2210 2881 3798 2953; baseline 0.006 -18"><span class='ocrx_word' id='word_1_444' title='bbox 2210 2881 2530 2936; x_wconf 90' lang='lat' dir='ltr'><strong>manitatem</strong></span> <span class='ocrx_word' id='word_1_445' title='bbox 2564 2881 2943 2952; x_wconf 89' lang='lat' dir='ltr'><strong>respicientes,</strong></span> <span class='ocrx_word' id='word_1_446' title='bbox 2977 2898 3104 2938; x_wconf 93' lang='lat' dir='ltr'><strong>eum</strong></span> <span class='ocrx_word' id='word_1_447' title='bbox 3149 2882 3350 2938; x_wconf 91' lang='lat' dir='ltr'><strong>bonum</strong></span> <span class='ocrx_word' id='word_1_448' title='bbox 3404 2885 3676 2953; x_wconf 87' lang='lat' dir='ltr'><strong>dicereut,</strong></span> <span class='ocrx_word' id='word_1_449' title='bbox 3720 2904 3798 2943; x_wconf 79' lang='lat' dir='ltr'><strong>re-</strong></span> 
     </span>
    </p>
   </div>
   <div class='ocr_carea' id='block_1_60' title="bbox 2211 2971 3794 3047">
    <p class='ocr_par' dir='ltr' id='par_1_60' title="bbox 2211 2971 3794 3047">
     <span class='ocr_line' id='line_1_60' title="bbox 2211 2971 3794 3047; baseline 0.004 -19"><span class='ocrx_word' id='word_1_450' title='bbox 2211 2972 2466 3043; x_wconf 84' lang='lat' dir='ltr'><strong>spondit:</strong></span> <span class='ocrx_word' id='word_1_451' title='bbox 2514 2991 2535 3024; x_wconf 79' lang='grc'><strong>(</strong></span> <span class='ocrx_word' id='word_1_452' title='bbox 2584 2971 2725 3041; x_wconf 87' lang='lat' dir='ltr'><strong>Quid</strong></span> <span class='ocrx_word' id='word_1_453' title='bbox 2772 2989 2860 3029; x_wconf 91' lang='lat' dir='ltr'><strong>me</strong></span> <span class='ocrx_word' id='word_1_454' title='bbox 2890 2974 3093 3030; x_wconf 90' lang='lat' dir='ltr'><strong>bonum</strong></span> <span class='ocrx_word' id='word_1_455' title='bbox 3121 2976 3366 3033; x_wconf 80' lang='lat' dir='ltr'><strong>vocatis?</strong></span> <span class='ocrx_word' id='word_1_456' title='bbox 3395 2976 3570 3034; x_wconf 84' lang='lat' dir='ltr'><strong>Nemo</strong></span> <span class='ocrx_word' id='word_1_457' title='bbox 3608 2980 3794 3047; x_wconf 84' lang='lat' dir='ltr'><strong>bonus,</strong></span> 
     </span>
    </p>
   </div>
   <div class='ocr_carea' id='block_1_61' title="bbox 2212 3063 3797 3140">
    <p class='ocr_par' dir='ltr' id='par_1_61' title="bbox 2212 3063 3797 3140">
     <span class='ocr_line' id='line_1_61' title="bbox 2212 3063 3797 3140; baseline 0.004 -21"><span class='ocrx_word' id='word_1_458' title='bbox 2212 3064 2320 3120; x_wconf 91' lang='lat' dir='ltr'><strong>nisi</strong></span> <span class='ocrx_word' id='word_1_459' title='bbox 2367 3063 2514 3120; x_wconf 90' lang='lat' dir='ltr'><strong>solus</strong></span> <span class='ocrx_word' id='word_1_460' title='bbox 2554 3064 2698 3120; x_wconf 89' lang='lat' dir='ltr'><strong>Deus</strong></span> <span class='ocrx_word' id='word_1_461' title='bbox 2739 3064 2958 3136; x_wconf 82' lang='lat' dir='ltr'><strong>(Matth.</strong></span> <span class='ocrx_word' id='word_1_462' title='bbox 2996 3066 3075 3140; x_wconf 69' lang='grc' dir='ltr'>ι),</span> <span class='ocrx_word' id='word_1_463' title='bbox 3111 3086 3130 3120; x_wconf 76' lang='grc' dir='ltr'><strong>ι</strong></span> <span class='ocrx_word' id='word_1_464' title='bbox 3164 3074 3221 3121; x_wconf 91' lang='lat' dir='ltr'><strong>et</strong></span> <span class='ocrx_word' id='word_1_465' title='bbox 3246 3067 3374 3124; x_wconf 90' lang='lat' dir='ltr'><strong>huic</strong></span> <span class='ocrx_word' id='word_1_466' title='bbox 3405 3088 3425 3120; x_wconf 81' lang='grc' dir='ltr'><strong>ι</strong></span> <span class='ocrx_word' id='word_1_467' title='bbox 3460 3070 3601 3140; x_wconf 86' lang='lat' dir='ltr'><strong>regi,</strong></span> <span class='ocrx_word' id='word_1_468' title='bbox 3643 3090 3663 3123; x_wconf 74' lang='grc' dir='ltr'><strong>ι</strong></span> <span class='ocrx_word' id='word_1_469' title='bbox 3697 3072 3797 3126; x_wconf 85' lang='lat' dir='ltr'><strong>sci-</strong></span> 
     </span>
    </p>
   </div>
   <div class='ocr_carea' id='block_1_62' title="bbox 2213 3152 3797 3228">
    <p class='ocr_par' dir='ltr' id='par_1_62' title="bbox 2213 3152 3797 3228">
     <span class='ocr_line' id='line_1_62' title="bbox 2213 3152 3797 3228; baseline 0.006 -21"><span class='ocrx_word' id='word_1_470' title='bbox 2213 3153 2341 3209; x_wconf 90' lang='lat' dir='ltr'><strong>licet</strong></span> <span class='ocrx_word' id='word_1_471' title='bbox 2367 3152 2604 3221; x_wconf 82' lang='lat' dir='ltr'><strong>Christo,</strong></span> <span class='ocrx_word' id='word_1_472' title='bbox 2636 3154 2729 3226; x_wconf 90' lang='lat' dir='ltr'><strong>qui</strong></span> <span class='ocrx_word' id='word_1_473' title='bbox 2765 3154 2909 3210; x_wconf 87' lang='lat' dir='ltr'><strong>Deus</strong></span> <span class='ocrx_word' id='word_1_474' title='bbox 2936 3163 3042 3223; x_wconf 87' lang='lat' dir='ltr'><strong>cst,</strong></span> <span class='ocrx_word' id='word_1_475' title='bbox 3081 3174 3100 3207; x_wconf 79' lang='grc'><strong>(</strong></span> <span class='ocrx_word' id='word_1_476' title='bbox 3146 3155 3266 3212; x_wconf 91' lang='lat' dir='ltr'><strong>dico</strong></span> <span class='ocrx_word' id='word_1_477' title='bbox 3287 3172 3409 3228; x_wconf 86' lang='lat' dir='ltr'><strong>ego,</strong></span> <span class='ocrx_word' id='word_1_478' title='bbox 3447 3178 3468 3212; x_wconf 75' lang='grc' dir='ltr'><strong>ι</strong></span> <span class='ocrx_word' id='word_1_479' title='bbox 3505 3158 3560 3215; x_wconf 90' lang='lat' dir='ltr'><strong>id</strong></span> <span class='ocrx_word' id='word_1_480' title='bbox 3584 3170 3675 3217; x_wconf 80' lang='lat' dir='ltr'><strong>est</strong></span> <span class='ocrx_word' id='word_1_481' title='bbox 3710 3162 3797 3217; x_wconf 85' lang='lat' dir='ltr'><strong>de-</strong></span> 
     </span>
    </p>
   </div>
   <div class='ocr_carea' id='block_1_63' title="bbox 528 3222 3798 3327">
    <p class='ocr_par' dir='ltr' id='par_1_63' title="bbox 528 3222 3798 3327">
     <span class='ocr_line' id='line_1_63' title="bbox 528 3222 3798 3327; baseline 0 -16"><span class='ocrx_word' id='word_1_482' title='bbox 528 3222 959 3327; x_wconf 73' lang='lat' dir='ltr'><strong>epithalaiiiium,</strong></span> <span class='ocrx_word' id='word_1_483' title='bbox 980 3222 1054 3307; x_wconf 52' lang='lat' dir='ltr'><strong>id</strong></span> <span class='ocrx_word' id='word_1_484' title='bbox 1088 3261 1191 3317; x_wconf 91' lang='lat' dir='ltr'><strong>est,</strong></span> <span class='ocrx_word' id='word_1_485' title='bbox 1233 3250 1476 3323; x_wconf 89' lang='lat' dir='ltr'><strong>nuptiale</strong></span> <span class='ocrx_word' id='word_1_486' title='bbox 1525 3266 1766 3306; x_wconf 89' lang='lat' dir='ltr'><strong>carmen.</strong></span> <span class='ocrx_word' id='word_1_487' title='bbox 1801 3250 1859 3305; x_wconf 91' lang='lat' dir='ltr'><strong>ln</strong></span> <span class='ocrx_word' id='word_1_488' title='bbox 1903 3250 2113 3306; x_wconf 89' lang='lat' dir='ltr'><strong>duobus</strong></span> <span class='ocrx_word' id='word_1_489' title='bbox 2139 3222 2184 3284; x_wconf 63' lang='grc' dir='ltr'><strong>δ</strong></span> <span class='ocrx_word' id='word_1_490' title='bbox 2216 3244 2336 3300; x_wconf 81' lang='lat' dir='ltr'><strong>&#39;dico</strong></span> <span class='ocrx_word' id='word_1_491' title='bbox 2358 3260 2457 3315; x_wconf 88' lang='lat' dir='ltr'><strong>ego</strong></span> <span class='ocrx_word' id='word_1_492' title='bbox 2479 3259 2648 3316; x_wconf 81' lang='lat' dir='ltr'><strong>Opera</strong></span> <span class='ocrx_word' id='word_1_493' title='bbox 2677 3260 2820 3313; x_wconf 89' lang='lat' dir='ltr'><strong>mea,</strong></span> <span class='ocrx_word' id='word_1_494' title='bbox 2849 3246 2903 3301; x_wconf 92' lang='lat' dir='ltr'><strong>id</strong></span> <span class='ocrx_word' id='word_1_495' title='bbox 2925 3255 3030 3312; x_wconf 87' lang='lat' dir='ltr'><strong>est,</strong></span> <span class='ocrx_word' id='word_1_496' title='bbox 3054 3246 3291 3305; x_wconf 85' lang='lat' dir='ltr'><strong>devoveo</strong></span> <span class='ocrx_word' id='word_1_497' title='bbox 3317 3265 3421 3322; x_wconf 82' lang='lat' dir='ltr'><strong>ego</strong></span> <span class='ocrx_word' id='word_1_498' title='bbox 3447 3258 3619 3309; x_wconf 87' lang='lat' dir='ltr'><strong>totam</strong></span> <span class='ocrx_word' id='word_1_499' title='bbox 3650 3254 3798 3311; x_wconf 80' lang='lat' dir='ltr'><strong>istam</strong></span> 
     </span>
    </p>
   </div>
   <div class='ocr_carea' id='block_1_64' title="bbox 528 3340 2112 3417">
    <p class='ocr_par' dir='ltr' id='par_1_64' title="bbox 528 3340 2112 3417">
     <span class='ocr_line' id='line_1_64' title="bbox 528 3340 2112 3417; baseline -0.004 -16"><span class='ocrx_word' id='word_1_500' title='bbox 528 3346 721 3417; x_wconf 90' lang='lat' dir='ltr'><strong>primis</strong></span> <span class='ocrx_word' id='word_1_501' title='bbox 770 3343 1053 3401; x_wconf 87' lang='lat' dir='ltr'><strong>versiculis</strong></span> <span class='ocrx_word' id='word_1_502' title='bbox 1078 3343 1250 3397; x_wconf 86' lang='lat' dir='ltr'><strong>utitur</strong></span> <span class='ocrx_word' id='word_1_503' title='bbox 1281 3340 1634 3398; x_wconf 90' lang='lat' dir='ltr'><strong>similitudine</strong></span> <span class='ocrx_word' id='word_1_504' title='bbox 1654 3340 1989 3412; x_wconf 88' lang='lat' dir='ltr'><strong>ioculatoris,</strong></span> <span class='ocrx_word' id='word_1_505' title='bbox 2027 3342 2112 3396; x_wconf 84' lang='lat' dir='ltr'><strong>in-</strong></span> 
     </span>
    </p>
   </div>
   <div class='ocr_carea' id='block_1_65' title="bbox 532 3431 2116 3505">
    <p class='ocr_par' dir='ltr' id='par_1_65' title="bbox 532 3431 2116 3505">
     <span class='ocr_line' id='line_1_65' title="bbox 532 3431 2116 3505; baseline -0.004 -12"><span class='ocrx_word' id='word_1_506' title='bbox 532 3436 677 3494; x_wconf 85' lang='lat' dir='ltr'><strong>trare</strong></span> <span class='ocrx_word' id='word_1_507' title='bbox 702 3437 932 3492; x_wconf 88' lang='lat' dir='ltr'><strong>volentis</strong></span> <span class='ocrx_word' id='word_1_508' title='bbox 953 3436 1019 3489; x_wconf 89' lang='lat' dir='ltr'><strong>ad</strong></span> <span class='ocrx_word' id='word_1_509' title='bbox 1041 3434 1280 3505; x_wconf 85' lang='lat' dir='ltr'><strong>nuptias,</strong></span> <span class='ocrx_word' id='word_1_510' title='bbox 1300 3442 1356 3488; x_wconf 90' lang='lat' dir='ltr'><strong>et</strong></span> <span class='ocrx_word' id='word_1_511' title='bbox 1388 3433 1658 3503; x_wconf 88' lang='lat' dir='ltr'><strong>captantis</strong></span> <span class='ocrx_word' id='word_1_512' title='bbox 1685 3431 2116 3488; x_wconf 85' lang='lat' dir='ltr'><strong>benevolentiam</strong></span> 
     </span>
    </p>
   </div>
   <div class='ocr_carea' id='block_1_66' title="bbox 526 3524 2116 3600">
    <p class='ocr_par' dir='ltr' id='par_1_66' title="bbox 526 3524 2116 3600">
     <span class='ocr_line' id='line_1_66' title="bbox 526 3524 2116 3600; baseline -0.004 -15"><span class='ocrx_word' id='word_1_513' title='bbox 526 3530 802 3599; x_wconf 85' lang='lat' dir='ltr'><strong>ianitoris,</strong></span> <span class='ocrx_word' id='word_1_514' title='bbox 833 3525 1138 3600; x_wconf 77' lang='lat' dir='ltr'><strong>prtevideus</strong></span> <span class='ocrx_word' id='word_1_515' title='bbox 1161 3525 1364 3581; x_wconf 88' lang='lat' dir='ltr'><strong>Christi</strong></span> <span class='ocrx_word' id='word_1_516' title='bbox 1395 3532 1451 3579; x_wconf 89' lang='lat' dir='ltr'><strong>et</strong></span> <span class='ocrx_word' id='word_1_517' title='bbox 1472 3524 1714 3580; x_wconf 77' lang='lat' dir='ltr'><strong>ecclesize</strong></span> <span class='ocrx_word' id='word_1_518' title='bbox 1741 3524 1981 3595; x_wconf 89' lang='lat' dir='ltr'><strong>nuptias,</strong></span> <span class='ocrx_word' id='word_1_519' title='bbox 2018 3539 2116 3578; x_wconf 87' lang='lat' dir='ltr'><strong>vo-</strong></span> 
     </span>
    </p>
   </div>
   <div class='ocr_carea' id='block_1_67' title="bbox 532 3614 2117 3688">
    <p class='ocr_par' dir='ltr' id='par_1_67' title="bbox 532 3614 2117 3688">
     <span class='ocr_line' id='line_1_67' title="bbox 532 3614 2117 3688; baseline -0.004 -11"><span class='ocrx_word' id='word_1_520' title='bbox 532 3622 650 3677; x_wconf 90' lang='lat' dir='ltr'><strong>lens</strong></span> <span class='ocrx_word' id='word_1_521' title='bbox 671 3631 895 3676; x_wconf 85' lang='lat' dir='ltr'><strong>cantare</strong></span> <span class='ocrx_word' id='word_1_522' title='bbox 924 3618 990 3674; x_wconf 93' lang='lat' dir='ltr'><strong>de</strong></span> <span class='ocrx_word' id='word_1_523' title='bbox 1023 3618 1125 3683; x_wconf 89' lang='lat' dir='ltr'><strong>eis,</strong></span> <span class='ocrx_word' id='word_1_524' title='bbox 1165 3625 1221 3671; x_wconf 92' lang='lat' dir='ltr'><strong>et</strong></span> <span class='ocrx_word' id='word_1_525' title='bbox 1256 3616 1412 3688; x_wconf 91' lang='lat' dir='ltr'><strong>quasi</strong></span> <span class='ocrx_word' id='word_1_526' title='bbox 1463 3615 1771 3682; x_wconf 89' lang='lat' dir='ltr'><strong>intromitti,</strong></span> <span class='ocrx_word' id='word_1_527' title='bbox 1807 3625 1966 3686; x_wconf 90' lang='lat' dir='ltr'><strong>parat</strong></span> <span class='ocrx_word' id='word_1_528' title='bbox 2013 3614 2117 3670; x_wconf 87' lang='lat' dir='ltr'><strong>sibi</strong></span> 
     </span>
    </p>
   </div>
   <div class='ocr_carea' id='block_1_68' title="bbox 534 3703 2116 3776">
    <p class='ocr_par' dir='ltr' id='par_1_68' title="bbox 534 3703 2116 3776">
     <span class='ocr_line' id='line_1_68' title="bbox 534 3703 2116 3776; baseline -0.006 -9"><span class='ocrx_word' id='word_1_529' title='bbox 534 3711 829 3776; x_wconf 85' lang='lat' dir='ltr'><strong>auditores,</strong></span> <span class='ocrx_word' id='word_1_530' title='bbox 874 3708 1062 3763; x_wconf 89' lang='lat' dir='ltr'><strong>dicens</strong></span> <span class='ocrx_word' id='word_1_531' title='bbox 1090 3721 1148 3762; x_wconf 92' lang='lat' dir='ltr'><strong>sc</strong></span> <span class='ocrx_word' id='word_1_532' title='bbox 1197 3705 1390 3761; x_wconf 79' lang='lat' dir='ltr'><strong>fecisse</strong></span> <span class='ocrx_word' id='word_1_533' title='bbox 1424 3705 1748 3761; x_wconf 86' lang='lat' dir='ltr'><strong>cantilenam</strong></span> <span class='ocrx_word' id='word_1_534' title='bbox 1788 3704 1855 3760; x_wconf 91' lang='lat' dir='ltr'><strong>de</strong></span> <span class='ocrx_word' id='word_1_535' title='bbox 1891 3703 2116 3776; x_wconf 91' lang='lat' dir='ltr'><strong>nuptiis,</strong></span> 
     </span>
    </p>
   </div>
   <div class='ocr_carea' id='block_1_69' title="bbox 532 3795 2118 3868">
    <p class='ocr_par' dir='ltr' id='par_1_69' title="bbox 532 3795 2118 3868">
     <span class='ocr_line' id='line_1_69' title="bbox 532 3795 2118 3868; baseline -0.006 -11"><span class='ocrx_word' id='word_1_536' title='bbox 532 3811 588 3857; x_wconf 92' lang='lat' dir='ltr'><strong>et</strong></span> <span class='ocrx_word' id='word_1_537' title='bbox 611 3801 744 3858; x_wconf 86' lang='lat' dir='ltr'><strong>velle</strong></span> <span class='ocrx_word' id='word_1_538' title='bbox 772 3808 996 3855; x_wconf 86' lang='lat' dir='ltr'><strong>cantare</strong></span> <span class='ocrx_word' id='word_1_539' title='bbox 1027 3797 1160 3868; x_wconf 83' lang='lat' dir='ltr'><strong>regi.</strong></span> <span class='ocrx_word' id='word_1_540' title='bbox 1178 3795 1421 3863; x_wconf 87' lang='lat' dir='ltr'><strong>Quatuor</strong></span> <span class='ocrx_word' id='word_1_541' title='bbox 1444 3796 1619 3850; x_wconf 90' lang='lat' dir='ltr'><strong>modis</strong></span> <span class='ocrx_word' id='word_1_542' title='bbox 1648 3795 1831 3850; x_wconf 88' lang='lat' dir='ltr'><strong>laudat</strong></span> <span class='ocrx_word' id='word_1_543' title='bbox 1857 3810 2118 3865; x_wconf 82' lang='lat' dir='ltr'><strong>sponsum</strong></span> 
     </span>
    </p>
   </div>
   <div class='ocr_carea' id='block_1_70' title="bbox 533 3883 2121 3963">
    <p class='ocr_par' dir='ltr' id='par_1_70' title="bbox 533 3883 2121 3963">
     <span class='ocr_line' id='line_1_70' title="bbox 533 3883 2121 3963; baseline -0.006 -16"><span class='ocrx_word' id='word_1_544' title='bbox 533 3901 588 3947; x_wconf 91' lang='lat' dir='ltr'><strong>et</strong></span> <span class='ocrx_word' id='word_1_545' title='bbox 612 3899 845 3963; x_wconf 85' lang='lat' dir='ltr'><strong>quatuor</strong></span> <span class='ocrx_word' id='word_1_546' title='bbox 866 3903 1143 3960; x_wconf 88' lang='lat' dir='ltr'><strong>sponsam.</strong></span> <span class='ocrx_word' id='word_1_547' title='bbox 1171 3885 1383 3941; x_wconf 88' lang='lat' dir='ltr'><strong>Titulus</strong></span> <span class='ocrx_word' id='word_1_548' title='bbox 1403 3886 1483 3940; x_wconf 90' lang='lat' dir='ltr'><strong>sic</strong></span> <span class='ocrx_word' id='word_1_549' title='bbox 1509 3884 1797 3955; x_wconf 81' lang='lat' dir='ltr'><strong>exponitur</strong></span> <span class='ocrx_word' id='word_1_550' title='bbox 1831 3902 1843 3936; x_wconf 93' lang='lat'>:</span> <span class='ocrx_word' id='word_1_551' title='bbox 1871 3883 2121 3939; x_wconf 87' lang='lat' dir='ltr'><strong>Psalmus</strong></span> 
     </span>
    </p>
   </div>
   <div class='ocr_carea' id='block_1_71' title="bbox 536 3974 2118 4049">
    <p class='ocr_par' dir='ltr' id='par_1_71' title="bbox 536 3974 2118 4049">
     <span class='ocr_line' id='line_1_71' title="bbox 536 3974 2118 4049; baseline -0.005 -11"><span class='ocrx_word' id='word_1_552' title='bbox 536 3984 637 4038; x_wconf 91' lang='lat' dir='ltr'><strong>iste</strong></span> <span class='ocrx_word' id='word_1_553' title='bbox 663 3989 891 4037; x_wconf 87' lang='lat' dir='ltr'><strong>vocatur</strong></span> <span class='ocrx_word' id='word_1_554' title='bbox 916 3979 1214 4042; x_wconf 89' lang='lat' dir='ltr'><strong>canticum,</strong></span> <span class='ocrx_word' id='word_1_555' title='bbox 1237 3977 1363 4049; x_wconf 90' lang='lat' dir='ltr'><strong>quia</strong></span> <span class='ocrx_word' id='word_1_556' title='bbox 1389 3976 1653 4047; x_wconf 90' lang='lat' dir='ltr'><strong>propheta</strong></span> <span class='ocrx_word' id='word_1_557' title='bbox 1681 3974 2118 4044; x_wconf 88' lang='lat' dir='ltr'><strong>coniunctionem</strong></span> 
     </span>
    </p>
   </div>
   <div class='ocr_carea' id='block_1_72' title="bbox 536 4066 2123 4139">
    <p class='ocr_par' dir='ltr' id='par_1_72' title="bbox 536 4066 2123 4139">
     <span class='ocr_line' id='line_1_72' title="bbox 536 4066 2123 4139; baseline -0.004 -10"><span class='ocrx_word' id='word_1_558' title='bbox 536 4074 736 4130; x_wconf 84' lang='lat' dir='ltr'><strong>Christi</strong></span> <span class='ocrx_word' id='word_1_559' title='bbox 766 4081 822 4127; x_wconf 89' lang='lat' dir='ltr'><strong>et</strong></span> <span class='ocrx_word' id='word_1_560' title='bbox 864 4071 1108 4126; x_wconf 82' lang='lat' dir='ltr'><strong>ecclesiae</strong></span> <span class='ocrx_word' id='word_1_561' title='bbox 1144 4068 1447 4139; x_wconf 76' lang='lat' dir='ltr'><strong>prtevidens</strong></span> <span class='ocrx_word' id='word_1_562' title='bbox 1475 4066 1735 4131; x_wconf 85' lang='lat' dir='ltr'><strong>futuram,</strong></span> <span class='ocrx_word' id='word_1_563' title='bbox 1775 4082 1899 4122; x_wconf 89' lang='lat' dir='ltr'><strong>eam</strong></span> <span class='ocrx_word' id='word_1_564' title='bbox 1934 4068 1988 4122; x_wconf 93' lang='lat' dir='ltr'><strong>in</strong></span> <span class='ocrx_word' id='word_1_565' title='bbox 2017 4069 2123 4124; x_wconf 90' lang='lat' dir='ltr'><strong>hoc</strong></span> 
     </span>
    </p>
   </div>
   <div class='ocr_carea' id='block_1_73' title="bbox 538 4158 2121 4237">
    <p class='ocr_par' dir='ltr' id='par_1_73' title="bbox 538 4158 2121 4237">
     <span class='ocr_line' id='line_1_73' title="bbox 538 4158 2121 4237; baseline -0.002 -19"><span class='ocrx_word' id='word_1_566' title='bbox 538 4165 745 4237; x_wconf 84' lang='lat' dir='ltr'><strong>psalmo</strong></span> <span class='ocrx_word' id='word_1_567' title='bbox 774 4178 897 4217; x_wconf 90' lang='lat' dir='ltr'><strong>cum</strong></span> <span class='ocrx_word' id='word_1_568' title='bbox 936 4176 1131 4230; x_wconf 85' lang='lat' dir='ltr'><strong>magna</strong></span> <span class='ocrx_word' id='word_1_569' title='bbox 1159 4158 1522 4214; x_wconf 87' lang='lat' dir='ltr'><strong>exsultatione</strong></span> <span class='ocrx_word' id='word_1_570' title='bbox 1559 4158 1890 4228; x_wconf 86' lang='lat' dir='ltr'><strong>pronuntiat,</strong></span> <span class='ocrx_word' id='word_1_571' title='bbox 1919 4173 1984 4213; x_wconf 86' lang='lat' dir='ltr'><strong>ex</strong></span> <span class='ocrx_word' id='word_1_572' title='bbox 2015 4173 2121 4228; x_wconf 85' lang='lat' dir='ltr'><strong>qua</strong></span> 
     </span>
    </p>
   </div>
   <div class='ocr_carea' id='block_1_74' title="bbox 540 4247 2120 4322">
    <p class='ocr_par' dir='ltr' id='par_1_74' title="bbox 540 4247 2120 4322">
     <span class='ocr_line' id='line_1_74' title="bbox 540 4247 2120 4322; baseline -0.006 -11"><span class='ocrx_word' id='word_1_573' title='bbox 540 4254 920 4322; x_wconf 75' lang='lat' dir='ltr'><strong>coniunctione</strong></span> <span class='ocrx_word' id='word_1_574' title='bbox 976 4249 1270 4320; x_wconf 89' lang='lat' dir='ltr'><strong>unicuique</strong></span> <span class='ocrx_word' id='word_1_575' title='bbox 1333 4248 1476 4305; x_wconf 90' lang='lat' dir='ltr'><strong>ﬁdeli</strong></span> <span class='ocrx_word' id='word_1_576' title='bbox 1539 4247 1863 4316; x_wconf 81' lang='lat' dir='ltr'><strong>intelligenti</strong></span> <span class='ocrx_word' id='word_1_577' title='bbox 1928 4262 2120 4319; x_wconf 87' lang='lat' dir='ltr'><strong>magna</strong></span> 
     </span>
    </p>
   </div>
   <div class='ocr_carea' id='block_1_75' title="bbox 543 4338 2125 4415">
    <p class='ocr_par' dir='ltr' id='par_1_75' title="bbox 543 4338 2125 4415">
     <span class='ocr_line' id='line_1_75' title="bbox 543 4338 2125 4415; baseline -0.004 -15"><span class='ocrx_word' id='word_1_578' title='bbox 543 4344 833 4401; x_wconf 79' lang='lat' dir='ltr'><strong>exsultatio</strong></span> <span class='ocrx_word' id='word_1_579' title='bbox 858 4351 1171 4415; x_wconf 86' lang='lat' dir='ltr'><strong>generatur,</strong></span> <span class='ocrx_word' id='word_1_580' title='bbox 1202 4340 1469 4396; x_wconf 89' lang='lat' dir='ltr'><strong>canticum</strong></span> <span class='ocrx_word' id='word_1_581' title='bbox 1489 4340 1611 4409; x_wconf 83' lang='lat' dir='ltr'><strong>dico</strong></span> <span class='ocrx_word' id='word_1_582' title='bbox 1638 4339 1881 4395; x_wconf 88' lang='lat' dir='ltr'><strong>habitum</strong></span> <span class='ocrx_word' id='word_1_583' title='bbox 1911 4354 2010 4411; x_wconf 89' lang='lat' dir='ltr'><strong>pro</strong></span> <span class='ocrx_word' id='word_1_584' title='bbox 2038 4338 2125 4395; x_wconf 89' lang='lat' dir='ltr'><strong>his</strong></span> 
     </span>
    </p>
   </div>
   <div class='ocr_carea' id='block_1_76' title="bbox 543 4434 2124 4508">
    <p class='ocr_par' dir='ltr' id='par_1_76' title="bbox 543 4434 2124 4508">
     <span class='ocr_line' id='line_1_76' title="bbox 543 4434 2124 4508; baseline -0.001 -15"><span class='ocrx_word' id='word_1_585' title='bbox 543 4440 634 4508; x_wconf 89' lang='lat' dir='ltr'><strong>qui</strong></span> <span class='ocrx_word' id='word_1_586' title='bbox 671 4438 1148 4495; x_wconf 83' lang='lat' dir='ltr'><strong>eommutahuntur</strong></span> <span class='ocrx_word' id='word_1_587' title='bbox 1177 4435 1244 4491; x_wconf 90' lang='lat' dir='ltr'><strong>de</strong></span> <span class='ocrx_word' id='word_1_588' title='bbox 1279 4434 1597 4491; x_wconf 86' lang='lat' dir='ltr'><strong>inﬁdelitate</strong></span> <span class='ocrx_word' id='word_1_589' title='bbox 1622 4434 1689 4491; x_wconf 89' lang='lat' dir='ltr'><strong>ad</strong></span> <span class='ocrx_word' id='word_1_590' title='bbox 1717 4436 1900 4492; x_wconf 89' lang='lat' dir='ltr'><strong>ﬁdem.</strong></span> <span class='ocrx_word' id='word_1_591' title='bbox 1928 4436 1986 4492; x_wconf 90' lang='lat' dir='ltr'><strong>ln</strong></span> <span class='ocrx_word' id='word_1_592' title='bbox 2019 4436 2124 4491; x_wconf 88' lang='lat' dir='ltr'><strong>hoc</strong></span> 
     </span>
    </p>
   </div>
   <div class='ocr_carea' id='block_1_77' title="bbox 543 4526 2122 4599">
    <p class='ocr_par' dir='ltr' id='par_1_77' title="bbox 543 4526 2122 4599">
     <span class='ocr_line' id='line_1_77' title="bbox 543 4526 2122 4599; baseline -0.002 -15"><span class='ocrx_word' id='word_1_593' title='bbox 543 4529 687 4584; x_wconf 90' lang='lat' dir='ltr'><strong>enim</strong></span> <span class='ocrx_word' id='word_1_594' title='bbox 725 4527 934 4599; x_wconf 88' lang='lat' dir='ltr'><strong>psalmo</strong></span> <span class='ocrx_word' id='word_1_595' title='bbox 978 4527 1213 4582; x_wconf 85' lang='lat' dir='ltr'><strong>maxime</strong></span> <span class='ocrx_word' id='word_1_596' title='bbox 1252 4526 1663 4582; x_wconf 85' lang='lat' dir='ltr'><strong>commendatur</strong></span> <span class='ocrx_word' id='word_1_597' title='bbox 1690 4526 1954 4592; x_wconf 89' lang='lat' dir='ltr'><strong>Ecclesia,</strong></span> <span class='ocrx_word' id='word_1_598' title='bbox 2005 4526 2122 4598; x_wconf 88' lang='lat' dir='ltr'><strong>ipsa</strong></span> 
     </span>
    </p>
   </div>
   <div class='ocr_carea' id='block_1_78' title="bbox 550 4618 2131 4689">
    <p class='ocr_par' dir='ltr' id='par_1_78' title="bbox 550 4618 2131 4689">
     <span class='ocr_line' id='line_1_78' title="bbox 550 4618 2131 4689; baseline -0.003 -12"><span class='ocrx_word' id='word_1_599' title='bbox 550 4622 697 4677; x_wconf 90' lang='lat' dir='ltr'><strong>enim</strong></span> <span class='ocrx_word' id='word_1_600' title='bbox 728 4619 973 4676; x_wconf 86' lang='lat' dir='ltr'><strong>Ecclesia</strong></span> <span class='ocrx_word' id='word_1_601' title='bbox 999 4626 1100 4682; x_wconf 88' lang='lat' dir='ltr'><strong>est,</strong></span> <span class='ocrx_word' id='word_1_602' title='bbox 1134 4634 1253 4689; x_wconf 74' lang='lat' dir='ltr'><strong>qua:</strong></span> <span class='ocrx_word' id='word_1_603' title='bbox 1279 4618 1718 4674; x_wconf 90' lang='lat' dir='ltr'><strong>commutabitur.</strong></span> <span class='ocrx_word' id='word_1_604' title='bbox 1736 4618 1792 4673; x_wconf 89' lang='lat' dir='ltr'><strong>In</strong></span> <span class='ocrx_word' id='word_1_605' title='bbox 1814 4618 1919 4673; x_wconf 88' lang='lat' dir='ltr'><strong>hac</strong></span> <span class='ocrx_word' id='word_1_606' title='bbox 1944 4626 2131 4674; x_wconf 85' lang='lat' dir='ltr'><strong>autem</strong></span> 
     </span>
    </p>
   </div>
   <div class='ocr_carea' id='block_1_79' title="bbox 545 4707 2125 4789">
    <p class='ocr_par' dir='ltr' id='par_1_79' title="bbox 545 4707 2125 4789">
     <span class='ocr_line' id='line_1_79' title="bbox 545 4707 2125 4789; baseline -0.002 -22"><span class='ocrx_word' id='word_1_607' title='bbox 545 4714 655 4767; x_wconf 88' lang='lat' dir='ltr'><strong>vita</strong></span> <span class='ocrx_word' id='word_1_608' title='bbox 682 4717 1081 4767; x_wconf 86' lang='lat' dir='ltr'><strong>commutantur</strong></span> <span class='ocrx_word' id='word_1_609' title='bbox 1106 4710 1303 4789; x_wconf 76' lang='lat' dir='ltr'><strong>sancti,</strong></span> <span class='ocrx_word' id='word_1_610' title='bbox 1331 4709 1548 4780; x_wconf 90' lang='lat' dir='ltr'><strong>quando</strong></span> <span class='ocrx_word' id='word_1_611' title='bbox 1575 4709 1640 4765; x_wconf 90' lang='lat' dir='ltr'><strong>de</strong></span> <span class='ocrx_word' id='word_1_612' title='bbox 1667 4724 1893 4779; x_wconf 85' lang='lat' dir='ltr'><strong>corpore</strong></span> <span class='ocrx_word' id='word_1_613' title='bbox 1923 4707 2125 4764; x_wconf 86' lang='lat' dir='ltr'><strong>diaboli</strong></span> 
     </span>
    </p>
   </div>
   <div class='ocr_carea' id='block_1_80' title="bbox 548 4800 2122 4871">
    <p class='ocr_par' dir='ltr' id='par_1_80' title="bbox 548 4800 2122 4871">
     <span class='ocr_line' id='line_1_80' title="bbox 548 4800 2122 4871; baseline -0.002 -14"><span class='ocrx_word' id='word_1_614' title='bbox 548 4809 872 4858; x_wconf 87' lang='lat' dir='ltr'><strong>transeunt:</strong></span> <span class='ocrx_word' id='word_1_615' title='bbox 909 4801 1123 4856; x_wconf 87' lang='lat' dir='ltr'><strong>tandem</strong></span> <span class='ocrx_word' id='word_1_616' title='bbox 1168 4815 1296 4855; x_wconf 89' lang='lat' dir='ltr'><strong>vero</strong></span> <span class='ocrx_word' id='word_1_617' title='bbox 1336 4800 1579 4871; x_wconf 72' lang='lat' dir='ltr'><strong>perfecte</strong></span> <span class='ocrx_word' id='word_1_618' title='bbox 1623 4800 2122 4864; x_wconf 88' lang='lat' dir='ltr'><strong>commutahuntur,</strong></span> 
     </span>
    </p>
   </div>
   <div class='ocr_carea' id='block_1_81' title="bbox 549 4888 2123 4964">
    <p class='ocr_par' dir='ltr' id='par_1_81' title="bbox 549 4888 2123 4964">
     <span class='ocr_line' id='line_1_81' title="bbox 549 4888 2123 4964; baseline -0.001 -18"><span class='ocrx_word' id='word_1_619' title='bbox 549 4891 765 4964; x_wconf 86' lang='lat' dir='ltr'><strong>quando</strong></span> <span class='ocrx_word' id='word_1_620' title='bbox 801 4890 1207 4945; x_wconf 84' lang='lat' dir='ltr'><strong>immortalitate</strong></span> <span class='ocrx_word' id='word_1_621' title='bbox 1249 4899 1306 4945; x_wconf 91' lang='lat' dir='ltr'><strong>et</strong></span> <span class='ocrx_word' id='word_1_622' title='bbox 1334 4889 1762 4960; x_wconf 86' lang='lat' dir='ltr'><strong>impassihilitate</strong></span> <span class='ocrx_word' id='word_1_623' title='bbox 1786 4888 2076 4945; x_wconf 89' lang='lat' dir='ltr'><strong>induentur</strong></span> <span class='ocrx_word' id='word_1_624' title='bbox 2108 4907 2123 4945; x_wconf 91' lang='lat'><strong>:</strong></span> 
     </span>
    </p>
   </div>
   <div class='ocr_carea' id='block_1_82' title="bbox 549 4979 2124 5053">
    <p class='ocr_par' dir='ltr' id='par_1_82' title="bbox 549 4979 2124 5053">
     <span class='ocr_line' id='line_1_82' title="bbox 549 4979 2124 5053; baseline -0.004 -11"><span class='ocrx_word' id='word_1_625' title='bbox 549 4986 823 5042; x_wconf 91' lang='lat' dir='ltr'><strong>canticum</strong></span> <span class='ocrx_word' id='word_1_626' title='bbox 845 4982 964 5039; x_wconf 91' lang='lat' dir='ltr'><strong>dico</strong></span> <span class='ocrx_word' id='word_1_627' title='bbox 982 4983 1316 5053; x_wconf 92' lang='lat' dir='ltr'><strong>propositum</strong></span> <span class='ocrx_word' id='word_1_628' title='bbox 1342 4981 1468 5038; x_wconf 88' lang='lat' dir='ltr'><strong>ﬁliis</strong></span> <span class='ocrx_word' id='word_1_629' title='bbox 1483 4981 1658 5037; x_wconf 89' lang='lat' dir='ltr'><strong>Chore</strong></span> <span class='ocrx_word' id='word_1_630' title='bbox 1679 4980 1747 5035; x_wconf 91' lang='lat' dir='ltr'><strong>ad</strong></span> <span class='ocrx_word' id='word_1_631' title='bbox 1776 4979 2124 5037; x_wconf 84' lang='lat' dir='ltr'><strong>intellectum.</strong></span> 
     </span>
    </p>
   </div>
   <div class='ocr_carea' id='block_1_83' title="bbox 554 5070 2129 5142">
    <p class='ocr_par' dir='ltr' id='par_1_83' title="bbox 554 5070 2129 5142">
     <span class='ocr_line' id='line_1_83' title="bbox 554 5070 2129 5142; baseline -0.001 -13"><span class='ocrx_word' id='word_1_632' title='bbox 554 5076 719 5131; x_wconf 77' lang='lat' dir='ltr'><strong>Valde</strong></span> <span class='ocrx_word' id='word_1_633' title='bbox 737 5074 880 5131; x_wconf 91' lang='lat' dir='ltr'><strong>enim</strong></span> <span class='ocrx_word' id='word_1_634' title='bbox 906 5075 1268 5130; x_wconf 88' lang='lat' dir='ltr'><strong>necessarium</strong></span> <span class='ocrx_word' id='word_1_635' title='bbox 1293 5081 1433 5138; x_wconf 90' lang='lat' dir='ltr'><strong>erat,</strong></span> <span class='ocrx_word' id='word_1_636' title='bbox 1460 5081 1520 5126; x_wconf 93' lang='lat' dir='ltr'><strong>ut</strong></span> <span class='ocrx_word' id='word_1_637' title='bbox 1540 5070 1667 5126; x_wconf 88' lang='lat' dir='ltr'><strong>illud</strong></span> <span class='ocrx_word' id='word_1_638' title='bbox 1688 5086 1969 5138; x_wconf 88' lang='lat' dir='ltr'><strong>arcanum,</strong></span> <span class='ocrx_word' id='word_1_639' title='bbox 1986 5074 2129 5142; x_wconf 89' lang='lat' dir='ltr'><strong>quod</strong></span> 
     </span>
    </p>
   </div>
   <div class='ocr_carea' id='block_1_84' title="bbox 554 5161 2129 5237">
    <p class='ocr_par' dir='ltr' id='par_1_84' title="bbox 554 5161 2129 5237">
     <span class='ocr_line' id='line_1_84' title="bbox 554 5161 2129 5237; baseline -0.001 -15"><span class='ocrx_word' id='word_1_640' title='bbox 554 5166 732 5222; x_wconf 89' lang='lat' dir='ltr'><strong>adhuc</strong></span> <span class='ocrx_word' id='word_1_641' title='bbox 775 5165 960 5221; x_wconf 91' lang='lat' dir='ltr'><strong>multis</strong></span> <span class='ocrx_word' id='word_1_642' title='bbox 990 5165 1232 5237; x_wconf 86' lang='lat' dir='ltr'><strong>ignotum</strong></span> <span class='ocrx_word' id='word_1_643' title='bbox 1258 5173 1397 5227; x_wconf 89' lang='lat' dir='ltr'><strong>erat,</strong></span> <span class='ocrx_word' id='word_1_644' title='bbox 1432 5162 1639 5217; x_wconf 86' lang='lat' dir='ltr'><strong>scilicet</strong></span> <span class='ocrx_word' id='word_1_645' title='bbox 1695 5161 2129 5231; x_wconf 87' lang='lat' dir='ltr'><strong>coniunctionem</strong></span> 
     </span>
    </p>
   </div>
   <div class='ocr_carea' id='block_1_85' title="bbox 554 5254 2129 5325">
    <p class='ocr_par' dir='ltr' id='par_1_85' title="bbox 554 5254 2129 5325">
     <span class='ocr_line' id='line_1_85' title="bbox 554 5254 2129 5325; baseline -0.002 -10"><span class='ocrx_word' id='word_1_646' title='bbox 554 5258 757 5315; x_wconf 91' lang='lat' dir='ltr'><strong>Christi</strong></span> <span class='ocrx_word' id='word_1_647' title='bbox 784 5266 838 5314; x_wconf 91' lang='lat' dir='ltr'><strong>et</strong></span> <span class='ocrx_word' id='word_1_648' title='bbox 861 5257 1138 5323; x_wconf 65' lang='lat' dir='ltr'><strong>Ecclesiaz,</strong></span> <span class='ocrx_word' id='word_1_649' title='bbox 1164 5255 1259 5311; x_wconf 91' lang='lat' dir='ltr'><strong>ﬁlii</strong></span> <span class='ocrx_word' id='word_1_650' title='bbox 1297 5254 1475 5310; x_wconf 89' lang='lat' dir='ltr'><strong>Chore</strong></span> <span class='ocrx_word' id='word_1_651' title='bbox 1506 5254 1887 5325; x_wconf 85' lang='lat' dir='ltr'><strong>intelligerent,</strong></span> <span class='ocrx_word' id='word_1_652' title='bbox 1924 5256 1979 5313; x_wconf 90' lang='lat' dir='ltr'><strong>id</strong></span> <span class='ocrx_word' id='word_1_653' title='bbox 2025 5266 2129 5323; x_wconf 89' lang='lat' dir='ltr'><strong>est,</strong></span> 
     </span>
    </p>
   </div>
   <div class='ocr_carea' id='block_1_86' title="bbox 559 5346 2135 5416">
    <p class='ocr_par' dir='ltr' id='par_1_86' title="bbox 559 5346 2135 5416">
     <span class='ocr_line' id='line_1_86' title="bbox 559 5346 2135 5416; baseline 0 -12"><span class='ocrx_word' id='word_1_654' title='bbox 559 5350 652 5405; x_wconf 86' lang='lat' dir='ltr'><strong>ﬁlii</strong></span> <span class='ocrx_word' id='word_1_655' title='bbox 675 5349 874 5416; x_wconf 88' lang='lat' dir='ltr'><strong>crucis,</strong></span> <span class='ocrx_word' id='word_1_656' title='bbox 909 5349 1179 5406; x_wconf 87' lang='lat' dir='ltr'><strong>canticum</strong></span> <span class='ocrx_word' id='word_1_657' title='bbox 1212 5346 1337 5401; x_wconf 91' lang='lat' dir='ltr'><strong>dico</strong></span> <span class='ocrx_word' id='word_1_658' title='bbox 1381 5360 1486 5401; x_wconf 94' lang='lat' dir='ltr'><strong>non</strong></span> <span class='ocrx_word' id='word_1_659' title='bbox 1512 5354 1721 5401; x_wconf 88' lang='lat' dir='ltr'><strong>tantum</strong></span> <span class='ocrx_word' id='word_1_660' title='bbox 1743 5362 1842 5416; x_wconf 90' lang='lat' dir='ltr'><strong>pro</strong></span> <span class='ocrx_word' id='word_1_661' title='bbox 1866 5348 1952 5404; x_wconf 90' lang='lat' dir='ltr'><strong>his</strong></span> <span class='ocrx_word' id='word_1_662' title='bbox 1980 5348 2135 5404; x_wconf 86' lang='lat' dir='ltr'><strong>habi—</strong></span> 
     </span>
    </p>
   </div>
   <div class='ocr_carea' id='block_1_87' title="bbox 559 5436 2131 5513">
    <p class='ocr_par' dir='ltr' id='par_1_87' title="bbox 559 5436 2131 5513">
     <span class='ocr_line' id='line_1_87' title="bbox 559 5436 2131 5513; baseline -0.001 -20"><span class='ocrx_word' id='word_1_663' title='bbox 559 5448 672 5493; x_wconf 91' lang='lat' dir='ltr'><strong>tum</strong></span> <span class='ocrx_word' id='word_1_664' title='bbox 695 5438 788 5509; x_wconf 89' lang='lat' dir='ltr'><strong>qui</strong></span> <span class='ocrx_word' id='word_1_665' title='bbox 831 5436 1331 5501; x_wconf 86' lang='lat' dir='ltr'><strong>commutabuntur,</strong></span> <span class='ocrx_word' id='word_1_666' title='bbox 1359 5436 1454 5490; x_wconf 90' lang='lat' dir='ltr'><strong>sed</strong></span> <span class='ocrx_word' id='word_1_667' title='bbox 1487 5436 1674 5513; x_wconf 48' lang='grc' dir='ltr'><strong>εξιίειιιικ</strong></span> <span class='ocrx_word' id='word_1_668' title='bbox 1689 5451 1789 5506; x_wconf 89' lang='lat' dir='ltr'><strong>pro</strong></span> <span class='ocrx_word' id='word_1_669' title='bbox 1830 5437 2046 5503; x_wconf 89' lang='lat' dir='ltr'><strong>dilecto,</strong></span> <span class='ocrx_word' id='word_1_670' title='bbox 2077 5438 2131 5493; x_wconf 88' lang='lat' dir='ltr'><strong>id</strong></span> 
     </span>
    </p>
   </div>
   <div class='ocr_carea' id='block_1_88' title="bbox 558 5524 2133 5596">
    <p class='ocr_par' dir='ltr' id='par_1_88' title="bbox 558 5524 2133 5596">
     <span class='ocr_line' id='line_1_88' title="bbox 558 5524 2133 5596; baseline -0.003 -11"><span class='ocrx_word' id='word_1_671' title='bbox 558 5536 664 5594; x_wconf 89' lang='lat' dir='ltr'><strong>est,</strong></span> <span class='ocrx_word' id='word_1_672' title='bbox 697 5528 765 5583; x_wconf 92' lang='lat' dir='ltr'><strong>ad</strong></span> <span class='ocrx_word' id='word_1_673' title='bbox 802 5528 1063 5583; x_wconf 89' lang='lat' dir='ltr'><strong>honorem</strong></span> <span class='ocrx_word' id='word_1_674' title='bbox 1094 5524 1299 5591; x_wconf 88' lang='lat' dir='ltr'><strong>dilecti,</strong></span> <span class='ocrx_word' id='word_1_675' title='bbox 1337 5525 1390 5580; x_wconf 92' lang='lat' dir='ltr'><strong>id</strong></span> <span class='ocrx_word' id='word_1_676' title='bbox 1414 5533 1517 5591; x_wconf 88' lang='lat' dir='ltr'><strong>est,</strong></span> <span class='ocrx_word' id='word_1_677' title='bbox 1545 5524 1765 5592; x_wconf 87' lang='lat' dir='ltr'><strong>Christi,</strong></span> <span class='ocrx_word' id='word_1_678' title='bbox 1805 5527 1898 5596; x_wconf 89' lang='lat' dir='ltr'><strong>qui</strong></span> <span class='ocrx_word' id='word_1_679' title='bbox 1927 5526 2133 5596; x_wconf 87' lang='lat' dir='ltr'><strong>specia-</strong></span> 
     </span>
    </p>
   </div>
   <div class='ocr_carea' id='block_1_89' title="bbox 563 5615 2136 5687">
    <p class='ocr_par' dir='ltr' id='par_1_89' title="bbox 563 5615 2136 5687">
     <span class='ocr_line' id='line_1_89' title="bbox 563 5615 2136 5687; baseline -0.003 -10"><span class='ocrx_word' id='word_1_680' title='bbox 563 5619 686 5677; x_wconf 85' lang='lat' dir='ltr'><strong>liter</strong></span> <span class='ocrx_word' id='word_1_681' title='bbox 733 5618 933 5675; x_wconf 90' lang='lat' dir='ltr'><strong>dieitur</strong></span> <span class='ocrx_word' id='word_1_682' title='bbox 984 5629 1105 5672; x_wconf 90' lang='lat' dir='ltr'><strong>esse</strong></span> <span class='ocrx_word' id='word_1_683' title='bbox 1158 5615 1413 5679; x_wconf 91' lang='lat' dir='ltr'><strong>dilectus,</strong></span> <span class='ocrx_word' id='word_1_684' title='bbox 1462 5616 1588 5687; x_wconf 91' lang='lat' dir='ltr'><strong>quia</strong></span> <span class='ocrx_word' id='word_1_685' title='bbox 1640 5616 1685 5671; x_wconf 88' lang='lat' dir='ltr'><strong>si</strong></span> <span class='ocrx_word' id='word_1_686' title='bbox 1731 5616 1927 5686; x_wconf 88' lang='lat' dir='ltr'><strong>aliquis</strong></span> <span class='ocrx_word' id='word_1_687' title='bbox 1956 5616 2136 5687; x_wconf 87' lang='lat' dir='ltr'><strong>iustus</strong></span> 
     </span>
    </p>
   </div>
   <div class='ocr_carea' id='block_1_90' title="bbox 562 5707 2137 5784">
    <p class='ocr_par' dir='ltr' id='par_1_90' title="bbox 562 5707 2137 5784">
     <span class='ocr_line' id='line_1_90' title="bbox 562 5707 2137 5784; baseline 0.001 -19"><span class='ocrx_word' id='word_1_688' title='bbox 562 5718 782 5784; x_wconf 89' lang='lat' dir='ltr'><strong>propter</strong></span> <span class='ocrx_word' id='word_1_689' title='bbox 808 5709 1015 5778; x_wconf 89' lang='lat' dir='ltr'><strong>aliquas</strong></span> <span class='ocrx_word' id='word_1_690' title='bbox 1042 5708 1271 5763; x_wconf 90' lang='lat' dir='ltr'><strong>virtutes</strong></span> <span class='ocrx_word' id='word_1_691' title='bbox 1315 5707 1513 5763; x_wconf 88' lang='lat' dir='ltr'><strong>dicitur</strong></span> <span class='ocrx_word' id='word_1_692' title='bbox 1539 5723 1659 5764; x_wconf 89' lang='lat' dir='ltr'><strong>esse</strong></span> <span class='ocrx_word' id='word_1_693' title='bbox 1686 5708 1934 5775; x_wconf 85' lang='lat' dir='ltr'><strong>dilectus,</strong></span> <span class='ocrx_word' id='word_1_694' title='bbox 1968 5711 2137 5767; x_wconf 90' lang='lat' dir='ltr'><strong>multo</strong></span> 
     </span>
    </p>
   </div>
   <div class='ocr_carea' id='block_1_91' title="bbox 569 5797 2139 5872">
    <p class='ocr_par' dir='ltr' id='par_1_91' title="bbox 569 5797 2139 5872">
     <span class='ocr_line' id='line_1_91' title="bbox 569 5797 2139 5872; baseline -0.001 -15"><span class='ocrx_word' id='word_1_695' title='bbox 569 5800 740 5870; x_wconf 85' lang='lat' dir='ltr'><strong>magis</strong></span> <span class='ocrx_word' id='word_1_696' title='bbox 764 5798 1033 5858; x_wconf 84' lang='lat' dir='ltr'><strong>Christus.</strong></span> <span class='ocrx_word' id='word_1_697' title='bbox 1061 5798 1153 5871; x_wconf 87' lang='lat' dir='ltr'><strong>qui</strong></span> <span class='ocrx_word' id='word_1_698' title='bbox 1201 5797 1329 5853; x_wconf 89' lang='lat' dir='ltr'><strong>nihil</strong></span> <span class='ocrx_word' id='word_1_699' title='bbox 1370 5800 1471 5855; x_wconf 90' lang='lat' dir='ltr'><strong>nisi</strong></span> <span class='ocrx_word' id='word_1_700' title='bbox 1514 5800 1714 5855; x_wconf 87' lang='lat' dir='ltr'><strong>bonum</strong></span> <span class='ocrx_word' id='word_1_701' title='bbox 1757 5801 1961 5867; x_wconf 90' lang='lat' dir='ltr'><strong>habuit,</strong></span> <span class='ocrx_word' id='word_1_702' title='bbox 1987 5799 2139 5872; x_wconf 85' lang='lat' dir='ltr'><strong>cuius</strong></span> 
     </span>
    </p>
   </div>
   <div class='ocr_carea' id='block_1_92' title="bbox 2215 3337 2667 3394">
    <p class='ocr_par' dir='ltr' id='par_1_92' title="bbox 2215 3337 2667 3394">
     <span class='ocr_line' id='line_1_92' title="bbox 2215 3337 2667 3394; baseline 0.004 -3"><span class='ocrx_word' id='word_1_703' title='bbox 2215 3337 2434 3393; x_wconf 85' lang='lat' dir='ltr'><strong>laudem</strong></span> <span class='ocrx_word' id='word_1_704' title='bbox 2467 3354 2667 3394; x_wconf 89' lang='lat' dir='ltr'><strong>meam.</strong></span> 
     </span>
    </p>
   </div>
   <div class='ocr_carea' id='block_1_93' title="bbox 2288 3428 3799 3507">
    <p class='ocr_par' dir='ltr' id='par_1_93' title="bbox 2288 3428 3799 3507">
     <span class='ocr_line' id='line_1_93' title="bbox 2288 3428 3799 3507; baseline 0.007 -25"><span class='ocrx_word' id='word_1_705' title='bbox 2288 3428 2354 3483; x_wconf 88' lang='lat' dir='ltr'><strong>Et</strong></span> <span class='ocrx_word' id='word_1_706' title='bbox 2378 3428 2494 3484; x_wconf 63' lang='lat' dir='ltr'><strong>haec</strong></span> <span class='ocrx_word' id='word_1_707' title='bbox 2518 3430 2916 3487; x_wconf 91' lang='lat' dir='ltr'><strong>commendatio</strong></span> <span class='ocrx_word' id='word_1_708' title='bbox 2944 3446 3064 3487; x_wconf 89' lang='lat' dir='ltr'><strong>mea</strong></span> <span class='ocrx_word' id='word_1_709' title='bbox 3087 3447 3194 3488; x_wconf 91' lang='lat' dir='ltr'><strong>non</strong></span> <span class='ocrx_word' id='word_1_710' title='bbox 3225 3442 3309 3488; x_wconf 89' lang='lat' dir='ltr'><strong>est</strong></span> <span class='ocrx_word' id='word_1_711' title='bbox 3341 3433 3651 3499; x_wconf 81' lang='lat' dir='ltr'><strong>refutanda,</strong></span> <span class='ocrx_word' id='word_1_712' title='bbox 3678 3438 3799 3507; x_wconf 75' lang='lat' dir='ltr'><strong>quia</strong></span> 
     </span>
    </p>
   </div>
   <div class='ocr_carea' id='block_1_94' title="bbox 2218 3520 3798 3599">
    <p class='ocr_par' dir='ltr' id='par_1_94' title="bbox 2218 3520 3798 3599">
     <span class='ocr_line' id='line_1_94' title="bbox 2218 3520 3798 3599; baseline 0.006 -24"><span class='ocrx_word' id='word_1_713' title='bbox 2218 3535 2323 3575; x_wconf 91' lang='lat' dir='ltr'><strong>non</strong></span> <span class='ocrx_word' id='word_1_714' title='bbox 2352 3520 2544 3591; x_wconf 92' lang='lat' dir='ltr'><strong>loquor</strong></span> <span class='ocrx_word' id='word_1_715' title='bbox 2572 3537 2638 3577; x_wconf 80' lang='lat' dir='ltr'><strong>ex</strong></span> <span class='ocrx_word' id='word_1_716' title='bbox 2669 3537 2777 3588; x_wconf 91' lang='lat' dir='ltr'><strong>me,</strong></span> <span class='ocrx_word' id='word_1_717' title='bbox 2803 3524 2897 3580; x_wconf 91' lang='lat' dir='ltr'><strong>sed</strong></span> <span class='ocrx_word' id='word_1_718' title='bbox 2929 3523 3166 3595; x_wconf 87' lang='lat' dir='ltr'><strong>Spiritus</strong></span> <span class='ocrx_word' id='word_1_719' title='bbox 3204 3535 3427 3582; x_wconf 87' lang='lat' dir='ltr'><strong>sanctus</strong></span> <span class='ocrx_word' id='word_1_720' title='bbox 3466 3527 3708 3599; x_wconf 88' lang='lat' dir='ltr'><strong>loquitur</strong></span> <span class='ocrx_word' id='word_1_721' title='bbox 3747 3531 3798 3584; x_wconf 77' lang='lat' dir='ltr'><strong>in</strong></span> 
     </span>
    </p>
   </div>
   <div class='ocr_carea' id='block_1_95' title="bbox 2220 3614 3799 3693">
    <p class='ocr_par' dir='ltr' id='par_1_95' title="bbox 2220 3614 3799 3693">
     <span class='ocr_line' id='line_1_95' title="bbox 2220 3614 3799 3693; baseline 0.007 -26"><span class='ocrx_word' id='word_1_722' title='bbox 2220 3627 2325 3677; x_wconf 87' lang='lat' dir='ltr'><strong>me,</strong></span> <span class='ocrx_word' id='word_1_723' title='bbox 2348 3621 2408 3667; x_wconf 92' lang='lat' dir='ltr'><strong>ut</strong></span> <span class='ocrx_word' id='word_1_724' title='bbox 2432 3627 2530 3683; x_wconf 91' lang='lat' dir='ltr'><strong>per</strong></span> <span class='ocrx_word' id='word_1_725' title='bbox 2554 3614 2995 3683; x_wconf 91' lang='lat' dir='ltr'><strong>instrumentum,</strong></span> <span class='ocrx_word' id='word_1_726' title='bbox 3022 3617 3205 3674; x_wconf 89' lang='lat' dir='ltr'><strong>ethoc</strong></span> <span class='ocrx_word' id='word_1_727' title='bbox 3240 3626 3364 3674; x_wconf 88' lang='lat' dir='ltr'><strong>est:</strong></span> <span class='ocrx_word' id='word_1_728' title='bbox 3398 3638 3418 3671; x_wconf 78' lang='grc' dir='ltr'><strong>ι</strong></span> <span class='ocrx_word' id='word_1_729' title='bbox 3446 3619 3658 3693; x_wconf 84' lang='lat' dir='ltr'><strong>Lingua</strong></span> <span class='ocrx_word' id='word_1_730' title='bbox 3686 3637 3799 3678; x_wconf 78' lang='lat' dir='ltr'><strong>mea</strong></span> 
     </span>
    </p>
   </div>
   <div class='ocr_carea' id='block_1_96' title="bbox 2219 3702 3804 3782">
    <p class='ocr_par' dir='ltr' id='par_1_96' title="bbox 2219 3702 3804 3782">
     <span class='ocr_line' id='line_1_96' title="bbox 2219 3702 3804 3782; baseline 0.005 -24"><span class='ocrx_word' id='word_1_731' title='bbox 2219 3702 2479 3769; x_wconf 89' lang='lat' dir='ltr'><strong>calamus,</strong></span> <span class='ocrx_word' id='word_1_732' title='bbox 2527 3722 2546 3756; x_wconf 71' lang='grc' dir='ltr'><strong>ι</strong></span> <span class='ocrx_word' id='word_1_733' title='bbox 2578 3705 2631 3759; x_wconf 89' lang='lat' dir='ltr'><strong>id</strong></span> <span class='ocrx_word' id='word_1_734' title='bbox 2658 3714 2771 3772; x_wconf 88' lang='lat' dir='ltr'><strong>est,</strong></span> <span class='ocrx_word' id='word_1_735' title='bbox 2821 3707 3202 3777; x_wconf 86' lang='lat' dir='ltr'><strong>comparabilis</strong></span> <span class='ocrx_word' id='word_1_736' title='bbox 3232 3709 3462 3776; x_wconf 89' lang='lat' dir='ltr'><strong>calamo,</strong></span> <span class='ocrx_word' id='word_1_737' title='bbox 3492 3713 3643 3782; x_wconf 87' lang='lat' dir='ltr'><strong>quia,</strong></span> <span class='ocrx_word' id='word_1_738' title='bbox 3670 3714 3804 3769; x_wconf 84' lang='lat' dir='ltr'><strong>sicut</strong></span> 
     </span>
    </p>
   </div>
   <div class='ocr_carea' id='block_1_97' title="bbox 2219 3792 3806 3872">
    <p class='ocr_par' dir='ltr' id='par_1_97' title="bbox 2219 3792 3806 3872">
     <span class='ocr_line' id='line_1_97' title="bbox 2219 3792 3806 3872; baseline 0.006 -24"><span class='ocrx_word' id='word_1_739' title='bbox 2219 3792 2459 3848; x_wconf 89' lang='lat' dir='ltr'><strong>calamus</strong></span> <span class='ocrx_word' id='word_1_740' title='bbox 2492 3794 2628 3849; x_wconf 91' lang='lat' dir='ltr'><strong>nihil</strong></span> <span class='ocrx_word' id='word_1_741' title='bbox 2646 3810 2744 3864; x_wconf 88' lang='lat' dir='ltr'><strong>per</strong></span> <span class='ocrx_word' id='word_1_742' title='bbox 2768 3809 2827 3851; x_wconf 88' lang='lat' dir='ltr'><strong>se</strong></span> <span class='ocrx_word' id='word_1_743' title='bbox 2857 3796 3009 3864; x_wconf 81' lang='lat' dir='ltr'><strong>facit,</strong></span> <span class='ocrx_word' id='word_1_744' title='bbox 3048 3799 3149 3854; x_wconf 90' lang='lat' dir='ltr'><strong>nisi</strong></span> <span class='ocrx_word' id='word_1_745' title='bbox 3177 3798 3373 3870; x_wconf 82' lang='lat' dir='ltr'><strong>aliquis</strong></span> <span class='ocrx_word' id='word_1_746' title='bbox 3400 3815 3496 3872; x_wconf 87' lang='lat' dir='ltr'><strong>per</strong></span> <span class='ocrx_word' id='word_1_747' title='bbox 3519 3816 3645 3856; x_wconf 90' lang='lat' dir='ltr'><strong>eum</strong></span> <span class='ocrx_word' id='word_1_748' title='bbox 3672 3805 3806 3858; x_wconf 75' lang='lat' dir='ltr'><strong>seﬁ-</strong></span> 
     </span>
    </p>
   </div>
   <div class='ocr_carea' id='block_1_98' title="bbox 2221 3885 3802 3958">
    <p class='ocr_par' dir='ltr' id='par_1_98' title="bbox 2221 3885 3802 3958">
     <span class='ocr_line' id='line_1_98' title="bbox 2221 3885 3802 3958; baseline 0.003 -17"><span class='ocrx_word' id='word_1_749' title='bbox 2221 3886 2332 3951; x_wconf 89' lang='lat' dir='ltr'><strong>bat,</strong></span> <span class='ocrx_word' id='word_1_750' title='bbox 2388 3885 2466 3940; x_wconf 90' lang='lat' dir='ltr'><strong>sic</strong></span> <span class='ocrx_word' id='word_1_751' title='bbox 2497 3900 2597 3941; x_wconf 91' lang='lat' dir='ltr'><strong>nec</strong></span> <span class='ocrx_word' id='word_1_752' title='bbox 2639 3886 2822 3958; x_wconf 90' lang='lat' dir='ltr'><strong>lingua</strong></span> <span class='ocrx_word' id='word_1_753' title='bbox 2850 3902 2992 3955; x_wconf 90' lang='lat' dir='ltr'><strong>mea,</strong></span> <span class='ocrx_word' id='word_1_754' title='bbox 3021 3889 3262 3948; x_wconf 75' lang='lat' dir='ltr'><strong>calamus</strong></span> <span class='ocrx_word' id='word_1_755' title='bbox 3305 3890 3427 3947; x_wconf 88' lang='lat' dir='ltr'><strong>dico</strong></span> <span class='ocrx_word' id='word_1_756' title='bbox 3471 3910 3489 3943; x_wconf 88' lang='grc'><strong>‹</strong></span> <span class='ocrx_word' id='word_1_757' title='bbox 3521 3893 3748 3958; x_wconf 65' lang='grc' dir='ltr'>κῆδε,</span> <span class='ocrx_word' id='word_1_758' title='bbox 3784 3914 3802 3946; x_wconf 78' lang='grc' dir='ltr'><strong>ι</strong></span> 
     </span>
    </p>
   </div>
   <div class='ocr_carea' id='block_1_99' title="bbox 2222 3976 3807 4056">
    <p class='ocr_par' dir='ltr' id='par_1_99' title="bbox 2222 3976 3807 4056">
     <span class='ocr_line' id='line_1_99' title="bbox 2222 3976 3807 4056; baseline 0.004 -21"><span class='ocrx_word' id='word_1_759' title='bbox 2222 3976 2276 4035; x_wconf 87' lang='lat' dir='ltr'><strong>id</strong></span> <span class='ocrx_word' id='word_1_760' title='bbox 2304 3987 2387 4032; x_wconf 88' lang='lat' dir='ltr'><strong>est</strong></span> <span class='ocrx_word' id='word_1_761' title='bbox 2421 3976 2657 4047; x_wconf 89' lang='lat' dir='ltr'><strong>Spiritus</strong></span> <span class='ocrx_word' id='word_1_762' title='bbox 2684 3980 2879 4045; x_wconf 88' lang='lat' dir='ltr'><strong>sancti,</strong></span> <span class='ocrx_word' id='word_1_763' title='bbox 2909 3982 3003 4051; x_wconf 90' lang='lat' dir='ltr'><strong>qui</strong></span> <span class='ocrx_word' id='word_1_764' title='bbox 3027 3996 3125 4051; x_wconf 86' lang='lat' dir='ltr'><strong>per</strong></span> <span class='ocrx_word' id='word_1_765' title='bbox 3151 3999 3239 4039; x_wconf 89' lang='lat' dir='ltr'><strong>me</strong></span> <span class='ocrx_word' id='word_1_766' title='bbox 3263 3984 3465 4040; x_wconf 87' lang='lat' dir='ltr'><strong>scribat</strong></span> <span class='ocrx_word' id='word_1_767' title='bbox 3490 3993 3545 4040; x_wconf 90' lang='lat' dir='ltr'><strong>et</strong></span> <span class='ocrx_word' id='word_1_768' title='bbox 3575 4000 3681 4056; x_wconf 87' lang='lat' dir='ltr'><strong>per</strong></span> <span class='ocrx_word' id='word_1_769' title='bbox 3705 4002 3807 4042; x_wconf 77' lang='lat' dir='ltr'><strong>ea:-</strong></span> 
     </span>
    </p>
   </div>
   <div class='ocr_carea' id='block_1_100' title="bbox 2223 4066 3807 4143">
    <p class='ocr_par' dir='ltr' id='par_1_100' title="bbox 2223 4066 3807 4143">
     <span class='ocr_line' id='line_1_100' title="bbox 2223 4066 3807 4143; baseline 0.006 -19"><span class='ocrx_word' id='word_1_770' title='bbox 2223 4077 2369 4124; x_wconf 84' lang='lat' dir='ltr'><strong>teros</strong></span> <span class='ocrx_word' id='word_1_771' title='bbox 2389 4066 2683 4139; x_wconf 89' lang='lat' dir='ltr'><strong>prophetas</strong></span> <span class='ocrx_word' id='word_1_772' title='bbox 2708 4066 2880 4140; x_wconf 91' lang='lat' dir='ltr'><strong>legem</strong></span> <span class='ocrx_word' id='word_1_773' title='bbox 2905 4070 3000 4125; x_wconf 93' lang='lat' dir='ltr'><strong>Dei</strong></span> <span class='ocrx_word' id='word_1_774' title='bbox 3024 4072 3076 4126; x_wconf 91' lang='lat' dir='ltr'><strong>in</strong></span> <span class='ocrx_word' id='word_1_775' title='bbox 3107 4074 3270 4128; x_wconf 87' lang='lat' dir='ltr'><strong>corda</strong></span> <span class='ocrx_word' id='word_1_776' title='bbox 3291 4072 3592 4143; x_wconf 88' lang='lat' dir='ltr'><strong>hominum,</strong></span> <span class='ocrx_word' id='word_1_777' title='bbox 3614 4078 3807 4133; x_wconf 69' lang='lat' dir='ltr'><strong>scrib:</strong></span> 
     </span>
    </p>
   </div>
   <div class='ocr_carea' id='block_1_101' title="bbox 2223 4161 3804 4241">
    <p class='ocr_par' dir='ltr' id='par_1_101' title="bbox 2223 4161 3804 4241">
     <span class='ocr_line' id='line_1_101' title="bbox 2223 4161 3804 4241; baseline 0.006 -22"><span class='ocrx_word' id='word_1_778' title='bbox 2223 4162 2343 4219; x_wconf 88' lang='lat' dir='ltr'><strong>dico</strong></span> <span class='ocrx_word' id='word_1_779' title='bbox 2369 4180 2388 4213; x_wconf 82' lang='grc' dir='ltr'><strong>ι</strong></span> <span class='ocrx_word' id='word_1_780' title='bbox 2417 4161 2674 4218; x_wconf 87' lang='lat' dir='ltr'><strong>velociter</strong></span> <span class='ocrx_word' id='word_1_781' title='bbox 2706 4163 2995 4221; x_wconf 87' lang='lat' dir='ltr'><strong>scribentis</strong></span> <span class='ocrx_word' id='word_1_782' title='bbox 3020 4184 3034 4220; x_wconf 92' lang='lat'>:</span> <span class='ocrx_word' id='word_1_783' title='bbox 3064 4185 3083 4218; x_wconf 75' lang='grc' dir='ltr'><strong>ι</strong></span> <span class='ocrx_word' id='word_1_784' title='bbox 3113 4166 3239 4237; x_wconf 88' lang='lat' dir='ltr'><strong>quia</strong></span> <span class='ocrx_word' id='word_1_785' title='bbox 3261 4169 3408 4239; x_wconf 89' lang='lat' dir='ltr'><strong>quod</strong></span> <span class='ocrx_word' id='word_1_786' title='bbox 3430 4170 3680 4241; x_wconf 86' lang='lat' dir='ltr'><strong>magistri</strong></span> <span class='ocrx_word' id='word_1_787' title='bbox 3708 4187 3804 4227; x_wconf 82' lang='lat' dir='ltr'><strong>non</strong></span> 
     </span>
    </p>
   </div>
   <div class='ocr_carea' id='block_1_102' title="bbox 2219 4252 3808 4331">
    <p class='ocr_par' dir='ltr' id='par_1_102' title="bbox 2219 4252 3808 4331">
     <span class='ocr_line' id='line_1_102' title="bbox 2219 4252 3808 4331; baseline 0.007 -22"><span class='ocrx_word' id='word_1_788' title='bbox 2219 4262 2447 4323; x_wconf 89' lang='lat' dir='ltr'><strong>possunt</strong></span> <span class='ocrx_word' id='word_1_789' title='bbox 2493 4252 2673 4310; x_wconf 81' lang='lat' dir='ltr'><strong>facere</strong></span> <span class='ocrx_word' id='word_1_790' title='bbox 2715 4270 2815 4325; x_wconf 88' lang='lat' dir='ltr'><strong>per</strong></span> <span class='ocrx_word' id='word_1_791' title='bbox 2867 4256 3068 4314; x_wconf 89' lang='lat' dir='ltr'><strong>multos</strong></span> <span class='ocrx_word' id='word_1_792' title='bbox 3104 4273 3298 4326; x_wconf 88' lang='lat' dir='ltr'><strong>annos,</strong></span> <span class='ocrx_word' id='word_1_793' title='bbox 3328 4259 3568 4331; x_wconf 89' lang='lat' dir='ltr'><strong>Spiritus</strong></span> <span class='ocrx_word' id='word_1_794' title='bbox 3593 4274 3808 4320; x_wconf 82' lang='lat' dir='ltr'><strong>sanctus</strong></span> 
     </span>
    </p>
   </div>
   <div class='ocr_carea' id='block_1_103' title="bbox 2226 4344 3808 4423">
    <p class='ocr_par' dir='ltr' id='par_1_103' title="bbox 2226 4344 3808 4423">
     <span class='ocr_line' id='line_1_103' title="bbox 2226 4344 3808 4423; baseline 0.009 -25"><span class='ocrx_word' id='word_1_795' title='bbox 2226 4345 2278 4399; x_wconf 93' lang='lat' dir='ltr'><strong>in</strong></span> <span class='ocrx_word' id='word_1_796' title='bbox 2320 4355 2595 4401; x_wconf 90' lang='lat' dir='ltr'><strong>momento</strong></span> <span class='ocrx_word' id='word_1_797' title='bbox 2622 4344 2794 4406; x_wconf 78' lang='lat' dir='ltr'><strong>facit:</strong></span> <span class='ocrx_word' id='word_1_798' title='bbox 2827 4357 2886 4403; x_wconf 89' lang='lat' dir='ltr'><strong>ut</strong></span> <span class='ocrx_word' id='word_1_799' title='bbox 2930 4348 2983 4405; x_wconf 91' lang='lat' dir='ltr'><strong>in</strong></span> <span class='ocrx_word' id='word_1_800' title='bbox 3022 4349 3213 4418; x_wconf 82' lang='lat' dir='ltr'><strong>Paulo,</strong></span> <span class='ocrx_word' id='word_1_801' title='bbox 3241 4368 3401 4423; x_wconf 88' lang='lat' dir='ltr'><strong>quem</strong></span> <span class='ocrx_word' id='word_1_802' title='bbox 3439 4354 3495 4408; x_wconf 91' lang='lat' dir='ltr'><strong>in</strong></span> <span class='ocrx_word' id='word_1_803' title='bbox 3537 4368 3808 4413; x_wconf 84' lang='lat' dir='ltr'><strong>momento</strong></span> 
     </span>
    </p>
   </div>
   <div class='ocr_carea' id='block_1_104' title="bbox 2226 4436 3811 4517">
    <p class='ocr_par' dir='ltr' id='par_1_104' title="bbox 2226 4436 3811 4517">
     <span class='ocr_line' id='line_1_104' title="bbox 2226 4436 3811 4517; baseline 0.008 -26"><span class='ocrx_word' id='word_1_804' title='bbox 2226 4436 2591 4508; x_wconf 88' lang='lat' dir='ltr'><strong>cognitionem</strong></span> <span class='ocrx_word' id='word_1_805' title='bbox 2638 4437 2886 4495; x_wconf 86' lang='lat' dir='ltr'><strong>veritatis</strong></span> <span class='ocrx_word' id='word_1_806' title='bbox 2921 4440 3124 4510; x_wconf 89' lang='lat' dir='ltr'><strong>docuit,</strong></span> <span class='ocrx_word' id='word_1_807' title='bbox 3156 4458 3309 4515; x_wconf 67' lang='lat' dir='ltr'><strong>teque</strong></span> <span class='ocrx_word' id='word_1_808' title='bbox 3354 4454 3411 4502; x_wconf 87' lang='lat' dir='ltr'><strong>et</strong></span> <span class='ocrx_word' id='word_1_809' title='bbox 3462 4446 3647 4517; x_wconf 88' lang='lat' dir='ltr'><strong>plene,</strong></span> <span class='ocrx_word' id='word_1_810' title='bbox 3678 4448 3811 4504; x_wconf 81' lang='lat' dir='ltr'><strong>sicut</strong></span> 
     </span>
    </p>
   </div>
   <div class='ocr_carea' id='block_1_105' title="bbox 2227 4528 3807 4607">
    <p class='ocr_par' dir='ltr' id='par_1_105' title="bbox 2227 4528 3807 4607">
     <span class='ocr_line' id='line_1_105' title="bbox 2227 4528 3807 4607; baseline 0.007 -23"><span class='ocrx_word' id='word_1_811' title='bbox 2227 4528 2475 4584; x_wconf 91' lang='lat' dir='ltr'><strong>Christus</strong></span> <span class='ocrx_word' id='word_1_812' title='bbox 2494 4528 2677 4586; x_wconf 90' lang='lat' dir='ltr'><strong>docuit</strong></span> <span class='ocrx_word' id='word_1_813' title='bbox 2703 4529 2988 4601; x_wconf 78' lang='lat' dir='ltr'><strong>Apostolus</strong></span> <span class='ocrx_word' id='word_1_814' title='bbox 3020 4541 3077 4590; x_wconf 92' lang='lat' dir='ltr'><strong>et</strong></span> <span class='ocrx_word' id='word_1_815' title='bbox 3106 4534 3243 4591; x_wconf 89' lang='lat' dir='ltr'><strong>alios</strong></span> <span class='ocrx_word' id='word_1_816' title='bbox 3267 4549 3366 4607; x_wconf 89' lang='lat' dir='ltr'><strong>per</strong></span> <span class='ocrx_word' id='word_1_817' title='bbox 3386 4537 3592 4595; x_wconf 89' lang='lat' dir='ltr'><strong>multos</strong></span> <span class='ocrx_word' id='word_1_818' title='bbox 3619 4555 3807 4597; x_wconf 86' lang='lat' dir='ltr'><strong>annos.</strong></span> 
     </span>
    </p>
   </div>
   <div class='ocr_carea' id='block_1_106' title="bbox 2295 4623 3808 4699">
    <p class='ocr_par' dir='ltr' id='par_1_106' title="bbox 2295 4623 3808 4699">
     <span class='ocr_line' id='line_1_106' title="bbox 2295 4623 3808 4699; baseline 0.007 -21"><span class='ocrx_word' id='word_1_819' title='bbox 2295 4623 2426 4679; x_wconf 90' lang='lat' dir='ltr'><strong>Dico</strong></span> <span class='ocrx_word' id='word_1_820' title='bbox 2455 4638 2556 4695; x_wconf 89' lang='lat' dir='ltr'><strong>ego</strong></span> <span class='ocrx_word' id='word_1_821' title='bbox 2580 4638 2746 4695; x_wconf 88' lang='lat' dir='ltr'><strong>opera</strong></span> <span class='ocrx_word' id='word_1_822' title='bbox 2770 4640 2890 4681; x_wconf 87' lang='lat' dir='ltr'><strong>mea</strong></span> <span class='ocrx_word' id='word_1_823' title='bbox 2922 4628 3059 4699; x_wconf 88' lang='lat' dir='ltr'><strong>regi,</strong></span> <span class='ocrx_word' id='word_1_824' title='bbox 3086 4628 3142 4684; x_wconf 88' lang='lat' dir='ltr'><strong>id</strong></span> <span class='ocrx_word' id='word_1_825' title='bbox 3162 4638 3269 4695; x_wconf 89' lang='lat' dir='ltr'><strong>est,</strong></span> <span class='ocrx_word' id='word_1_826' title='bbox 3296 4630 3439 4688; x_wconf 89' lang='lat' dir='ltr'><strong>hanc</strong></span> <span class='ocrx_word' id='word_1_827' title='bbox 3463 4633 3808 4698; x_wconf 77' lang='lat' dir='ltr'><strong>cantilenam,</strong></span> 
     </span>
    </p>
   </div>
   <div class='ocr_carea' id='block_1_107' title="bbox 2227 4716 3812 4796">
    <p class='ocr_par' dir='ltr' id='par_1_107' title="bbox 2227 4716 3812 4796">
     <span class='ocr_line' id='line_1_107' title="bbox 2227 4716 3812 4796; baseline 0.008 -26"><span class='ocrx_word' id='word_1_828' title='bbox 2227 4716 2342 4771; x_wconf 69' lang='lat' dir='ltr'><strong>haec</strong></span> <span class='ocrx_word' id='word_1_829' title='bbox 2368 4730 2557 4786; x_wconf 88' lang='lat' dir='ltr'><strong>opera,</strong></span> <span class='ocrx_word' id='word_1_830' title='bbox 2579 4724 2635 4770; x_wconf 90' lang='lat' dir='ltr'><strong>et</strong></span> <span class='ocrx_word' id='word_1_831' title='bbox 2662 4716 2801 4773; x_wconf 90' lang='lat' dir='ltr'><strong>bene</strong></span> <span class='ocrx_word' id='word_1_832' title='bbox 2823 4718 2994 4774; x_wconf 88' lang='lat' dir='ltr'><strong>debeo</strong></span> <span class='ocrx_word' id='word_1_833' title='bbox 3021 4720 3147 4776; x_wconf 91' lang='lat' dir='ltr'><strong>huic</strong></span> <span class='ocrx_word' id='word_1_834' title='bbox 3184 4722 3390 4791; x_wconf 88' lang='lat' dir='ltr'><strong>dicare,</strong></span> <span class='ocrx_word' id='word_1_835' title='bbox 3426 4724 3559 4794; x_wconf 90' lang='lat' dir='ltr'><strong>quia</strong></span> <span class='ocrx_word' id='word_1_836' title='bbox 3597 4726 3715 4796; x_wconf 87' lang='lat' dir='ltr'><strong>ipse</strong></span> <span class='ocrx_word' id='word_1_837' title='bbox 3737 4735 3812 4782; x_wconf 82' lang='lat' dir='ltr'><strong>est</strong></span> 
     </span>
    </p>
   </div>
   <div class='ocr_carea' id='block_1_108' title="bbox 2232 4804 3813 4882">
    <p class='ocr_par' dir='ltr' id='par_1_108' title="bbox 2232 4804 3813 4882">
     <span class='ocr_line' id='line_1_108' title="bbox 2232 4804 3813 4882; baseline 0.011 -26"><span class='ocrx_word' id='word_1_838' title='bbox 2232 4822 2251 4856; x_wconf 84' lang='grc'><em>‹</em></span> <span class='ocrx_word' id='word_1_839' title='bbox 2288 4806 2564 4875; x_wconf 90' lang='lat' dir='ltr'><strong>speciosus</strong></span> <span class='ocrx_word' id='word_1_840' title='bbox 2592 4804 2804 4873; x_wconf 78' lang='lat' dir='ltr'><strong>forma;</strong></span> <span class='ocrx_word' id='word_1_841' title='bbox 2844 4828 2864 4861; x_wconf 72' lang='grc' dir='ltr'><strong>ι</strong></span> <span class='ocrx_word' id='word_1_842' title='bbox 2897 4808 3024 4865; x_wconf 87' lang='lat' dir='ltr'><strong>licet</strong></span> <span class='ocrx_word' id='word_1_843' title='bbox 3068 4811 3171 4868; x_wconf 92' lang='lat' dir='ltr'><strong>hoc</strong></span> <span class='ocrx_word' id='word_1_844' title='bbox 3217 4822 3402 4882; x_wconf 89' lang='lat' dir='ltr'><strong>posset</strong></span> <span class='ocrx_word' id='word_1_845' title='bbox 3440 4814 3511 4871; x_wconf 88' lang='lat' dir='ltr'><strong>de</strong></span> <span class='ocrx_word' id='word_1_846' title='bbox 3559 4819 3813 4873; x_wconf 83' lang='lat' dir='ltr'><strong>exteriori</strong></span> 
     </span>
    </p>
   </div>
   <div class='ocr_carea' id='block_1_109' title="bbox 2228 4895 3814 4975">
    <p class='ocr_par' dir='ltr' id='par_1_109' title="bbox 2228 4895 3814 4975">
     <span class='ocr_line' id='line_1_109' title="bbox 2228 4895 3814 4975; baseline 0.007 -23"><span class='ocrx_word' id='word_1_847' title='bbox 2228 4895 2618 4967; x_wconf 89' lang='lat' dir='ltr'><strong>compositione</strong></span> <span class='ocrx_word' id='word_1_848' title='bbox 2666 4900 3039 4955; x_wconf 90' lang='lat' dir='ltr'><strong>membrorum</strong></span> <span class='ocrx_word' id='word_1_849' title='bbox 3086 4902 3332 4975; x_wconf 88' lang='lat' dir='ltr'><strong>intelligi,</strong></span> <span class='ocrx_word' id='word_1_850' title='bbox 3380 4911 3569 4962; x_wconf 89' lang='lat' dir='ltr'><strong>tamen</strong></span> <span class='ocrx_word' id='word_1_851' title='bbox 3618 4906 3814 4963; x_wconf 86' lang='lat' dir='ltr'><strong>intelli-</strong></span> 
     </span>
    </p>
   </div>
   <div class='ocr_carea' id='block_1_110' title="bbox 2230 4987 3816 5067">
    <p class='ocr_par' dir='ltr' id='par_1_110' title="bbox 2230 4987 3816 5067">
     <span class='ocr_line' id='line_1_110' title="bbox 2230 4987 3816 5067; baseline 0.007 -26"><span class='ocrx_word' id='word_1_852' title='bbox 2230 4987 2462 5060; x_wconf 86' lang='lat' dir='ltr'><strong>gendum</strong></span> <span class='ocrx_word' id='word_1_853' title='bbox 2491 4994 2575 5042; x_wconf 90' lang='lat' dir='ltr'><strong>est</strong></span> <span class='ocrx_word' id='word_1_854' title='bbox 2614 4987 2681 5043; x_wconf 90' lang='lat' dir='ltr'><strong>de</strong></span> <span class='ocrx_word' id='word_1_855' title='bbox 2713 4989 3054 5046; x_wconf 85' lang='lat' dir='ltr'><strong>immunitate</strong></span> <span class='ocrx_word' id='word_1_856' title='bbox 3097 5002 3485 5061; x_wconf 89' lang='lat' dir='ltr'><strong>peccatorum:</strong></span> <span class='ocrx_word' id='word_1_857' title='bbox 3539 4998 3816 5067; x_wconf 83' lang='lat' dir='ltr'><strong>speciosus</strong></span> 
     </span>
    </p>
   </div>
   <div class='ocr_carea' id='block_1_111' title="bbox 2231 5077 3817 5155">
    <p class='ocr_par' dir='ltr' id='par_1_111' title="bbox 2231 5077 3817 5155">
     <span class='ocr_line' id='line_1_111' title="bbox 2231 5077 3817 5155; baseline 0.005 -23"><span class='ocrx_word' id='word_1_858' title='bbox 2231 5078 2353 5133; x_wconf 91' lang='lat' dir='ltr'><strong>dico</strong></span> <span class='ocrx_word' id='word_1_859' title='bbox 2386 5095 2405 5128; x_wconf 81' lang='grc' dir='ltr'><strong>ι</strong></span> <span class='ocrx_word' id='word_1_860' title='bbox 2450 5092 2562 5146; x_wconf 76' lang='lat' dir='ltr'><strong>pne</strong></span> <span class='ocrx_word' id='word_1_861' title='bbox 2593 5077 2715 5134; x_wconf 89' lang='lat' dir='ltr'><strong>ﬁliis</strong></span> <span class='ocrx_word' id='word_1_862' title='bbox 2756 5079 3053 5145; x_wconf 88' lang='lat' dir='ltr'><strong>hominum,</strong></span> <span class='ocrx_word' id='word_1_863' title='bbox 3087 5099 3105 5135; x_wconf 75' lang='grc' dir='ltr'><strong>ι</strong></span> <span class='ocrx_word' id='word_1_864' title='bbox 3146 5082 3199 5137; x_wconf 86' lang='lat' dir='ltr'><strong>id</strong></span> <span class='ocrx_word' id='word_1_865' title='bbox 3246 5090 3350 5148; x_wconf 86' lang='lat' dir='ltr'><strong>est,</strong></span> <span class='ocrx_word' id='word_1_866' title='bbox 3377 5084 3499 5155; x_wconf 89' lang='lat' dir='ltr'><strong>plus</strong></span> <span class='ocrx_word' id='word_1_867' title='bbox 3526 5100 3695 5155; x_wconf 85' lang='lat' dir='ltr'><strong>quam</strong></span> <span class='ocrx_word' id='word_1_868' title='bbox 3724 5087 3817 5141; x_wconf 79' lang='lat' dir='ltr'><strong>ﬁlii</strong></span> 
     </span>
    </p>
   </div>
   <div class='ocr_carea' id='block_1_112' title="bbox 2229 5168 3815 5245">
    <p class='ocr_par' dir='ltr' id='par_1_112' title="bbox 2229 5168 3815 5245">
     <span class='ocr_line' id='line_1_112' title="bbox 2229 5168 3815 5245; baseline 0.005 -23"><span class='ocrx_word' id='word_1_869' title='bbox 2229 5168 2508 5223; x_wconf 89' lang='lat' dir='ltr'><strong>hominum</strong></span> <span class='ocrx_word' id='word_1_870' title='bbox 2530 5175 2770 5223; x_wconf 88' lang='lat' dir='ltr'><strong>veterum</strong></span> <span class='ocrx_word' id='word_1_871' title='bbox 2794 5180 3032 5239; x_wconf 87' lang='lat' dir='ltr'><strong>patrum,</strong></span> <span class='ocrx_word' id='word_1_872' title='bbox 3060 5172 3185 5241; x_wconf 88' lang='lat' dir='ltr'><strong>quia</strong></span> <span class='ocrx_word' id='word_1_873' title='bbox 3216 5173 3395 5228; x_wconf 90' lang='lat' dir='ltr'><strong>nullus</strong></span> <span class='ocrx_word' id='word_1_874' title='bbox 3422 5177 3815 5245; x_wconf 71' lang='lat' dir='ltr'><strong>pmteripsum</strong></span> 
     </span>
    </p>
   </div>
   <div class='ocr_carea' id='block_1_113' title="bbox 2235 5255 3820 5328">
    <p class='ocr_par' dir='ltr' id='par_1_113' title="bbox 2235 5255 3820 5328">
     <span class='ocr_line' id='line_1_113' title="bbox 2235 5255 3820 5328; baseline 0.006 -16"><span class='ocrx_word' id='word_1_875' title='bbox 2235 5256 2491 5312; x_wconf 89' lang='lat' dir='ltr'><strong>immunis</strong></span> <span class='ocrx_word' id='word_1_876' title='bbox 2516 5255 2616 5311; x_wconf 82' lang='lat' dir='ltr'><strong>fuit</strong></span> <span class='ocrx_word' id='word_1_877' title='bbox 2649 5271 2681 5311; x_wconf 88' lang='lat' dir='ltr'><strong>a</strong></span> <span class='ocrx_word' id='word_1_878' title='bbox 2719 5266 2970 5328; x_wconf 88' lang='lat' dir='ltr'><strong>peccato,</strong></span> <span class='ocrx_word' id='word_1_879' title='bbox 2998 5269 3053 5314; x_wconf 89' lang='lat' dir='ltr'><strong>et</strong></span> <span class='ocrx_word' id='word_1_880' title='bbox 3086 5260 3333 5316; x_wconf 82' lang='lat' dir='ltr'><strong>faciendo</strong></span> <span class='ocrx_word' id='word_1_881' title='bbox 3355 5261 3516 5318; x_wconf 90' lang='lat' dir='ltr'><strong>aliam</strong></span> <span class='ocrx_word' id='word_1_882' title='bbox 3546 5279 3820 5320; x_wconf 82' lang='lat' dir='ltr'><strong>commen-</strong></span> 
     </span>
    </p>
   </div>
   <div class='ocr_carea' id='block_1_114' title="bbox 2236 5349 3821 5427">
    <p class='ocr_par' dir='ltr' id='par_1_114' title="bbox 2236 5349 3821 5427">
     <span class='ocr_line' id='line_1_114' title="bbox 2236 5349 3821 5427; baseline 0.006 -24"><span class='ocrx_word' id='word_1_883' title='bbox 2236 5349 2506 5404; x_wconf 88' lang='lat' dir='ltr'><strong>dationem</strong></span> <span class='ocrx_word' id='word_1_884' title='bbox 2543 5349 2734 5418; x_wconf 86' lang='lat' dir='ltr'><strong>ipsius,</strong></span> <span class='ocrx_word' id='word_1_885' title='bbox 2766 5352 3042 5407; x_wconf 86' lang='lat' dir='ltr'><strong>convertit</strong></span> <span class='ocrx_word' id='word_1_886' title='bbox 3075 5369 3133 5409; x_wconf 90' lang='lat' dir='ltr'><strong>se</strong></span> <span class='ocrx_word' id='word_1_887' title='bbox 3180 5354 3247 5409; x_wconf 88' lang='lat' dir='ltr'><strong>ad</strong></span> <span class='ocrx_word' id='word_1_888' title='bbox 3289 5354 3485 5425; x_wconf 89' lang='lat' dir='ltr'><strong>ipsum,</strong></span> <span class='ocrx_word' id='word_1_889' title='bbox 3516 5366 3575 5412; x_wconf 92' lang='lat' dir='ltr'><strong>et</strong></span> <span class='ocrx_word' id='word_1_890' title='bbox 3604 5367 3821 5427; x_wconf 78' lang='lat' dir='ltr'><strong>promer</strong></span> 
     </span>
    </p>
   </div>
   <div class='ocr_carea' id='block_1_115' title="bbox 2231 5429 3822 5509">
    <p class='ocr_par' dir='ltr' id='par_1_115' title="bbox 2231 5429 3822 5509">
     <span class='ocr_line' id='line_1_115' title="bbox 2231 5429 3822 5509; baseline 0.008 -21"><span class='ocrx_word' id='word_1_891' title='bbox 2231 5429 2355 5489; x_wconf 89' lang='lat' dir='ltr'><strong>&#39;hoc</strong></span> <span class='ocrx_word' id='word_1_892' title='bbox 2380 5435 2508 5504; x_wconf 85' lang='lat' dir='ltr'><strong>quia</strong></span> <span class='ocrx_word' id='word_1_893' title='bbox 2537 5435 2611 5490; x_wconf 88' lang='lat' dir='ltr'><strong>ita</strong></span> <span class='ocrx_word' id='word_1_894' title='bbox 2645 5437 2920 5506; x_wconf 88' lang='lat' dir='ltr'><strong>speciosus</strong></span> <span class='ocrx_word' id='word_1_895' title='bbox 2939 5453 3017 5502; x_wconf 85' lang='lat' dir='ltr'><strong>es,</strong></span> <span class='ocrx_word' id='word_1_896' title='bbox 3050 5457 3070 5491; x_wconf 74' lang='grc' dir='ltr'><strong>ι</strong></span> <span class='ocrx_word' id='word_1_897' title='bbox 3096 5441 3150 5496; x_wconf 92' lang='lat' dir='ltr'><strong>in</strong></span> <span class='ocrx_word' id='word_1_898' title='bbox 3171 5441 3346 5509; x_wconf 88' lang='lat' dir='ltr'><strong>labiis,</strong></span> <span class='ocrx_word' id='word_1_899' title='bbox 3382 5463 3400 5494; x_wconf 70' lang='grc' dir='ltr'><strong>ι</strong></span> <span class='ocrx_word' id='word_1_900' title='bbox 3435 5443 3491 5497; x_wconf 91' lang='lat' dir='ltr'><strong>id</strong></span> <span class='ocrx_word' id='word_1_901' title='bbox 3514 5444 3682 5500; x_wconf 90' lang='lat' dir='ltr'><strong>estin</strong></span> <span class='ocrx_word' id='word_1_902' title='bbox 3705 5461 3822 5501; x_wconf 79' lang='lat' dir='ltr'><strong>ver-</strong></span> 
     </span>
    </p>
   </div>
   <div class='ocr_carea' id='block_1_116' title="bbox 2253 5524 3825 5607">
    <p class='ocr_par' dir='ltr' id='par_1_116' title="bbox 2253 5524 3825 5607">
     <span class='ocr_line' id='line_1_116' title="bbox 2253 5524 3825 5607; baseline 0.009 -28"><span class='ocrx_word' id='word_1_903' title='bbox 2253 5524 2336 5579; x_wconf 81' lang='lat' dir='ltr'><strong>bis</strong></span> <span class='ocrx_word' id='word_1_904' title='bbox 2365 5525 2471 5580; x_wconf 84' lang='lat' dir='ltr'><strong>tuis</strong></span> <span class='ocrx_word' id='word_1_905' title='bbox 2497 5544 2516 5576; x_wconf 74' lang='grc' dir='ltr'><strong>ι</strong></span> <span class='ocrx_word' id='word_1_906' title='bbox 2543 5524 2736 5583; x_wconf 76' lang='lat' dir='ltr'><strong>dilfusa</strong></span> <span class='ocrx_word' id='word_1_907' title='bbox 2765 5536 2849 5583; x_wconf 61' lang='lat' dir='ltr'><strong>est</strong></span> <span class='ocrx_word' id='word_1_908' title='bbox 2872 5531 3043 5600; x_wconf 90' lang='lat' dir='ltr'><strong>gratia</strong></span> <span class='ocrx_word' id='word_1_909' title='bbox 3082 5549 3100 5583; x_wconf 75' lang='grc' dir='ltr'><strong>ι</strong></span> <span class='ocrx_word' id='word_1_910' title='bbox 3140 5534 3267 5601; x_wconf 89' lang='lat' dir='ltr'><strong>quia</strong></span> <span class='ocrx_word' id='word_1_911' title='bbox 3289 5531 3364 5588; x_wconf 92' lang='lat' dir='ltr'><strong>illi</strong></span> <span class='ocrx_word' id='word_1_912' title='bbox 3393 5534 3483 5603; x_wconf 89' lang='lat' dir='ltr'><strong>qui</strong></span> <span class='ocrx_word' id='word_1_913' title='bbox 3515 5543 3662 5591; x_wconf 88' lang='lat' dir='ltr'><strong>tuam</strong></span> <span class='ocrx_word' id='word_1_914' title='bbox 3684 5553 3825 5607; x_wconf 50' lang='lat' dir='ltr'><strong>pra.</strong></span> 
     </span>
    </p>
   </div>
   <div class='ocr_carea' id='block_1_117' title="bbox 2252 5613 3831 5692">
    <p class='ocr_par' dir='ltr' id='par_1_117' title="bbox 2252 5613 3831 5692">
     <span class='ocr_line' id='line_1_117' title="bbox 2252 5613 3831 5692; baseline 0.009 -24"><span class='ocrx_word' id='word_1_915' title='bbox 2252 5613 2578 5671; x_wconf 84' lang='lat' dir='ltr'><strong>dicatiouem</strong></span> <span class='ocrx_word' id='word_1_916' title='bbox 2601 5628 2970 5688; x_wconf 88' lang='lat' dir='ltr'><strong>susceperunt,</strong></span> <span class='ocrx_word' id='word_1_917' title='bbox 3001 5628 3055 5676; x_wconf 89' lang='lat' dir='ltr'><strong>et</strong></span> <span class='ocrx_word' id='word_1_918' title='bbox 3083 5623 3246 5677; x_wconf 90' lang='lat' dir='ltr'><strong>etiam</strong></span> <span class='ocrx_word' id='word_1_919' title='bbox 3271 5621 3659 5692; x_wconf 87' lang='lat' dir='ltr'><strong>discipulorum</strong></span> <span class='ocrx_word' id='word_1_920' title='bbox 3694 5627 3831 5682; x_wconf 82' lang='lat' dir='ltr'><strong>reei-</strong></span> 
     </span>
    </p>
   </div>
   <div class='ocr_carea' id='block_1_118' title="bbox 2254 5708 3836 5785">
    <p class='ocr_par' dir='ltr' id='par_1_118' title="bbox 2254 5708 3836 5785">
     <span class='ocr_line' id='line_1_118' title="bbox 2254 5708 3836 5785; baseline 0.008 -26"><span class='ocrx_word' id='word_1_921' title='bbox 2254 5714 2447 5774; x_wconf 88' lang='lat' dir='ltr'><strong>perunt</strong></span> <span class='ocrx_word' id='word_1_922' title='bbox 2478 5708 2726 5777; x_wconf 85' lang='lat' dir='ltr'><strong>gratiam,</strong></span> <span class='ocrx_word' id='word_1_923' title='bbox 2769 5710 2822 5764; x_wconf 89' lang='lat' dir='ltr'><strong>id</strong></span> <span class='ocrx_word' id='word_1_924' title='bbox 2853 5719 2936 5767; x_wconf 89' lang='lat' dir='ltr'><strong>est</strong></span> <span class='ocrx_word' id='word_1_925' title='bbox 2965 5713 3338 5770; x_wconf 88' lang='lat' dir='ltr'><strong>remissionem</strong></span> <span class='ocrx_word' id='word_1_926' title='bbox 3365 5723 3743 5785; x_wconf 86' lang='lat' dir='ltr'><strong>peccatorum,</strong></span> <span class='ocrx_word' id='word_1_927' title='bbox 3784 5728 3836 5772; x_wconf 86' lang='lat' dir='ltr'><strong>et</strong></span> 
     </span>
    </p>
   </div>
   <div class='ocr_carea' id='block_1_119' title="bbox 2256 5795 3835 5872">
    <p class='ocr_par' dir='ltr' id='par_1_119' title="bbox 2256 5795 3835 5872">
     <span class='ocr_line' id='line_1_119' title="bbox 2256 5795 3835 5872; baseline 0.008 -21"><span class='ocrx_word' id='word_1_928' title='bbox 2256 5795 2359 5852; x_wconf 87' lang='lat' dir='ltr'><strong>alia</strong></span> <span class='ocrx_word' id='word_1_929' title='bbox 2385 5797 2523 5853; x_wconf 87' lang='lat' dir='ltr'><strong>dona</strong></span> <span class='ocrx_word' id='word_1_930' title='bbox 2568 5798 2800 5871; x_wconf 87' lang='lat' dir='ltr'><strong>Spiritus</strong></span> <span class='ocrx_word' id='word_1_931' title='bbox 2843 5804 3034 5860; x_wconf 87' lang='lat' dir='ltr'><strong>sancti.</strong></span> <span class='ocrx_word' id='word_1_932' title='bbox 3076 5804 3207 5861; x_wconf 89' lang='lat' dir='ltr'><strong>Cum</strong></span> <span class='ocrx_word' id='word_1_933' title='bbox 3247 5806 3380 5861; x_wconf 88' lang='lat' dir='ltr'><strong>dicit</strong></span> <span class='ocrx_word' id='word_1_934' title='bbox 3418 5806 3634 5872; x_wconf 78' lang='lat' dir='ltr'><strong>dilfusa,</strong></span> <span class='ocrx_word' id='word_1_935' title='bbox 3682 5816 3835 5866; x_wconf 79' lang='lat' dir='ltr'><strong>notat</strong></span> 
     </span>
    </p>
   </div>
  </div>
