3984 6452
201 381 309 439 549

1371 375 1812 432 EXPLANATIO
1855 377 1919 431 ΙΝ
1956 377 2296 438 PSALMOS.

3355 387 3461 443 350

201 495 349 555 illam
384 492 616 564 gratiam
661 490 889 547 diversis
939 488 1263 545 sufﬁcienter
1312 504 1436 545 esse
1485 490 1688 553 datam,
1720 502 1775 546 et
1805 496 1847 553 Α
1882 512 1900 543 ι
1934 493 1989 548 in
2017 494 2268 550 saeculum
2285 494 2487 552 saeculi.
2511 514 2529 551 ι
2564 494 2920 553 Commendat
2948 497 3142 554 lterum
3172 502 3461 571 eum,quia

200 585 331 659 quia
353 583 478 639 talis
502 598 581 649 es,
613 601 631 634 ι
659 588 944 653 propterea
972 578 1269 644 benedixit,
1304 597 1324 630 ι
1360 579 1412 633 id
1456 587 1539 634 est
1569 579 1779 634 exalta-

198 675 281 730 vit
314 692 333 726 ι
367 681 422 729 ιε
444 673 588 728 Deus
624 690 643 725 ι
676 672 917 727 ducendo
941 668 1009 724 ad
1046 685 1199 729 suam
1223 667 1636 738 confessionem,
1660 686 1781 741 qua:

198 764 459 823 exaltatio
480 761 720 817 manebit
754 780 771 813 ι
801 762 854 815 in
881 768 1160 816 aeternum.
1192 779 1210 811 ι

271 853 658 913 Comtnendato
685 867 809 922 rege
843 867 942 922 per
981 866 1135 907 suam
1177 849 1601 921 speciositatem,
1633 865 1781 906 com-

200 950 424 1007 mendat
463 963 587 1003 eum
628 961 725 1017 per
767 960 922 1001 suam
954 943 1346 1000 fortitudinem.
1393 940 1775 998 Continuatio:

199 1038 269 1094 Et
298 1047 355 1093 tu
391 1035 515 1091 talis
546 1050 640 1090 rex
687 1054 706 1087 ι
753 1035 1054 1105 accingere,
1093 1053 1111 1086 ι
1148 1033 1201 1087 id
1247 1041 1350 1099 est,
1384 1029 1597 1087 fortiter
1624 1042 1780 1088 utere

207 1148 228 1182 ι
264 1127 463 1201 gladio,
492 1146 511 1180 ι
542 1125 596 1181 id
618 1134 721 1191 est,
740 1126 906 1180 verbo
934 1122 1355 1195 praedicationis,
1385 1120 1453 1176 de
1490 1136 1598 1192 quo
1638 1119 1780 1192 Apo—

200 1219 408 1277 stolus:
447 1236 466 1269 ι
494 1216 563 1272 Ει
586 1216 820 1288 gladium
861 1215 1105 1286 spiritus,
1146 1212 1289 1285 quod
1319 1220 1403 1269 est
1423 1214 1646 1268 verbum
1682 1212 1775 1267 Dei

203 1310 417 1383 (Ephes.
446 1309 544 1382 vt).
579 1328 597 1361 ι
629 1307 706 1362 De
734 1323 840 1379 quo
869 1314 925 1363 et
951 1306 1069 1376 ipsa
1114 1307 1328 1363 Veritas
1374 1324 1387 1360 :
1435 1324 1455 1357 ‹
1502 1304 1618 1360 Non
1653 1304 1774 1362 veni

199 1417 387 1475 pacem
437 1400 675 1464 mittere,
715 1399 809 1454 sed
860 1397 1095 1471 gladium
1121 1397 1274 1471 (Luc.
1314 1397 1437 1463 xu).
1472 1417 1489 1450 ›
1533 1397 1636 1452 Ιειε
1665 1396 1777 1468 gla-

200 1495 323 1550 dius
362 1497 575 1564 separat
610 1498 818 1561 patrem
851 1506 882 1545 a
921 1490 1063 1556 lilio;
1094 1491 1378 1559 accingere
1416 1490 1535 1545 dico
1563 1508 1581 1541 ι
1615 1504 1777 1559 super

200 1585 378 1640 femur
419 1591 590 1647 tuum,
653 1601 673 1634 ι
726 1582 778 1636 id
822 1590 906 1636 est
948 1596 1113 1652 super
1148 1581 1538 1637 humanitatem
1578 1591 1771 1638 tuam:

196 1683 419 1746 propter
446 1673 550 1729 hoc
575 1670 673 1743 per
699 1670 871 1726 {cmur
889 1670 1183 1741 accipimus
1209 1671 1621 1735 humanitatem,
1648 1665 1774 1741 quia

86 1782 98 1795 ·
199 1767 257 1822 in
291 1765 493 1821 femore
530 1773 614 1820 est
635 1764 784 1819 locus
806 1763 1193 1834 generationis.
1234 1763 1411 1841 Super
1442 1761 1620 1818 femur
1642 1763 1776 1820 dicit

1882 592 2083 640 rectam
2103 583 2370 655 justitiam
2400 602 2660 644 exercens
2689 587 2741 643 in
2786 603 2951 659 regno
2987 604 3109 656 suo,
3137 589 3258 645 dico
3281 598 3335 644 tu
3366 605 3458 646 se-

1880 674 1979 730 des
2003 683 2059 731 ει
2089 693 2109 727 ι
2138 675 2288 747 virga
2336 677 2487 749 regni
2535 678 2633 743 tui,
2685 698 2705 731 ι
2732 678 2783 733 id
2828 687 2931 743 est,
2981 679 3251 736 correctio
3295 695 3459 750 quam

1879 777 2102 819 exerces
2146 779 2310 835 super
2358 765 2513 832 illos,
2566 765 2657 836 qui
2705 776 2831 823 sunt
2877 782 3101 839 regnum
3152 775 3327 834 tuum,
3375 774 3464 826 est

1886 869 1906 904 ι
1940 852 2090 924 virga
2111 853 2423 909 directionis
2452 872 2466 909 :
2506 874 2526 907 ι
2551 854 2678 926 quia
2706 856 2751 912 si
2775 856 3033 911 aberrant
3053 856 3177 927 ipsi,
3212 866 3270 913 tu
3300 858 3459 914 redu-

1879 957 1972 1000 ces
1998 944 2066 1001 ad
2100 954 2306 1000 rectam
2331 945 2498 1001 viam.

1947 1033 2093 1090 Bene
2133 1033 2256 1090 dico
2284 1035 2492 1105 virgam
2530 1045 2701 1103 tuam,
2725 1036 2932 1108 virgam
2971 1053 3091 1095 esse
3121 1039 3455 1107 directionis,

1878 1126 2007 1198 quia
2039 1144 2061 1179 ι
2100 1135 2156 1182 ιιι
2177 1125 2414 1182 dilexisti
2436 1124 2702 1195 justitiam
2736 1148 2753 1180 ι
2781 1137 2835 1183 ει
2863 1129 2916 1183 in
2940 1138 3012 1197 te,
3039 1139 3095 1187 et
3123 1132 3178 1186 in
3206 1132 3463 1188 omnibus

1878 1218 2020 1285 aliis,
2042 1225 2097 1273 et
2123 1217 2256 1273 adeo
2285 1216 2549 1284 dilexisti,
2587 1217 2728 1288 quod
2758 1236 2778 1270 ι
2811 1219 2973 1273 etiam
3002 1221 3163 1277 odisti
3201 1222 3462 1293 iniquita-

1879 1316 2009 1373 tem,
2042 1327 2061 1361 ι
2093 1315 2150 1363 ει
2187 1314 2246 1361 ιιι
2273 1306 2396 1363 talis
2422 1321 2610 1377 posses
2636 1320 2775 1374 esse,
2811 1326 2829 1359 ‹
2870 1306 3181 1379 propterea,
3225 1327 3258 1366 ο
3295 1311 3457 1379 Deus,

1878 1400 2019 1456 Deus
2046 1407 2171 1456 tuus
2191 1418 2209 1452 ι
2237 1398 2562 1471 specialiter,
2596 1399 2802 1455 scilicet
2841 1400 2937 1454 tibi
2978 1403 3457 1458 eonsubstantialis

1884 1511 1902 1544 ι
1933 1491 2085 1547 unxit
2116 1498 2171 1547 te
2196 1490 2317 1548 oleo
2346 1490 2563 1558 laetitiae,
2594 1508 2612 1542 ι
2650 1490 2702 1546 id
2730 1500 2836 1557 est,
2869 1489 3076 1562 Spiritu
3110 1501 3319 1548 sancto.
3352 1494 3456 1549 Per

1875 1583 2054 1640 oleum
2088 1582 2210 1640 ideo
2250 1581 2512 1652 Spiritum
2535 1591 2781 1638 sanctum
2804 1582 3123 1653 accipimus,
3165 1584 3293 1655 quia
3319 1583 3463 1639 sicut

1875 1674 2052 1731 oleum
2081 1673 2255 1730 nutrit
2279 1688 2523 1741 carnem,
2552 1682 2605 1730 et
2633 1673 2899 1745 usquead
2919 1689 3045 1730 ossa
3072 1682 3340 1746 penetrat,
3380 1672 3461 1731 sic

1875 1765 2111 1839 Spiritus
2138 1775 2358 1823 sanctus
2387 1766 2619 1822 animam
2643 1766 2697 1822 in
2722 1782 2828 1838 qua
2859 1768 3086 1824 habitat.
3114 1767 3242 1823 Haec
3274 1770 3459 1824 unctio

196 1875 296 1929 per
320 1859 493 1914 simile
520 1857 746 1928 alicujus
778 1855 931 1911 fortis
974 1856 1097 1922 viri,
1136 1856 1366 1912 accincti
1404 1855 1583 1926 gladio
1614 1871 1775 1925 super
1803 1847 1848 1907 Β
1876 1857 1976 1915 fuit
2005 1859 2057 1914 in
2090 1858 2205 1929 ipsa
2256 1859 2648 1925 incarnatione,
2696 1859 2789 1914 ubi
2841 1867 3027 1915 uterus
3077 1859 3312 1930 Virginis
3362 1874 3460 1930 per

195 1949 395 2005 femur.
418 1948 507 2015 Et,
527 1963 597 2003 nc
620 1963 715 2018 per
738 1946 913 2002 femur
942 1946 1313 2017 acciperemus
1343 1962 1467 2002 eum
1505 1944 1773 2016 fragilem,

197 2040 370 2097 dicit:
398 2039 442 2095 Ο
474 2055 492 2089 ι
525 2035 921 2109 potentissime,
956 2057 975 2091 ›
1000 2037 1285 2108 accingere
1311 2036 1381 2093 ad
1417 2035 1778 2093 devincendas

195 2130 381 2187 aerias
408 2138 722 2200 potestates.

270 2221 561 2291 Postquam
605 2228 939 2291 przeparatus
1008 2217 1177 2275 fueris
1226 2219 1295 2275 ad
1349 2220 1773 2292 prmdicandum,

124 2298 137 2309 ’
199 2333 222 2365 ι
262 2312 497 2379 intende,
522 2332 539 2364 ι
574 2311 628 2367 id
654 2320 755 2378 est,
787 2311 1052 2368 intentum
1083 2322 1136 2366 te
1157 2311 1357 2381 pnebe,
1388 2312 1456 2366 ad
1494 2312 1776 2383 acquiren-

193 2406 327 2460 dum
365 2394 586 2475 regnum
608 2403 949 2474 praedicando
973 2422 985 2457 :
1018 2411 1074 2459 ct
1108 2422 1125 2454 ι
1147 2402 1394 2474 procede,
1419 2423 1438 2457 ι
1475 2403 1530 2459 id
1556 2413 1658 2470 est,
1687 2419 1768 2460 ac-

189 2497 397 2568 quisita
440 2511 546 2550 una
576 2496 816 2562 civitate,
850 2495 1021 2551 transi
1070 2495 1138 2550 ad
1182 2495 1343 2551 aliam
1392 2496 1774 2567 acquirendam

188 2601 297 2655 per
324 2595 443 2641 tuos
466 2586 867 2655 praedicatores,
894 2591 950 2641 et
977 2586 1044 2641 ad
1075 2586 1182 2642 hoc
1207 2584 1515 2641 faciendum
1547 2586 1776 2642 habebis

188 2693 486 2747 prosperos
510 2686 765 2735 eventus:
787 2678 958 2734 ethoc
981 2686 1063 2734 est
1081 2679 1225 2748 quod
1247 2677 1378 2733 dicit
1405 2696 1425 2729 ι
1444 2693 1721 2748 prospere,
1749 2697 1769 2731 ι

189 2776 259 2823 ει
291 2766 344 2822 in
378 2767 658 2839 acquisitis
692 2786 710 2820 ι
748 2782 965 2837 regna,»
1000 2775 1057 2823 et
1086 2768 1190 2823 hoc
1224 2787 1242 2819 ‹
1273 2768 1454 2839 specie
1482 2776 1571 2823 tua
1604 2788 1623 2821 ι
1664 2767 1773 2836 fac,

189 2861 325 2931 quia
353 2860 610 2916 immunis
632 2876 693 2916 es
719 2875 750 2915 a
788 2868 1034 2931 peccato,
1067 2860 1297 2916 decorus
1331 2860 1622 2915 virtutibus
1656 2879 1675 2912 ‹
1720 2870 1777 2917 ει

187 2948 599 3020 pulchritudine
643 2958 760 3017 tua,
820 2969 839 3003 ι
873 2949 927 3006 id
955 2950 1215 3023 est,'quia
1252 2951 1392 3007 Deus
1419 2966 1497 3007 es.
1528 2949 1773 3022 Species,

190 3042 610 3106 lineamentum,
638 3041 999 3112 pulchritudo,
1027 3042 1177 3099 color
1204 3042 1259 3097 in
1279 3041 1427 3096 vultu
1458 3050 1561 3098 est.

271 3132 498 3204 Propter
528 3134 759 3204 speciem
812 3141 868 3189 et
914 3131 1369 3205 pulchritudinem
1425 3132 1677 3204 regnabis
1720 3141 1777 3187 et

190 3193 418 3279 etiam'c
446 3193 666 3295 propter
693 3193 998 3291 veritatem,
1039 3242 1056 3275 ι
1085 3224 1210 3294 quia
1232 3238 1330 3294 per
1354 3233 1408 3279 te
1446 3193 1518 3279 εἴ
1520 3238 1618 3294 per
1654 3231 1774 3280 tuos
1800 3193 1846 3257 θ

193 3318 333 3373 nihil
361 3317 462 3374 nisi
486 3318 765 3374 veritatem
794 3317 1107 3389 praztlicabis
1137 3335 1156 3368 ι
1176 3325 1230 3372 ει
1254 3316 1727 3373 mansuetudinem
1748 3335 1767 3368 ι

193 3414 325 3482 quia
354 3428 474 3468 cum
520 3411 806 3481 opprobria
865 3408 1171 3465 inferuntur
1202 3410 1317 3474 tibi,
1349 3409 1514 3465 etiam
1555 3417 1610 3464 tu
1641 3408 1775 3464 nihil

193 3503 549 3573 respondebis
581 3521 591 3555 :
624 3521 642 3553 ι
676 3509 730 3555 ει
755 3499 1277 3571 propterjustitiam,
1308 3518 1327 3551 ι
1359 3500 1414 3554 id
1433 3506 1776 3571 est,propter

197 3596 605 3652 exsecutionem
631 3595 893 3649 bonorum
914 3609 1154 3664 operum,
1187 3602 1243 3649 et
1270 3593 1325 3648 in
1359 3601 1432 3659 te,
1463 3601 1520 3649 et
1544 3593 1597 3647 in
1629 3594 1733 3648 tuis
1759 3613 1772 3653 ;

200 3693 263 3741 et
305 3684 625 3739 fiducialiter
659 3693 813 3755 potes
841 3684 1142 3752 intendere,
1172 3685 1300 3756 quia
1348 3685 1567 3740 dextera
1609 3696 1718 3749 tua,
1751 3703 1771 3737 ι

200 3778 258 3832 id
286 3785 390 3839 est,
414 3774 667 3831 divinitas
703 3774 801 3831 tibi
838 3775 987 3829 unita
1034 3793 1053 3827 ι
1098 3775 1329 3831 deducet
1359 3784 1410 3830 te
1439 3795 1457 3829 ›
1489 3776 1554 3831 de
1582 3774 1776 3847 populo

197 3866 492 3937 acquisito,
522 3866 588 3921 ad
613 3865 778 3920 alium
806 3864 1155 3936 quaerendum
1193 3883 1213 3917 ‹
1259 3864 1601 3933 mirabiliter,
1648 3885 1669 3918 ι
1721 3865 1774 3920 id

197 3965 308 4014 est.
340 3956 465 4025 quia
507 3971 694 4011 omnes
725 3964 777 4011 te
807 3955 1169 4021 mirabuntur,
1209 3956 1292 4010 vel
1335 3955 1459 4025 quia
1506 3955 1773 4011 mirabilia

201 4048 389 4103 facies.
417 4047 522 4102 Per
561 4049 836 4102 dexteram
864 4045 1202 4103 divinitatem
1230 4047 1284 4101 in
1324 4045 1542 4101 Christo
1575 4046 1773 4117 accipi-

198 4155 342 4205 mus,
379 4140 502 4213 quia
535 4138 723 4196 melior
751 4152 875 4207 pars
906 4146 989 4193 est
1016 4137 1069 4192 in
1099 4139 1215 4209 ipso
1244 4138 1520 4195 divinitas.

274 4237 340 4290 Et
364 4251 459 4306 per
474 4234 582 4290 hoc
606 4234 765 4290 etiam
788 4229 989 4305 poteris"
1016 4244 1239 4306 regnum
1268 4231 1568 4305 acquirere,
1597 4246 1615 4281 ι
1645 4231 1770 4305 quia

194 4329 413 4398 sagitta!
445 4335 569 4392 tuae,
606 4346 625 4378 ι
661 4326 715 4381 id
743 4334 846 4391 est,
880 4327 1159 4381 sententiae
1212 4336 1339 4395 tuae,
1388 4327 1582 4396 quibus
1608 4341 1771 4397 pene-

196 4429 319 4473 tras
350 4418 510 4473 corda
541 4417 891 4481 audientium,
922 4425 1049 4473 sunt
1078 4435 1097 4469 ε
1119 4429 1313 4484 acutae,
1343 4437 1360 4470 ι
1392 4418 1445 4473 id
1466 4426 1568 4484 εει,
1596 4415 1772 4474 edica—

196 4525 315 4575 ces;
345 4508 637 4565 secundum
660 4508 762 4564 hoc
788 4508 951 4563 verba
975 4508 1070 4564 Dei
1098 4509 1349 4564 dicuntur
1372 4509 1599 4580 sagittae,
1641 4508 1768 4579 quia

196 4599 415 4656 occulte
459 4599 701 4656 alliciunt
744 4597 993 4654 homines
1032 4599 1099 4652 ad
1149 4598 1397 4653 timorem
1447 4606 1502 4653 et
1532 4612 1770 4652 amorem

198 4688 324 4745 Dei.
352 4686 659 4745 Secundum
680 4687 784 4745 hoc
803 4686 1033 4757 gladius,
1060 4686 1201 4756 quod
1225 4685 1513 4741 manifesta
1543 4694 1599 4740 et
1620 4684 1775 4754 quasi

199 4778 418 4847 cogenti
441 4777 648 4832 ratione
676 4777 787 4832 Deo
806 4777 1055 4835 homines
1069 4776 1349 4831 adhaerere
1366 4775 1588 4841 faciunt,
1606 4781 1660 4829 et
1680 4789 1778 4844 per

200 4872 313 4925 hoc
342 4868 487 4939 quod
512 4870 586 4924 ita
629 4869 924 4924 instructus
950 4883 1009 4923 es
1055 4868 1124 4923 ad
1150 4868 1494 4938 pugnandum
1528 4884 1547 4917 ι
1595 4865 1776 4936 p0puli

202 4960 547 5021 inimicorum
573 4958 733 5031 regis,
765 4976 784 5011 ι
814 4957 867 5013 id
887 4965 971 5013 est
999 4957 1153 5011 multi
1191 4958 1258 5011 de
1282 4956 1516 5012 inimicis
1546 4955 1653 5011 tuis
1678 4968 1776 5025 po-

202 5053 300 5108 siti
332 5071 351 5104 ι
384 5052 438 5106 ἰη
480 5051 661 5116 corde,
700 5069 720 5104 ι
760 5047 815 5104 id
842 5056 925 5105 est
961 5048 1016 5103 in
1055 5062 1185 5102 vera
1208 5048 1415 5102 ratione
1449 5065 1467 5098 ι
1500 5046 1713 5109 cadent,
1750 5061 1795 5097 »-

204 5145 261 5202 id
294 5151 380 5207 est
396 5141 817 5203 humiliabuntur
837 5158 855 5191 ε
875 5141 975 5195 sub
996 5147 1070 5195 te.
1093 5158 1111 5191 ο
1132 5139 1225 5194 Vel
1253 5138 1411 5193 aliter
1437 5157 1455 5189 ‹
1485 5136 1662 5207 populi
1688 5150 1778 5189 ca-

204 5238 359 5303 dent,
407 5254 426 5287 ι
477 5235 529 5293 id
555 5242 657 5301 est,
685 5232 1108 5288 humiliabuntur
1140 5250 1159 5283 ι
1200 5231 1302 5286 sub
1339 5238 1390 5285 te
1436 5248 1453 5281 ι
1486 5237 1540 5284 ει
1567 5229 1657 5283 ubi
1693 5242 1780 5283 ca-

206 5326 377 5381 denti
408 5325 462 5380 in
481 5324 644 5383 corde
672 5323 1013 5383 inimicorum
1041 5320 1204 5392 regis,
1240 5340 1258 5373 ι
1286 5321 1340 5376 id
1365 5328 1467 5385 est,
1494 5318 1549 5373 in
1587 5318 1776 5374 eodem

204 5416 395 5482 corde,
425 5418 480 5472 in
508 5431 615 5486 quo
643 5416 793 5487 prius
819 5413 1237 5469 inimicabantur
1267 5412 1360 5466 tibi
1387 5411 1518 5481 regi.

281 5528 481 5587 iterum
508 5526 1004 5589 commendateum,
1032 5522 1277 5593 quiajam
1302 5523 1354 5577 in
1382 5520 1575 5592 populo
1593 5521 1777 5591 acqui-

209 5620 316 5677 sito
352 5617 506 5688 quasi
545 5616 710 5687 judex
736 5617 905 5673 sedet.
948 5614 1324 5671 Continuatio:
1372 5611 1559 5681 Populi
1599 5612 1698 5666 sub
1725 5619 1777 5667 te

213 5710 426 5775 cadent,
460 5715 515 5763 et
539 5723 572 5763 ο
600 5725 619 5759 ι
647 5707 980 5772 Deus,sedes
1004 5713 1115 5770 tua,
1148 5722 1165 5754 ι
1197 5701 1248 5757 id
1272 5709 1375 5766 est,
1400 5701 1551 5770 quies
1581 5708 1691 5765 tua,
1722 5700 1774 5754 in

114 5818 125 5827 ‘
214 5804 295 5863 eis
332 5803 386 5858 in
415 5817 521 5883 qua
564 5801 718 5859 sedes
751 5799 910 5857 etiam
950 5795 1179 5871 judicas,
1213 5808 1316 5847 non
1348 5794 1413 5847 ad
1444 5793 1652 5856 horam,
1684 5793 1773 5849 scd

1797 4555 1849 4616 D

1876 1948 2139 2021 Spiritum
2169 1959 2417 2006 sanctum
2455 1950 2771 2021 puriﬁcatus
2801 1950 2925 2017 fuit,
2956 1951 3022 2007 de
3064 1965 3169 2021 qua
3200 1951 3457 2005 unctione

1874 2041 2107 2098 maxime
2129 2041 2420 2098 laetandum
2468 2040 2572 2096 fuit
2596 2050 2651 2096 et
2697 2042 2799 2112 ipsi
2844 2041 3062 2098 Christo
3109 2051 3164 2097 et
3206 2041 3461 2097 omnibus

1873 2132 2099 2200 sanctis,
2122 2124 2277 2187 unxit
2308 2148 2329 2182 ‹
2357 2146 2469 2201 prae
2502 2131 2846 2188 consortibus
2890 2132 3018 2196 tuis,
3072 2152 3090 2185 ι
3123 2132 3249 2202 quia
3278 2144 3457 2201 neque

1873 2224 2138 2296 Apostoli,
2156 2239 2331 2294 neque
2351 2222 2440 2277 alii
2465 2223 2773 2292 spirituales
2794 2222 2899 2279 viri
2922 2230 3128 2277 tantum
3156 2223 3465 2277 habuerunt

1874 2315 1939 2372 de
1961 2314 2166 2386 Spiritu
2194 2321 2403 2378 sancto,
2424 2306 2685 2382 quantum
2702 2320 2756 2368 et
2785 2321 2862 2367 tu.
2891 2312 3045 2368 Unde
3068 2311 3289 2379 dicitur,
3307 2312 3462 2369 Chri-

1873 2414 1957 2461 sto
1983 2397 2141 2461 datus
2167 2413 2252 2460 est
2276 2403 2511 2475 Spiritus
2548 2412 2769 2459 sanctus
2797 2419 2904 2459 non
2940 2404 3006 2458 ad
3034 2420 3364 2461 mensuram.

1944 2495 2105 2551 Ponit
2134 2495 2299 2549 aliam
2321 2493 2844 2549 commendationem
2882 2495 2949 2550 de
2980 2495 3219 2561 Christo,
3260 2510 3455 2550 secun-

1874 2587 2002 2644 dum
2028 2596 2363 2643 ornamenta.
2399 2584 2478 2639 Tu
2502 2601 2563 2641 es
2590 2594 2785 2642 unctus
2815 2586 2935 2642 oleo
2965 2586 3167 2642 laetitize
3187 2602 3297 2657 pra:
3323 2602 3457 2642 con-

1873 2680 2109 2738 sortibus
2140 2679 2267 2745 tuis,
2289 2686 2343 2733 et
2367 2676 2530 2732 etiam
2560 2696 2578 2729 ‹
2608 2691 2639 2732 a
2664 2678 3003 2733 vestimentis
3045 2679 3173 2744 tuis,
3211 2698 3229 2731 ι
3265 2678 3317 2733 id
3344 2686 3449 2743 est,

1874 2774 1944 2829 ab
1972 2772 2308 2828 humanitate
2339 2779 2453 2836 tua,
2481 2769 2565 2825 vel
2594 2770 2664 2824 ab
2694 2768 2952 2839 apostolis
2982 2769 3107 2835 tuis,
3136 2769 3229 2840 qui
3261 2774 3459 2824 ornant

1874 2873 1930 2922 et
1953 2865 2212 2920 decorant
2247 2872 2321 2929 te,
2356 2863 2495 2918 sicut
2521 2861 2689 2917 vestis
2722 2870 2881 2915 ornat
2908 2860 3185 2915 dominum
3219 2878 3231 2914 :
3263 2875 3455 2930 proce-

1875 2958 1956 3015 dit
2000 2977 2019 3011 ι
2048 2958 2287 3030 myrrha,
2329 2963 2501 3028 gutta,
2532 2962 2587 3009 et
2609 2953 2781 3018 casia,
2811 2972 2830 3005 ι
2859 2953 2914 3008 id
2943 2962 3046 3019 est,
3084 2952 3210 3007 boni
3239 2952 3456 3019 odores,

1873 3049 2015 3106 bona
2065 3046 2229 3104 fama.
2274 3046 2620 3118 Singulorum
2675 3043 3063 3115 proprietatem
3092 3042 3457 3112 exsequimur.

1876 3142 2091 3216 Myrrha
2134 3150 2219 3198 est
2288 3147 2619 3212 unguentum
2668 3138 3069 3192 amarissimum
3122 3134 3263 3205 quod
3309 3132 3463 3203 pellit

1881 3250 2113 3300 vermes,
2142 3242 2196 3290 et
2226 3240 2408 3288 servat
2426 3245 2625 3300 corpus
2647 3237 2701 3284 et
2731 3228 2966 3282 animam
2995 3241 3025 3280 a
3058 3225 3345 3296 putredine
3377 3224 3459 3278 vi-

1875 3326 2093 3381 tiorum.
2120 3323 2284 3380 Gutta
2304 3332 2389 3378 est
2422 3322 2590 3377 herba
2631 3334 2751 3389 quas
2777 3318 2928 3389 pellit
2973 3326 3212 3372 tumores
3238 3315 3452 3385 pulmo-

1876 3416 1977 3480 nis,
2012 3414 2064 3469 id
2088 3423 2189 3479 est,
2231 3412 2528 3477 humilitas,
2555 3424 2675 3482 qua:
2704 3409 2855 3479 pellit
2885 3406 3215 3462 inflationem
3246 3416 3300 3460 et
3343 3419 3460 3459 om-

1876 3519 1998 3559 nem
2031 3511 2236 3557 motum
2277 3501 2556 3571 superbiae.
2588 3498 2745 3554 Casia
2779 3508 2863 3554 est
2918 3498 3085 3553 herba
3114 3512 3234 3567 quze
3260 3494 3461 3550 crescit

1876 3594 1932 3651 in
1981 3609 2183 3665 aquoso
2227 3594 2345 3648 loco
2394 3593 2448 3645 in
2484 3605 2737 3661 magnam
2784 3588 3147 3665 altitudinem,
3178 3594 3234 3642 et
3283 3584 3461 3640 reddit

1875 3659 2130 3755 magnum
2160 3683 2404 3744 odorem,
2454 3680 2508 3735 id
2552 3659 2657 3745 est,
2687 3679 2819 3734 fides
2857 3693 2977 3748 qua:
3002 3659 3175 3731 oritur
3203 3676 3257 3730 in
3304 3676 3461 3745 aquis

1875 3774 2151 3847 baptismi,
2182 3783 2237 3829 et
2277 3771 2502 3829 multum
2535 3770 2735 3826 crescit
2769 3771 2822 3823 in
2845 3766 3029 3837 iustis,
3059 3774 3115 3821 et
3150 3766 3349 3821 bonam
3381 3765 3461 3821 fa-

1876 3846 2020 3926 mam
2066 3867 2159 3923 dat
2204 3865 2347 3922 aliis.
2386 3864 2510 3921 Haec
2539 3863 2721 3920 omnia
2768 3846 3149 3933 processerunt
3197 3856 3352 3914 nobis
3395 3875 3462 3914 ex

1876 3959 2210 4018 humanitate
2238 3954 2441 4013 Christi
2477 3954 2562 4010 vel
2595 3969 2625 4008 a
2657 3941 3073 4023 suis'apostolis,
3103 3950 3191 4020 qui
3221 3950 3377 4004 nobis
3402 3950 3460 4007 in

1873 4050 2066 4121 seipsis
2094 4048 2213 4106 haec
2248 4046 2429 4103 omnia
2472 4051 2871 4119 proposuerunt
2918 4040 2973 4097 in
3012 4039 3358 4111 exemplum:
3409 4049 3463 4094 et

1874 4144 1990 4199 haec
2014 4142 2203 4198 eadem
2231 4145 2612 4211 processerunt
2659 4135 2817 4191 nobis
2850 4152 2869 4186 ‹
2918 4148 2948 4187 a
3000 4132 3249 4187 domibus
3294 4131 3461 4185 ebur-

1873 4235 2010 4305 neis,
2040 4254 2059 4291 ι
2090 4233 2144 4294 id
2170 4240 2269 4301 est,
2305 4232 2371 4292 ab
2400 4231 2533 4306 ipsis
2572 4228 2779 4289 sanctis
2834 4224 3112 4304 apostolis,
3144 4223 3234 4299 qui
3268 4222 3459 4284 dicun-

1875 4341 1961 4387 tur
1990 4331 2201 4393 domus,
2237 4329 2363 4401 quia
2402 4327 2541 4381 Deus
2569 4326 2776 4381 habitat
2816 4324 2868 4379 in
2896 4324 2995 4379 eis.
3023 4321 3283 4385 Eburnei,
3327 4319 3454 4389 quia

1873 4421 2034 4477 lucidi
2069 4435 2167 4493 per
2195 4418 2390 4475 multas
2418 4417 2688 4472 sectiones
2733 4423 2788 4467 et
2831 4412 3141 4467 attritiones
3184 4417 3242 4463 ut
3280 4409 3455 4463 ebur:

1873 4512 1957 4570 vel
1980 4518 2360 4583 comparantur
2380 4508 2551 4574 ebori,
2576 4507 2700 4578 quia
2724 4504 2923 4576 frigidi,
2950 4503 3000 4558 id
3024 4509 3127 4568 est,
3152 4499 3284 4556 casti
3308 4507 3457 4565 sunt,

1876 4608 2017 4662 sicut
2052 4604 2291 4675 elephas.
2334 4600 2505 4657 Omne
2551 4600 2685 4655 ebur
2715 4598 2850 4653 adeo
2883 4595 3090 4667 frigidae
3120 4601 3327 4648 natura:
3353 4598 3459 4657 est,

1875 4697 2019 4770 quod
2057 4695 2219 4752 carbo
2266 4708 2526 4749 accensus
2566 4706 2672 4746 non
2716 4689 2825 4744 urit
2850 4701 3084 4758 pannum
3132 4698 3295 4753 super
3324 4683 3462 4737 ebur

1875 4790 2128 4860 positum,
2166 4807 2184 4839 ‹
2238 4802 2304 4842 ex
2342 4785 2537 4856 quibus
2567 4804 2585 4836 ι
2621 4777 2991 4839 odoramentis
3034 4785 3309 4848 suntquae
3361 4775 3460 4832 tibi

1875 4878 2183 4935 obtulerunt
2203 4896 2221 4928 ‹
2242 4876 2362 4931 tiliae
2388 4890 2573 4946 regum
2594 4894 2611 4927 ι
2651 4874 2703 4927 in
2731 4871 2923 4942 seipsis
2958 4888 2969 4924 :
3003 4868 3125 4924 ﬁliae
3146 4868 3277 4923 dicit
3295 4866 3459 4921 velad

1875 4970 2134 5036 litteram,
2177 4968 2260 5024 vel
2295 4967 2417 5023 filia:
2451 4965 2829 5037 Apostolorum
2860 4982 2874 5018 :
2907 4983 2925 5014 ι
2960 4970 3015 5017 ει
3052 4961 3460 5016 delectaverunt

1879 5073 1953 5128 te,
1990 5082 2009 5115 ι
2040 5060 2265 5126 scilicet,
2288 5060 2341 5114 in
2366 5059 2467 5114 hoc
2496 5058 2770 5129 placentes
2796 5055 2982 5121 tibi,et
3001 5055 3105 5109 hoc
3133 5069 3151 5103 ι
3180 5050 3233 5105 in
3255 5050 3460 5104 honore

1880 5166 1991 5220 tuo,
2026 5148 2133 5207 Id
2160 5160 2262 5219 est,
2291 5166 2397 5205 non
2424 5150 2478 5205 in
2505 5150 2618 5206 suis
2648 5148 2879 5212 actibus,
2910 5158 3083 5214 neque
3114 5142 3169 5198 in
3206 5141 3455 5198 suis'ba-

1876 5247 2218 5319 ptismatibus
2266 5243 2556 5316 gloriantes
2587 5284 2602 5310 ,
2645 5249 2706 5297 ut
2760 5240 3070 5324 dicerentur
3115 5233 3321 5291 Petrini
3371 5232 3459 5287 vel

1877 5337 2107 5401 Paulini,
2154 5333 2249 5391 sed
2293 5350 2489 5389 nomen
2520 5343 2666 5388 tuum
2713 5327 3088 5399 respicientes,
3118 5324 3461 5379 vocabantur

1879 5426 2193 5483 Christiani.
2218 5425 2413 5494 Tangit
2431 5422 2735 5485 historiam,
2772 5417 2898 5489 quia
2918 5413 3229 5486 praecipitur
3251 5411 3305 5466 in
3333 5411 3457 5481 lege

1880 5528 1940 5575 ut
1967 5526 2178 5575 mortuo
2204 5517 2369 5573 fratre
2395 5516 2510 5573 sine
2542 5512 2766 5577 semine,
2795 5509 2930 5564 alter
2955 5506 3124 5561 frater
3152 5503 3294 5558 illius
3320 5518 3455 5558 uxo-

1881 5624 1994 5665 rem
2020 5609 2198 5673 ducat,
2227 5616 2281 5663 et
2307 5623 2411 5662 non
2445 5607 2546 5661 sibi
2576 5604 2717 5667 vivo,
2754 5601 2848 5657 sed
2875 5598 2951 5654 illi
2981 5602 3213 5660 mortuo,
3238 5593 3457 5650 dicatur

1881 5716 2063 5756 semen
2109 5700 2433 5756 resuscitare
2476 5695 2689 5765 (Matth.
2740 5707 2884 5756 xxu;
2927 5685 3095 5741 Marc.
3140 5699 3253 5751 xu;
3297 5683 3451 5744 Deut.

1884 5789 2045 5861 xxv):
2091 5789 2160 5843 ita
2188 5796 2398 5842 mortuo
2424 5785 2657 5848 Christo,
2686 5781 2879 5836 fratres
2918 5778 3020 5839 sui,
3060 5775 3287 5841 scilicet,
3323 5790 3452 5851 ερας
