3940 6446
499 410 597 468 35]
965 396 1326 459 IIAYMONIS
1361 394 1844 453 HALBERSTAT.
1885 393 2105 453 EPISC.
2146 393 2298 453 OPP.
2336 393 2519 487 PARS
2638 425 2705 438 —
2741 394 3100 455 COMMENT.
3144 396 3312 456 BIBL.
3677 408 3793 468 352

496 522 646 588 stoli,
674 524 1003 589 acceperunt
1033 529 1207 580 suam,
1250 510 1476 574 scilicet,
1507 508 1810 564 Ecclesiam
1834 522 1849 561 :
1874 515 1931 563 et
1975 522 2082 562 non
2112 510 2165 571 Α
2188 505 2442 574 ﬁmbriis,
2472 526 2490 559 ι
2528 507 2581 563 id
2606 515 2712 574 est,
2739 507 2794 563 in
2830 509 3275 579 perseveratione
3309 523 3482 582 usque
3516 510 3571 566 in
3619 513 3794 570 ﬁnem

497 616 622 682 sibi,
667 612 762 669 sed
800 608 1038 674 Christo,
1068 603 1321 661 Ecclesia:
1359 602 1497 657 ﬁlios
1526 608 1975 673 procreaverunt,
2024 605 2086 653 ut
2191 613 2210 648 ι
2248 595 2446 664 aureis,
2481 614 2500 649 ι
2528 596 2705 663 idest,
2734 597 3001 653 cbarrtate
3019 598 3215 668 plenis,
3237 607 3293 655 et
3317 599 3372 654 in
3407 601 3514 657 hoc
3540 611 3632 658 est
3674 604 3795 675 glo-

496 703 745 781 generati
782 702 1034 758 dicantur
1076 696 1393 762 Christiani,
1446 710 1553 750 non
1592 692 1825 760 Paulini,
1855 689 1941 747 vel
1983 689 2087 745 Pe-
2183 690 2264 745 ria
2303 689 2439 759 ejus,
2476 692 2619 761 quod
2668 692 2784 775 ipsa
2821 700 2906 747 est
2946 712 2965 744 ‹
3002 694 3204 749 amicta
3250 695 3636 764 varietatibus,
3672 719 3694 752 ι
3740 702 3792 757 id

499 799 651 856 mni.
2108 849 2113 855 ε
2184 790 2288 848 εει,
2322 781 2549 838 diversis
2574 783 2873 851 ordinibus,
2914 782 3259 852 clericorum,
3291 787 3789 860 conjungalorum,

570 890 671 945 Hic
710 886 858 942 illum
900 896 1083 955 regem
1108 895 1207 951 per
1233 894 1389 935 suam
1436 893 1691 949 sponsam
1722 880 2083 935 commendat.

499 978 874 1051 Continuatio:
906 976 1024 1030 Rex
1052 981 1163 1027 tam
1208 971 1400 1042 dignus
1426 977 1511 1025 est
1549 970 1691 1025 sicut
1713 970 1849 1036 dixi,
1877 980 1932 1026 et
1964 971 2086 1037 tibi,

504 1093 522 1125 ι
556 1072 758 1143 regina,
792 1089 812 1122 ι
847 1067 903 1123 id
925 1074 1028 1132 est,
1047 1064 1290 1120 Ecclesia
1314 1080 1329 1117 :
1356 1077 1475 1133 quae
1504 1062 1625 1117 ideo
1648 1063 1833 1135 regina
1868 1064 2085 1132 dicitur,

498 1165 625 1236 quia
650 1164 790 1219 bene
818 1161 958 1232 regit
979 1159 1118 1213 filios
1143 1172 1299 1212 suos:
1336 1174 1354 1207 ι
1376 1156 1571 1222 astitit,
1595 1176 1613 1208 ι
1633 1156 1869 1223 scilicet,
1886 1166 2082 1230 parata

498 1257 705 1315 servire
737 1275 756 1308 ί
786 1270 818 1309 a
847 1252 1053 1308 dextris
1095 1250 1222 1314 tuis,
1252 1269 1270 1300 ι
1304 1247 1357 1303 id
1383 1255 1487 1312 est,
1516 1248 1572 1302 in
1602 1248 1905 1319 potioribus
1932 1248 2089 1305 bonis

501 1348 640 1406 tuis:
673 1346 803 1418 quia
834 1345 952 1401 haec
997 1338 1313 1411 temporalia
1360 1354 1469 1393 non
1494 1339 1650 1408 petit,
1683 1339 1778 1394 sed
1811 1340 2085 1396 coelestia:

499 1439 673 1495 astitit
701 1437 823 1493 dico
853 1454 872 1487 ι
907 1434 962 1489 ἱη
986 1432 1207 1497 vestitu,
1242 1450 1261 1484 ι
1296 1429 1351 1484 id
1372 1438 1478 1495 est,
1518 1430 1658 1486 bene
1685 1431 1879 1486 vestita
1905 1439 1962 1487 et
2002 1448 2090 1489 or-

500 1537 627 1584 nata
647 1526 790 1582 bona
814 1523 1155 1596 Operationc:
1194 1541 1212 1573 ‹
1250 1519 1528 1586 deaurato,
1565 1538 1583 1571 ι
1610 1519 1663 1575 id
1686 1529 1766 1577 est
1788 1536 1888 1591 per
1907 1521 2091 1577 chari-

499 1625 667 1672 tatem
715 1621 941 1670 ornato:
988 1626 1107 1681 quae
1148 1610 1276 1690 ideq
1318 1624 1416 1680 per
1460 1625 1655 1690 aurum
1688 1616 1938 1675 notatur,
1965 1609 2091 1679 quia

499 1709 644 1766 sicut
670 1722 862 1763 aurum
882 1705 1133 1761 omnibus
1158 1681 1391 1758 metallis
1418 1681 1515 1757 est.
1520 1701 1830 1771 pretiosius,
1861 1702 1940 1757 sic
1965 1701 2092 1756 cha-

502 1805 636 1860 ritas
649 1801 898 1859 omnibus
920 1798 1248 1854 virtutibus:
1280 1795 1467 1867 regina
1488 1794 1610 1850 dico
1640 1813 1659 1844 ‹
1683 1794 2037 1860 circumdata,
2066 1788 2084 1846 ί

2184 881 2240 929 ει
2260 882 2601 930 cancrorum.

2257 964 2358 1022 Hic
2384 965 2582 1021 iterum
2614 967 2961 1023 commendat
2986 981 3087 1039 per
3130 969 3558 1025 successionem.
3591 971 3786 1027 Conti-

2187 1055 2407 1112 nuatio:
2459 1055 2575 1126 Ipsa
2599 1064 2684 1112 est
2727 1048 2929 1113 amiCta
2960 1057 3338 1123 varietatibus,
3365 1068 3421 1115 et
3452 1078 3473 1112 ε
3506 1072 3635 1130 post
3667 1077 3788 1117 eam

2188 1146 2524 1202 adducentur
2555 1148 2820 1219 virgines,
2861 1169 2880 1201 ι
2916 1149 2970 1204 id
3017 1158 3122 1216 est,
3167 1150 3363 1222 integri
3408 1150 3462 1206 in
3494 1152 3711 1217 anima,
3738 1161 3792 1209 ει

2191 1236 2243 1291 in
2266 1252 2513 1307 corpore,
2542 1257 2560 1290 ‹
2590 1238 2725 1310 regi,
2758 1260 2776 1291 ι
2804 1239 3011 1296 scilicet
3036 1241 3103 1295 ad
3131 1241 3476 1298 serviendum
3508 1242 3630 1300 Deo
3656 1245 3787 1316 regi.

2188 1327 2425 1383 Dicendo
2451 1327 2801 1395 adducentur,
2834 1337 2988 1385 notat
3006 1330 3149 1402 quod
3177 1346 3273 1400 per
3316 1346 3375 1387 se
3403 1333 3472 1387 ad
3502 1332 3667 1387 illam
3704 1334 3784 1389 di-

2189 1422 2448 1493 gnitatem
2473 1416 2749 1492 nequeunt
2773 1423 3081 1493 pervenire,
3114 1422 3217 1478 nisi
3256 1423 3605 1480 adducantur
3639 1440 3785 1496 pra-

2189 1513 2459 1569 dicatione
2496 1522 2550 1569 et
2579 1515 2752 1586 gratia
2791 1514 3100 1584 adiuvante,
3138 1536 3157 1568 ι
3196 1526 3252 1572 ει
3279 1514 3549 1588 ριόιίῐηιε
3592 1519 3721 1590 ejus
3764 1540 3782 1572 ι

2191 1605 2414 1676 reginae,
2446 1606 2499 1661 id
2526 1615 2628 1673 est,
2657 1606 2732 1661 illi
2774 1607 2866 1678 qui
2894 1607 3024 1664 licet
3061 1624 3168 1664 non
3197 1608 3308 1664 sint
3349 1610 3572 1680 integri,
3609 1622 3785 1668 tamen

2191 1706 2318 1753 sunt
2346 1697 2705 1765 continentes,
2733 1708 2794 1755 ut
2839 1701 2995 1757 bonae
3023 1703 3218 1769 viduae,
3242 1711 3297 1758 et
3325 1702 3414 1757 alii
3448 1723 3468 1755 ‹
3514 1704 3622 1760 tibi
3663 1704 3787 1762 affe-

2194 1796 2403 1856 rentur,
2439 1809 2457 1842 ›
2492 1805 2526 1846 ο
2553 1806 2671 1846 rex.
2715 1790 2849 1847 Cum
2872 1793 3004 1848 dicit
3029 1793 3344 1861 afferentur,
3379 1804 3537 1849 notat
3577 1805 3784 1851 tantam

502 1896 556 1951 id
577 1906 681 1962 est,
712 1893 869 1965 plena
894 1891 1096 1947 virtute
1117 1897 1174 1944 et
1199 1908 1218 1941 ί
1252 1861 1519 1944 varietate
1557 1906 1576 1939 ι
1617 1884 1873 1941 Gentium
1895 1885 1982 1941 vel
2009 1883 2091 1939 di-
2122 1861 2165 1919 Β
2194 1894 2380 1935 eorum
2406 1880 2760 1949 debilitatem,
2790 1890 2850 1937 ut
2882 1899 2986 1940 nec
3014 1884 3206 1940 adduci
3239 1883 3476 1950 valeant,
3506 1886 3620 1941 nisi
3666 1889 3784 1956 quia

504 2001 794 2044 versorum
824 1983 1097 2067 ordinum,
1120 1980 1249 2050 quia
1271 1977 1362 2034 alii
1388 1986 1516 2034 sunt
1542 1975 1751 2042 clerici,
1787 1976 1876 2031 alii
1905 1972 2092 2046 conju4

503 2082 636 2153 gati,
664 2088 770 2136 etc.

576 2192 597 2225 ι
629 2171 790 2237 Audi,
816 2168 946 2223 ﬁlia.
977 2187 996 2221 ι
1025 2165 1246 2223 Transit
1275 2163 1343 2218 ad
1372 2161 1661 2219 secundam
1691 2168 1926 2232 partem,
1954 2156 2093 2214 scili-

501 2272 589 2321 cet
633 2264 703 2318 ad
742 2256 1265 2317 commendationem
1319 2268 1549 2324 sponsae.
1604 2251 1829 2318 Quando
1872 2249 2093 2319 quidem

500 2368 730 2426 sponsus
768 2351 893 2406 talis
918 2357 1023 2415 est,
1054 2363 1086 2402 ο
1116 2354 1193 2411 ιιι,
1229 2364 1247 2396 ‹
1286 2344 1420 2409 filia,
1460 2363 1478 2395 ι
1529 2342 1581 2398 id
1618 2350 1721 2407 est,
1758 2356 1791 2395 o
1823 2338 2088 2403 Ecclesia,

506 2467 526 2501 ι
558 2446 707 2512 audi,
739 2461 761 2498 ι
810 2443 866 2498 id
902 2450 1008 2505 est,
1057 2437 1297 2508 intellige
1324 2452 1389 2492 ea
1418 2450 1539 2506 qum
1581 2442 1709 2490 sunt
1739 2431 2089 2496 annuntiata,

506 2556 527 2591 ι
559 2544 616 2593 ει
638 2535 762 2592 vide
796 2553 815 2585 ›
849 2531 1149 2602 completa:
1195 2529 1322 2584 audi
1353 2528 1499 2595 dico,
1530 2534 1587 2582 et
1634 2540 1757 2579 cum
1788 2523 2093 2579 humilitate

500 2630 658 2688 audi:
707 2627 892 2684 ethoc
916 2632 1002 2679 est
1035 2643 1054 2675 ‹
1089 2631 1141 2677 ει
1176 2620 1373 2677 inclina
1405 2632 1594 2673 aurem
1620 2626 1789 2682 tuam,
1820 2624 1875 2671 et
1902 2615 2092 2672 oblivi-

504 2734 662 2778 scere
693 2717 951 2791 populum
983 2724 1155 2778 tuum,
1190 2730 1208 2763 ›
1256 2711 1309 2766 id
1340 2719 1444 2775 est,
1476 2717 1655 2764 sectas
1684 2708 1967 2780 gentilium
2007 2702 2091 2760 vel

500 2810 810 2866 Iudaeorum
853 2826 864 2863 :
904 2826 921 2859 ί
951 2813 1007 2862 ει
1027 2805 1245 2860 domum
1271 2800 1443 2873 patris
1469 2800 1567 2865 tui,
1600 2819 1617 2851 ι
1649 2799 1702 2854 id
1728 2806 1830 2865 est,
1862 2813 2094 2853 conver-

502 2902 769 2959 sationem
791 2898 1013 2963 diaboli,
1046 2895 1255 2951 scilicet
1290 2891 1651 2947 idololatriam
1676 2890 1729 2944 in
1765 2888 2088 2961 gentilitate,

500 3002 558 3050 et
585 2994 720 3048 ritus
746 2989 949 3061 legales
978 2988 1033 3043 in
1060 2985 1356 3042 Judaismo.
1389 2980 1615 3053 Pr0prie
1638 2990 1800 3037 vocat
1829 2979 2092 3052 prephcta

500 3080 802 3141 Ecclesiam
840 3079 1004 3134 ﬁliam
1035 3091 1209 3141 suam,
1233 3081 1289 3130 et
1316 3080 1638 3129 caeterorum
1679 3072 2089 3142 prophetarum,

508 3175 638 3247 quia
671 3188 833 3243 super
855 3169 1220 3240 apostolorum
1234 3175 1288 3221 et
1308 3164 1697 3246 prophetarum
1718 3163 1877 3218 ﬁdem
1899 3160 2090 3215 funda-

500 3276 592 3324 tur
619 3264 888 3324 Ecclesia.

569 3359 703 3416 Dico
743 3356 1089 3420 obliviscere,
1120 3360 1176 3408 et
1217 3352 1262 3408 si
1289 3353 1394 3408 hoc
1430 3349 1647 3418 feceris,
1684 3367 1703 3400 ι
1745 3348 2093 3420 concupiscet

497 3467 617 3518 rex,
639 3469 659 3503 ι
680 3449 735 3505 id
755 3456 857 3515 est,
886 3446 1138 3503 Christus
1166 3464 1185 3497 ‹
1208 3445 1458 3501 decorem
1480 3450 1656 3509 tuum,
1685 3461 1703 3493 ι
1739 3442 1791 3496 id
1807 3449 1910 3507 est,
1936 3449 1990 3496 te
2004 3440 2091 3496 de-

497 3559 704 3602 coram.
744 3542 831 3609 Et,
857 3556 926 3597 ne
952 3540 1042 3595 illa
1066 3539 1304 3595 diceret:
1335 3552 1455 3607 qua;
1483 3550 1614 3590 cura
1655 3533 1726 3590 sit
1750 3535 1893 3589 unde
1916 3541 2090 3590 atten-

497 3639 611 3703 dat,
639 3635 853 3693 subdit:
885 3648 1081 3690 curare
1108 3631 1274 3687 debes
1306 3647 1324 3680 ι
1360 3628 1487 3700 quia
1518 3628 1632 3698 ipsc
1657 3635 1741 3682 est
1765 3626 2027 3682 Dominus
2061 3645 2080 3680 ι

497 3731 587 3801 qui
607 3728 755 3786 omni
781 3727 925 3799 genti
950 3725 1290 3781 dominatur:
1322 3730 1376 3778 et
1405 3721 1522 3792 ipse
1545 3728 1629 3776 est
1656 3737 1676 3770 ε
1714 3717 1859 3775 Deus
1885 3727 2030 3785 tuus,
2061 3738 2080 3771 ι

497 3820 551 3877 id
578 3828 684 3887 est,
713 3819 941 3875 Creator
968 3825 1114 3882 tuus,
1143 3823 1199 3870 et
1226 3815 1390 3869 etiam
1433 3811 1598 3867 debes
1624 3811 1920 3877 attendere,
1952 3826 2087 3881 quo-

495 3913 644 3969 niam
679 3930 699 3963 ς
735 3911 1042 3966 adorabunt
1067 3922 1190 3962 eum
1223 3925 1242 3958 ι
1277 3920 1469 3961 omnes
1496 3902 1745 3974 perfecti.

577 4022 595 4054 ‹
627 4002 696 4057 Et
726 4019 746 4052 ι
793 4000 838 4054 si
885 3999 1001 4070 ipse
1042 3994 1380 4065 concupierit
1422 3992 1676 4047 decorem
1725 3998 1875 4045 tuum
1906 4009 1925 4044 ‹
1963 3989 2086 4045 ﬁlia:

498 4094 649 4165 Tyri,
686 4110 706 4143 ι
742 4091 797 4146 id
840 4098 947 4156 est,
972 4086 1254 4158 angustiae,
1282 4085 1333 4141 id
1376 4093 1478 4151 est,
1515 4084 1717 4140 Gentes
1756 4098 1876 4154 quae
1916 4097 2086 4155 angu-

498 4192 647 4242 stant
673 4182 840 4237 nimia
869 4178 1214 4236 multitudine
1235 4184 1608 4248 peccatorum,
1651 4194 1669 4227 ‹
1707 4174 2083 4246 deprecabun-

499 4283 589 4330 tur
607 4272 815 4328 vultum
841 4278 1015 4337 tuum,
1039 4290 1057 4319 ι
1085 4268 1139 4325 id
1168 4276 1276 4335 εει,
1299 4267 1571 4336 rogabunt
1592 4265 1783 4331 Deum,
1808 4272 1867 4320 ut
1888 4265 1978 4321 det
2001 4264 2082 4321 eis

496 4381 658 4439 posse
682 4365 966 4436 pervenire
1008 4364 1075 4420 ad
1103 4372 1250 4419 tuam
1279 4361 1715 4419 conformitatem
1745 4377 1764 4412 ι
1796 4359 2083 4444 immune-

497 4457 651 4514 ribus
683 4476 702 4509 ι
732 4456 907 4512 dando
936 4455 1324 4527 eleemosynas,
1348 4452 1596 4510 faciendo
1630 4452 1828 4508 similia
1858 4450 1993 4507 alia:
2026 4459 2082 4508 et

2189 1969 2274 2026 vel
2310 1971 2365 2026 in
2403 1971 2707 2029 humilitate
2733 1975 2887 2044 quasi
2918 1976 2973 2030 in
3018 1976 3263 2032 humeris
3292 1984 3611 2047 portentur.
3669 1979 3785 2034 Hanc

2190 2064 2494 2134 apportatio
2528 2065 2589 2120 ﬁt
2619 2080 2719 2136 per
2740 2063 3099 2136 frequentiam
3123 2067 3536 2135 miraculorum,
3561 2084 3671 2139 per
3695 2071 3786 2125 im.

2189 2162 2477 2225 portunam
2520 2156 2980 2226 praedicationem.
3025 2157 3180 2215 Unde
3221 2159 3547 2230 Apostolus:
3579 2181 3597 2213 ‹
3633 2161 3775 2216 [asta

2189 2254 2515 2317 opportune,
2545 2247 2854 2319 importune
2880 2247 2966 2320 (II
2994 2248 3129 2305 Tim.
3159 2249 3257 2323 1v).
3294 2269 3313 2303 ι

2260 2337 2329 2392 Ει
2383 2338 2459 2393 illi
2508 2339 2587 2393 sic
2618 2336 2783 2393 allati
2840 2355 2948 2395 non
2997 2341 3271 2396 habebunt
3321 2343 3602 2399 tristitiam
3631 2385 3648 2410 ,
3696 2346 3783 2402 sed

2196 2446 2215 2479 ι
2246 2425 2541 2482 aﬁ‘erentur
2581 2428 2635 2482 in
2656 2428 2841 2484 laetitia
2873 2436 2926 2484 et
2950 2430 3302 2496 exultatione,
3341 2451 3360 2484 ι
3393 2433 3525 2503 quia
3561 2434 3618 2488 in
3652 2450 3784 2505 pra:-

2191 2521 2330 2575 senti
2356 2521 2519 2598 etiam
2554 2520 2793 2578 Ecclesia
2825 2523 3050 2578 multum
3075 2523 3326 2581 laetantur
3360 2527 3539 2582 sancti
3570 2542 3782 2598 quoque

2191 2610 2257 2665 de
2298 2596 2533 2681 puritate
2577 2628 2688 2667 suae
2728 2602 3074 2669 conscientiae
3100 2656 3114 2679 ,
3162 2624 3219 2671 et
3264 2616 3331 2671 de
3373 2616 3476 2673 hac
3525 2596 3781 2689 praesenti

2190 2697 2431 2754 Ecclesia
2461 2717 2479 2749 ι
2516 2701 2850 2756 adducentur
2877 2703 2932 2757 in
2963 2702 3218 2774 templum
3265 2706 3430 2776 regis,
3470 2726 3489 2759 ι
3526 2706 3581 2762 id
3607 2719 3698 2764 est
3732 2709 3781 2764 in

2192 2802 2479 2858 Supernam
2502 2789 2857 2847 Hierusalem.

2260 2876 2418 2932 Ponit
2447 2894 2544 2949 per
2581 2881 2710 2950 quid
2749 2881 3043 2937 aﬁ'erantur
3078 2891 3135 2940 et
3179 2884 3541 2942 adducantur.
3586 2887 3771 2944 Conli-

2192 2975 2408 3031 nuatio:
2439 2976 2506 3031 Et
2526 2993 2653 3033 vere
2680 2993 2777 3049 per
2803 2995 2993 3035 omnes
3019 2964 3395 3038 suecessiones
3441 2983 3778 3039 adducentur

2192 3076 2247 3124 et
2267 3067 2580 3154 afferentur,
2601 3072 2726 3141 quia
2756 3086 2968 3144 semper
2988 3081 3150 3129 erunt
3176 3073 3342 3145 aliqui
3368 3076 3774 3147 praedicatores,

2193 3161 2319 3230 quia
2354 3180 2372 3212 ι
2408 3176 2505 3232 pro
2530 3161 2775 3232 patribus
2805 3163 2932 3229 tuis,
2970 3182 2988 3215 ι
3015 3164 3069 3219 id
3093 3172 3197 3231 est,
3239 3164 3360 3221 loco
3388 3167 3773 3238 apostolorum,

2194 3251 2285 3322 qui
2331 3260 2632 3322 genuerunt
2660 3254 2917 3308 mundum
2950 3253 3003 3308 in
3049 3254 3176 3319 ﬁde,
3206 3255 3274 3310 ad
3312 3256 3583 3312 honorem
3623 3267 3773 3312 tuum

2195 3360 2214 3393 ‹
2252 3342 2365 3396 nati
2392 3350 2519 3397 sunt
2553 3341 2669 3411 ﬁlii,
2713 3363 2731 3396 ι
2771 3343 2823 3397 id
2847 3352 2951 3408 est,
2980 3344 3278 3400 succedunt
3315 3345 3409 3400 alii
3451 3348 3775 3416 praedicato-

2190 3446 2278 3487 res
2304 3450 2323 3483 ι
2364 3432 2479 3499 tibi,
2514 3451 2532 3484 ι
2565 3433 2619 3487 id
2646 3434 2837 3500 est,ad
2869 3443 3020 3490 tuum
3045 3449 3181 3507 opus
3207 3443 3268 3490 ut
3291 3436 3388 3491 tibi
3418 3437 3695 3493 serviant:
3724 3447 3776 3494 et

2188 3530 2245 3576 tu
2280 3541 2299 3573 ‹
2328 3521 2623 3579 constitues
2641 3537 2754 3590 eos,
2789 3543 2809 3576 ι
2843 3522 2898 3579 id
2922 3532 3024 3591 est,
3039 3524 3262 3580 stabiles
3286 3525 3342 3580 in
3367 3524 3476 3583 ﬁde
3496 3536 3555 3582 et
3580 3542 3770 3598 opere:

2192 3632 2212 3666 ι
2245 3614 2540 3685 principes,
2578 3634 2596 3668 ι
2648 3614 2701 3670 id
2726 3622 2830 3681 est,
2855 3615 3144 3684 magistros
3178 3623 3234 3670 et
3267 3615 3523 3673 doctores
3560 3636 3581 3669 ι
3619 3632 3773 3687 super

2184 3720 2402 3760 omnem
2426 3713 2647 3772 terram,
2678 3724 2697 3758 ι
2726 3705 2777 3762 id
2800 3705 3217 3773 est,Ecclesiam
3241 3721 3406 3778 super
3425 3722 3621 3764 omnes
3645 3722 3772 3779 par-

2186 3804 2269 3851 tes
2295 3806 2451 3851 terraz
2471 3794 2738 3851 diffusam.

2251 3911 2320 3966 Et
2360 3912 2439 3968 sic
2478 3912 2579 3983 ipsi
2624 3914 2903 3970 constituti
2946 3934 2966 3967 ι
3019 3924 3183 3971 erunt
3221 3930 3485 3973 memores
3508 3919 3773 3977 nominis

2185 4003 2281 4070 tui,
2311 4022 2331 4057 ι
2366 4004 2419 4059 id
2440 4014 2544 4071 est,
2576 4003 2735 4060 fama;
2761 4013 2864 4061 tua;
2886 4014 2942 4063 et
2969 4006 3155 4078 gloriae
3191 4025 3211 4059 ι
3247 4009 3305 4064 in
3327 4009 3478 4064 omni
3531 4024 3768 4082 genera-

2184 4096 2349 4164 tione,
2372 4116 2391 4150 ι
2427 4097 2650 4163 scilicet,
2681 4098 2735 4153 in
2760 4099 2909 4154 omni
2933 4107 3081 4156 terra
3109 4099 3320 4157 diﬁ'usa.
3383 4121 3402 4154 ε
3423 4101 3495 4158 Et
3520 4102 3576 4159 in
3604 4118 3769 4174 gene-

2183 4187 2391 4244 ratione
2417 4206 2437 4240 ι
2468 4187 2814 4244 succedente.
2840 4187 2939 4244 Vel
2954 4189 3061 4245 ita:
3090 4188 3171 4246 Tu
3183 4190 3603 4248 constitues-eos
3624 4194 3767 4263 prin-
3854 4208 3877 4227 κ

2182 4281 2350 4353 cipes,
2378 4288 2434 4337 et
2463 4296 2563 4353 ego
2608 4296 2705 4337 ero
2734 4296 2944 4338 memor
2987 4281 3043 4337 in
3069 4281 3168 4349 eis,
3198 4282 3251 4339 id
3291 4291 3397 4351 est,
3430 4282 3637 4342 faciam
3677 4299 3769 4342 eos

2182 4387 2451 4428 memores
2475 4371 2712 4428 nominis
2735 4372 2832 4438 tui,
2848 4380 2967 4447 etc.

2260 4464 2329 4520 Et
2383 4472 2607 4535 propter
2648 4462 2955 4533 bujusmodi
2995 4464 3160 4521 etiam
3191 4464 3518 4521 constitutos
3579 4475 3765 4537 patres

497 4562 606 4604 non
637 4554 846 4602 tantum
888 4546 1214 4601 minores'in
1244 4544 1514 4615 gentibus,
1546 4542 1642 4599 sed
1675 4562 1696 4596 ι
1731 4542 1926 4598 divites
1957 4542 2073 4614 ple-

2191 4576 2200 4612 ι
2231 4563 2516 4628 propterea
2545 4555 2727 4627 pepuli
2761 4555 3162 4625 conﬁtebuntur
3192 4556 3313 4624 tibi,
3341 4576 3362 4610 ι
3405 4557 3463 4613 id
3507 4567 3615 4625 est,
3650 4558 3766 4614 lau-

495 4640 601 4696 bis.
638 4658 659 4692 »
689 4637 932 4695 Gentiles
962 4636 1082 4692 ideo
1110 4636 1232 4692 ﬁliae
1272 4651 1378 4691 non
1411 4634 1506 4690 ﬁlii
1553 4635 1914 4706 appellantur,
1942 4634 2071 4704 quia

497 4728 689 4784 molles
720 4736 776 4783 et
800 4728 956 4797 proni
986 4734 1111 4782 sunt
1143 4726 1211 4782 ad
1253 4726 1383 4782 vitia
1412 4726 1552 4782 sicut
1590 4726 1803 4797 puellze.
1852 4726 1952 4781 Vel
1993 4725 2074 4781 sic

500 4826 792 4876 construe:
822 4819 942 4890 Ipse
968 4828 1053 4875 est
1093 4820 1234 4874 Deus
1280 4828 1423 4884 tuus,
1451 4827 1508 4874 et
1551 4817 1643 4872 alii
1676 4816 1835 4872 multi
1880 4817 2074 4873 adora-

494 4913 630 4968 bunt
651 4924 775 4966 eum
811 4911 864 4966 in
895 4911 1229 4977 muneribus,
1259 4919 1315 4965 et
1342 4910 1506 4965 etiam
1536 4908 1660 4964 ﬁlia:
1687 4906 1838 4980 Tyri,
1866 4917 1922 4964 et
1959 4907 2074 4963 vul-

494 5011 609 5059 tum
637 5011 787 5058 tuum
817 5001 1248 5074 deprecabuntur
1267 5018 1456 5059 omnes
1482 5002 1678 5058 divites
1704 5001 1894 5072 plebis.

561 5093 857 5164 Postquam
882 5092 1115 5148 ostendit
1140 5092 1429 5163 dignitates
1450 5093 1618 5163 ipsius
1637 5108 1868 5164 sponsae,
1893 5102 2073 5150 osten-

491 5183 573 5239 dit
596 5198 714 5238 eam
739 5180 1062 5237 laudabilem
1087 5180 1379 5236 secundum
1408 5181 1690 5249 interiora,
1719 5198 1828 5238 non
1870 5199 2069 5240 secun-

491 5278 620 5333 dum
647 5276 938 5332 exteriora.
963 5275 1337 5332 Continuatio:
1368 5274 1485 5347 Ipsa
1512 5292 1710 5347 sponsa
1737 5280 1917 5336 estsic
1958 5279 2072 5352 glo-

492 5368 738 5433 riosa,et
771 5384 791 5418 ‹
826 5366 1004 5422 omnis
1044 5365 1212 5438 gloria
1256 5365 1393 5438 ejus,
1435 5386 1453 5419 ι
1501 5367 1557 5424 id
1598 5379 1700 5437 est,
1733 5372 1910 5428 omnis
1949 5371 2067 5443 pul-

488 5460 739 5516 chritudo
762 5458 879 5529 ejus
921 5459 1064 5535 unde
1111 5459 1228 5531 ipsa
1268 5459 1545 5531 gloriatur,
1573 5470 1658 5517 est
1692 5482 1711 5515 ‹
1746 5463 1814 5518 ab
1840 5462 2007 5532 intus,
2042 5484 2061 5519 ι

491 5551 546 5608 id
591 5560 697 5618 est,
728 5551 797 5607 ab
845 5551 1110 5616 interiori,
1147 5550 1380 5617 scilicet,
1408 5550 1463 5606 in
1508 5551 1801 5610 virtutibus
1844 5554 2062 5622 animae,

488 5643 606 5717 ejus
639 5643 784 5712 dico,
812 5642 1040 5708 scilicet,
1075 5658 1094 5693 ι
1131 5640 1254 5697 ﬁlia:
1278 5642 1442 5713 regis,
1474 5661 1494 5697 ι
1523 5642 1576 5700 id
1620 5653 1703 5700 est
1724 5644 1947 5702 Christi.
1996 5647 2066 5703 Et

490 5732 579 5789 hic
621 5733 961 5790 commendat
983 5745 1102 5787 eam
1129 5747 1226 5803 per
1267 5747 1455 5803 genus.
1500 5734 1654 5802 Dico,
1682 5734 1852 5807 gloria
1880 5744 1964 5792 est
1991 5737 2061 5792 ab

490 5822 652 5893 intus,
681 5831 736 5880 et
763 5822 927 5880 etiam
958 5821 1125 5893 gloria
1157 5820 1272 5893 ejus
1296 5833 1379 5882 est
1406 5825 1666 5884 bonorum
1691 5839 1915 5894 operum
1949 5846 1968 5881 ι
2004 5828 2059 5884 in

2172 4649 2376 4704 dabunt
2399 4655 2452 4703 te
2470 4667 2488 4699 ι
2510 4647 2563 4703 in
2577 4654 2861 4713 aeternum,
2891 4666 2910 4700 ι
2938 4647 3107 4715 idest,
3125 4662 3224 4718 per
3246 4654 3418 4703 totam
3438 4658 3766 4719 presentem

2170 4741 2340 4796 vitam
2387 4759 2406 4793 ι
2439 4748 2496 4796 ει
2520 4739 2685 4795 etiam
2730 4740 2784 4796 in
2820 4740 3077 4796 saeculum
3111 4759 3131 4792 ι
3164 4738 3577 4797 subsecutivum
3607 4741 3768 4810 hujus

2178 4850 2197 4883 σ
2229 4828 2432 4887 seculi.
2471 4850 2491 4884 ι
2543 4830 2639 4886 Vel
2664 4830 2745 4886 sic
2793 4830 2847 4886 in
2878 4845 3113 4902 persona
3139 4830 3314 4902 patris
3342 4837 3493 4886 totus
3521 4832 3770 4901 psalmus

2172 4930 2353 4994 potest
2394 4920 2500 4993 legi
2538 4922 2838 4978 secundum
2883 4921 3276 4991 Augustinum,
3317 4923 3575 4992 quamvis
3623 4923 3771 4979 ditat

2174 5011 2536 5084 Hieronymus
2558 5012 2732 5081 magis
2771 5011 2875 5068 hoc
2904 5011 3022 5067 ﬁeri
3057 5025 3124 5067 ex
3164 5011 3575 5082 superstitione,
3599 5028 3771 5083 quam

2174 5119 2242 5161 ex
2266 5105 2493 5160 veritate
2536 5111 2735 5159 textus.
2790 5104 3057 5175 Loquitur
3099 5104 3263 5161 Pater
3306 5112 3364 5160 et
3411 5106 3772 5162 commendat

2172 5194 2341 5253 ﬁlium
2386 5194 2684 5251 secundum
2741 5194 3110 5261 divinitatem,
3174 5210 3300 5252 cum
3353 5194 3547 5250 dicit:
3602 5214 3625 5248 α
3658 5194 3770 5252 Cor

2171 5302 2401 5354 meum,»
2427 5287 2481 5343 id
2504 5294 2610 5354 est,
2631 5285 2840 5343 occulta
2864 5296 2921 5341 et
2945 5295 3158 5342 secreta
3180 5301 3300 5343 mea
3323 5286 3554 5358 protulit
3582 5301 3769 5345 rver-

2170 5377 2297 5434 bum
2334 5380 2556 5445 bonum,
2595 5397 2616 5432 ι
2653 5377 2708 5432 id
2734 5386 2820 5433 est
2838 5375 3035 5433 Filium
3063 5394 3269 5444 meum,
3298 5398 3317 5432 ‹
3359 5382 3642 5435 eructavit
3679 5396 3699 5437 :
3741 5398 3765 5434 ι

2168 5469 2262 5540 qui
2288 5469 2596 5539 specialiter
2610 5469 2783 5525 bonus
2808 5476 2914 5535 est,
2938 5469 3062 5539 quia
3094 5483 3254 5523 nemo
3280 5485 3300 5520 ι
3331 5469 3508 5524 bonus
3535 5469 3651 5524 nisi
3677 5484 3769 5527 so-

2167 5560 2252 5615 lus
2297 5561 2436 5614 Deus
2465 5556 2681 5632 (Matth.
2731 5559 2847 5630 xx),
2884 5578 2903 5613 ι
2941 5558 2997 5614 in
3034 5574 3141 5631 quo
3167 5558 3338 5614 Filius
3381 5556 3767 5615 consubstan-

2166 5650 2308 5706 tialis
2348 5650 2498 5706 Patri
2521 5666 2642 5707 esse
2671 5657 2909 5707 notatur.
2966 5649 3067 5706 Per
3110 5666 3207 5706 cor
3250 5650 3371 5707 ideo
3405 5649 3765 5707 divinitatem

2166 5737 2344 5796 Patris
2389 5740 2682 5813 accipimus
2711 5749 2768 5798 et
2805 5756 2904 5813 per
2923 5741 3172 5834 ‘erbum
3199 5740 3416 5810 Filium,
3446 5739 3577 5813 quia
3609 5741 3770 5796 sicut

2167 5844 2261 5887 cor
2286 5827 2522 5887 hominis
2567 5831 2717 5901 latet,
2744 5840 2800 5888 et
2828 5827 3116 5904 per'verba
3145 5830 3380 5889 hominis
3423 5830 3760 5887 manifesta-
