3940 6450
193 378 300 435 353

1387 373 1822 433 EXPLANATIO
1857 375 1924 432 IN
1962 377 2300 437 PSALMOS.

3328 377 3433 438 354

196 502 315 548 tur:
347 490 426 546 sic
445 483 625 545 divtn’a
649 487 881 544 essentia
925 486 1126 542 latebat
1151 487 1370 551 mundo,
1393 503 1515 542 cum
1537 502 1634 557 per
1675 487 1762 542 Fi-
1789 493 1839 552 Α
1865 489 2246 555 bulationibus,
2278 509 2296 542 ι
2331 490 2384 546 id
2414 499 2514 555 est,
2546 498 2606 545 ut
2643 503 2748 544 non
2775 489 2950 545 solum
2979 505 3085 546 non
3127 491 3432 562 vincamur,

194 583 326 636 lium
355 577 700 634 manifestata
731 585 816 632 est
861 577 914 632 in
962 577 1236 650 creatione
1276 576 1421 642 C(Bli,
1444 586 1499 631 et
1528 577 1761 632 maxime

192 689 318 728 cum
345 673 456 742 ipsa
487 670 739 724 divinitas
769 669 1088 724 humanitati
1111 669 1259 724 unita
1289 669 1360 723 sit
1391 687 1403 722 :
1435 684 1529 724 cor
1551 678 1764 724 emeta-

193 765 274 818 vit
303 762 548 826 verbum,
591 772 646 815 et
670 761 794 816 huic
825 779 844 812 ί
882 761 991 831 regi
1027 779 1044 811 ι
1075 759 1166 829 qui
1195 769 1251 815 et
1293 760 1436 815 Deus
1464 768 1520 815 et
1557 775 1654 814 rex
1679 768 1764 815 est

201 874 220 908 ι
255 855 378 910 dico
402 868 501 921 ego
524 868 689 924 opera
719 868 858 918 mea,
899 873 916 906 ›
948 853 1001 906 id
1028 861 1127 915 εει,
1163 852 1389 922 dispono
1413 866 1536 906 cum
1555 865 1620 905 eo
1647 865 1762 906 om-

193 947 307 1010 nia,
335 946 452 999 sine
485 960 592 1013 quo
619 944 750 999 nihil
793 944 961 998 facio:
995 952 1049 998 et
1078 958 1176 1013 per
1201 943 1302 998 hoc
1323 941 1492 997 Filius
1519 943 1763 1014 omnipo-

197 1044 322 1090 tens
351 1051 476 1090 cum
507 1035 615 1089 Deo
645 1034 804 1088 Patre
835 1045 1070 1089 notatur.
1117 1034 1268 1090 Unde
1295 1034 1494 1089 dicitur
1525 1052 1538 1087 :
1574 1051 1592 1084 ι
1627 1034 1760 1091 Cum

195 1140 262 1180 co
292 1125 580 1194 disponens
606 1125 788 1179 omnia
810 1123 990 1196 (Prov.
1022 1123 1162 1196 vui).
1197 1144 1216 1177 ι

262 1214 378 1269 Νοη
403 1221 609 1269 tantum
630 1231 753 1269 cum
779 1216 879 1270 hoc
906 1230 1030 1284 rege
1056 1215 1296 1285 dispono,
1328 1217 1422 1272 sed
1451 1217 1617 1272 etiam
1644 1231 1764 1272 om-

194 1305 285 1360 nia
315 1306 454 1361 facio
486 1321 584 1376 per
609 1321 763 1360 eum:
809 1315 864 1361 et
907 1307 1010 1362 hoc
1036 1317 1120 1361 est
1157 1325 1171 1361 :
1209 1325 1226 1359 ι
1266 1309 1447 1380 lingua
1475 1325 1615 1374 mea,
1651 1330 1670 1362 ι
1709 1310 1763 1365 id

194 1400 484 1465 cst,Filius
509 1400 640 1469 ipse,
663 1401 753 1470 qui
778 1401 973 1456 dicitur
989 1403 1192 1474 lingua,
1209 1403 1348 1459 sicut
1371 1413 1426 1459 et
1449 1406 1687 1470 verbum,
1709 1411 1764 1460 et

198 1491 432 1546 divinam
457 1492 748 1547 essentiam
786 1492 1134 1561 manifestat,
1175 1502 1260 1550 est
1290 1513 1308 1546 ι
1341 1495 1600 1551 'calamus
1624 1496 1760 1553 scri-

195 1578 302 1644 bae,
333 1599 351 1630 ι
385 1579 438 1633 id
475 1586 578 1644 est,
611 1579 744 1634 mei:
793 1581 920 1650 quia
949 1581 1090 1638 sicut
1130 1583 1370 1639 calamus
1413 1585 1530 1640 sine
1561 1585 1759 1650 scriba,

203 1683 307 1723 nec
325 1669 500 1725 scriba
527 1670 642 1724 sine
671 1669 878 1726 calamo
902 1672 1034 1726 nihil
1056 1682 1328 1742 operatur,
1348 1675 1425 1730 sic
1447 1690 1546 1732 nos
1567 1688 1759 1744 coope-

198 1775 386 1814 ramur
432 1780 450 1812 (
484 1760 741 1816 velociter
785 1761 1094 1830 scribentis,
1132 1781 1150 1814 ι
1185 1763 1310 1833 quia
1331 1763 1468 1819 dixit
1514 1773 1571 1820 et
1619 1764 1760 1820 facta

201 1859 348 1907 sunt.

275 1939 375 1996 Hic
398 1941 580 2012 incipit
611 1943 678 1998 de
712 1945 1175 2000 commendatione
1213 1945 1307 2001 filii
1342 1948 1637 2003 secundum
1668 1949 1768 2003 hu-

202 2033 543 2100 manitatem,
576 2034 822 2091 faciendo
868 2039 1231 2107 apostrophen
1265 2039 1331 2093 ad
1370 2040 1544 2109 ipsum
1576 2039 1764 2094 filium.

197 2122 542 2178 Continuatio
581 2142 592 2178 :
642 2125 786 2181 Talis
817 2141 876 2181 es
915 2129 1208 2183 secundum
1249 2129 1545 2184 deitatem:
1578 2146 1769 2186 secun-

197 2215 327 2268 dum
362 2216 747 2271 humanitatem
783 2233 912 2274 vero
954 2234 1015 2274 es
1056 2239 1074 2272 ‹
1118 2221 1394 2290 speciosus
1427 2221 1604 2278 forma
1652 2242 1671 2276 ι
1712 2231 1771 2278 ιιι

197 2323 382 2376 supra,
404 2317 457 2362 et
479 2319 673 2362 czrtera
707 2324 811 2364 non
843 2318 1142 2365 mutantur.

271 2398 337 2451 Et
358 2399 570 2468 proprie
599 2400 890 2454 secundum
916 2401 1018 2455 hoc
1041 2400 1172 2456 dicit
1191 2401 1334 2456 Deus
1355 2403 1422 2458 ad
1436 2403 1764 2458 Eeclesiam:

203 2505 223 2535 α
254 2485 411 2552 Audi,
430 2486 558 2551 filia,
583 2507 600 2536 ι
631 2488 756 2556 quia
772 2488 1006 2544 Ecclesia
1026 2504 1153 2546 vere
1173 2507 1202 2544 a
1229 2491 1342 2547 solo
1365 2494 1473 2546 Deo
1499 2502 1584 2548 est
1604 2508 1769 2563 gene-

197 2583 339 2640 rata,
370 2586 425 2630 et
451 2575 567 2644 ejus
600 2577 795 2632 merito
819 2578 925 2632 filia
959 2581 1286 2634 nominatur.
1315 2581 1445 2636 Item
1475 2583 1612 2638 bene
1639 2583 1772 2637 dicit

198 2665 342 2720 Deus
359 2667 551 2722 Pater:
575 2688 591 2719 ι
617 2667 818 2723 Memor
837 2685 929 2724 ero
952 2671 1183 2726 nominis
1204 2673 1299 2738 tui,
1325 2693 1343 2726 ι
1365 2674 1418 2728 id
1445 2682 1549 2739 est,
1571 2688 1770 2728 memo-

196 2775 289 2816 res
312 2775 403 2816 eos
435 2761 650 2829 faciam,
676 2777 709 2817 o
730 2778 844 2827 rex,
871 2763 1104 2818 nominis
1130 2764 1225 2828 tui,
1249 2765 1303 2819 id
1323 2773 1423 2831 est,
1450 2765 1622 2821 laudis
1645 2774 1766 2820 tum.

666 2895 734 2951 IN
769 2896 1095 2952 PSALMUM
1134 2897 1296 2953 XLV.

199 3003 459 3061 TITULUS.
509 3003 576 3059 In
619 3004 773 3074 ﬁnem
809 3007 1054 3089 psalmus
1097 3008 1267 3063 David
1309 3009 1435 3079 ﬁliis
1475 3007 1643 3066 Chore
1675 3028 1768 3082 pro

873 3095 1099 3131 arcams.

1863 581 1958 637 sed
1979 581 2143 635 etiam
2169 581 2302 636 alios
2341 581 2610 651 possimus
2653 581 2910 636 vincere:
2948 600 2966 633 ι
3001 598 3120 652 quae
3150 603 3170 636 ι
3211 584 3435 641 tribula-

1862 671 2036 725 tiones
2063 689 2081 722 ι
2118 671 2439 726 invenerunt
2472 688 2570 726 nos
2603 689 2621 722 ι
2652 672 2808 740 quasi
2835 672 3110 742 expositos
3139 673 3255 729 sine
3287 677 3434 731 omni

1863 759 2151 828 adjutorio,
2193 761 2334 815 sicut
2377 760 2605 830 pupillos
2640 779 2659 812 ι
2695 760 2878 824 nimis,
2917 781 2936 812 ι
2965 759 3016 815 id
3043 769 3148 826 εει,
3173 770 3281 817 tam
3306 779 3435 834 gra-

1863 866 1982 914 ves,
2041 850 2184 921 quod
2238 851 2402 906 etiam
2459 866 2629 922 usque
2673 852 2743 908 ad
2789 853 3067 924 sanguinis
3117 851 3434 912 effusionem

1863 943 2127 997 venirent.
2753 955 2756 964 '

1937 1049 1957 1084 ι
1982 1032 2273 1101 Propterea
2302 1050 2322 1084 ι
2349 1032 2476 1102 quia
2500 1031 2644 1086 Deus
2669 1041 2913 1087 nostrum
2936 1032 3221 1103 refugium,
3245 1035 3435 1098 virtus,

1864 1119 2076 1191 adjutor
2119 1130 2220 1187 est,
2271 1141 2289 1174 ‹
2326 1137 2435 1177 non
2482 1123 2794 1182 timebimus
2840 1142 2859 1175 ι
2907 1139 3028 1178 cum
3075 1133 3251 1178 tamen
3296 1134 3440 1180 esset

1864 1217 2158 1272 timendum
2189 1237 2206 1269 ι
2231 1219 2374 1281 dum,
2415 1238 2434 1270 ι
2464 1217 2517 1272 id
2537 1226 2639 1283 est,
2671 1218 2798 1286 quia
2829 1236 2846 1269 ι
2875 1217 3178 1273 turbabitur
3205 1228 3370 1285 terra,
3410 1238 3429 1272 ι

1864 1309 1918 1364 id
1947 1318 2051 1375 εει,
2079 1308 2279 1372 «Ιιιᾱιειι,
2329 1325 2448 1380 quae
2477 1309 2596 1364 ideo
2629 1309 2827 1364 dicitur
2877 1317 3044 1376 terra,
3083 1311 3208 1380 quia
3243 1327 3338 1381 per
3362 1312 3440 1366 le-

1863 1414 1983 1470 gem
2015 1409 2069 1454 et
2095 1401 2386 1470 prophetas
2411 1408 2531 1453 erat
2555 1407 2608 1452 et
2636 1398 2884 1464 solidata,
2910 1407 2966 1454 et
2993 1399 3142 1454 culta
3167 1417 3187 1451 ι
3219 1409 3274 1454 ει
3306 1411 3435 1456 tunc

1863 1496 2098 1555 montes,
2129 1507 2148 1541 ι
2176 1489 2229 1543 id
2259 1497 2361 1552 est,
2386 1487 2613 1558 apostoli
2645 1506 2663 1539 ‹
2690 1485 3056 1542 tranferentur
3079 1506 3097 1538 ι
3118 1487 3172 1542 in
3187 1503 3356 1555 mare,
3386 1490 3439 1544 id

1863 1587 1966 1644 est,
1993 1576 2214 1643 Gentes,
2245 1586 2300 1632 et
2320 1593 2427 1632 non
2459 1586 2665 1632 tantum
2696 1576 2765 1631 ad
2792 1575 2994 1632 Gentes
3023 1592 3118 1646 per
3143 1577 3311 1632 solam
3342 1579 3439 1632 ha-

1862 1669 2208 1735 bitationem,
2234 1669 2329 1725 sed
2358 1669 2521 1725 etiam
2564 1688 2582 1721 ‹
2620 1669 2675 1724 in
2705 1683 2802 1724 cor
2835 1668 3003 1724 maris
3031 1689 3050 1721 ι
3084 1669 3209 1737 quia
3237 1678 3439 1739 ponent

1865 1759 2022 1815 fidem
2051 1760 2105 1815 in
2136 1775 2232 1816 cor
2264 1761 2525 1832 gentium.
2563 1760 2668 1833 Per
2693 1773 2842 1814 mare
2878 1757 3078 1814 Gentes
3119 1759 3436 1829 accipimus,

1788 1843 1836 1903 B
1862 1852 1987 1922 quia
2015 1867 2228 1922 semper
2253 1853 2305 1906 in
2327 1851 2598 1916 fluctibus,
2625 1860 2680 1907 et
2708 1852 2761 1905 in
2809 1851 3045 1920 appetitu
3089 1857 3437 1906 terrenorum

1867 1952 2013 2008 sunt,
2045 1943 2251 1998 scilicet
2275 1943 2582 2006 volvuntur,
2613 1949 2668 1996 et
2692 1941 2840 1994 avari
2887 1941 2941 1994 in
2976 1941 3124 1995 vitiis
3148 1948 3293 1995 sunt.
3340 1940 3440 1996 Vel

1866 2034 2008 2103 quod
2035 2032 2412 2103 profundiores
2451 2031 2507 2085 in
2543 2029 2862 2102 gentilitate,
2903 2029 3028 2100 quia
3063 2029 3228 2084 etiam
3268 2029 3434 2100 aliqui

1868 2125 1934 2181 de
1964 2123 2321 2192 nequioribus
2343 2129 2472 2176 sunt
2496 2121 2762 2176 conversi.

1943 2234 1961 2266 (
1992 2214 2298 2269 Sonuerunt
2330 2233 2348 2265 ι
2377 2212 2511 2275 dixi,
2539 2225 2646 2266 non
2677 2210 3002 2275 timebimus,
3035 2209 3163 2265 dum
3206 2208 3439 2266 transfe-

1869 2315 2055 2363 rentur
2079 2316 2310 2370 montes,
2334 2312 2386 2359 et
2423 2304 2549 2374 quia
2588 2303 2654 2358 de
2690 2304 2791 2358 hoc
2818 2303 3112 2358 timendum
3147 2317 3257 2360 non
3287 2301 3438 2356 vide-

1868 2408 2041 2465 retur,
2077 2399 2313 2454 ostendit
2339 2397 2482 2466 quod
2518 2394 2813 2450 timendum
2841 2402 3004 2449 esset.
3047 2391 3394 2448 Continuatio
3423 2410 3437 2446 :

1868 2488 1998 2543 Dico
2045 2495 2256 2541 montes
2298 2485 2713 2548 transferentur,
2756 2491 2811 2538 et
2857 2490 2986 2537 tunc
3016 2500 3034 2533 ι
3070 2489 3388 2551 sonuerunt,
3416 2499 3436 2531 ι

1869 2580 1922 2634 id
1949 2587 2052 2642 est,
2081 2575 2348 2631 sonabunt
2393 2575 2493 2644 ipsi
2519 2573 2742 2644 apostoli
2770 2575 2825 2626 in
2868 2572 3272 2642 praedicatione,
3328 2589 3347 2622 ι
3383 2578 3441 2626 ει

1870 2685 2022 2740 aqua:
2043 2683 2250 2733 eorum,
2285 2687 2302 2719 ›
2327 2668 2377 2721 id
2407 2676 2509 2731 est,
2542 2665 2868 2734 maris,quia
2899 2665 2966 2718 ad
2995 2664 3442 2734 signiﬁcationem

1871 2761 2110 2830 respicit,
2156 2775 2276 2813 cum
2317 2758 2450 2814 dicit
2494 2772 2679 2812 eorum
2716 2772 2733 2806 ι
2778 2755 3004 2809 turbata),
3042 2763 3169 2808 sunt
3202 2774 3219 2805 ι
3251 2763 3439 2808 contra

1869 2850 2175 2921 Apostolos.
2202 2848 2305 2904 Per
2327 2863 2494 2918 aquas
2519 2846 2788 2901 doctrinas
2811 2845 2894 2899 vel
2916 2843 3140 2913 p0pulos
3167 2843 3440 2913 intelligit.

1872 2942 1969 2998 Vel
1987 2943 2060 2996 ita
2078 2941 2353 2996 translatis
2377 2939 2633 3010 apostolis
2658 2939 2722 2991 ad
2745 2936 2944 2991 Gentes
2972 2954 2990 2987 ι
3019 2951 3170 3006 aqu-.e
3190 2950 3398 3002 eorum,
3421 2956 3439 2987 ι

1871 3032 1925 3087 id
1950 3039 2053 3096 est,
2083 3031 2279 3086 diversi
2306 3029 2484 3099 populi
2515 3028 2789 3100 gentilium
2821 3046 2838 3078 ι
2867 3036 3180 3090 sonuerunt,
3211 3046 3228 3076 ι
3264 3027 3315 3080 id
3338 3036 3444 3092 est,

1874 3125 2302 3179 reclamaverunt
2349 3131 2535 3179 contra
2589 3120 2889 3191 apostolos,
2953 3127 3009 3175 et
3068 3129 3290 3189 propter
3341 3122 3444 3177 hoc

280 3226 296 3258 ι
334 3209 474 3263 Deus
504 3219 686 3264 noster
710 3209 990 3280 refugium.
1024 3231 1040 3262 ι
1070 3210 1312 3267 Psalmus
1337 3213 1438 3268 iste
1461 3214 1772 3268 attribuitur
1797 3185 1842 3248 ο
1881 3231 1899 3265 ι
1933 3223 2162 3279 montes,
2198 3234 2216 3266 ι
2250 3214 2303 3268 id
2325 3222 2407 3268 est
2434 3214 2604 3267 sancti
2625 3185 2870 3280 apostoli
2915 3230 2932 3262 ι
2983 3185 3286 3265 conturbati
3317 3219 3446 3266 sunt

201 3303 368 3356 David
395 3304 670 3372 prophetae
704 3303 786 3358 vel
815 3303 974 3356 alicui
1006 3303 1150 3358 fideli
1180 3304 1244 3357 de
1287 3303 1444 3370 Juda,
1469 3316 1528 3358 ut
1553 3306 1624 3359 sit
1649 3320 1770 3360 cer-

203 3394 311 3448 tius
341 3396 706 3449 testimonium
730 3395 1037 3463 propositus
1055 3395 1177 3450 filiis
1197 3396 1394 3461 Chore,
1413 3398 1463 3452 id
1486 3407 1589 3463 est,
1619 3399 1773 3470 signo

200 3485 381 3539 crucis
427 3484 733 3554 insignitis:
767 3485 1002 3554 dirigens
1047 3500 1140 3538 eos
1169 3486 1222 3538 in
1262 3485 1446 3551 finem,
1477 3487 1648 3542 factus
1674 3504 1772 3558 pro

201 3573 419 3627 arcanis
456 3571 879 3636 manifestandis,
919 3573 1044 3640 quia
1087 3573 1140 3626 in
1185 3573 1287 3627 hoc
1311 3575 1516 3642 psalmo
1546 3576 1774 3631 manife-

204 3669 380 3716 statur
404 3661 668 3715 adventus
704 3661 925 3728 Christi,
953 3663 1044 3731 qui
1082 3661 1262 3717 multis
1286 3665 1528 3719 occultus
1556 3675 1694 3730 erat,
1723 3677 1777 3722 et

203 3749 489 3804 conversio
522 3750 902 3819 Apostolorum
936 3767 967 3805 a
1005 3750 1203 3808 Judaeis
1233 3754 1300 3808 ad
1339 3754 1536 3823 ipsum,
1565 3765 1620 3809 et
1665 3757 1772 3811 sal-

205 3841 349 3894 vatio
379 3839 682 3894 Judaaorum
714 3842 766 3896 in
793 3842 1098 3897 novissimis
1129 3845 1481 3914 temporibus,
1513 3854 1566 3900 et
1591 3862 1694 3916 pax
1718 3850 1773 3902 in

202 3939 446 4000 tempore
494 3932 790 3986 nativitatis
827 3932 942 3999 ejus
988 3933 1128 4020 inter
1169 3933 1338 3988 Deum
1377 3944 1432 3990 et
1472 3936 1769 3991 hominem.

203 4021 428 4076 Materia
455 4030 538 4075 est
563 4021 823 4076 adventus
857 4021 1079 4087 Christi,
1110 4022 1176 4077 de
1196 4037 1302 4092 quo
1333 4033 1523 4078 cretera
1547 4041 1768 4092 arcana,

201 4127 326 4182 qua:
350 4111 490 4166 dicta
512 4121 657 4177 sunt,
676 4122 1070 4180 processerunt.
1101 4112 1320 4173 Modus:
1346 4113 1400 4167 In
1422 4115 1594 4184 prima
1621 4125 1782 4184 parte

199 4201 396 4272 psalmi
416 4217 540 4257 suos
566 4202 835 4267 admonet,
861 4211 918 4255 ut
941 4201 1270 4257 confidentes
1300 4204 1353 4257 in
1376 4204 1607 4258 adventu
1633 4205 1771 4272 ejus,

201 4292 593 4350 commotiones
613 4292 798 4347 mundi
821 4307 926 4347 non
951 4293 1197 4359 timeant,
1219 4309 1336 4362 qua:
1359 4305 1576 4364 propter
1600 4296 1772 4364 ipsum

202 4381 411 4438 Christi
433 4382 720 4435 adventura
749 4383 1014 4437 evenient.
1053 4383 1108 4436 In
1146 4385 1380 4439 secunda
1407 4394 1558 4453 parte
1585 4393 1772 4439 esten-

205 4474 287 4529 dit
312 4472 595 4526 manifeste
635 4473 805 4542 ipsum
835 4474 1142 4540 adventum,
1176 4484 1231 4530 ct
1263 4477 1542 4530 commoda
1571 4493 1690 4546 quae
1719 4477 1771 4530 in

205 4565 325 4635 ipso
375 4565 604 4622 adventu
645 4566 982 4634 provenient.
1021 4565 1081 4618 In
1130 4565 1287 4619 tertia
1334 4574 1486 4634 parte
1523 4567 1775 4622 admonet

205 4673 419 4723 omnes,
469 4667 528 4712 ut
563 4659 843 4713 attendant
882 4674 1043 4728 opera
1087 4659 1240 4713 istius
1271 4659 1501 4713 Domini.
1546 4659 1776 4715 Intentio

207 4757 316 4813 est,
345 4757 402 4802 ut
428 4765 613 4804 omnes
657 4765 808 4818 spem
836 4765 945 4804 sua:
981 4750 1315 4805 liherationis
1358 4751 1689 4806 constituant
1723 4751 1777 4805 in

207 4839 443 4893 adventu
471 4839 704 4904 Domini,
732 4855 852 4908 quae
881 4840 1103 4894 intentio
1127 4839 1180 4893 in
1214 4841 1385 4909 prima
1413 4850 1568 4909 parte
1587 4841 1776 4910 psalmi

207 4919 454 4993 notatur,
476 4945 583 4984 non
611 4930 920 4984 timebimus
950 4931 1072 4984 dum
1111 4931 1414 4986 turbabitur
1439 4940 1603 4986 terra.

284 5019 402 5076 Vox
428 5033 512 5076 est
537 5023 832 5092 prophetae,
855 5023 937 5076 vel
968 5022 1136 5078 ﬁdelis
1154 5023 1348 5078 animre
1369 5024 1449 5077 sic
1471 5023 1774 5078 invitantis:

209 5109 319 5165 Alii
337 5109 582 5164 homines
602 5110 910 5180 regnantad
937 5110 1222 5178 potentias,
1240 5111 1323 5164 vel
1348 5110 1583 5176 divitias,
1608 5111 1690 5166 vel
1712 5112 1780 5166 ad

210 5201 467 5271 qualibet
491 5199 777 5264 mundana,
797 5200 890 5254 sed
917 5219 934 5250 ι
955 5200 1096 5254 Deus
1119 5209 1303 5256 noster
1330 5200 1502 5255 factus
1521 5221 1537 5251 ι
1563 5217 1659 5270 ρει·
1677 5201 1778 5255 hu-

211 5291 530 5346 manitatem
561 5299 916 5359 assumptum,
942 5298 1024 5344 est
1048 5298 1289 5345 nostrum
1324 5309 1341 5340 ‹
1373 5290 1636 5360 refugium
1673 5310 1690 5342 ι
1727 5291 1779 5344 in

211 5381 319 5438 hoc
359 5380 503 5451 quod
547 5396 646 5436 nos
691 5381 928 5450 protegit
963 5396 994 5433 a
1035 5381 1211 5446 malis,
1261 5396 1328 5434 ne
1367 5397 1465 5435 nos
1508 5381 1783 5436 diabolica:

211 5469 541 5524 tentationes
560 5470 898 5532 eouvincant,
933 5488 951 5519 ι
977 5477 1031 5522 ει
1051 5470 1241 5534 virtus,
1280 5487 1301 5520 ι
1332 5471 1385 5524 id
1421 5481 1524 5536 est,
1555 5470 1782 5526 toleran-

214 5559 348 5612 tiam
387 5567 444 5612 et
474 5559 834 5613 constantiam
882 5557 1193 5611 ministrans
1235 5567 1290 5612 et
1332 5559 1669 5615 inviucibiles
1704 5559 1782 5614 fa-

213 5648 384 5714 ciens,
408 5656 462 5702 ει
485 5649 638 5719 quasi
665 5649 804 5703 Deus
830 5662 928 5702 nos
950 5647 1149 5702 deserit
1178 5656 1300 5718 post
1323 5649 1502 5704 datam
1528 5659 1780 5706 constan-

218 5739 367 5807 tiam,
408 5742 588 5798 statim
614 5741 1004 5816 defecerimus,‘
1029 5741 1176 5798 addit
1215 5759 1229 5795 :
1280 5759 1298 5794 ι
1336 5725 1547 5812 εἰιίιιιοι-
1583 5742 1637 5798 in
1683 5743 1778 5798 tri-

1877 3305 1929 3358 in
1954 3304 2267 3358 fortitudine
2312 3303 2449 3371 ejus,
2487 3322 2506 3354 ›
2543 3303 2738 3366 maris,
2775 3301 2828 3355 id
2855 3311 2958 3366 est,
3004 3301 3319 3370 gentilitatis
3348 3315 3444 3369 per

1875 3397 2056 3467 gravia
2106 3404 2410 3460 tormenta,
2457 3410 2575 3464 qua:
2621 3393 2922 3447 inferebant
2966 3393 3044 3446 eis
3087 3391 3304 3446 Gentes.
3339 3391 3437 3446 Vel

1875 3495 2084 3540 montes
2113 3485 2448 3554 accipiuntur
2492 3482 2726 3551 majores
2773 3484 2827 3536 in
2866 3482 3050 3552 gentili
3095 3482 3313 3552 populo,
3351 3483 3445 3552 qui

1877 3582 2005 3628 sunt
2025 3574 2227 3627 turbati
2257 3573 2314 3625 in
2347 3571 2658 3626 fortitudine
2684 3570 2799 3640 ejus
2825 3570 2943 3636 Dei,
2969 3571 3021 3624 id
3037 3581 3141 3634 est,
3161 3572 3446 3640 indignan-

1879 3670 1965 3716 tur
1989 3661 2202 3730 quando
2225 3660 2446 3714 audiunt
2473 3659 2730 3713 miracula
2753 3659 2871 3723 Dei,
2901 3660 2986 3712 vel
3013 3668 3201 3714 contra
3238 3662 3444 3729 seipsos

1876 3751 2094 3820 propria
2145 3748 2493 3820 turpitudine,
2537 3749 2621 3804 vel
2661 3759 2849 3804 contra
2894 3749 3179 3818 Apostolos
3219 3752 3337 3821 ejus
3387 3753 3439 3806 in

1877 3842 2220 3898 crudelitate.

1947 3933 2273 4003 Hiclincipit
2307 3931 2543 3987 secunda
2585 3948 2712 4002 pars
2757 3949 2776 3982 ι
2827 3931 3109 3987 Fluminis.
3162 3950 3182 3983 ι
3223 3931 3322 3987 Hic
3363 3943 3448 3989 est

1877 4025 2190 4095 diapsalma.
2234 4025 2578 4080 Continuatio
2619 4041 2632 4076 :
2682 4042 2700 4074 ι
2749 4022 2957 4078 Montes
2983 4023 3345 4078 turbabuntur
3384 4026 3440 4080 in

1875 4117 2210 4180 fortitudine,
2235 4134 2253 4166 ›
2289 4116 2382 4170 sed
2413 4124 2599 4170 contra
2623 4115 2763 4169 hanc
2790 4113 3254 4169 conturbationem
3287 4131 3304 4164 ι
3342 4113 3443 4168 flu-

1875 4207 2036 4262 minis
2064 4207 2315 4274 impetus,
2345 4223 2362 4256 ι
2390 4203 2443 4258 id
2472 4212 2574 4269 est,
2608 4204 2968 4272 impetuosum
2992 4202 3212 4271 flumen,
3237 4204 3445 4260 scilicet

1875 4297 2108 4368 Spiritus
2134 4305 2353 4352 sanctus
2379 4315 2392 4349 :
2427 4296 2516 4364 qui
2542 4295 2661 4351 ideo
2691 4294 2888 4349 flumen
2914 4295 3131 4360 dicitur,
3163 4295 3444 4364 quia'con-

1822 4430 1827 4435 .
1875 4389 2232 4460 eupiscentias
2244 4397 2299 4442 et
2311 4387 2530 4442 ardores
2546 4385 2839 4454 exstinguit
2851 4384 3047 4440 carnis.
3064 4384 3424 4454 lmpetuosum

1877 4483 2002 4552 quia
2050 4495 2208 4534 nemo
2244 4487 2420 4549 potest
2465 4478 2515 4531 ei
2556 4476 2808 4530 resistere
2849 4492 2862 4528 :
2913 4474 3000 4529 ille
3044 4474 3165 4529 talis
3214 4475 3447 4543 impetus

1885 4589 1904 4623 ι
1942 4570 2178 4625 ιεειὶιίεει
2220 4569 2492 4624 civitatem
2532 4566 2648 4630 Dei,
2692 4585 2708 4617 ι
2751 4565 2804 4620 id
2847 4573 2952 4630 est,
2981 4564 3296 4628 Ecclesiam,
3321 4579 3440 4632 quae

1880 4663 2000 4718 ideo
2041 4662 2228 4716 civitas
2269 4661 2484 4725 dicitur,
2521 4659 2646 4728 quia
2683 4657 2823 4712 sicut
2866 4658 2921 4712 in
2965 4657 3182 4712 civitate
3222 4657 3448 4726 quilibet

1881 4757 2085 4810 advena
2117 4754 2390 4824 recipitur,
2421 4753 2500 4807 sic
2535 4752 2588 4806 in
2629 4750 2886 4805 Ecclesia.
2927 4751 3058 4804 Item
3085 4751 3225 4806 sicut
3255 4750 3446 4806 civitas

1878 4846 2085 4899 munita
2109 4854 2192 4900 est
2221 4843 2476 4908 turribus,
2504 4843 2583 4898 sic
2612 4842 2848 4897 Ecclesia
2893 4843 3152 4911 apostolis
3189 4853 3243 4897 et
3277 4844 3426 4898 virtu.

1883 4937 2024 4992 tibus
2070 4935 2388 5001 laztificatur,
2440 4935 2564 5004 quia
2619 4933 2902 4989 confirmat
2945 4950 3039 4989 eos
3078 4934 3222 4989 Deus
3269 4935 3441 5003 gratia

1885 5026 2116 5095 Spiritus
2141 5025 2330 5088 sancti,
2368 5033 2554 5078 contra
2584 5025 2955 5080 tribulationes
2988 5039 3108 5093 qua:
3144 5022 3447 5079 infereban—

1885 5123 1972 5168 tur
2000 5114 2100 5178 eis,
2129 5113 2249 5168 dico
2273 5111 2527 5178 laetificat,
2561 5123 2615 5168 et
2640 5115 2800 5169 etiam
2829 5131 2850 5166 ε
2871 5113 3196 5177 Altissimus,
3223 5131 3241 5163 ›
3264 5110 3317 5165 id
3340 5120 3444 5176 εει,

1885 5203 2002 5272 ipse
2039 5201 2179 5257 Deus
2228 5221 2246 5254 ι
2295 5203 2652 5259 sanctificavit
2687 5224 2704 5255 ι
2746 5203 2922 5258 dando
2967 5203 3223 5257 virtutum
3271 5204 3446 5259 incre-

1886 5298 2068 5346 menta
2111 5311 2128 5343 ι
2165 5291 2568 5347 tabernaculum
2601 5308 2778 5357 suum,
2807 5313 2826 5344 ›
2878 5292 2930 5346 id
2974 5299 3078 5357 est,
3126 5301 3446 5362 praesentem

1886 5379 2182 5435 Ecclesiam
2212 5398 2222 5433 :
2254 5397 2373 5449 quae
2417 5382 2536 5437 ideo
2571 5381 2970 5436 tabernaculum
2993 5381 3207 5446 dicitur,
3239 5381 3364 5450 quia
3392 5383 3445 5436 in

1883 5471 2138 5540 prasenti
2164 5471 2271 5524 vita
2298 5471 2522 5526 Domino
2552 5470 2830 5525 militatur.

1875 5627 1879 5630 .
1959 5579 1977 5612 ι
2020 5561 2163 5616 Deus
2201 5561 2252 5614 in
2283 5561 2459 5615 medio
2494 5581 2515 5614 ι
2547 5561 2775 5616 ostensis
2801 5559 3118 5629 quibusdam
3149 5560 3446 5618 commodis

1880 5666 1999 5722 qua:
2019 5667 2116 5722 per
2153 5653 2323 5721 ipsum
2347 5652 2635 5708 adventum
2661 5652 2991 5721 provenieut,
3017 5665 3139 5705 cum
3161 5651 3444 5709 manifeste

1881 5741 2185 5800 annuntiat.
2217 5741 2566 5798 Continuatio
2611 5759 2622 5794 :
2669 5741 2796 5796 Dico
2826 5740 2967 5798 Deus
2995 5739 3313 5809 sanctificat,
3345 5741 3439 5799 ιπ-
