3940 6460
487 390 593 452 555

945 380 1300 439 IIAYMONIS
1339 369 1814 432 IIALBERSTA'I‘.
1866 366 2079 422 EPISC.
2119 363 2270 421 OPP.
2311 361 2490 420 PARS
2526 361 2566 416 ι.
2595 391 2666 400 -—-
2698 358 3055 417 COMMENT.
3094 360 3267 416 BlBL.

3647 354 3760 421 350

491 509 679 572 tiﬁeat,
708 508 776 559 ‘et
812 518 940 560 ecce
976 519 1075 573 per
1107 504 1235 574 quid
1282 504 1385 557 hoc
1429 496 1578 558 facit,
1616 494 1744 564 quia
1779 511 1798 542 ι
1846 491 1991 545 Deus
2026 509 2051 542 ι

2172 477 3759 574 mediumcf-Inﬁrm“

490 604 653 658 homo
678 598 853 653 factus
879 606 963 653 est
990 614 1010 649 ι
1046 597 1101 651 in
1139 593 1317 648 medio
1336 589 1459 658 eius
1486 608 1520 642 οη
1550 582 1901 645 tabernaculi,
1931 594 2054 636 cum

490 691 545 745 in
571 689 751 745 medio
778 701 887 741 non
907 694 1164 756 quantum
1185 682 1252 737 ad
1282 682 1482 743 locum,
1516 676 1612 732 sed
1646 695 1665 727 ι
1708 674 1761 728 in
1791 670 1992 735 medio,
2031 688 2053 720 ι

490 781 669 846 idest,
701 780 754 833 in
781 775 1070 840 communi,
1111 773 1239 844 quia
1274 758 1526 827 omnibus
1550 764 1830 835 mqnaliter
1853 772 2056 830 propo-

490 869 629 924 situs
655 874 760 922 est.
788 864 883 920 Vel
903 865 956 918 in
991 863 1189 926 medio,
1218 861 1345 931 quia
1375 857 1622 913 columna
1663 860 1766 918 εει,
1793 864 1911 920 qum
1940 864 2059 904 ει]εά

494 966 664 1014 tentat
700 970 884 1012 omnes
915 963 1097 1025 partes
1127 950 1378 1006 Ecclesia:
1407 964 1421 1002 :
1453 953 1510 1007 et
1530 944 1649 999 ideo
1676 942 1852 1012 ipsum
1880 939 2060 993 taber-

490 1045 742 1102 naculum
769 1056 789 1094 ι
828 1057 934 1097 nou
959 1037 1385 1095 commovebitur
1419 1054 1438 1086 ι
1478 1049 1509 1087 a
1544 1032 1686 1088 bono
1714 1029 1783 1085 ad
1808 1027 2008 1083 malum
2040 1039 2056 1079 :

489 1144 547 1193 et
586 1149 694 1190 non
748 1140 958 1187 tantum
1009 1136 1283 1186 sustentat
1335 1142 1403 1180 ne
1457 1129 1695 1185 corruat,
1750 1117 1865 1175 sed.
1896 1116 2058 1173 etiam

491 1243 513 1276 ι
547 1220 818 1290 adjuth
839 1235 960 1274 eam
993 1238 1012 1270 ι
1042 1218 1317 1272 civitatem
1351 1232 1371 1265 ι
1411 1214 1553 1267 Deus
1587 1230 1607 1264 ι
1651 1210 1720 1265 ad
1748 1209 1889 1264 bene
1927 1219 2060 1274 ope-

488 1316 737 1379 randam,
769 1320 838 1383 ει
877 1311 1039 1366 etiam
1068 1318 1128 1363 ut
1166 1308 1298 1363 alios
1332 1311 1596 1375 superent
1626 1321 1640 1357 :
1669 1310 1727 1359 et
1764 1302 1868 1356 hoc
1901 1298 2063 1355 faciet

493 1423 513 1455 ι
545 1417 726 1468 mane,
765 1422 783 1453 ι
819 1402 872 1456 id
899 1409 1003 1465 est,
1039 1401 1094 1459 in
1122 1397 1386 1469 principio
1417 1393 1786 1452 conversionis
1815 1407 1831 1446 :
1864 1399 1923 1449 et
1957 1390 2061 1447 hoc

488 1495 651 1549 faciet
681 1512 700 1544 ι
733 1491 990 1557 diluculo,
1012 1512 1031 1543 ι
1052 1490 1105 1544 id
1119 1499 1218 1554 est,
1247 1503 1345 1559 per
1365 1486 1678 1550 diluculum,
1708 1483 1934 1548 scilicet,
1955 1479 2062 1537 mlo.

490 1582 773 1638 nistrando
809 1579 1254 1636 illuminationem
1296 1577 1534 1646 Spiritus
1570 1574 1768 1630 sancti.
1810 1573 1908 1629 Vel
1936 1572 2010 1627 ita
2042 1586 2058 1624 :

496 1690 521 1723 ι
547 1670 822 1739 adiuvabit
844 1683 1000 1724 mane
1036 1686 1055 1718 ι
1080 1682 1184 1722 nec
1212 1674 1419 1721 tantum
1450 1666 1570 1720 dico
1604 1682 1624 1717 ι
1658 1663 1712 1718 in
1746 1678 1924 1728 mane,
1953 1680 1973 1715 ι
2007 1661 2063 1718 id

490 1770 594 1826 est,
621 1758 906 1830 postquam
928 1759 1261 1827 aliquantum
1293 1756 1383 1810 lux
1406 1755 1719 1821 increverit,
1749 1754 1845 1810 sed
1875 1772 1895 1804 ι
1932 1753 2065 1809 dilu-

2155 575 2499 645 deeeptiones
2522 573 2788 627 minarum
2820 580 2876 627 et
2898 570 3435 627 blandimentorum:
3468 588 3492 625 ι
3526 580 3591 628 ει
3610 587 3753 629 eon-

2156 665 2357 736 fringet
2386 680 2558 731 arma,
2612 683 2631 718 t
2680 664 2734 718 id
2778 671 2896 729 est,
2925 662 3245 719 manifestas
3280 663 3752 734 impugnationes,

2162 773 2181 806 ι
2218 764 2275 810 ει
2295 764 2472 820 scuta,
2503 773 2523 806 ι
2566 752 2625 808 id
2646 760 2748 817 est,
2782 752 3023 807 rationes
3049 751 3246 821 quibus
3282 751 3590 807 defendunt
3619 768 3756 809 snas

2156 846 2388 901 haereses
2421 863 2441 896 ι
2473 844 2756 900 eomburet
2802 842 2932 914 igni,
2966 860 2986 897 ι
3017 842 3076 898 id
3119 852 3227 909 est,
3256 844 3452 899 ardore
3501 842 3751 913 Spiritus

2157 937 2352 1003 sancti,
2391 935 2617 1001 scilicet,
2648 934 2767 989 illos
2810 934 3069 989 accendet
3118 934 3241 1002 igne
3284 934 3598 999 charitatis,
3654 934 3750 1005 qui

2157 1030 2307 1100 prius
2354 1028 2538 1085 dolose
2580 1035 2636 1082 et
2680 1037 2866 1098 aperte
2910 1027 3298 1099 impugnabant
3333 1028 3661 1093 veritatem,
3698 1036 3754 1083 et

2159 1136 2287 1177 suas
2313 1120 2674 1177 defendebant
2702 1127 2895 1174 sectas.

2228 1212 2522 1269 Gomburet
2551 1211 2694 1276 dico,
2736 1211 2813 1265 ita
2852 1209 3086 1265 dicens:
3137 1229 3155 1262 ι
3205 1208 3429 1276 Vacate,
3478 1229 3501 1263 ι
3546 1209 3605 1265 id
3641 1220 3748 1276 est,

2160 1314 2420 1365 evacuate
2441 1321 2540 1361 vos
2563 1321 2595 1360 a
2622 1305 2779 1359 malis
2808 1304 3084 1372 operibus,
3116 1324 3136 1355 ‹
3168 1312 3224 1358 ει
3252 1304 3446 1358 deinde
3480 1303 3693 1368 videte,
3723 1322 3745 1355 ο

2161 1399 2217 1457 id
2240 1405 2348 1464 est,
2394 1396 2677 1465 intelligite
2711 1410 2809 1466 per
2837 1395 3131 1465 puritatem
3174 1395 3298 1450 vitae
3323 1403 3380 1449 et
3407 1403 3608 1465 aperta
3651 1395 3748 1450 mio

2162 1490 2347 1546 recula
2368 1529 2382 1555 ,
2420 1507 2441 1542 ι
2475 1488 2733 1558 quoniam
2766 1501 2868 1558 ego
2896 1506 2915 1538 ι
2954 1486 3205 1542 habitans
3238 1486 3381 1541 inter
3406 1501 3531 1551 vos,
3558 1494 3620 1540 et
3646 1500 3747 1557 ego

2164 1582 2289 1637 talis
2315 1600 2335 1634 ι
2370 1580 2649 1636 exaltabor
2687 1579 2742 1634 in
2778 1578 3041 1634 Gentibus
3074 1596 3093 1629 ι
3138 1577 3263 1647 quia
3303 1577 3372 1632 ad
3401 1575 3573 1631 ﬁnem
3614 1590 3745 1631 con-

2163 1671 2331 1737 versi,
2359 1652 2673 1725 exaltabunt
2696 1685 2802 1733 me,
2851 1686 2869 1720 ι
2917 1676 2973 1723 ει
3007 1668 3289 1723 exaltabor
3323 1667 3381 1722 in
3424 1674 3597 1731 terra,
3637 1685 3659 1719 ›
3696 1667 3747 1722 id

2164 1772 2267 1827 εει,
2294 1759 2510 1816 Judasis.
2542 1760 2642 1815 IIic
2673 1760 2962 1831 prophetat
2982 1759 3390 1814 conversionem
3427 1758 3744 1813 Iudaeorum

493 1852 640 1916 culo,
675 1870 696 1904 ι
722 1851 777 1905 id
802 1856 909 1913 est,
937 1849 992 1902 in
1014 1849 1131 1918 ipso
1158 1845 1455 1917 primordio
1482 1843 2062 1903 convertibilis-Habet
2090 1875 2137 1935 Β
2166 1853 2218 1907 in
2265 1851 2570 1907 novissimis
2620 1850 2974 1921 temporibus,
3017 1850 3085 1905 de
3124 1848 3321 1920 quibus
3355 1848 3569 1904 dictum
3611 1856 3701 1903 est
3728 1867 3743 1903 :

489 1943 593 1998 alia
620 1941 903 1997 translatio
930 1957 985 1994 :t
1024 1940 1302 2011 adjuvabit
1325 1954 1446 1994 eam
1468 1940 1611 1995 Deus
1633 1939 1785 1994 vultu
1811 1954 1971 2017 suo,i_
2001 1938 2061 1995 id

492 2043 599 2099 est,
620 2032 757 2088 Filio
784 2033 1083 2097 incarnato,
1113 2031 1203 2101 qui
1234 2031 1357 2085 ideo
1382 2030 1564 2086 vultus
1579 2030 1675 2085 Dei
1697 2030 1917 2094 dicitur,
1937 2030 2062 2099 quia

492 2135 548 2182 et
586 2126 635 2180 ei
674 2133 757 2179 est
798 2122 1303 2189 consubstantialis,
1357 2130 1414 2177 et
1444 2122 1615 2195 ipsius
1661 2121 1819 2194 plena
1859 2135 2056 2192 reprae-

489 2213 742 2269 sentatio.
1414 2260 1423 2269 .

564 2322 582 2354 t
629 2302 996 2369 Conturbatte,
1036 2320 1057 2355 ι
1090 2317 1200 2357 non
1244 2308 1454 2357 tantum
1484 2300 1720 2357 ecclesia
1759 2299 1919 2355 ﬁrma
1956 2308 2060 2362 est.

488 2391 632 2462 quod
666 2391 809 2446 Deus
843 2391 900 2445 in
936 2392 1111 2447 medio
1135 2390 1254 2461 ejus
1277 2401 1382 2458 est,
1422 2392 1519 2447 sed
1543 2399 1764 2461 propter
1784 2391 1889 2446 hoc
1923 2390 2065 2446 idem

492 2499 516 2536 α
549 2483 748 2538 Gentes
780 2502 798 2533 ι
835 2482 1064 2537 turbatze
1095 2501 1116 2534 ί
1151 2491 1278 2539 ειιηι
1313 2501 1335 2535 ι
1373 2497 1494 2537 cum
1516 2482 1632 2537 haec
1659 2496 1796 2537 nova
1817 2479 2066 2536 audirent

484 2572 783 2645 praedicam
820 2590 833 2626 :
877 2581 934 2627 et
964 2573 1129 2628 etiam
1155 2572 1446 2642 principes,
1499 2571 1726 2636 scilicet,
1763 2589 1783 2622 ι
1838 2584 2004 2640 regna
2037 2589 2059 2625 ι

485 2666 571 2720 vel
599 2665 851 2736 quaslibet
874 2664 1123 2735 regiones
1155 2682 1175 2716 ι
1209 2672 1335 2718 sunt
1377 2663 1661 2730 inclinata,
1704 2683 1724 2717 ι
1760 2664 1817 2719 id
1857 2671 1941 2719 est
1965 2663 2066 2718 hu-

486 2758 715 2821 miliata,
732 2757 877 2827 quod
895 2756 1008 2826 jam
1029 2755 1210 2825 placet
1237 2755 1319 2810 eis
1343 2755 1677 2826 praedicatio,
1700 2753 1881 2824 etiam
1902 2754 2063 2810 tidem

487 2845 995 2915 velleannscipere
1029 2861 1042 2898 :
1082 2845 1203 2899 ideo
1237 2852 1367 2900 sunt
1390 2844 1667 2910 inclinata,
1698 2844 1829 2914 quia
1862 2862 1882 2895 ι
1915 2843 2066 2899 dedit

487 2952 675 2992 vocem
696 2951 871 3002 suam,
906 2955 925 2986 ›
954 2936 1074 2990 ideo
1107 2952 1125 2985 ‹
1148 2942 1295 2990 mota
1317 2942 1400 2990 est
1426 2943 1587 3001 terra,
1629 2952 1647 2986 ι
1678 2934 1733 2989 id
1755 2942 1841 2989 est
1862 2931 2064 2989 terreni

487 3031 557 3086 ad
600 3028 1030 3084 conversionem.
1062 3027 1191 3082 Dico
1220 3026 1368 3082 dedit
1412 3041 1623 3103 vocem,
1662 3033 1718 3081 et
1741 3025 1864 3095 quis
1886 3025 2065 3081 dedit?

565 3140 583 3173 ι
612 3121 870 3175 Dominus
896 3119 1177 3183 virtutum,
1215 3138 1233 3170 ι
1270 3117 1323 3172 id
1352 3125 1452 3182 est,
1492 3117 1808 3187 angelorum
1835 3132 1935 3173 ens
1960 3132 2062 3172 no-

2167 1963 2187 1995 ι
2220 1943 2287 1998 Ει
2312 1942 2554 2014 reliquiae
2596 1940 2761 1997 Israel
2794 1940 2957 1996 salvae
2998 1939 3130 1996 fient
3175 1938 3354 2010 (Rom.
3398 1939 3504 2011 rx).
3553 1959 3575 1991 ι
3604 1937 3745 1994 Gon-

2161 2033 2389 2104 fringet,
2406 2040 2463 2088 et
2487 2033 2788 2095 comburet,
2825 2039 2879 2085 et
2909 2030 3046 2086 bene
3080 2030 3187 2085 hoc
3212 2029 3437 2100 poterit,
3466 2029 3600 2098 quia
3635 2030 3746 2098 ipse

2160 2130 2246 2179 est
2262 2141 2281 2179 ι
2311 2122 2573 2179 Dominus
2595 2121 2879 2187 virtutum,
2911 2139 2931 2173 ι
2956 2127 3017 2174 ιιι
3036 2135 3219 2190 supra.
3246 2120 3313 2174 Et
3331 2135 3431 2175 ens
3457 2120 3741 2176 nobiseum

2168 2232 2189 2267 ε
2230 2223 2512 2286 susceptor
2553 2222 2740 2270 noster
2777 2212 2920 2268 Deus
2955 2211 3141 2268 Jacob.
3180 2231 3200 2265 ι
3252 2212 3520 2284 Superius
3566 2214 3743 2283 posuit

2164 2305 2327 2361 istum
2348 2320 2566 2361 versum
2591 2305 2659 2359 ad
2692 2304 3123 2360 emendationem
3146 2304 3575 2374 praedicationis,
3606 2320 3746 2361 nunc

2151 2396 2378 2477 repetit.
2395 2403 2457 2451 ut
2500 2395 2750 2451 ostendat
2787 2393 2939 2449 illum
2981 2394 3141 2449 talem
3180 2398 3273 2465 qui
3313 2393 3500 2451 facere
3554 2398 3740 2465 possit.

2164 2483 2264 2540 Vel
2310 2484 2432 2541 ideo
2474 2484 2691 2555 repetit,
2718 2484 2848 2555 quia
2890 2484 2948 2545 in
2978 2484 3081 2540 hoc
3128 2499 3288 2540 versu
3334 2485 3503 2540 totius
3552 2485 3741 2557 psalmi

2165 2589 2375 2631 summa
2398 2576 2727 2643 continetur,
2744 2567 2823 2631 ἐι
2861 2574 2984 2632 talis
3026 2590 3216 2631 versus
3245 2584 3333 2632 est
3375 2576 3741 2644 intercalaris,

2165 2665 2220 2723 id
2245 2674 2350 2734 est,
2376 2666 2656 2738 repetitus.

2622 2796 2692 2853 IN
2729 2796 3057 2855 PSALMUM
3094 2799 3279 2857 XLVI.

2167 2907 2426 2967 TirULus.
2476 2910 2543 2966 In
2583 2911 2742 2981 ﬁnem
2780 2928 2875 2982 pro
2914 2911 3038 2981 ﬁliis
3074 2910 3247 2969 Chore
3275 2913 3513 2983 psalmus
3553 2914 3737 2969 David.

2242 3039 2262 3073 ι
2291 3020 2491 3079 Omnes
2536 3020 2757 3077 Gentes.
2807 3042 2828 3075 ι
2872 3022 3118 3080 Psalmus
3144 3025 3241 3080 iste
3282 3026 3536 3081 convenit
3584 3027 3743 3083 David

2164 3114 2462 3183 prophetae,
2492 3115 2583 3183 qui
2618 3114 2708 3170 hic
2733 3114 2972 3185 loquitur
3010 3116 3063 3170 in
3090 3132 3319 3186 persona
3356 3120 3738 3188 apostolorum,

487 3212 719 3275 hiscum,
750 3218 991 3265 nostram
1036 3210 1241 3264 habens
1282 3208 1691 3272 humanitatem,
1730 3215 1785 3263 et
1821 3222 1920 3277 per
1959 3208 2063 3263 hoc
2090 3225 2135 3287 ρ
2166 3202 2404 3272 psalmus
2425 3204 2545 3259 dico
2573 3206 2877 3276 propositus
2900 3205 3024 3260 ﬁliis
3045 3205 3220 3263 Chore
3249 3209 3473 3265 directis
3499 3212 3553 3264 in
3586 3213 3740 3265 tinem

494 3321 513 3356 ι
544 3315 823 3372 susceptor
848 3310 1086 3365 noster,»
1116 3299 1241 3369 quia
1264 3299 1331 3354 de
1351 3299 1557 3354 vilitate
1575 3296 1738 3366 hujus
1760 3298 1886 3352 vita:
1906 3306 1962 3351 et
1980 3296 2065 3352 his

488 3394 743 3458 miseriis,
771 3393 924 3447 duxit
967 3407 1065 3445 nos
1106 3392 1173 3446 ad
1195 3391 1450 3446 Ecclesiae
1479 3406 1590 3446 sua:
1632 3389 1969 3461 dignitatem,
2011 3388 2065 3442 in

487 3498 597 3553 quo
624 3492 846 3552 apparet
889 3482 1031 3551 quod
1061 3482 1173 3550 ipse
1203 3500 1223 3534 ι
1260 3481 1401 3536 Deus
1428 3500 1448 3534 ι
1479 3489 1562 3537 εει
1593 3500 1611 3532 ι
1642 3480 1836 3546 Iacob,
1872 3499 1891 3533 ›
1935 3480 2064 3550 quia

488 3572 545 3627 in
582 3574 739 3629 nobis
778 3571 1069 3642 complevit
1118 3571 1261 3641 quod
1302 3572 1358 3626 in
1404 3570 1573 3626 Jacob
1617 3557 1868 3643 ﬁguravit
1895 3589 1909 3626 :
1939 3571 2067 3641 quia

487 3663 628 3719 sicut
650 3662 738 3718 ille
764 3663 1047 3734 praesentia
1073 3664 1208 3717 dans
1233 3663 1550 3733 dignitatem
1574 3662 1706 3717 emit
1731 3668 1787 3716 et
1810 3661 2067 3732 supplan-

491 3756 625 3811 tavit
649 3754 1075 3810 benedictionem
1097 3753 1272 3820 fratri,
1296 3753 1375 3808 sic
1394 3752 1634 3810 Ecclesia
1660 3752 1914 3811 Gentium
1942 3767 2069 3822 sup-

489 3847 747 3917 plantavit
800 3848 1120 3916 promissam
1164 3846 1334 3915 priori
1379 3844 1611 3915 populo,
1666 3853 1723 3899 et
1777 3844 2066 3913 praesentia

490 3940 647 4004 dans,
677 3939 918 3993 coelestia
931 3944 1229 4007 comparat,
1247 3936 1474 4000 scilicet,
1499 3949 1595 4004 per
1619 3934 1992 4005 eleemosynas
2013 3943 2069 3989 et

490 4039 687 4084 caetera
717 4030 878 4083 bona.

566 4140 588 4172 ο
625 4119 835 4175 Venite.
868 4137 888 4171 ›
921 4115 1022 4172 Ηίε
1045 4116 1232 4186 incipit
1255 4116 1323 4171 de
1353 4115 1511 4171 tertia
1538 4123 1714 4186 parte,
1741 4124 1799 4171 et
1822 4115 1950 4186 quia
1984 4125 2069 4171 est

493 4209 774 4265 nobiscum
789 4214 1072 4275 susceptor
1089 4214 1292 4272 noster,
1312 4204 1435 4261 ideo
1452 4205 1795 4272 vos,Gentes,
1823 4223 1842 4256 ι
1854 4205 2060 4261 venitei

494 4300 564 4356 ad
618 4298 764 4353 hunc
815 4296 1105 4351 Dominum
1157 4296 1498 4367 suscipiendo
1534 4295 1716 4362 fidem,
1769 4305 1827 4353 et
1870 4297 2067 4353 deinde

499 4411 519 4445 α
547 4393 746 4457 videte,
776 4412 795 4443 ›
827 4392 880 4447 id
916 4399 1019 4456 est,
1058 4391 1339 4461 iutelligite
1359 4411 1375 4441 ι
1404 4406 1569 4462 opera
1599 4392 1836 4459 Domini,
1872 4412 1891 4446 ι
1926 4393 2066 4449 sicut

493 4482 609 4554 Ipse
643 4482 761 4536 ait:
795 4480 906 4536 Nisi
959 4480 1313 4545 credideritis,
1364 4497 1472 4537 non
1518 4482 1854 4551 intelligetis,
1900 4469 2099 4555 operai

2167 3309 2268 3365 per
2317 3294 2436 3350 hoc.
2475 3295 2701 3351 Materia
2738 3305 2821 3351 cst
2859 3297 3108 3354 Christus
3137 3301 3462 3357 ascendens.
3516 3302 3738 3360 Modus:

2164 3384 2225 3439 In
2261 3386 2434 3456 prima
2482 3394 2637 3455 parte
2677 3387 2934 3453 ostendit,
2963 3389 3106 3458 quod
3147 3390 3291 3446 Deus
3337 3396 3599 3463 apostolis
3636 3398 3741 3451 suis

2167 3491 2321 3531 suam
2366 3476 2736 3531 haereditatem
2778 3481 3190 3535 commendavit.
3230 3482 3287 3536 In
3335 3487 3570 3541 secunda
3596 3497 3741 3556 parte

2167 3566 2339 3637 ipsam
2359 3565 2562 3623 Christi
2586 3568 2958 3624 ascensionem
2986 3572 3157 3639 ponit.
3187 3572 3422 3629 Intendit
3444 3592 3547 3631 nos
3572 3586 3740 3632 certos

2168 3657 2391 3712 reddere
2422 3660 2488 3713 de
2530 3659 2870 3725 ascensione,
2914 3661 3040 3730 quia
3088 3678 3212 3717 cum
3258 3674 3463 3723 tantam
3511 3670 3742 3723 ostendit

2168 3749 2401 3803 hominis
2425 3749 2761 3819 dignitatem,
2793 3751 2935 3820 quod
2967 3753 3021 3806 hi
3047 3754 3297 3808 obtinent
3327 3754 3579 3822 oﬂicium,
3600 3760 3738 3827 quod

2168 3838 2415 3894 Christus
2439 3840 2588 3909 prius
2612 3841 2824 3906 habuit,
2869 3843 3046 3896 securi
3079 3853 3307 3912 possunt
3339 3860 3469 3911 esse,
3508 3850 3656 3916 quod
3685 3859 3740 3902 et

2167 3931 2269 4001 ipsi
2297 3941 2417 4001 post
2435 3947 2560 3988 eum
2586 3934 2902 4001 ascendant,
2924 3943 2978 3989 et
3008 3936 3086 3992 sic
3106 3936 3317 4005 incipit.

2236 4020 2536 4077 Attendens
2581 4022 2780 4092 aliquis
2816 4025 3178 4095 apostolorum
3221 4028 3539 4098 dignitatem
3580 4047 3738 4102 quam

2168 4111 2403 4168 habebat
2437 4114 2619 4179 homo,
2653 4115 2907 4169 admonet
2944 4115 3064 4170 illos
3098 4118 3371 4173 exsultare
3391 4120 3471 4174 sic
3514 4119 3735 4176 dicens:

2168 4201 2213 4259 Ο
2228 4218 2374 4270 vos,i
2395 4219 2582 4260 omnes
2600 4203 2820 4269 Gentes,
2844 4205 3083 4275 plaudite
3102 4210 3368 4274 manibus,
3384 4232 3403 4263 ι
3424 4213 3477 4268 id
3490 4224 3598 4279 est,
3614 4216 3739 4271 bene

2166 4295 2466 4365 operamini
2496 4297 2872 4365 exsultatione,
2904 4309 2958 4354 et
2996 4317 3014 4350 ι
3044 4301 3272 4371 jubilate
3309 4303 3442 4371 Deo,
3483 4325 3503 4358 ι
3558 4308 3612 4362 id
3646 4318 3738 4374 est,

2166 4397 2378 4443 tantum
2406 4387 2619 4443 laudem
2652 4390 2744 4444 Dei
2774 4401 2955 4447 mente
2978 4394 3266 4464 concipite,
3294 4411 3416 4466 qua:
3442 4414 3553 4454 non
3579 4402 3739 4470 possit

2167 4479 2397 4551 exprimi
2447 4495 2600 4547 voce,
2632 4490 2689 4536 et
2712 4482 2787 4537 ita
2831 4484 2974 4554 quod
2996 4484 3196 4556 jubilus
3236 4488 3325 4543 ille
3352 4490 3425 4544 sit
3460 4509 3479 4541 ι
3515 4492 3571 4546 in
3617 4507 3739 4547 voce

492 4576 614 4631 dico
650 4592 669 4626 ι
705 4589 823 4644 quae
853 4573 1109 4628 Dominus
1131 4576 1310 4643 posuit
1347 4575 1610 4645 prodigia,
1641 4594 1660 4628 ι
1695 4576 1749 4630 id
1775 4583 1878 4640 εει,
1910 4575 1965 4630 in
1991 4576 2063 4631 si—

2172 4573 2563 4642 exsultationis,
2620 4594 2640 4627 »
2693 4574 2748 4631 id
2794 4585 2897 4640 est,
2931 4592 3039 4632 non
3088 4580 3259 4635 solum
3310 4582 3528 4638 laudate
3578 4585 3739 4639 Deum

493 4665 942 4739 gnum.Prodigia
965 4664 1109 4719 enim
1138 4664 1408 4733 dicuntur,
1427 4665 1481 4720 in
1504 4666 1699 4735 quibus
1723 4666 1870 4721 aliud
1897 4666 2063 4737 signi-

496 4757 707 4819 ticatur,
730 4770 891 4824 quam
910 4755 1157 4808 videatur
1186 4768 1204 4808 :
1238 4772 1256 4805 ι
1298 4770 1462 4825 super
1483 4765 1703 4823 terram,
1742 4774 1761 4808 ι
1796 4757 1851 4811 id
1876 4765 1982 4823 est,
2008 4756 2064 4813 in

495 4846 719 4911 mundo,
766 4846 882 4901 haec
927 4844 1132 4900 scilicet
1168 4847 1432 4916 prodigia,
1480 4848 1605 4917 quia
1649 4848 1764 4917 ipse
1805 4847 2066 4905 Dominus

500 4952 521 4986 ι
555 4933 807 4989 auferens
830 4933 968 4989 bella
997 4949 1165 5004 usque
1205 4935 1273 4989 ad
1303 4935 1438 4991 fines
1461 4944 1619 4990 terra:
1650 4955 1669 4988 ι
1712 4937 1779 4991 ad
1803 4936 2061 5004 litteram,

496 5026 648 5097 quia,
678 5040 744 5081 eo
772 5036 1047 5091 nascente,
1079 5042 1185 5096 pax
1213 5042 1311 5097 per
1342 5036 1512 5081 totum
1545 5029 1800 5083 mundum
1830 5029 2064 5085 maxima

495 5117 619 5184 fuit,
649 5134 755 5174 non
786 5128 995 5173 tantum
1024 5119 1165 5189 quod
1191 5120 1293 5174 hoc
1321 5120 1386 5174 de
1416 5118 1504 5173 illa
1528 5119 1665 5174 bella
1688 5135 1817 5189 pace
1836 5121 2065 5190 dicatur,

496 5209 1021 5281 sedde‘signillcata
1062 5226 1193 5280 pace
1235 5226 1397 5280 quam
1426 5212 1608 5281 posuit
1635 5212 1883 5268 Christus
1928 5215 2069 5269 inter

499 5301 668 5357 Deum
711 5310 767 5356 et
811 5304 1107 5367 hominem,
1152 5304 1435 5359 destruens
1480 5304 1779 5371 inimicum,
1827 5305 2068 5374 quierat

496 5390 806 5448 hominibus
859 5402 1091 5457 erectus,
1118 5393 1302 5459 idest,
1351 5392 1725 5460 idololatriam,
1759 5403 1814 5448 et
1857 5395 2065 5451 cultum

498 5484 696 5539 veteris
737 5484 888 5554 legis,
919 5499 1016 5554 per
1045 5499 1204 5555 quem
1240 5486 1617 5555 discordabant
1639 5485 1805 5542 Judaei
1837 5496 1892 5542 et
1927 5488 2065 5544 Gen—

499 5582 601 5639 tes,
629 5583 686 5629 εει
708 5574 832 5629 fecit
854 5585 1081 5644 utraque
1100 5590 1287 5640 unum,
1311 5586 1367 5630 et
1394 5576 1481 5630 illa
1507 5592 1611 5647 pax
1632 5578 1727 5633 Dei
1753 5594 1860 5634 non
1889 5578 1987 5635 fuit
2008 5580 2063 5634 in

500 5679 604 5718 una
632 5665 744 5719 sola
772 5674 935 5729 terra,
961 5667 1055 5721 sed
1080 5680 1247 5736 usque
1269 5668 1337 5723 ad
1362 5667 1496 5724 fines
1518 5679 1691 5723 terras.

571 5751 676 5809 Per
701 5754 803 5809 hoc
831 5754 1038 5810 auferet
1062 5756 1217 5824 bella,
1244 5759 1370 5827 quia
1401 5777 1419 5810 ι
1453 5768 1692 5815 conteret
1715 5777 1924 5830 arcum,
1956 5784 1973 5817 ι
2010 5764 2063 5819 id

2167 4665 2352 4731 corde,
2381 4665 2477 4721 sed
2519 4666 2684 4721 etiam
2711 4667 3006 4723 exsultanti
3032 4685 3164 4727 voce
3208 4687 3331 4727 cum
3378 4673 3501 4730 aliis
3537 4689 3740 4730 annun-

2165 4757 2317 4812 tiate.

2237 4847 2503 4915 Quoniam
2533 4848 2810 4906 Dominus.
2850 4850 2919 4905 Et
2953 4851 3089 4906 bene
3116 4853 3321 4909 debetis
3348 4870 3474 4910 eum
3500 4856 3738 4923 laudare,

2174 4957 2195 4990 ι
2223 4941 2476 5010 quoniam
2504 4940 2619 5011 ipse
2639 4940 2916 5007 Dominus,
2953 4961 2972 4994 ι
3002 4943 3055 4997 id
3089 4952 3193 5011 est,
3219 4945 3347 5014 quia
3376 4946 3739 5004 dominabitur

2169 5033 2318 5088 omni
2362 5041 2646 5099 creaturte,
2683 5053 2701 5086 ι
2735 5034 2983 5090 excelsus
3024 5056 3044 5089 ι
3084 5038 3208 5108 quia
3237 5051 3427 5110 potens
3470 5049 3525 5095 et
3554 5041 3738 5099 emcax

2174 5139 2284 5180 suae
2306 5124 2613 5181 voluntatis.
2644 5125 2733 5191 Et,
2766 5142 2834 5182 ne
2863 5128 2917 5182 in
2947 5127 3064 5197 ejus
3086 5129 3325 5186 bonitate
3359 5132 3665 5197 contidatis,
3697 5136 3737 5189 si

2173 5216 2311 5271 mala
2339 5215 2595 5282 feceritis,
2640 5217 2768 5287 quia
2820 5218 2937 5288 ipse
2974 5227 3057 5274 est
3092 5238 3111 5271 ι
3148 5221 3418 5287 terribilis,
3465 5242 3483 5274 ι
3529 5222 3740 5279 futurus

2172 5307 2313 5362 enim
2353 5307 2515 5377 judex
2563 5308 2751 5378 puniet
2788 5309 3001 5378 impios,
3048 5328 3067 5360 ς
3098 5325 3193 5365 rex
3226 5329 3245 5362 ι
3274 5313 3399 5381 quia
3438 5312 3578 5370 bene
3604 5314 3739 5385 regit

2170 5412 2318 5463 suos,
2350 5417 2369 5449 ε
2402 5412 2625 5468 magnus
2645 5416 2664 5449 ι
2683 5399 2809 5469 quia
2836 5399 2902 5455 de
2931 5399 3269 5470 gravissimis
3295 5403 3554 5473 periculis
3581 5404 3739 5473 eripit

2170 5504 2317 5554 suos,
2355 5507 2373 5541 t
2418 5505 2580 5560 super
2616 5507 2833 5547 omnem
2857 5496 3053 5547 terram
3086 5512 3104 5544 ι
3151 5495 3275 5565 quia
3305 5496 3446 5549 nulla
3482 5511 3611 5567 pars
3635 5508 3740 5550 ter-

2171 5593 2245 5635 rae
2271 5591 2352 5635 est
2381 5581 2469 5635 ubi
2501 5597 2605 5636 non
2634 5582 2959 5639 dominetur.

2240 5673 2307 5729 Et
2346 5684 2565 5744 propter
2603 5677 2707 5731 hoc
2749 5676 2981 5733 maxime
3025 5676 3326 5735 laudandus
3370 5688 3453 5735 est
3488 5695 3581 5733 rex
3618 5679 3737 5741 iste,

2171 5766 2297 5836 quia
2334 5784 2350 5816 t
2384 5766 2610 5835 subjecit
2651 5768 2763 5838 ipse
2789 5770 3033 5841 populos,
3066 5791 3083 5824 ι
3128 5772 3182 5826 id
3206 5780 3309 5837 cst,
3345 5771 3558 5827 Judteos
3590 5789 3609 5822 ί
3640 5786 3741 5827 no-
