3940 6472
198 418 303 472 357

1371 404 1805 462 EXPLANATIO
1852 403 1917 460 IN
1959 404 2295 461 PSALMOS.

3371 415 3474 470 358

199 530 287 586 bis
333 545 354 580 ι
399 523 607 580 faciens
647 537 742 578 eos
785 530 984 577 nostrae
1023 517 1392 590 pratdicationi
1431 517 1776 583 obedientes,
1809 520 1852 576 Δ
1882 514 2008 584 quia
2039 515 2106 570 de
2143 529 2202 570 te
2231 516 2343 586 agit
2388 515 2528 572 unde
2573 516 2730 573 nobis
2771 518 3008 575 maxime
3038 531 3122 578 est
3158 523 3473 583 laetandum.

205 637 226 672 ι
258 627 319 673 ει
352 615 574 680 Gentes,
607 634 627 667 ι
676 613 730 669 id
771 621 873 678 est,
904 610 1131 683 gentiles
1175 625 1468 665 conversos
1507 608 1576 662 ad
1624 607 1785 662 ﬁdem

207 729 230 763 ‹
263 710 365 765 sub
411 707 640 779 pedibus
677 705 894 767 nostris,
946 723 966 756 ι
1011 702 1066 756 id
1104 711 1210 767 εει,
1250 701 1490 771 plenarie
1536 700 1784 769 subjecit.

201 799 301 864 Vel
329 799 428 856 sub
451 799 697 868 pedibus,
729 796 784 850 id
814 803 917 861 est,
947 794 1048 849 sub
1069 794 1240 856 nobis,
1265 792 1356 860 qui
1387 807 1574 846 sumus
1601 791 1784 860 pedes,

200 891 257 948 id
277 899 382 956 est,
409 891 664 956 viatores,
693 897 749 943 et
767 902 865 958 per
889 887 1149 942 mundum
1170 884 1516 956 Evangelium
1541 883 1637 939 Dei
1657 898 1786 953 por-

202 993 402 1042 tantes.

273 1077 344 1130 Et
377 1073 496 1130 illos
522 1087 660 1144 quos
683 1070 866 1126 subdit
897 1090 915 1123 ε
951 1070 1136 1142 elegit,
1167 1088 1184 1122 ι
1217 1068 1272 1124 id
1306 1077 1413 1134 est,
1441 1084 1548 1124 non
1571 1083 1640 1124 ex
1669 1084 1785 1125 me-

202 1167 310 1222 rito
343 1180 555 1230 eorum,
597 1165 692 1219 sed
729 1179 826 1234 per
863 1163 1034 1219 solam
1075 1162 1306 1233 gratiam
1347 1176 1502 1216 suam
1537 1176 1568 1214 a
1607 1176 1786 1217 massa

200 1265 548 1330 peccatorum
578 1255 758 1320 solvit,
780 1255 923 1324 ipsos
953 1255 1076 1309 dico
1107 1273 1126 1304 ι
1161 1253 1533 1309 haereditatem
1573 1269 1726 1310 suam
1764 1273 1782 1307 ι

203 1365 437 1422 quorum
469 1350 522 1402 in
559 1363 616 1404 se
653 1347 919 1402 fructibus
955 1347 1244 1412 ditaretur,
1271 1345 1436 1416 elegit
1473 1346 1598 1401 dico
1634 1366 1652 1399 ‹
1685 1362 1787 1402 no-

204 1439 306 1501 bis,
344 1460 363 1493 ι
400 1439 452 1494 id
481 1447 584 1504 est,
607 1439 673 1493 ad
715 1446 958 1493 nostrum
987 1452 1141 1508 opus,
1172 1446 1232 1492 ut
1258 1453 1357 1492 nos
1390 1439 1642 1494 substitui
1671 1439 1789 1495 loco

204 1535 394 1604 ipsius,
423 1535 476 1588 in
501 1533 869 1588 hazreditatem
890 1533 1010 1588 dico
1035 1550 1054 1583 ί
1085 1531 1321 1600 speciem
1343 1530 1531 1598 Jacob,
1561 1550 1579 1577 ι
1607 1533 1659 1586 id
1683 1542 1784 1598 est,

205 1624 436 1682 similem
475 1623 644 1680 Jacob
696 1623 1009 1689 luctantem,
1056 1623 1284 1688 scilicet,
1325 1638 1448 1678 cum
1486 1624 1654 1678 vitiis.
1692 1623 1787 1680 Vel

211 1734 232 1770 α
264 1717 497 1786 speciem
527 1715 714 1783 Iacob,
770 1736 789 1770 ι
841 1716 896 1770 id
935 1723 1042 1782 est,
1083 1715 1443 1786 signiﬁcatam
1479 1729 1575 1786 per
1598 1714 1785 1781 Iacob,

204 1809 349 1876 quod
385 1816 470 1862 est
505 1822 782 1878 magnum,
823 1807 946 1875 quia
976 1807 1090 1876 ipse
1133 1814 1217 1860 est
1263 1824 1282 1858 ι
1327 1820 1484 1876 quem
1517 1805 1721 1869 dilexit,
1763 1825 1783 1859 ι

205 1896 292 1952 vel
320 1897 554 1967 speciem
578 1911 740 1966 quam
761 1895 967 1952 dilexit.

277 1988 378 2044 llic
425 1989 612 2060 incipit
645 1988 883 2044 secunda
920 2003 1090 2059 pars:
1136 1988 1309 2058 Elegit
1353 2003 1475 2055 nos,
1519 1997 1574 2044 et
1617 2004 1787 2059 quare

207 2080 400 2135 nobis?
425 2079 558 2146 Quia
585 2080 696 2148 ipse
729 2097 746 2130 ‹
769 2079 912 2134 Deus
945 2078 1193 2134 ascendit
1223 2079 1279 2132 in
1304 2079 1477 2149 jubilo
1520 2098 1538 2130 ι
1571 2090 1788 2150 aposto-

203 2171 384 2226 lorum
412 2170 701 2225 videntium
730 2169 1109 2230 exsultatione.
1151 2185 1270 2239 quae
1298 2170 1477 2224 verbis
1505 2185 1612 2224 non
1639 2179 1790 2241 pote-

204 2271 293 2317 rat
319 2262 569 2332 exprimi.
611 2262 678 2316 Et
704 2262 825 2317 ideo
854 2262 978 2331 quia
1006 2262 1058 2315 in
1087 2261 1225 2316 cutio
1265 2262 1543 2326 ascendit,
1579 2277 1680 2316 nos
1703 2262 1788 2316 vi-

202 2353 383 2408 carios
410 2368 521 2407 suae
547 2352 880 2426 haereditatis
907 2354 1163 2419 instituit,
1209 2373 1226 2404 ι
1263 2362 1318 2408 ει
1337 2354 1452 2422 ipse
1477 2354 1734 2409 Dominus
1763 2373 1782 2408 ι

203 2445 446 2500 ascendit
473 2463 492 2494 ι
539 2445 593 2498 in
629 2459 760 2499 voce
789 2448 949 2511 tubae,
990 2465 1008 2498 ι
1040 2446 1092 2500 id
1115 2452 1219 2510 εει,
1256 2444 1545 2499 manifesta
1579 2460 1712 2500 voce
1737 2454 1791 2500 et

202 2537 566 2594 exsultatione
616 2537 953 2606 angelorum.
976 2537 1104 2594 Haec
1148 2543 1232 2592 est
1271 2552 1378 2591 vox
1426 2537 1739 2607 angelorum
1772 2554 1785 2590 :

209 2648 230 2681 ε
261 2629 374 2686 Viri
413 2627 640 2692 Galilaei,
669 2627 813 2698 quod
846 2629 900 2682 in
937 2627 1132 2683 caelum
1172 2626 1453 2698 aspicitis?
1479 2627 1616 2697 (Act.
1661 2627 1724 2698 ι.)
1765 2646 1782 2679 ι

275 2720 344 2774 Et
364 2720 490 2789 quia
521 2719 641 2774 talis
662 2728 768 2784 est,
789 2720 854 2773 ad
877 2719 1138 2774 honorem
1162 2718 1257 2774 Dei
1281 2719 1451 2773 nostri
1482 2737 1500 2769 ι
1531 2719 1742 2788 psallite
1763 2738 1782 2771 ι

201 2820 406 2867 ruente.
438 2810 535 2866 Vel
567 2812 692 2881 quia
739 2826 826 2866 res
853 2811 1008 2866 valde
1047 2811 1210 2881 digna
1249 2820 1367 2866 erat
1400 2827 1562 2883 quam
1603 2813 1791 2867 admo-

203 2904 390 2964 nebat,
435 2917 542 2957 non
592 2901 790 2957 sufﬁcit
841 2903 1006 2958 semel
1055 2902 1260 2968 dicere,
1307 2911 1364 2958 et
1419 2918 1528 2957 non
1583 2911 1789 2958 tantum

201 2993 418 3066 psallite
455 2996 529 3060 ei,
567 2995 694 3064 quia
726 2995 868 3050 Deus
902 3004 1008 3060 est,
1049 2996 1149 3050 sed
1185 2996 1349 3050 etiam
1386 2997 1616 3067 psallite,
1662 2998 1789 3067 quia

202 3094 294 3141 est
341 3095 547 3151 noster,
583 3103 600 3135 ι
643 3085 787 3140 Deus
825 3106 843 3139 ›
886 3086 1094 3141 scilicet
1131 3087 1373 3142 omnium
1405 3085 1664 3142 ﬁdelium.
1695 3087 1790 3142 Vel

211 3195 232 3230 ι
270 3193 364 3233 rex
389 3178 567 3233 omnis
601 3186 778 3243 terrae,
821 3198 842 3232 ι
893 3179 948 3232 id
973 3185 1078 3244 εει,
1110 3179 1386 3248 expellens
1425 3194 1643 3233 omnem
1672 3187 1785 3233 ter-

205 3269 514 3334 renitatem,
565 3277 621 3324 et
669 3284 861 3340 regens
909 3284 1035 3324 suos
1079 3284 1176 3339 per
1220 3270 1513 3335 virtutem,
1560 3281 1616 3325 et
1664 3270 1786 3326 ideo

210 3377 231 3410 ‹
261 3360 474 3429 psallite
510 3360 798 3429 sapienter,
840 3379 859 3412 ι
894 3359 948 3412 id
979 3367 1082 3424 est,
1112 3375 1220 3414 non
1252 3375 1350 3430 pro
1377 3361 1646 3430 aliquibus
1681 3371 1790 3416 ter-

205 3451 374 3516 renis,
397 3451 493 3504 sed
521 3465 618 3518 pro
657 3451 774 3518 ipso
813 3450 1083 3514 habendo,
1118 3459 1316 3504 etcum
1363 3467 1553 3521 magna
1584 3453 1790 3526 disere-

206 3541 354 3596 tione
393 3541 774 3604 discernendo,
821 3541 974 3609 quid,
1009 3543 1248 3610 quando,
1298 3559 1488 3612 quare,
1534 3545 1785 3614 qualiter.

279 3631 348 3684 Et
378 3629 495 3700 ipse
517 3629 656 3682 idem
691 3648 708 3679 ι
747 3630 1037 3699 regnabit»
1076 3631 1288 3685 tandem
1314 3631 1528 3701 quando
1566 3633 1787 3694 scilicet,

207 3735 406 3790 corpus
440 3717 556 3786 ejus
606 3719 933 3789 completum
987 3719 1094 3774 erit
1148 3738 1167 3770 ι
1218 3735 1379 3790 super
1423 3720 1645 3787 Gentes,
1699 3722 1794 3776 sed

207 3813 372 3867 etiam
394 3811 509 3882 ipse
539 3813 702 3877 Deus,
734 3830 752 3863 ι
785 3827 892 3866 non
919 3811 1039 3867 dico
1066 3827 1229 3882 super
1248 3813 1437 3878 malos,
1464 3813 1557 3868 sed
1585 3832 1604 3865 r
1633 3829 1794 3884 super

207 3903 390 3959 sedem
427 3913 692 3970 sanctam,
744 3923 762 3955 ›
810 3906 863 3961 id
896 3913 1001 3971 est,
1034 3921 1199 3976 super
1230 3907 1450 3977 angelos
1476 3917 1531 3963 et
1556 3910 1790 3965 archan-

207 3996 394 4067 gelos:
425 4005 480 4051 et
505 3998 713 4052 animas
743 4007 1052 4054 sanctorum
1095 3999 1150 4053 in
1179 4001 1374 4070 quibus
1399 4000 1542 4056 Deus
1569 4002 1684 4072 jam
1709 4016 1794 4057 se-

209 4089 303 4144 det
328 4088 446 4142 sine
479 4087 627 4142 omni
659 4087 961 4158 iniquitate,
990 4099 1044 4144 et
1063 4089 1292 4158 judicat.

281 4178 351 4232 Et
375 4181 442 4232 ad
469 4179 644 4247 ipsum
676 4198 694 4229 ‹
724 4181 1038 4250 congregati
1061 4190 1206 4247 sunt,
1242 4201 1262 4233 ι
1289 4181 1342 4236 id
1368 4193 1466 4244 est,
1492 4197 1789 4255 congrega-

207 4269 412 4325 buntur
441 4286 460 4320 ι
497 4270 769 4340 principes
797 4271 1113 4341 pepulerum
1143 4293 1163 4325 ›
1204 4274 1274 4328 ad
1295 4273 1530 4330 litteram
1557 4292 1568 4326 :
1600 4276 1683 4330 vel
1717 4276 1792 4330 illi

1889 605 2015 674 quia
2045 604 2200 659 nobis
2235 607 2457 676 exponit
2489 621 2740 679 magnam
2771 608 3087 680 dignitatem
3114 613 3390 681 Ecclesiae,
3419 616 3476 674 id

1887 705 1989 761 est,
2014 697 2384 751 dilatationem
2409 698 2663 754 Ecclesiae
2687 715 2786 770 per
2817 709 2989 755 totum
3014 704 3294 773 mundum,
3332 708 3478 778 psal-

1887 805 2008 844 mus
2038 790 2158 844 dico
2204 791 2422 845 habitus
2451 791 2506 844 in
2546 795 2782 848 secunda
2823 795 3056 863 sabbati,
3101 797 3154 852 id
3185 807 3287 863 est,
3327 800 3394 855 de
3418 817 3477 856 re

1888 881 2190 952 signiﬁcata
2230 897 2329 951 per
2363 897 2476 936 rem
2521 882 2721 950 factam
2767 885 2821 940 in
2860 888 3097 942 secunda
3142 888 3378 956 sabbati,
3421 892 3476 946 id

1887 981 1994 1038 est,
2023 973 2088 1028 de
2103 972 2417 1029 fundatione
2443 974 2716 1042 Ecclesiae,
2740 993 2860 1047 qua:
2874 979 3210 1048 signiﬁcatur
3231 996 3328 1050 per
3353 982 3478 1036 fun-

1887 1063 2160 1118 dationem
2197 1072 2374 1128 terrae,
2403 1079 2522 1134 quae
2558 1066 2702 1120 facta
2732 1067 2832 1121 fuit
2872 1071 3106 1124 secunda
3144 1071 3250 1126 die.
3294 1071 3477 1128 Prima

1886 1156 2033 1211 enim
2065 1156 2151 1210 die
2181 1165 2389 1211 secreta
2415 1165 2500 1211 est
2525 1156 2618 1212 lux
2649 1173 2679 1211 a
2707 1160 2966 1227 tenebris,
3000 1161 3055 1216 in
3075 1177 3183 1231 quo
3209 1163 3480 1232 signiﬁca-

1888 1257 1976 1304 tur
2022 1249 2348 1306 resurrectio
2391 1249 2628 1314 Christi,
2681 1267 2786 1322 qua
2829 1252 2920 1307 lux
2974 1253 3400 1312 immortalitatis
3445 1272 3476 1310 a

1889 1349 2060 1396 morte
2081 1341 2315 1398 discreta
2340 1349 2444 1396 est.
2481 1341 2539 1396 In
2577 1344 2815 1398 secunda
2842 1344 2930 1398 die
2956 1344 3238 1400 fundatum
3268 1356 3353 1402 est
3386 1347 3478 1402 ﬁr-

1887 1448 2242 1500 mamentum,
2278 1436 2331 1489 in
2358 1451 2466 1505 quo
2485 1436 2823 1506 signiﬁcatur
2848 1451 3082 1506 sequens
3111 1447 3323 1508 tempus
3350 1449 3476 1511 post

1888 1529 2366 1593 resurrectionem,
2423 1545 2532 1599 quo
2580 1529 2806 1584 fundata
2853 1540 2937 1585 est
2979 1539 3166 1585 sancta
3208 1531 3472 1589 Ecclesie.

1888 1618 2006 1674 Vox
2040 1619 2334 1688 prophetae,
2383 1619 2468 1674 vel
2511 1620 2556 1674 si
2607 1621 2870 1676 habeatur
2920 1622 2972 1676 in
3023 1623 3198 1687 titulo,
3243 1623 3477 1679 ﬁliorum

1886 1709 2087 1776 Chore,
2128 1711 2372 1766 dicemus
2406 1729 2420 1765 :
2463 1711 2564 1767 Hic
2594 1713 2840 1769 Psalmus
2881 1723 2966 1769 est
3002 1714 3237 1770 ﬁliorum
3274 1716 3474 1784 Chore,

1887 1801 1941 1855 id
1969 1811 2071 1862 est,
2107 1804 2160 1858 in
2198 1803 2427 1858 ecclesia
2468 1805 2854 1874 perfectorum,
2899 1808 2991 1877 qui
3035 1808 3091 1862 in
3126 1808 3230 1864 hoc
3269 1809 3480 1879 psalmo

1813 1877 1862 1936 Β
1890 1890 2205 1962 loquuntur.
2234 1895 2459 1949 Materia
2485 1905 2568 1950 est
2596 1897 2711 1965 ipsa
2752 1897 2994 1952 Ecclesia
3026 1877 3319 1953 dilatanda.
3358 1901 3476 1956 Μο-

1887 1983 2023 2038 dus:
2055 1983 2111 2038 ln
2155 1985 2329 2054 prima
2368 1995 2526 2056 parte
2573 1988 2756 2042 multis
2785 1989 2958 2044 modis
3003 1992 3346 2045 commendat
3371 1992 3476 2047 Ec-

1887 2075 2106 2131 elesiam
2131 2091 2229 2146 per
2248 2077 2612 2147 fundatorem,
2644 2096 2741 2150 per
2769 2082 2871 2136 hoc
2892 2083 3056 2136 etiam
3081 2085 3224 2152 quod
3254 2085 3474 2154 quidam

1887 2168 2126 2222 volentes
2151 2184 2270 2223 eam
2314 2169 2614 2237 destruere,
2647 2183 3100 2244 recognoscentes
3137 2173 3252 2242 ejus
3297 2177 3472 2245 digni-

1890 2267 2075 2324 tatem,
2093 2261 2342 2316 conversi
2363 2270 2490 2316 sunt
2512 2264 2578 2317 ad
2601 2279 2746 2329 eam;
2773 2265 2963 2319 deinde
2984 2267 3326 2320 commendat
3351 2283 3471 2322 eam

1887 2365 1987 2420 per
2012 2351 2282 2419 quoddam
2336 2352 2546 2423 insigne
2593 2353 2793 2408 donum
2838 2354 3027 2424 ipsius,
3081 2357 3287 2411 scilicet
3330 2359 3475 2428 quod

1888 2441 2260 2496 misericordia
2291 2441 2388 2495 Dei
2418 2442 2626 2497 habitat
2659 2444 2712 2498 in
2737 2461 2822 2498 ea.
2857 2445 2914 2498 In
2943 2447 3178 2501 secunda
3206 2455 3358 2516 parte
3385 2449 3473 2503 in-

1889 2533 2024 2587 vitat
2060 2549 2153 2589 cos
2183 2534 2274 2602 qui
2307 2535 2440 2589 muti
2483 2543 2629 2601 sunt,
2670 2545 2730 2590 ut
2757 2537 3086 2606 ampliﬁcent
3112 2553 3232 2592 eam
3261 2557 3272 2592 :
3303 2547 3357 2593 et
3381 2555 3477 2596 eos

1889 2627 1980 2696 qui
2027 2637 2182 2680 extra
2211 2634 2352 2690 sunt,
2387 2634 2448 2680 ut
2494 2628 2754 2682 accedant
2783 2629 2852 2682 ad
2881 2643 3023 2694 eam,
3057 2636 3111 2684 et
3141 2631 3255 2685 hazc
3279 2641 3361 2684 est
3393 2631 3477 2685 in-

1887 2718 2082 2781 tentio,
2124 2716 2331 2772 scilicet
2368 2717 2594 2782 hortari,
2638 2726 2699 2771 ut
2737 2732 2926 2772 omnes
2956 2718 3285 2788 ampliﬁcent
3317 2721 3478 2775 istam

1890 2810 2193 2865 civitatem.
2926 2820 2932 2828 ‘
3279 2800 3288 2810 ’

1959 2901 2232 2973 Propheta
2267 2901 2347 2956 sic
2377 2901 2573 2955 invitat
2593 2900 2747 2956 alios.
2797 2900 3068 2972 Ampliate
3096 2901 3257 2956 istam
3287 2903 3478 2958 civita-

1890 3001 2018 3059 tem,
2045 2993 2169 3062 quia
2198 3012 2216 3044 ι
2240 2993 2496 3047 Dominus
2527 3013 2545 3044 ι
2579 2992 2736 3048 istius
2757 2993 2993 3047 civitatis
3021 3003 3108 3048 est
3133 3013 3150 3045 ι
3180 3009 3428 3064 magnus,
3451 3013 3470 3046 ι

1890 3085 2187 3138 secundum
2214 3084 2512 3152 potentiam
2539 3099 2645 3152 qua
2668 3085 2850 3138 omnia
2875 3083 3026 3149 facit,
3066 3105 3084 3135 ‹
3112 3085 3424 3153 laudabilis,
3454 3108 3471 3140 ι

1891 3179 2188 3234 secundum
2217 3178 2321 3234 hoc
2364 3178 2507 3248 quod
2557 3179 2737 3232 omnia
2790 3181 3086 3249 composite
3115 3189 3171 3236 et
3200 3182 3478 3252 ingeniose

1890 3272 2024 3328 facit
2044 3291 2063 3323 ε
2103 3271 2285 3337 nimis,
2311 3292 2328 3324 ›
2349 3272 2402 3326 id
2418 3271 2656 3340 est,plus
2681 3288 2844 3341 quam
2872 3288 3026 3329 mens
3048 3275 3283 3328 humana
3311 3277 3480 3345 possit

1890 3365 2219 3434 excogitare,
2246 3363 2329 3418 vel
2359 3363 2539 3434 lingua
2581 3365 2854 3433 explicare
2881 3380 2895 3418 :
2945 3373 3001 3419 et
3029 3367 3134 3422 hoc
3178 3369 3322 3436 quod
3355 3385 3477 3424 ma-

1892 3472 2026 3526 gnus
2056 3464 2110 3508 et
2137 3454 2421 3509 laudabilis
2448 3455 2541 3520 sit,
2566 3456 2801 3510 maxime
2827 3459 3178 3528 perpenditur
3215 3479 3232 3509 ι
3268 3461 3320 3515 in
3352 3461 3482 3516 civi-

1893 3557 2004 3602 tate
2029 3548 2123 3602 Dei
2155 3548 2349 3613 nostri,
2388 3565 2405 3598 ι
2437 3548 2490 3602 id
2520 3559 2624 3613 est,
2661 3549 2714 3602 in
2745 3552 3150 3606 constructione
3196 3552 3476 3620 Ecclesiae,

1893 3626 2013 3706 quae
2037 3646 2120 3692 est
2141 3637 2350 3691 munita
2377 3637 2686 3702 virtutibus,
2711 3640 2887 3708 ampla
2933 3642 3223 3706 charitate,
3254 3644 3480 3698 collecta

1895 3741 1998 3796 per
2030 3725 2188 3779 ﬁdem
2225 3725 2290 3779 ad
2318 3725 2440 3793 jure
2463 3726 2772 3791 vivendum,
2802 3745 2909 3782 non
2940 3730 3132 3783 civitas
3159 3732 3481 3802 Babylonio-

1895 3837 2016 3875 rum
2043 3820 2484 3876 etconfusiorum
2510 3822 2915 3889 haereticorum,
2933 3825 3026 3879 sed
3056 3844 3073 3876 ‹
3113 3826 3209 3881 Dei
3240 3830 3431 3882 nostri.
3457 3851 3475 3882 ι

1895 3909 1993 3966 Hic
2016 3911 2364 3966 commendat
2394 3911 2672 3965 civitatem
2705 3928 2801 3981 per
2829 3915 3093 3970 artiﬁcem
3124 3925 3178 3970 et
3205 3933 3484 3986 possesso-

1894 4015 2010 4056 rem
2062 4000 2251 4065 Deum,
2284 3999 2510 4055 civitate
2552 4002 2672 4056 dico
2701 4004 2877 4072 posita
2907 4024 2924 4055 ‹
2977 4005 3031 4059 in
3082 4017 3267 4063 monte
3294 4021 3482 4066 sancto

1893 4093 2028 4163 ejus,
2068 4113 2087 4146 ι
2124 4093 2176 4147 id
2208 4093 2366 4149 estin
2398 4092 2615 4149 Christo
2637 4095 2774 4150 Filio
2796 4096 2934 4165 ejus,
2969 4097 3061 4154 Dei
3085 4099 3282 4168 Patris,
3312 4103 3399 4158 vel
3427 4103 3482 4159 in

1892 4192 2076 4240 monte
2110 4183 2393 4248 virtutum,
2425 4183 2510 4237 vel
2535 4187 2877 4241 constantiae.

1965 4272 2091 4328 Haec
2121 4274 2314 4328 civitas
2349 4282 2432 4329 εει
2459 4271 2705 4343 possessa
2737 4292 2767 4330 a
2796 4276 2886 4330 tali
2921 4277 3169 4346 Domino,
3206 4290 3258 4336 et
3285 4283 3350 4338 de
3384 4286 3483 4340 hu-

208 4360 503 4432 principes,
535 4362 627 4430 qui
668 4363 874 4432 seipsos
903 4363 1040 4419 bene
1077 4374 1269 4435 regunt
1301 4366 1355 4420 in
1399 4366 1710 4431 virtutibus,
1739 4374 1796 4421 et
1887 4361 2125 4431 jusmodi
2157 4363 2422 4432 lapidibus
2452 4371 2790 4430 constructa,
2826 4367 3053 4434 scilicet,
3083 4369 3148 4423 de
3179 4369 3379 4427 Judaeis
3424 4384 3479 4430 et

211 4457 350 4512 alios
389 4457 458 4511 ad
486 4457 623 4512 bene
659 4459 922 4529 agendum
962 4461 1251 4515 admonent
1283 4461 1531 4531 populos,
1577 4476 1796 4531 congre-

214 4551 486 4622 gabuntur
529 4549 650 4604 dico
686 4567 704 4600 ι
741 4565 863 4604 cum
895 4551 1006 4606 Deo
1031 4551 1328 4616 Abraham,
1375 4571 1394 4602 ι
1436 4551 1488 4604 id
1526 4559 1631 4616 est,
1668 4551 1792 4622 quia

216 4652 344 4699 tunc
382 4643 662 4713 apparebit
707 4642 1002 4710 Abraham,
1055 4645 1271 4715 quando
1315 4644 1605 4714 complebit
1652 4645 1794 4714 quod

214 4733 466 4804 promisit
501 4734 641 4788 Deus
664 4733 916 4800 Abrahae,
948 4735 1170 4790 dicens:
1203 4754 1220 4786 ι
1258 4734 1314 4788 In
1352 4737 1557 4790 semine
1589 4743 1680 4789 tuo
1706 4736 1798 4790 be-

215 4824 537 4878 nedicentur
556 4839 745 4879 omnes
780 4824 981 4880 Gentes
1011 4825 1164 4896 (Gen.
1194 4843 1343 4892 xxu;
1373 4825 1552 4881 Galat.
1584 4827 1660 4898 v),
1692 4846 1710 4878 ι
1746 4835 1801 4882 ει

217 4915 294 4971 ibi
320 4915 514 4984 psalmi
540 4925 759 4971 notatur
789 4917 1039 4982 intentio,
1068 4926 1123 4972 et
1150 4933 1248 4987 per
1268 4918 1373 4972 hoc
1392 4920 1800 4988 congregaban-

218 5017 330 5074 tur,
368 5025 388 5058 ‹
416 5009 671 5077 quoniam
715 5008 810 5073 dii,
842 5029 858 5060 ι
898 5009 949 5063 id
977 5018 1082 5074 est,
1116 5009 1358 5080 Apostoli
1393 5019 1448 5065 et
1487 5010 1804 5080 prmdicato-

219 5116 311 5156 res
341 5119 360 5152 ι
391 5099 558 5156 fortes
590 5121 608 5153 ι
645 5101 698 5155 in
732 5101 973 5156 adversis
1002 5102 1291 5156 tolerandis
1318 5111 1443 5155 sunt
1477 5119 1495 5152 ‹
1525 5101 1741 5164 elevati,
1771 5120 1789 5152 ι

221 5193 277 5248 id
316 5200 419 5257 est,
465 5193 610 5262 digni
657 5193 824 5247 habiti
854 5214 872 5244 ε
906 5195 1253 5250 vehementer
1293 5215 1310 5246 ι
1347 5195 1403 5248 in
1445 5193 1719 5248 miraculis
1745 5205 1799 5246 et

223 5281 533 5345 virtutibus,
581 5290 634 5336 et
681 5282 1084 5351 praedicatione,
1132 5291 1186 5336 et
1235 5271 1456 5354 propter
1497 5282 1601 5337 hoc
1644 5282 1797 5336 multi

227 5374 693 5444 congregabantur
721 5390 842 5429 cum
865 5375 974 5430 Deo
1004 5377 1296 5430 Abraham.

672 5501 740 5556 IN
778 5502 1108 5560 PSALMUM
1148 5505 1353 5559 XLVII.

227 5617 486 5674 Τιτυωε.
512 5614 759 5671 Psalmus
781 5618 970 5672 cantici
989 5619 1114 5686 ﬁliis
1140 5617 1308 5674 Chore
1328 5621 1557 5674 secunda
1575 5620 1800 5675 sabbati.

304 5747 322 5778 ι
368 5726 592 5798 Magnus
640 5728 918 5783 Dominus.
969 5748 986 5780 ι
1037 5728 1280 5785 Psalmus
1332 5731 1432 5786 iste
1475 5733 1804 5801 prteponitur

229 5815 352 5871 ﬁliis
394 5815 570 5872 Chore
619 5819 684 5873 ad
729 5818 1151 5888 intelligendum,
1195 5821 1285 5890 qui
1340 5820 1538 5876 dicitur
1582 5824 1800 5881 cantici.

1894 4453 2177 4518 Gentibus,
2208 4463 2262 4509 et
2293 4455 2407 4509 haec
2441 4473 2460 4506 ‹
2489 4455 2785 4510 fundantur
2808 4477 2825 4506 ι
2859 4458 3070 4514 scilicet
3099 4461 3328 4520 ﬁrmiter
3354 4468 3484 4522 aedi-

1901 4545 2057 4601 ﬁcata
2089 4556 2172 4601 est
2203 4565 2221 4597 ‹
2256 4547 2617 4602 exsultatione
2644 4545 2910 4604 universa:
2940 4560 3120 4618 terra),
3144 4574 3162 4606 ι
3198 4556 3251 4609 id
3280 4566 3383 4622 est,
3417 4559 3482 4614 de

1900 4639 2296 4694 habitatoribus
2319 4639 2485 4694 totius
2519 4640 2724 4704 mundi,
2754 4642 3155 4699 exsultantibus
3187 4647 3252 4700 de
3291 4649 3484 4704 remis-

1899 4732 2051 4786 sione
2080 4739 2449 4802 peccatorum,
2477 4746 2572 4801 per
2602 4739 2782 4800 partes
2807 4740 2963 4788 teme
2992 4737 3328 4806 exsequitur,
3354 4741 3480 4810 quia

1908 4843 1930 4874 ‹
1962 4838 2116 4877 mons
2140 4822 2291 4887 Sion,
2325 4843 2341 4873 ι
2377 4822 2427 4876 id
2453 4833 2555 4888 est,
2581 4821 2775 4888 Judaei,
2806 4841 3032 4894 quorum
3061 4837 3222 4897 caput
3245 4832 3394 4900 regni
3426 4831 3479 4887 in

1905 4913 2034 4968 Sion
2069 4921 2207 4979 erat,
2237 4921 2290 4967 et
2323 4931 2341 4963 ‹
2380 4913 2548 4967 latera
2573 4914 2858 4983 aquilonis,
2890 4917 2943 4970 id
2967 4927 3069 4984 est,
3099 4918 3299 4974 Gentes
3328 4923 3480 4991 prius

1905 5006 2174 5061 diabolum
2211 5004 2620 5075 frigidissimum
2662 5007 2804 5061 velut
2854 5006 3147 5064 familiares
3193 5010 3481 5079 stipantes,

1904 5105 2030 5152 sunt
2061 5116 2079 5147 ι
2116 5096 2308 5150 civitas
2337 5096 2480 5166 regis
2505 5098 2683 5167 magni
2717 5117 2736 5150 ι
2772 5099 2863 5167 qui
2892 5100 3071 5152 omnia
3100 5105 3236 5168 regit
3258 5115 3357 5168 pro
3384 5118 3480 5158 sua

1905 5187 2196 5240 voluntate.
2236 5186 2490 5241 Diabolus
2510 5188 2748 5255 aquiloni
2771 5196 3135 5257 comparatur,
3164 5190 3288 5260 quia
3316 5208 3344 5245 a
3375 5192 3484 5246 fer-

1905 5290 2037 5329 vore
2063 5274 2369 5329 dilectionis
2413 5275 2507 5330 Dei
2538 5275 2763 5348 frigidus
2793 5277 3072 5344 remansit,
3103 5281 3315 5349 quando
3345 5284 3486 5355 cogi-

1908 5367 2092 5421 tavit:
2146 5384 2164 5417 ‹
2200 5365 2403 5420 Ponam
2450 5370 2628 5422 sedem
2676 5383 2852 5422 meam
2899 5367 2966 5423 ad
3009 5369 3335 5438 aquilonem,
3375 5390 3392 5421 ›
3430 5381 3486 5427 ει

1909 5459 2102 5514 divina:
2129 5474 2214 5513 me
2237 5459 2498 5514 voluntati
2525 5477 2798 5530 praepono,
2837 5480 2854 5512 ‹
2893 5471 2945 5517 ει
2968 5478 3062 5517 ero
3090 5463 3283 5517 similis
3312 5463 3475 5520 Altis-

1903 5549 2041 5604 simo
2072 5570 2090 5602 ›
2117 5549 2268 5620 (Esa.
2292 5549 2426 5622 xxv),
2450 5550 2502 5606 id
2527 5560 2627 5616 est,
2659 5551 2921 5623 regnabo:
2954 5553 3008 5607 in
3040 5551 3330 5624 frigiditate
3350 5571 3485 5611 mea:

1907 5641 2182 5711 nequitire,
2217 5641 2358 5697 sicut
2391 5643 2507 5713 ipse
2535 5643 2586 5696 in
2611 5644 2857 5698 veritate.

1975 5733 2117 5788 Deus
2147 5733 2200 5787 in
2234 5734 2479 5790 domibus
2514 5733 2631 5789 eius
2660 5745 3030 5806 cog-noscetur,
3060 5736 3162 5793 alia
3212 5753 3483 5796 commen-

1907 5824 2073 5880 datio.
2105 5825 2307 5881 Givitas
2349 5827 2426 5882 sic
2475 5825 2750 5895 fundatur,
2775 5836 2829 5883 et
2861 5846 2879 5880 ι
2917 5828 2970 5882 in
3022 5829 3270 5886 domibus
3312 5832 3425 5901 ejus
3454 5850 3476 5883 ο
