3940 6498
469 436 576 492 359

932 419 1288 481 HAYMONIS
1325 411 1804 475 HALBERSTAT.
1849 405 2063 466 EPISC.
2105 405 2255 461 OPP.
2294 403 2474 460 PARS
2511 403 2552 460 I.
2589 436 2659 446 —
2690 403 3044 462 COMMENT.
3085 403 3257 459 BIBL.

3624 404 3746 460 560

474 547 726 612 civitatis,
771 545 823 601 id
851 551 956 610 est,
1010 543 1064 596 in
1112 537 1335 608 singulis
1380 531 1652 595 fidelibus,
1679 527 1772 598 qui
1799 525 2050 582 dicuntur
2076 522 2126 583 Α
2155 521 2295 575 Deus
2341 519 2928 583 fundavitEeclesiam,
2953 534 3052 589 per
3097 520 3200 573 hoc
3247 518 3482 583 scilicet,
3515 519 3673 590 quia,
3707 535 3746 574 ο

419 653 422 655 ‘
477 643 689 703 domus,
719 636 844 706 quia
878 635 930 688 in
963 632 1041 687 eis
1069 627 1336 684 inhabitat
1383 621 1662 684 Dominus,
1699 637 1718 670 ε
1751 627 2044 686 cognosce-

477 743 568 787 tur
605 731 768 794 Deus,
807 747 824 777 ι
857 726 981 795 quia
1026 722 1126 792 ipsi
1168 719 1381 789 plenam
1429 713 1788 784 cognitionem
1827 709 1893 764 de
1936 707 2046 762 Deo

476 820 698 882 habent,
725 825 777 870 et
806 815 905 869 hoc
933 811 1055 875 erit,
1081 823 1203 864 cum
1235 825 1253 858 ‹
1289 804 1546 874 suscipiet
1570 817 1691 858 eam
1718 820 1736 852 ι
1773 799 1827 854 in
1871 797 2043 868 digni-

478 916 666 962 tatem.

556 1017 574 1050 ι
597 996 858 1065 Quoniam
875 1007 1023 1053 ecce,
1047 1011 1064 1043 ι
1087 989 1227 1044 Vere
1241 986 1501 1042 Dominus
1514 979 1944 1054 eognosceturab
1959 993 2046 1043 ea,

478 1100 531 1147 et
570 1088 822 1158 suscipiet
863 1099 984 1138 eam
1019 1103 1036 1135 ‹
1073 1081 1329 1153 quoniam
1379 1077 1528 1142 ecc'e,
1563 1095 1583 1128 ι
1617 1074 1671 1128 id
1697 1083 1802 1137 est,
1842 1072 1898 1125 in
1939 1069 2052 1124 evi-

477 1181 622 1236 denti
657 1197 676 1229 ι
715 1192 868 1247 reges
898 1185 1059 1230 terrae
1087 1167 1400 1239 congregati
1429 1176 1576 1229 sunt,
1614 1183 1632 1215 ι
1661 1162 1714 1217 id
1735 1169 1839 1225 est,
1863 1167 2052 1228 poten-

478 1281 559 1325 tes
585 1267 744 1337 hujus
774 1265 982 1328 mundi,
1009 1277 1116 1316 non
1167 1269 1375 1313 tantum
1408 1256 1462 1309 in
1492 1269 1600 1308 uno
1644 1252 1788 1315 loco,
1820 1248 1915 1304 sed
1949 1265 1966 1298 ‹
1997 1253 2053 1300 ει

479 1363 851 1414 convenerunt
881 1354 934 1407 in
965 1366 1132 1405 unum
1167 1369 1185 1402 ι
1218 1345 1502 1403 consilium
1528 1341 1759 1397 nocendi
1789 1338 2015 1395 civitati.

542 1445 650 1515 Ipsi
673 1427 918 1498 videntes
946 1437 1258 1509 congregati
1283 1443 1428 1497 sunt,
1460 1441 1520 1485 ut
1557 1430 1924 1491 destruerent,
1957 1423 2052 1480 sed

477 1538 659 1608 potius
707 1537 1207 1604 augmentaverunt,
1241 1535 1296 1582 et
1340 1527 1444 1580 hoc
1475 1523 1630 1587 dicit,
1677 1539 1695 1571 ι
1737 1520 1840 1589 ipsi
1867 1519 2054 1573 viden-

483 1637 583 1691 tes,
620 1645 638 1677 ι
676 1625 729 1678 id
773 1632 873 1687 est,
927 1621 1288 1690 intelligentes
1324 1635 1342 1668 ‹
1397 1615 1475 1670 sic
1511 1633 1530 1665 ›
1582 1626 1702 1668 εεεε
1729 1611 1967 1680 dignam,
1994 1615 2054 1662 ut

484 1715 799 1784 praedictum
829 1721 931 1775 est,
963 1730 980 1762 ι
1013 1709 1263 1764 admirati
1313 1713 1440 1761 sunt
1473 1723 1492 1756 ι
1524 1701 1760 1774 perculsi
1790 1700 1910 1755 luce
1940 1707 2054 1753 tan-

484 1814 552 1859 ta:
581 1803 876 1874 dignitatis,
905 1809 958 1855 et
994 1821 1010 1851 ‹
1041 1797 1351 1855 conturbati
1376 1804 1502 1851 sunt
1543 1814 1562 1847 ι
1587 1809 1685 1864 pro
1708 1792 1965 1862 peccatis,
1999 1800 2054 1846 et

2159 631 2176 663 ι
2210 613 2376 677 Deus,
2419 627 2518 668 nos
2563 613 2901 682 suscepimus
2924 610 3357 667 misericordiam
3397 618 3567 674 tuam,
3607 630 3629 663 ›
3683 610 3741 666 id

2151 712 2254 769 εει,
2279 703 2471 759 Filium
2502 712 2684 758 tuum:
2731 719 2892 774 quem
2919 713 3075 759 vocat
3117 703 3572 767 misericordiam,
3601 704 3736 772 quia

2153 795 2255 849 nisi
2299 809 2398 865 per
2422 795 2794 859 eum,nullam
2821 795 3081 850 habemus
3129 796 3563 850 misericordiam
3612 815 3629 846 ‹
3676 796 3734 849 in

2154 886 2329 941 medio
2361 885 2545 955 templi
2575 885 2674 950 tui,
2713 904 2731 936 ›
2760 885 2813 940 id
2838 894 2942 951 est,
2969 883 3248 954 aequaliter
3293 887 3611 955 propositus
3645 896 3736 940 est

2153 975 2428 1041 omnibus,
2455 975 2543 1044 qui
2577 975 2645 1029 ad
2673 989 2797 1028 eum
2828 975 3014 1029 volunt
3043 975 3320 1030 accedere.
3357 973 3737 1043 Susceperunt

2153 1082 2274 1121 eum
2303 1066 2520 1134 quidam
2546 1064 2902 1134 corporaliter
2928 1065 2981 1118 in
3012 1065 3235 1134 templo,
3271 1063 3483 1120 scilicet
3509 1063 3738 1118 Simeon

2154 1167 2210 1212 et
2230 1156 2402 1222 Anna,
2430 1155 2521 1209 alii
2543 1163 2900 1225 susceperunt
2927 1155 3266 1226 spiritaliter.

2231 1267 2250 1300 ι
2273 1247 2596 1304 Secundum.
2619 1266 2640 1301 ι
2661 1247 2869 1318 Ειῃιιίε
2890 1249 3226 1318 suscepimus
3245 1249 3391 1304 illam
3410 1249 3736 1304 misericor-

2157 1340 2320 1401 diam,
2345 1338 2465 1392 ideo
2498 1355 2516 1388 ‹
2545 1337 2838 1392 secundum
2858 1352 3053 1392 nomen
3075 1346 3247 1404 tuum,
3278 1359 3296 1391 ›
3326 1339 3376 1393 id
3407 1347 3516 1403 εει,
3540 1354 3712 1403 secun

2157 1428 2283 1482 dum
2312 1428 2415 1481 hoc
2460 1426 2604 1496 quod
2647 1439 2842 1480 nomen
2883 1433 3033 1478 tuum
3063 1426 3316 1481 diffusum
3361 1436 3486 1482 erat
3531 1428 3737 1497 ubique

2159 1528 2449 1582 terrarum,
2465 1517 2590 1585 quia
2612 1516 2876 1570 dicebaris
2906 1515 3270 1570 omnicreator
3282 1531 3616 1585 peromnem
3635 1529 3736 1571 ter-

2160 1624 2296 1674 ram,
2323 1608 2448 1662 licet
2477 1606 2577 1676 ipsi
2615 1605 2748 1661 alios
2789 1606 2918 1660 deos
2962 1607 3299 1674 simularent,
3336 1626 3355 1659 ι
3406 1610 3488 1662 sic
3532 1618 3593 1663 et
3622 1609 3734 1665 laus

2159 1707 2250 1753 tua
2282 1718 2300 1750 ι
2330 1696 2523 1751 diﬂ‘usa
2549 1704 2634 1752 est
2667 1716 2684 1747 ‹
2722 1695 2776 1750 in
2807 1695 2943 1751 fines
2965 1696 3138 1768 [terrae
3166 1717 3210 1751 ι.
3239 1697 3308 1751 Ει
3335 1698 3673 1754 determinat
3701 1716 3733 1754 a

2157 1790 2353 1860 quibus
2385 1789 2654 1854 laudetur,
2681 1788 2886 1843 scilicet
2925 1803 2956 1842 a
2997 1788 3179 1859 justis,
3206 1797 3260 1844 et
3289 1789 3396 1844 illis
3445 1790 3658 1855 multis,
3683 1802 3736 1846 ει

489 1913 506 1945 ι
556 1871 808 1947 commoti
852 1899 976 1945 sunt
1010 1909 1028 1941 ι
1061 1889 1129 1942 ad
1175 1887 1356 1950 ﬁdem,
1385 1894 1439 1940 et
1489 1884 1557 1938 ad
1597 1885 1738 1938 bona
1789 1896 1955 1950 opera
1997 1889 2052 1934 et
2083 1871 2131 1930 Β
2159 1882 2261 1936 hoc
2310 1890 2394 1935 est
2433 1898 2446 1932 :
2483 1899 2501 1931 ‹
2545 1879 2756 1948 justitia
2797 1879 2954 1949 plena
2984 1887 3065 1934 est
3093 1879 3314 1934 dextera
3344 1888 3457 1944 tua,
3489 1899 3509 1931 ι
3539 1881 3598 1935 id
3631 1889 3730 1947 est,

489 2001 507 2035 ι
547 1992 750 2036 tremor
799 2001 816 2033 ι
875 1978 1169 2048 corporalis
1199 2017 1214 2042 ,
1257 1991 1358 2046 pro
1401 1974 1596 2028 timore
1639 1971 1833 2026 futurae
1881 1983 2054 2038 poenae

490 2091 509 2124 ‹
546 2071 901 2142 apprehendit
929 2085 1045 2134 eos,
1074 2089 1092 2120 ι
1124 2068 1211 2122 vel
1230 2067 1333 2136 ipsi
1359 2066 1601 2120 videntes
1621 2063 1721 2128 sic,
1751 2062 1805 2117 id
1827 2069 1929 2128 est,
1947 2069 2056 2116 sta-

485 2165 580 2218 tim
619 2163 872 2218 admirati
912 2169 1076 2227 sunt,
1106 2168 1163 2214 et
1191 2157 1424 2213 afﬁrmat
1452 2157 1567 2212 haec
1601 2155 1706 2210 alia
1746 2154 2052 2221 translatio,

483 2269 604 2324 qum
632 2252 794 2308 habet
825 2270 838 2305 :
870 2261 1015 2306 tunc.

555 2344 652 2408 Ibi,
677 2343 728 2397 id
749 2352 849 2407 est,
878 2343 930 2395 in
963 2341 1077 2410 ipso
1097 2349 1332 2396 tremore
1355 2346 1481 2394 sunt
1512 2355 1530 2388 ι
1553 2336 1791 2400 dolores,
1819 2354 1836 2387 ι
1872 2335 1925 2389 id
1951 2341 2051 2398 εει,

482 2432 741 2504 angustiae
772 2431 967 2486 mentis
1001 2451 1017 2482 ‹
1051 2437 1110 2484 ut
1154 2427 1528 2501 parturientis,
1567 2446 1584 2478 ι
1620 2425 1674 2479 id
1704 2432 1804 2489 est,
1846 2423 2056 2493 gravis-

481 2527 652 2582 simze.
683 2525 750 2578 Et
772 2523 1018 2578 habentis
1043 2521 1223 2575 ltetum
1258 2518 1486 2581 exitum,
1514 2516 1653 2570 sicut
1682 2514 1824 2567 enim
1868 2511 2059 2565 mulier

482 2615 608 2670 licet
644 2621 895 2684 gravetur
935 2608 1305 2680 parturiendo,
1349 2614 1551 2668 tamen,
1577 2611 1860 2672 postquam
1903 2610 2058 2656 natus

484 2706 648 2760 homo
674 2704 725 2756 in
758 2701 979 2765 mundo,
1005 2699 1238 2761 laetatur,
1270 2704 1326 2750 et
1365 2693 1699 2749 obliviscitur
1728 2692 1871 2747 illius
1893 2707 2058 2762 prtes-

483 2809 626 2849 snra:
667 2807 777 2862 prie
824 2790 1018 2859 gaudio
1067 2787 1246 2858 (Joan.
1299 2782 1428 2854 xvi),
1459 2783 1537 2836 sic
1564 2781 1887 2851 pwnitentes
1934 2780 2061 2835 licet

486 2893 642 2938 antea
669 2889 1063 2951 premerentur,
1095 2887 1294 2944 tamen,
1319 2887 1606 2947 postquam
1636 2877 1702 2931 ad
1724 2876 1865 2931 bona
1891 2890 2057 2944 opera

485 2970 800 3034 adveniunt,
831 2967 1218 3024 obliviscuntur
1249 2967 1444 3036 prioris
1469 2980 1758 3035 pressura}.
1789 2965 1914 3019 Ideo
1942 2964 2058 3033 qui-

487 3069 610 3121 dem
654 3073 779 3119 sunt
820 3063 1076 3118 commoti
1104 3069 1160 3115 et
1201 3060 1528 3126 conturbati,
1577 3060 1701 3129 quia
1733 3078 1750 3110 ‹
1783 3058 1838 3113 in
1867 3057 2059 3128 spiritu

435 3163 438 3167 ’
485 3156 813 3221 vehementi,
851 3174 872 3207 ι
907 3155 962 3209 id
989 3162 1070 3209 est
1110 3168 1208 3223 per
1251 3152 1512 3223 Spiritum
1541 3160 1787 3207 sanctum
1822 3169 1839 3200 ‹
1874 3159 2058 3205 conte-

486 3264 575 3303 res
608 3267 626 3299 ι
656 3263 690 3301 o
718 3247 862 3302 Deus
889 3266 907 3298 ‹
938 3261 1104 3300 naves
1141 3245 1386 3309 Tharsis,
1417 3264 1434 3296 ι
1470 3245 1523 3298 id
1552 3252 1657 3309 εει,
1689 3242 2057 3314 exploratores
2085 3211 2130 3274 Ο

487 3337 666 3407 gaudii
712 3336 815 3400 sui,
858 3336 1000 3406 quod
1046 3345 1129 3390 est
1179 3343 1386 3389 tantum
1435 3335 1491 3388 in
1539 3335 1787 3389 terrenis.
1836 3333 2058 3389 Tharsis

490 3427 632 3481 enim
659 3426 835 3496 gaudii
867 3425 1166 3494 exploratio
1210 3425 1622 3494 interpretatur,
1653 3430 1874 3492 propter
1923 3422 2059 3477 divi-

487 3519 593 3573 tias
618 3533 752 3587 quas
775 3518 971 3586 ubique
995 3526 1263 3571 terrarum
1298 3515 1674 3584 exquirebant.
1708 3513 1952 3578 Tharsis,
1976 3527 2059 3568 se-

489 3613 727 3668 cundum
753 3612 1158 3682 Hieronymum,
1186 3621 1273 3667 est
1300 3611 1488 3666 eadem
1513 3626 1630 3681 quas
1658 3619 1742 3666 est
1769 3610 2063 3681 Carthago,

491 3702 666 3757 Naves
687 3702 816 3757 dicit
849 3717 879 3755 a
909 3701 1274 3768 similitudine.
1313 3700 1465 3755 Sicut
1491 3701 1634 3754 enim
1680 3715 1847 3755 naves
1878 3702 1979 3756 hac
2007 3708 2063 3755 et

490 3792 613 3847 illac
667 3793 1072 3862 tempestatibus
1118 3791 1615 3856 circumferuntur,
1657 3791 1736 3846 sic
1792 3800 2062 3848 amatores

490 3882 672 3936 mundi
696 3882 922 3936 diversis
947 3881 1308 3936 anxietatibus
1336 3887 1644 3949 raptantur,
1679 3895 1842 3949 quam
1874 3879 2064 3934 volun-

491 3981 654 4028 tatem
677 3973 903 4028 destruit
917 3973 972 4026 in
991 3972 1071 4026 eis
1094 3971 1329 4041 Spiritus
1349 3971 1746 4040 sanetus,quasi
1769 3971 2061 4036 violentus,

493 4072 674 4118 tamen
707 4063 866 4118 nullis
888 4077 1074 4116 eorum
1115 4062 1542 4132 praecedentibus
1569 4061 1801 4114 meritis.
1853 4060 2065 4116 Habent

493 4155 661 4224 aliqui
706 4153 870 4209 libri:
919 4167 1084 4208 naves
1130 4153 1347 4218 Tharsi,
1389 4161 1444 4207 et
1480 4151 1701 4207 Tharsis
1748 4160 1833 4207 est
1873 4152 2063 4208 civitas

498 4245 718 4308 Ciliciae,
742 4247 882 4301 unde
907 4243 1008 4299 fuit
1027 4244 1242 4308 Paulus,
1269 4242 1418 4312 cujus
1446 4260 1608 4299 naves
1625 4243 1785 4316 fregit
1803 4245 2062 4312 Herodes,

503 4337 630 4407 quia
656 4351 751 4405 per
779 4350 868 4391 eas
897 4337 1228 4392 transierunt
1253 4335 1404 4406 Magi,
1434 4336 1548 4406 qui,
1574 4336 1794 4391 adorato
1818 4338 2062 4402 Domino,

497 4425 796 4496 fugierunt,
826 4426 890 4480 dc
920 4441 1026 4496 qua
1077 4436 1258 4480 tamen
1290 4426 1512 4481 historia
1543 4427 1645 4482 hoc
1687 4441 1793 4481 non
1845 4427 2062 4498 legitur,

498 4517 592 4574 sed
621 4516 685 4571 de
709 4516 820 4572 sola
849 4517 1126 4587 allegoria.

575 4628 594 4660 ι
625 4607 795 4663 Sicut.
823 4628 840 4661 ι
871 4607 1094 4674 Quando
1122 4608 1337 4678 quidem
1367 4609 1481 4663 hazc
1507 4609 1686 4663 omnia
1709 4607 1848 4664 facta
1865 4616 1989 4662 sunt
2011 4609 2066 4662 in

498 4699 748 4765 ecclesia,
781 4714 910 4769 ergo
953 4697 1170 4767 impleta
1219 4708 1302 4753 est
1346 4699 1626 4769 prophetia
1677 4699 1818 4753 facta
1863 4699 1929 4753 de
1981 4713 2063 4752 ea.

509 4808 527 4841 ‹
566 4790 717 4844 Sicut
758 4788 1056 4843 audivimus
1095 4809 1113 4842 ›
1154 4789 1470 4858 ρι’ίεάὶειιιω
1512 4804 1543 4842 a
1591 4788 1885 4858 prephetis,
1936 4806 1953 4838 ς
1992 4788 2069 4842 sic

503 4884 736 4939 vidimus
763 4901 782 4935 ›
827 4898 948 4938 εεεε
991 4883 1312 4954 completum
1343 4902 1360 4934 ‹
1394 4883 1446 4936 in
1473 4883 1693 4937 civitate
1726 4880 1934 4935 Domini
1963 4880 2072 4934 vir-

507 4983 701 5039 tutum,
733 4993 750 5024 ι
779 4973 831 5029 id
858 4981 960 5038 εει,
990 4973 1080 5043 qui
1103 4974 1410 5029 dominatur
1431 4987 1592 5041 super
1621 4971 1870 5026 caelestes
1903 4971 2072 5024 virtu-

507 5076 606 5131 tes,
635 5074 689 5121 et
717 5067 846 5121 istas
891 5066 1142 5130 virtutes,
1169 5065 1375 5121 scilicet
1419 5063 1690 5133 apostolos
1719 5062 1883 5131 ipsos,
1908 5063 2072 5118 mittit

506 5157 574 5211 ad
598 5157 890 5210 custodiam
913 5172 1021 5211 sua}
1049 5156 1283 5210 civitatis
1311 5173 1325 5207 :
1363 5173 1380 5204 ‹
1410 5154 1463 5207 in
1489 5153 1705 5206 civitate
1732 5172 1750 5204 ι
1778 5153 1898 5209 dico
1928 5171 1944 5203 ι
1978 5153 2070 5209 Dei

506 5246 696 5310 nostri,
741 5265 759 5298 ι
790 5245 843 5300 id
883 5255 984 5311 cst,
1014 5247 1107 5315 qui
1140 5243 1377 5299 secundo
1417 5258 1516 5298 nos
1559 5251 1785 5297 recreat.
1833 5244 1900 5297 Et
1944 5246 2074 5313 quid

507 5336 810 5392 audivimus
852 5345 909 5390 et
941 5335 1221 5390 vidimus?
1287 5333 1402 5389 Hoc
1464 5333 1669 5388 scilicet
1709 5351 1728 5385 ί
1771 5335 1911 5390 Deus
1953 5335 2073 5391 fun-

509 5426 660 5483 davit
697 5441 818 5481 eam
859 5425 914 5479 in
954 5436 1235 5489 aeternum,
1271 5442 1289 5475 ι
1320 5423 1374 5476 id
1395 5431 1502 5489 est,
1533 5423 1762 5479 firmiter
1808 5425 2070 5481 stabilivit

510 5533 631 5574 eam
659 5533 758 5589 per
795 5532 947 5572 suam
991 5516 1522 5587 praedicationem,et
1565 5517 1864 5585 angelicam
1892 5527 2075 5573 custo-

510 5613 677 5678 diam,
707 5612 952 5667 ducendo
983 5625 1104 5664 eam
1135 5611 1190 5664 in
1216 5624 1367 5664 suam
1414 5609 1792 5666 aeternitatem.

583 5723 602 5755 ε
633 5701 998 5772 Suscepimus,
1031 5699 1190 5756 Deus.
1213 5717 1230 5751 ι
1264 5698 1957 5758 Ponitcommendationem
1977 5705 2077 5758 Ec-

512 5793 708 5861 clesite,
737 5807 835 5864 per
859 5791 988 5848 illud
1022 5791 1229 5863 insigne
1256 5791 1452 5850 donum
1484 5792 1603 5849 Filii
1631 5792 1743 5850 Dei.
1770 5794 1898 5853 Dico
1935 5797 2076 5865 quod

2090 4554 2144 4614 D

2154 1975 2466 2045 propitiatio
2493 1983 2583 2028 tua
2622 1973 2800 2043 plena,
2833 1973 2960 2045 quia
2985 1973 3181 2030 inultos
3198 1974 3486 2045 justifieat,
3521 1986 3576 2030 et
3622 1993 3736 2032 om-

2157 2085 2254 2124 nes
2285 2069 2507 2123 Iaudant
2532 2077 2602 2123 te.

2225 2159 2418 2231 Incipit
2441 2161 2509 2215 de
2537 2160 2771 2216 secunda
2799 2169 2976 2230 parte,
3006 2147 3061 2217 et
3088 2162 3214 2231 quia
3234 2160 3448 2232 justitia
3473 2162 3638 2234 plena
3656 2174 3734 2219 est

2156 2250 2398 2315 dextera,
2428 2249 2548 2306 ideo
2599 2268 2618 2302 ι
2653 2250 2864 2305 lauetur
2891 2266 3046 2306 mons
3075 2251 3228 2317 Sion,
3267 2272 3286 2305 ι
3323 2253 3379 2307 id
3404 2263 3510 2316 εει,
3548 2253 3732 2309 ﬁdeles

2157 2340 2350 2408 Judaei,
2379 2342 2470 2412 qui
2499 2344 2706 2413 primos
2732 2344 2913 2399 radios
2952 2345 3174 2400 orienti:
3202 2345 3330 2400 colis
3379 2356 3730 2416 acceperunt,

2163 2451 2182 2485 ι
2218 2443 2272 2488 et
2287 2434 2554 2489 exsultent
2576 2434 2696 2488 ﬁliae
2723 2433 2892 2500 Judze,
2926 2454 2944 2486 ι
2977 2435 3030 2489 id
3052 2444 3156 2498 est,
3187 2435 3426 2489 Gentiles
3447 2452 3479 2488 a
3501 2434 3663 2500 Juda,
3683 2437 3732 2490 id

2157 2532 2241 2578 est
2261 2525 2328 2579 ab
2356 2524 2614 2593 apostolis
2641 2524 2696 2577 in
2726 2523 2829 2578 ﬁde
2852 2533 3139 2595 generatae.
3169 2525 3314 2578 Filiae
3345 2525 3602 2580 dicuntur
3627 2543 3733 2581 non

2158 2620 2272 2685 filii,
2293 2627 2512 2690 propter
2527 2618 2784 2688 majorem
2810 2618 3013 2672 cultum
3038 2625 3092 2672 et
3113 2616 3467 2684 diligentiam,
3498 2633 3618 2686 quze
3646 2618 3733 2672 ad-

2158 2712 2370 2766 hibetur
2396 2710 2476 2764 eis
2506 2728 2517 2762 :
2555 2728 2572 2759 σ
2607 2717 2829 2778 propter
2847 2707 3048 2776 judicia
3077 2716 3188 2773 tua,
3215 2707 3441 2761 Domine
3465 2727 3482 2757 ›
3503 2706 3729 2770 scilicet,

2159 2801 2284 2871 quia
2318 2801 2466 2870 justo
2486 2799 2688 2870 judicio
2717 2812 2956 2852 excaecas
2976 2838 2990 2862 ,
3014 2804 3070 2852 et
3107 2796 3308 2852 Gentes
3347 2797 3617 2863 assumis,
3651 2796 3732 2851 vel

2160 2893 2425 2964 quosdam
2445 2891 2722 2960 reprobas.

2231 3002 2249 3036 ι
2287 2981 2650 3047 Circumdate,
2688 3000 2706 3033 ι
2743 2980 2798 3036 id
2824 2989 2926 3047 εει,
2955 2981 3215 3036 honorate
3249 2997 3268 3030 ‹
3305 2977 3461 3044 Sion,
3500 2999 3520 3031 ι
3558 2979 3609 3032 id
3631 2987 3731 3043 est,

2159 3074 2493 3130 Ecclesium:
2525 3092 2542 3124 ‹
2581 3082 2638 3126 ει
2673 3071 3088 3141 complectimini
3119 3086 3238 3124 eam
3275 3093 3293 3122 ι
3329 3069 3574 3124 brachiis
3607 3071 3733 3123 cha-

2161 3165 2359 3231 ritatis,
2384 3165 2649 3219 servando
2688 3163 2914 3216 virtutes
2948 3169 3003 3216 ει
3025 3177 3225 3227 mores,
3250 3162 3448 3229 quibus
3498 3160 3732 3229 acceptis

2168 3274 2186 3306 ι
2223 3264 2462 3320 narrate,
2498 3272 2516 3305 ›
2546 3253 2599 3307 id
2642 3263 2747 3318 est,
2777 3251 3069 3322 praedicate
3096 3249 3214 3305 aliis
3256 3265 3454 3304 nomen
3498 3251 3732 3311 Domini,

2162 3345 2455 3399 existentes
2481 3361 2499 3394 ι
2530 3343 2585 3397 in
2619 3343 2856 3396 turribus
2883 3341 2998 3412 ejus
3034 3361 3052 3392 ι
3086 3341 3340 3406 civitatis,
3373 3341 3428 3394 id
3460 3351 3565 3405 est,
3599 3341 3733 3410 Apo—

2161 3435 2424 3492 stolorum
2447 3433 2773 3499 imitatione,
2791 3432 3015 3497 scilicet,
3044 3431 3257 3501 quodin
3285 3429 3432 3484 nullo
3463 3430 3733 3485 discordet

2162 3536 2339 3582 vestra
2367 3525 2680 3595 praedicatio
2705 3539 2736 3578 a
2758 3524 3002 3579 doctrina
3023 3520 3428 3592 Apostolorum.

2233 3616 2425 3673 Ponite
2477 3616 2658 3682 corda,
2688 3631 2796 3670 non
2846 3623 3053 3668 tantum
3097 3612 3403 3683 praedicate,
3449 3612 3547 3666 sed
3575 3612 3732 3665 etiam

2169 3730 2187 3763 ι
2219 3709 2405 3779 ponite
2429 3709 2592 3764 corda
2619 3715 2797 3762 vestra
2828 3707 2884 3760 in
2909 3706 3109 3760 virtute
3133 3701 3270 3772 ejus,
3301 3723 3318 3753 ι
3355 3701 3408 3758 id
3431 3712 3537 3767 est,
3577 3703 3734 3756 firmi-

2165 3805 2264 3860 tati
2289 3820 2475 3860 eorum
2501 3819 2595 3858 vos
2645 3802 3000 3867 conformate,
3031 3819 3049 3851 ‹
3105 3809 3160 3854 ει
3190 3800 3497 3858 distribuite
3541 3800 3736 3852 domus

2164 3895 2330 3964 ejus,»
2352 3895 2407 3949 id
2435 3903 2538 3958 est,
2564 3895 2619 3948 in
2647 3909 2712 3947 ea
2739 3893 2957 3948 statuite
2987 3890 3230 3946 diversos
3258 3891 3470 3961 gradus,
3499 3889 3728 3956 scilicet,

2165 3988 2681 4049 archidiaconatum,
2714 3984 3127 4055 presbyterium,
3171 3991 3226 4036 et
3265 3996 3452 4036 omnes
3483 3979 3735 4050 conjuga—

2165 4086 2271 4133 tos.
2315 4075 2410 4131 Vel
2442 4093 2460 4126 ‹
2497 4074 2801 4129 distribuite
2831 4074 3022 4128 domus
3051 4073 3189 4143 ejus,
3219 4091 3236 4124 ι
3272 4071 3506 4136 scilicet,
3532 4071 3736 4126 unicui-

2166 4183 2272 4238 que
2297 4166 2516 4236 prtelato
2539 4165 2713 4222 dando
2736 4180 2887 4219 suam
2914 4165 3247 4235 parochiam,
3269 4172 3325 4218 et
3352 4164 3458 4217 hoc
3472 4163 3593 4218 ideo
3622 4183 3641 4216 ‹
3681 4173 3736 4218 ιιι

2167 4257 2432 4313 enarretis
2463 4257 2519 4311 in
2548 4255 2803 4327 progenie
2832 4254 3020 4320 altera,
3051 4273 3069 4306 ›
3107 4255 3160 4310 id
3180 4263 3284 4321 est,
3305 4262 3364 4308 ut
3389 4255 3457 4309 de
3487 4255 3736 4325 progenie

2168 4349 2223 4404 in
2251 4347 2562 4418 progeniem
2608 4345 2998 4411 descendendo,
3026 4345 3236 4400 faciatis
3261 4361 3379 4400 eam
3419 4361 3736 4416 permanere

2169 4439 2223 4494 in
2253 4437 2415 4492 finem
2436 4437 2638 4492 saaculi.
3504 4480 3514 4490 .
3730 4484 3736 4492 .

2245 4549 2263 4582 α
2288 4529 2572 4598 Quoniam.
2599 4549 2617 4582 ›
2645 4529 2760 4584 Hoc
2783 4529 2989 4585 scilicet
3015 4530 3299 4592 enarretis,
3325 4548 3342 4580 (
3371 4531 3632 4599 quoniam
3656 4531 3738 4587 hic

2168 4636 2254 4684 est
2282 4628 2424 4683 Deus
2455 4646 2474 4679 ι
2502 4627 2593 4696 qui
2617 4626 2730 4681 haec
2769 4625 2898 4681 facit
2940 4625 3212 4690 Ecclesiae,
3253 4638 3372 4694 quae
3422 4622 3567 4700 dicta
3598 4631 3737 4685 sunt,

2171 4730 2227 4776 et
2270 4721 2382 4791 ipse
2429 4728 2514 4775 est
2565 4738 2585 4771 ι
2623 4719 2766 4774 Deus
2809 4727 2995 4774 noster
3027 4739 3073 4785 ι,
3104 4718 3246 4773 Deus
3295 4718 3416 4772 dico
3439 4716 3738 4790 duraturus

2179 4833 2197 4866 ‹
2229 4813 2284 4868 in
2329 4821 2614 4877 aeternum,
2647 4831 2666 4864 ι
2701 4811 2754 4866 id
2782 4819 2884 4876 est,
2916 4825 3086 4878 usque
3120 4810 3174 4863 in
3214 4809 3377 4864 ﬁnem
3408 4809 3595 4862 mundi
3638 4826 3658 4859 ι
3690 4815 3739 4861 et

2173 4907 2228 4962 in
2241 4905 2496 4961 saeculum
2513 4904 2712 4970 saeculi,
2732 4905 2783 4959 id
2805 4912 2905 4972 est,
2930 4904 3329 4959 consecutivum
3356 4901 3518 4970 hujus
3533 4900 3736 4960 saeculi,

2174 5007 2229 5054 et
2258 5016 2275 5048 ι
2319 4999 2434 5067 ipse
2468 5017 2486 5049 ι
2520 4997 2642 5052 talis
2671 5015 2689 5048 ‹
2725 5007 2878 5066 reget
2925 5011 3023 5051 nos
3052 5014 3070 5046 ι
3121 4993 3362 5048 ducendo
3389 4992 3444 5045 in
3481 5011 3499 5041 ε
3535 5000 3735 5045 aeterna

2171 5089 2387 5149 saecula.
2427 5107 2445 5140 ι

2601 5197 2666 5253 ΙΝ
2705 5197 3034 5254 PSALMUM
3074 5198 3297 5253 XLVIII.

2273 5314 2531 5370 TITULUS.
2566 5312 2630 5367 In
2653 5313 2809 5382 ﬁnem
2837 5311 2961 5381 ﬁliis
2985 5311 3153 5366 Chore
3172 5311 3404 5383 psalmus
3431 5311 3624 5366 David.

2251 5451 2269 5484 ι
2312 5431 2505 5486 Audite
2530 5431 2644 5485 haec
2691 5443 2879 5484 omnes
2903 5436 3109 5500 gentes.
3149 5448 3166 5480 ι
3212 5428 3317 5482 Iste
3345 5427 3585 5498 psalmus
3614 5443 3743 5482 con—

2175 5524 2323 5578 venit
2353 5519 2520 5575 David
2548 5520 2842 5590 prophetae,
2894 5519 2984 5588 qui
3011 5519 3100 5574 hic
3129 5519 3388 5588 loquitur,
3436 5520 3744 5588 propositus

2175 5613 2302 5668 ﬁliis
2321 5613 2497 5668 Chorc
2511 5612 2578 5665 ad
2603 5611 3021 5681 intelligendum.
3053 5610 3273 5664 Materia
3297 5611 3441 5664 enim
3473 5608 3740 5672 Christus,

2181 5703 2486 5772 redemptor
2538 5715 2642 5756 non
2685 5701 2946 5756 malorum
2973 5700 3063 5755 sed
3086 5698 3378 5768 justorum.
3426 5698 3613 5754 Modus
3647 5719 3658 5752 :
3687 5699 3742 5752 In

2182 5796 2354 5866 primo
2398 5793 2548 5864 ponit
2595 5793 2891 5864 prologum,
2973 5792 3039 5848 ad
3086 5791 3610 5848 commendationem
3666 5791 3741 5846 rei
