3940 6502
174 422 269 478 561

1343 417 1778 476 EXPLANATIO
1819 415 1884 470 IN
1923 415 2046 470 PSA
2056 415 2260 471 LMOS.

3309 421 3413 476 569

173 548 334 604 quam
367 533 607 587 dicturus
632 541 733 586 est.
787 531 842 585 ln
867 531 1100 586 secundo
1153 529 1303 600 ponit
1330 530 1602 584 Christum
1641 529 1743 584 Be-
1767 535 1816 591 Α
1845 519 1952 580 non
1981 524 2083 579 fuit
2113 526 2436 581 conveniens
2465 537 2522 581 ut
2556 527 2734 582 divina
2766 526 3041 599 Scriptura
3065 540 3274 600 pateret
3295 549 3413 589 om-

173 623 507 691 demptorem
553 634 656 674 non
688 618 948 672 malorum
993 629 1048 672 ct
1075 617 1254 672 szeculi
1292 625 1612 679 amatorum,
1649 617 1743 670 sed

169 711 460 784 iustorum,
503 719 558 765 et
595 710 649 764 in
694 711 879 764 cadent
924 718 1079 778 parte
1129 708 1527 777 reprehendens
1562 705 1742 762 stulti-

175 801 305 856 tiam
333 813 543 864 eorum,
590 806 744 852 notat
771 798 1060 863 vanitates,
1102 796 1296 866 quibus
1337 804 1607 850 amatores
1646 810 1746 849 sae-

173 889 282 946 culi
311 889 466 944 istius
494 896 620 942 sunt
652 887 863 942 intenti.
923 888 979 941 ln
1013 887 1166 942 tertia
1199 895 1355 956 parte
1400 896 1582 941 monet
1609 901 1742 955 pau-

172 997 329 1054 peres
352 981 550 1051 justos,
581 995 647 1034 ne
677 990 866 1035 curent
889 981 1022 1034 istos
1051 980 1263 1044 divites,
1311 979 1439 1049 quia
1471 979 1580 1035 cito
1624 993 1745 1049 per-

174 1073 328 1128 ibunt
372 1086 559 1127 eorum
587 1071 806 1125 divitiae.
841 1070 1069 1124 Intentio
1107 1078 1208 1136 est,
1255 1069 1485 1124 invitare
1509 1071 1577 1126 ad
1611 1084 1742 1125 con—

173 1169 430 1230 temptum
468 1161 672 1214 mundi.

243 1251 376 1318 Quia
403 1268 531 1308 vero
554 1269 665 1307 rem
699 1253 1069 1308 inconsuetam
1097 1253 1340 1308 dicturus
1370 1260 1510 1319 erat,
1557 1267 1745 1308 omnes

172 1344 361 1397 invitat
390 1345 457 1397 ad
483 1344 824 1408 audiendum,
853 1344 1034 1398 dicens
1069 1362 1083 1398 :
1121 1363 1138 1394 ι
1165 1344 1360 1398 Audite
1391 1344 1529 1410 haec,
1557 1359 1745 1399 omnes

177 1455 196 1486 ε
231 1443 445 1506 gentes:
483 1456 500 1487 ι
527 1444 582 1490 et
605 1436 693 1491 hic
713 1436 894 1490 statim
910 1443 1091 1504 captat
1119 1436 1494 1503 attentionem,
1526 1444 1580 1491 et
1609 1436 1746 1490 bene

172 1533 356 1578 monet
401 1524 468 1578 ad
499 1525 848 1588 audiendum,
891 1525 1016 1594 quia
1062 1537 1176 1579 rem
1205 1539 1455 1596 magnam
1504 1525 1746 1579 dicturus

171 1621 307 1666 erat.
352 1611 495 1668 Bene
529 1628 718 1667 onmes
750 1613 963 1678 invitat,
1009 1614 1136 1683 quia
1168 1615 1440 1679 omnibus,
1489 1615 1532 1668 si
1566 1622 1744 1668 atten-

171 1703 319 1768 dant,
356 1703 597 1773 proderit
623 1704 762 1772 quod
785 1704 1026 1759 dicturus
1055 1713 1159 1771 est,
1200 1721 1389 1762 omnes
1420 1715 1577 1761 vocat
1611 1722 1744 1777 gen-

170 1793 311 1858 tiles,
360 1802 546 1848 etnon
579 1801 784 1848 tantum
815 1794 996 1849 audite
1037 1810 1136 1864 per
1173 1796 1501 1852 exteriorem
1538 1810 1744 1860 aurem,

1844 615 2026 680 nibus,
2058 630 2125 669 ne
2145 630 2175 668 a
2206 616 2449 672 veritatis
2471 617 2677 673 aemulis
2701 619 3127 687 conculcaretur,
3155 633 3210 678 et
3241 643 3259 676 ι
3285 640 3412 695 ape-

1845 706 1982 760 riam
2019 707 2436 776 propositionem
2494 723 2694 774 meam,
2742 727 2762 761 ›
2811 709 2864 764 id
2913 720 3025 777 est,
3070 727 3231 781 quem
3287 725 3449 773 ante]

1842 795 2023 849 omnia
2073 809 2314 866 propono
2359 797 2492 851 mihi
2544 812 2663 852 esse
2719 800 3072 868 sequendum,
3116 803 3201 857 vel
3250 820 3411 874 quem

1841 900 2083 956 propono
2109 900 2228 942 esse
2256 888 2704 945 manifestandum
2732 891 2784 944 in
2810 892 2913 947 hoe
2937 893 3145 961 psalmo
3178 914 3189 948 :
3224 906 3278 951 et
3307 897 3411 954 hoc

1846 974 2038 1029 faciam
2081 995 2100 1027 ‹
2135 977 2190 1030 ἰη
2223 975 2480 1045 psalterio
2511 995 2528 1027 ι
2564 993 2670 1032 non
2703 979 2874 1033 solum
2902 982 3090 1047 verbo,
3119 984 3211 1038 sed
3237 986 3406 1041 etiam

1843 1064 2089 1134 exemplo
2149 1065 2309 1130 bono,
2372 1073 2433 1120 ut
2471 1067 2614 1136 quod
2664 1068 2884 1123 doceam
2933 1086 3049 1137 ore,
3113 1077 3409 1146 compleam

1844 1167 2024 1224 opere.

1831 1285 1836 1288 .
1915 1245 2016 1300 Hic
2053 1246 2241 1317 incipit
2266 1250 2498 1304 secunda
2523 1265 2650 1319 pars
2679 1258 2841 1320 atque
2864 1257 3122 1320 narratio,
3163 1268 3218 1314 et
3240 1259 3416 1330 loqui-

1844 1343 1934 1390 tur
1959 1335 2226 1406 Propheta
2258 1339 2312 1394 in
2335 1355 2564 1410 persona
2600 1341 2883 1408 malorum,
2926 1345 3110 1402 dicens
3139 1366 3152 1401 :
3189 1349 3416 1408 Timebo

1845 1423 2062 1491 quidem
2091 1441 2111 1474 ι
2148 1426 2200 1478 in
2226 1425 2314 1481 die
2339 1428 2502 1493 malo,
2538 1447 2556 1480 ι
2599 1429 2651 1483 id
2679 1439 2781 1495 est,
2817 1431 2867 1484 in
2893 1431 3136 1501 judicio:
3182 1446 3235 1490 et
3262 1458 3278 1489 ι
3318 1456 3416 1494 cur

1848 1516 2088 1571 timebo?
2133 1536 2151 1568 ›
2181 1518 2334 1573 Dicet
2374 1520 2567 1589 aliquis
2602 1535 2616 1573 :
2653 1520 2876 1576 Furtum
2908 1523 3032 1591 feci,
3063 1527 3148 1582 vel
3189 1530 3417 1584 homici-

1847 1607 2017 1670 dium,
2059 1623 2163 1663 non
2193 1609 2378 1677 utique
2418 1619 2704 1680 propterea
2735 1613 2953 1679 timebo,
3002 1617 3096 1671 sed
3119 1617 3261 1684 ideo,
3290 1620 3415 1688 quia

1853 1717 1872 1749 ‹
1919 1699 2173 1768 iniquitas
2215 1700 2454 1755 ealcanei
2504 1702 2628 1768 mei,
2667 1721 2684 1754 ι
2722 1702 2898 1759 ﬁnalis
2950 1705 3228 1775 iniquitas,
3257 1727 3275 1760 (
3313 1710 3417 1764 cir-

1849 1789 2123 1843 cumdabit
2152 1804 2256 1854 me,
2288 1809 2307 1842 ›
2337 1790 2391 1845 id
2417 1799 2518 1856 est,
2552 1806 2620 1845 ex
2665 1794 2809 1847 omni
2851 1803 3004 1862 parte
3046 1797 3290 1852 ostendet
3331 1815 3417 1854 me

169 1886 266 1940 sed
314 1886 478 1941 etiam
526 1904 545 1937 ι
597 1886 816 1942 auribus
865 1907 882 1938 ι
937 1887 1287 1944 interioribus
1337 1906 1355 1938 ι
1402 1887 1684 1958 percipite,
1720 1907 1738 1940 ι
1771 1869 1966 1937 Besse
1990 1883 2366 1939 damnabilem.
2430 1883 2584 1940 Nulla
2611 1886 2866 1955 iniquitas
2890 1889 3127 1955 damnat,
3153 1905 3272 1959 qua:
3294 1901 3418 1947 ante

168 1979 223 2033 id
257 1987 360 2044 est,
414 1979 696 2050 diligenter
744 1979 1047 2051 intelligite,
1115 1988 1170 2035 et
1217 1997 1312 2037 vos
1362 1999 1380 2032 ι
1435 1997 1623 2038 omnes
1652 1983 1744 2052 qui

175 2086 195 2119 ι
233 2069 489 2132 habitatis
510 2070 716 2134 orbem,
750 2087 768 2120 ι
817 2069 868 2124 id
888 2077 991 2135 est,
1033 2068 1222 2137 Judaei,
1269 2071 1361 2140 qui
1392 2081 1590 2126 terram
1620 2087 1746 2140 pro-

169 2158 445 2213 missionis
493 2159 761 2223 habitatis,
827 2159 1009 2215 audite
1063 2160 1200 2228 hzec,
1253 2160 1579 2231 auribusque
1625 2176 1747 2232 per-

167 2249 355 2318 cipite.

239 2340 308 2394 Et
334 2339 456 2409 quia
504 2339 701 2409 aliquis
734 2347 914 2410 posset
945 2339 1124 2395 dicere
1150 2358 1161 2393 :
1214 2340 1322 2396 lllis
1350 2341 1441 2411 qui
1471 2351 1596 2396 sunt
1623 2357 1748 2412 pro-

165 2433 472 2488 fundissimi
518 2433 709 2503 iniqui,
766 2449 874 2487 non
916 2432 1135 2502 prodest
1165 2433 1373 2499 audire,
1416 2433 1593 2488 dicit:
1651 2448 1747 2488 vos

163 2523 332 2579 etiam
379 2539 400 2574 ‹
457 2523 656 2594 quique
685 2524 989 2594 terrigenae,
1041 2543 1060 2576 ι
1094 2524 1148 2579 id
1173 2533 1275 2590 est,
1310 2539 1498 2580 omnes
1521 2526 1746 2596 quicun-

163 2636 276 2692 que
307 2620 524 2685 terreni,
577 2621 731 2690 quasi
774 2619 868 2674 ﬁlii
896 2629 1081 2683 terrae,
1128 2620 1311 2676 audite
1360 2621 1475 2676 haec
1506 2635 1521 2674 :
1547 2621 1674 2690 quia
1700 2621 1747 2677 si

165 2710 336 2765 vultis
358 2710 655 2775 attendere,
682 2709 924 2780 proderit
943 2709 1118 2774 vobis,
1146 2717 1200 2764 et
1225 2710 1350 2779 quia
1378 2719 1601 2779 possent
1621 2710 1748 2765 boni

164 2801 372 2867 dicere;
413 2801 540 2856 mali
581 2801 796 2871 quidem
825 2801 1049 2855 audiant
1070 2801 1264 2870 quibus
1296 2815 1433 2871 Opus
1461 2809 1563 2868 est,
1595 2801 1750 2858 nobis

165 2899 355 2946 autem
394 2889 507 2958 jam
536 2905 670 2960 opus
700 2905 806 2944 non
836 2898 936 2956 est,
979 2890 1103 2959 quia
1142 2890 1269 2945 boni
1321 2907 1527 2957 sumus,
1566 2899 1750 2946 monet

164 2981 336 3036 etiam
366 2995 460 3036 eos
509 2989 566 3036 ut
594 2981 837 3045 audiant,
881 2981 1009 3050 quia
1059 2981 1238 3037 nullus
1279 2991 1364 3037 est
1403 2991 1512 3036 tam
1552 2983 1742 3046 bonus,

163 3070 265 3141 qui
315 3086 424 3126 non
449 3070 618 3141 possit
650 3070 943 3135 meliorari,
991 3071 1177 3126 dicens
1215 3089 1228 3125 :
1292 3089 1310 3122 ι
1355 3079 1412 3126 et
1442 3072 1538 3131 [itii
1575 3074 1750 3128 homi-

171 3184 192 3216 ‹
234 3178 388 3229 num,
416 3181 436 3215 ι
482 3163 537 3217 id
561 3170 662 3229 est,
693 3162 1092 3218 rationabilium
1121 3163 1398 3218 hominum
1427 3164 1744 3230 imitatores,

165 3254 358 3309 audite
399 3253 532 3310 hzec.
595 3254 664 3308 Et
707 3255 835 3324 quid
875 3253 1116 3324 singulos
1159 3255 1472 3324 exsequar?
1511 3255 1750 3312 Audiant

172 3345 298 3399 haec
335 3361 354 3396 ‹
409 3344 560 3400 dives
606 3352 663 3400 et
705 3359 912 3414 pauper
952 3363 971 3396 ›
1025 3344 1302 3400 tendentes
1346 3363 1365 3396 ‹
1414 3345 1467 3399 in
1503 3361 1687 3412 unum,
1727 3367 1745 3398 ι

172 3433 234 3486 id
262 3440 368 3497 est,
411 3433 465 3488 in
504 3433 750 3488 eamdem
778 3432 1108 3487 voluntatem
1135 3433 1405 3487 audiendi.
1451 3433 1586 3489 Istas
1620 3435 1754 3490 duas

173 3522 519 3577 conditiones
568 3522 750 3576 divitis
789 3530 846 3577 et
883 3521 1136 3590 pauperis
1179 3521 1358 3590 potius
1395 3522 1574 3594 elegit,
1598 3525 1754 3594 ~quia

168 3611 478 3667 secundum
521 3626 615 3665 eas
666 3619 789 3679 aget
835 3611 890 3664 in
924 3610 1148 3679 psalmo.

264 3717 283 3748 ι
305 3697 378 3754 Os
402 3714 600 3755 meum.
621 3718 640 3751 ι
659 3698 759 3755 Hie
780 3698 911 3754 facit
932 3699 1152 3766 dociles,
1167 3703 1514 3770 proponendo
1533 3717 1652 3773 qua:
1673 3704 1755 3760 di-

178 3799 378 3848 cturus
407 3800 508 3848 est.
541 3791 884 3848 Continuatio
911 3809 924 3846 :
950 3793 1073 3848 Ideo
1100 3793 1309 3849 debetis
1337 3795 1542 3862 audire,
1581 3816 1597 3848 α
1632 3797 1754 3866 quia

183 3901 206 3934 ε
251 3897 315 3937 os
344 3897 524 3938 meum
550 3882 801 3952 loquetur
826 3883 1144 3952 sapientiam
1169 3891 1224 3939 et
1245 3884 1610 3954 prudentiam,
1647 3905 1666 3938 ι
1700 3895 1756 3941 et

175 3973 274 4028 hic
302 3987 494 4042 magna
517 3973 784 4043 proponit,
823 3973 949 4042 quia
987 3972 1122 4027 nihil
1160 3972 1305 4028 aliud
1335 3975 1755 4030 tractatdivini-

171 4073 287 4128 tas,
333 4078 492 4132 quam
523 4063 839 4133 sapientiam
890 4072 944 4118 et
978 4063 1340 4132 prudentiam.
1378 4062 1648 4134 Sapientia
1675 4074 1759 4120 est

171 4152 420 4222 cognitio
445 4151 769 4217 divinorum,
801 4152 1086 4222 prudentia
1114 4161 1197 4209 est
1216 4153 1500 4209 instructio
1523 4169 1754 4221 morum,

171 4251 238 4295 et
265 4241 529 4310 Propheta
550 4241 639 4297 hic
666 4243 954 4298 annuntiat
974 4243 1308 4313 sapientiam,
1353 4244 1447 4300 ubi
1481 4245 1756 4300 Christum

174 4329 381 4384 Filium
403 4330 500 4385 Dei
521 4330 934 4400 Redemptorem
954 4332 1256 4386 annuntiat.
1287 4332 1463 4388 Mores
1479 4333 1753 4397 informat,

173 4436 313 4477 cum
353 4422 509 4475 docet
553 4421 669 4476 haec
698 4421 966 4475 mundana
1015 4437 1120 4476 non
1151 4436 1273 4476 esse
1313 4423 1660 4488 attendenda,
1702 4432 1759 4478 et

174 4509 413 4566 divitum
443 4509 657 4563 divitias
691 4507 1054 4578 negligendas,
1086 4517 1141 4563 et
1181 4524 1249 4564 ne
1277 4509 1483 4565 diceret
1518 4511 1714 4580 aliquis
1741 4530 1752 4565 :

161 4599 312 4676 Haec
349 4607 441 4654 tua
469 4614 575 4653 non
613 4607 737 4653 sunt
764 4598 1051 4663 audienda,
1100 4599 1226 4668 quia
1263 4599 1381 4654 sine
1410 4600 1759 4657 meditatione

172 4691 466 4763 proponis,
516 4690 751 4746 ostendit
779 4705 838 4746 se
863 4706 931 4745 ex
955 4688 1380 4746 consideratione
1425 4691 1591 4760 loqui,
1636 4708 1758 4747 cum

176 4781 319 4837 dicit
353 4799 371 4832 ‹
402 4789 456 4836 et
477 4779 754 4835 meditatio
778 4780 956 4835 cordis
979 4780 1105 4845 mei,
1135 4799 1154 4831 ι
1204 4781 1258 4835 id
1283 4788 1385 4847 est,
1428 4781 1542 4837 sive
1572 4781 1761 4852 loquar

176 4872 507 4940 sapientiam
537 4870 652 4926 sive
690 4870 1055 4940 prudentiam,
1096 4869 1334 4926 studiosa
1369 4871 1566 4928 mentis
1586 4872 1759 4944 appli-

174 4962 399 5018 catione
427 4961 542 5014 hare
569 4959 730 5014 facio.

260 5069 281 5102 ‹
325 5049 616 5116 lnclinabo,
665 5067 683 5099 ι
718 5047 943 5115 scilicet,
974 5058 1176 5104 etcum
1204 5049 1392 5120 loquar
1420 5065 1486 5106 ex
1531 5051 1756 5107 medita-

175 5143 354 5206 tione,
405 5156 512 5196 non
541 5141 645 5195 erit
691 5153 755 5194 ex
790 5154 898 5204 me,
937 5139 1031 5195 sed
1079 5139 1250 5195 habeo
1287 5140 1603 5210 magistrum
1643 5140 1760 5211 Spi-

179 5234 352 5288 ritum
382 5238 650 5295 sanctum,
702 5231 769 5286 de
798 5246 906 5300 quo
931 5231 1062 5285 dicit
1108 5250 1126 5281 ‹
1183 5246 1364 5285 aurem
1397 5247 1592 5296 meam,
1634 5252 1652 5284 ι
1707 5231 1760 5286 id

179 5333 292 5386 est,
342 5322 675 5377 intellectum
724 5321 903 5376 cordis
934 5321 1037 5376 mei
1084 5320 1372 5386 inclinabo,
1417 5321 1471 5374 id
1508 5331 1623 5387 est,
1661 5323 1762 5377 hu-

180 5413 432 5478 miliabo,
457 5419 517 5466 ut
544 5427 666 5465 cum
697 5411 998 5464 humilitate
1021 5410 1235 5465 audiam
1265 5410 1479 5464 cuidam
1504 5412 1762 5482 magistro

181 5517 332 5567 meo,
389 5501 595 5557 scilicet
643 5501 866 5572 Spiritui
914 5509 1119 5567 sancto,
1170 5503 1408 5572 loquenti
1453 5505 1585 5559 mihi
1636 5525 1654 5556 ι
1707 5507 1762 5560 in

182 5592 521 5661 parabolam,
575 5611 595 5645 ι
629 5600 684 5646 et
735 5592 876 5646 sicut
908 5592 1178 5662 Propheta
1204 5592 1256 5646 in
1286 5593 1543 5662 parabola
1585 5595 1759 5661 audit,

185 5685 271 5740 sic
309 5685 362 5740 iu
389 5684 642 5756 parabola
671 5684 882 5752 loquar.
933 5682 1193 5738 Parabola
1223 5691 1326 5749 est,
1381 5683 1472 5738 ubi
1501 5683 1645 5738 aliud
1681 5684 1762 5740 di-

183 5777 350 5840 citur,
385 5787 438 5830 et
479 5775 619 5830 aliud
664 5775 998 5843 intelligitur,
1054 5775 1175 5828 ideo
1211 5773 1290 5829 sic
1323 5773 1580 5845 loquitur,
1632 5777 1759 5844 quia

602 5867 870 5925 PnnOL.
907 5864 1122 5926 CXV].

1784 4559 1836 4619 D

1847 1976 2009 2029 tinem
2030 1974 2320 2030 dimittitur
2355 1983 2407 2030 et
2427 1986 2710 2047 purgatur,
2737 1982 3030 2035 secundum
3056 1981 3159 2036 hoc
3182 1982 3420 2053 loquitur

1847 2065 1987 2134 quod
2014 2065 2269 2120 Dominus
2294 2067 2424 2121 dicit
2450 2067 2659 2124 mulieri
2688 2084 2783 2138 per
2804 2080 3108 2140 serpentem
3138 2074 3373 2144 decepta:
3402 2094 3417 2129 :

1853 2175 1871 2207 ι
1894 2155 2123 2226 Serpens
2143 2156 2482 2212 insidiabitur
2507 2158 2759 2215 ealcaneo
2781 2160 3042 2227 mulieris,
3062 2172 3116 2217 et
3137 2165 3421 2220 conculca-

1847 2245 1927 2299 bit
1944 2245 2137 2302 mulier
2158 2255 2316 2317 caput
2340 2248 2605 2316 serpentis
2626 2247 2775 2319 (Gen.
2799 2249 2904 2321 ιιι),
2930 2270 2947 2300 ι
2976 2251 3026 2304 id
3047 2259 3150 2317 est,
3175 2252 3420 2308 diabolus

1848 2334 2191 2390 insidiabitur
2214 2336 2304 2390 lini
2348 2337 2582 2391 hominis
2618 2345 2675 2392 ut
2713 2337 2767 2391 in
2809 2339 2916 2394 ﬁne
2949 2340 3213 2410 decipiat,
3267 2341 3422 2410 cujus

1849 2415 2043 2479 diaboli
2074 2433 2268 2494 caput,
2313 2426 2364 2480 id
2398 2434 2502 2491 est,
2543 2427 2798 2493 insidias,
2827 2427 2988 2482 homo
3039 2429 3338 2496 conculcat,
3376 2431 3424 2487 si

1847 2526 2003 2572 cavet
2055 2533 2086 2571 a
2131 2518 2294 2572 vitiis.

1919 2610 2205 2680 Proposuit
2225 2611 2580 2680 iniquitatem,
2603 2622 2657 2668 et
2678 2612 2822 2666 illam
2850 2628 2946 2683 per
2971 2622 3154 2683 partes
3174 2614 3450 2685 exsequi-

1847 2704 1953 2761 tur,
2007 2699 2298 2754 ostendens
2331 2713 2522 2754 omnes
2557 2699 2869 2769 iniquitates
2897 2715 3016 2755 esse
3045 2701 3294 2767 hominis,
3338 2703 3424 2756 vel

1848 2789 2167 2855 exteriores,
2208 2789 2292 2844 vel
2327 2790 2630 2846 interiores.
2681 2789 2739 2845 Si
2772 2791 2917 2845 enim
2966 2791 3127 2846 homo
3157 2790 3283 2846 facit
3328 2794 3426 2846 ho-

1849 2879 2150 2943 micidium,
2198 2879 2280 2934 vel
2311 2888 2368 2932 ut
2391 2879 2632 2936 obtineat
2655 2879 2820 2945 bona,
2850 2880 2933 2935 vel
2955 2888 3012 2934 ut
3041 2883 3290 2936 ostendat
3313 2880 3423 2936 for-

1851 2972 2132 3028 titudinem
2159 2987 2332 3027 suam.
2388 2970 2550 3038 Quasi
2576 2972 2769 3042 aliquis
2793 2972 3030 3026 diceret:
3063 2972 3142 3026 'l‘u
3167 2973 3301 3027 dicis
3329 2989 3427 3028 nos

1850 3062 2058 3128 timere,
2101 3061 2193 3117 sed
2229 3075 2396 3130 quare
2438 3061 2783 3117 timeremus?
2817 3077 2939 3117 eum
2977 3062 3192 3116 vitalem
3234 3077 3428 3132 propo-

1848 3167 1948 3207 nas
1976 3152 2390 3220 Redemptorem
2413 3151 2543 3206 nulli
2574 3151 2870 3207 timendum
2890 3166 3009 3207 esse
3036 3167 3262 3221 quorum
3292 3168 3429 3222 prae-

1775 3222 1822 3284 C
1856 3241 2216 3310 sumptionem
2247 3240 2447 3314 frangit
2485 3242 2774 3312 Propheta,
2824 3242 2904 3297 sic
2928 3241 3149 3297 dicens:
3208 3243 3346 3297 Vere
3381 3245 3427 3298 si

1855 3330 2111 3399 iniquitas
2153 3330 2396 3386 ealcanei
2447 3330 2750 3386 circumdat
2813 3331 3108 3386 timendum
3151 3339 3255 3396 est,
3297 3333 3426 3401 quia

1859 3437 1878 3469 ι
1924 3418 2114 3486 frater,
2145 3439 2166 3473 ι
2199 3421 2250 3475 id
2269 3428 2368 3484 est,
2398 3419 2666 3486 Christus,
2691 3429 2928 3476 nostram
2953 3422 3156 3477 habens
3179 3431 3428 3477 naturam

1860 3527 1878 3561 ι
1923 3527 2028 3568 nou
2053 3512 2270 3567 redimit
2302 3533 2320 3565 υ
2353 3513 2492 3580 illos,
2522 3513 2725 3568 scilicet
2755 3532 2773 3564 ι
2820 3514 2911 3583 qui
2942 3513 3216 3569 confidunt
3243 3514 3295 3568 in
3325 3517 3432 3570 vir-

1858 3609 1972 3656 tute
2021 3617 2137 3666 sua,
2173 3622 2192 3654 »
2226 3602 2279 3656 id
2325 3612 2426 3666 est,
2457 3603 2526 3656 de
2570 3602 2884 3658 fortitudine
2918 3617 3011 3658 sua
3045 3612 3206 3671 atque
3233 3613 3426 3674 poten-

1858 3690 1934 3744 tia
1978 3689 2088 3744 Deo
2134 3690 2334 3759 gratias
2371 3704 2478 3743 non
2527 3700 2722 3758 agunt,
2775 3691 2869 3744 sed
2903 3691 2956 3743 in
2986 3691 3119 3758 ipsis
3153 3691 3432 3747 conﬁdunt

1863 3798 1881 3830 ι
1919 3788 1975 3834 et
2003 3799 2020 3832 ι
2074 3779 2194 3834 illos
2222 3779 2313 3848 qui
2369 3800 2387 3830 ‹
2422 3779 2719 3850 gloriantur
2744 3781 2796 3834 in
2830 3780 3171 3836 multitudine
3210 3783 3428 3838 divitia—

1858 3885 1978 3925 rum
2026 3885 2244 3926 suarunt
2281 3890 2300 3922 ι
2352 3871 2396 3925 si
2448 3870 2664 3940 quidem
2722 3870 2774 3925 in
2826 3871 2928 3926 hoc
2964 3881 3333 3939 perseverant,
3375 3885 3432 3930 et

1857 3976 1980 4017 cum
2011 3961 2258 4016 Christus
2281 3961 2415 4016 tales
2438 3976 2546 4016 non
2571 3960 2800 4016 redimat
2828 3981 2846 4012 ‹
2878 3962 3107 4017 redimet
3145 3983 3163 4014 ›
3204 3979 3299 4019 eos
3325 3965 3425 4018 ali-

1858 4053 1980 4120 quis
2019 4069 2037 4102 ‹
2085 4051 2246 4106 homo
2265 4050 2337 4104 in
2372 4050 2489 4104 Non
2524 4050 2728 4120 utique,
2769 4061 2825 4106 et
2854 4066 2980 4106 vere
3021 4067 3126 4106 non
3179 4054 3426 4120 redimet,

1859 4141 1984 4211 quia
2015 4161 2033 4193 ι
2069 4156 2176 4196 non
2209 4141 2358 4195 dabit
2394 4141 2506 4195 Deo
2537 4141 2891 4210 plaeationem
2939 4157 3112 4208 suam,
3157 4165 3175 4196 ι
3228 4145 3281 4200 id
3325 4155 3429 4213 est,

1858 4248 1966 4288 non
2017 4233 2216 4302 poterit
2251 4235 2420 4287 Deum
2464 4232 2733 4302 placatum
2766 4234 2991 4289 reddere
3034 4234 3188 4290 malis
3215 4251 3312 4306 per
3343 4238 3437 4294 ali-

1859 4337 2024 4392 quam
2070 4322 2390 4387 orationem,
2435 4323 2520 4376 vel
2560 4323 2912 4388 oblationem,
2961 4323 3206 4380 Christus
3248 4335 3429 4384 autem

1860 4415 2039 4470 reddit
2079 4416 2246 4470 Deum
2272 4415 2542 4486 placatum
2573 4416 2684 4471 suis
2721 4417 2933 4482 amicis,
2972 4425 3210 4473 nostram
3239 4420 3432 4478 huma-

1861 4505 2083 4560 nitatem
2112 4505 2161 4559 ei
2187 4514 2541 4574 praesentans.

1939 4613 1957 4644 ‹
1996 4594 2062 4648 Ει
2109 4614 2126 4644 ›
2173 4609 2278 4648 non
2331 4595 2477 4648 dabit
2511 4594 2621 4650 Deo
2662 4595 2858 4664 aliquis
2904 4596 3065 4651 homo
3115 4615 3134 4647 ‹
3191 4601 3426 4667 pretium

1862 4687 2246 4757 redemptionis
2294 4687 2486 4742 anima:
2541 4702 2689 4754 suae,
2741 4707 2760 4739 ι
2809 4688 2862 4743 id
2906 4698 3026 4753 est,
3071 4689 3217 4743 nullo
3261 4692 3434 4760 pretio

1862 4780 2062 4849 poterit
2107 4795 2226 4833 eam
2264 4779 2548 4842 redimere,
2594 4779 2720 4847 quia
2770 4778 2941 4832 solum
2987 4795 3182 4849 corpus
3229 4780 3433 4838 Christi

1865 4871 2113 4926 idoneum
2137 4870 2413 4924 inventum
2440 4876 2539 4930 est,
2564 4884 2662 4938 per
2691 4871 2832 4938 quod
2857 4868 3150 4939 redemptio
3183 4870 3360 4937 ﬁeret,
3384 4881 3438 4926 et

1865 4964 1990 5032 quia
2027 4979 2134 5019 non
2175 4961 2390 5016 redimit
2436 4959 2681 5014 Christus
2725 4959 2877 5024 tales,
2920 4977 3020 5015 nec
3055 4961 3216 5014 homo
3256 4971 3435 5031 potest

1858 5053 2142 5114 redimere,
2188 5051 2306 5105 ideo
2335 5066 2440 5105 non
2467 5059 2673 5104 tantum
2711 5059 2794 5105 est
2818 5051 2924 5105 illis
2975 5050 3291 5115 timendum,
3344 5051 3438 5106 sed

1865 5165 1884 5199 ‹
1926 5147 2087 5202 etiam
2140 5145 2408 5199 laborabit
2447 5164 2462 5193 ι
2505 5143 2591 5197 ille
2641 5159 2748 5197 non
2796 5145 3105 5210 redemptus
3150 5159 3167 5191 ‹
3205 5141 3257 5194 in
3285 5150 3440 5196 aeter-

1859 5251 2018 5298 num;
2057 5254 2074 5284 ι
2116 5241 2169 5287 et
2204 5233 2342 5287 sicut
2373 5233 2639 5302 Propheta
2663 5232 3131 5302 praesumptionem
3168 5230 3436 5286 malorum

1863 5326 2108 5394 superius
2145 5323 2322 5394 fregit,
2351 5324 2429 5378 sic
2455 5338 2696 5380 errorem
2732 5338 2918 5378 eorum
2943 5322 3032 5376 hic
3055 5323 3303 5386 destruit,
3345 5322 3438 5390 qui

1868 5424 2204 5470 mortuorum
2224 5415 2674 5469 resurrectionem
2691 5428 2796 5468 non
2820 5413 3065 5478 credunt,
3092 5420 3146 5466 et
3159 5414 3295 5466 bene
3315 5411 3438 5465 dico

1867 5504 2132 5558 laborabit
2180 5503 2233 5557 in
2269 5513 2551 5569 aeternum,
2576 5503 2702 5574 quia
2747 5520 2765 5554 ε
2804 5503 2858 5556 in
2879 5502 3060 5567 ﬁnem,
3101 5521 3120 5553 ι
3163 5501 3214 5554 id
3236 5509 3341 5566 est,
3387 5500 3441 5555 in

1868 5605 2096 5648 mortem
2119 5594 2466 5662 temporalem
2503 5613 2520 5645 ι
2569 5593 2743 5647 adhuc
2767 5592 2911 5648 vivet
2942 5610 2960 5641 ι
2996 5591 3124 5659 ipse.

1938 5683 2005 5738 Et
2035 5684 2153 5738 ideo
2191 5683 2352 5737 etiam
2393 5682 2680 5746 laborabit,
2723 5680 2851 5752 quia
2886 5681 2942 5734 in
2978 5680 3078 5735 hae
3114 5697 3132 5730 ι
3166 5694 3271 5735 non
3297 5682 3446 5737 vide-

1864 5776 1942 5830 bit
1981 5775 2276 5839 interitum,
2315 5795 2332 5824 ι
2380 5775 2430 5828 id
2492 5781 2594 5837 est,
2648 5771 3044 5827 damnationem
3080 5791 3096 5823 ι
3153 5786 3296 5836 cum,
3331 5793 3349 5824 ι
3391 5773 3447 5828 id
