3940 6460
513 403 618 459 365

973 397 1061 452 HA
1076 395 1326 452 YMONIS
1362 390 1836 448 HALBERSTAT.
1877 389 2092 447 EPISC.
2131 391 2280 446 OPP.
2318 390 2497 447 PARS
2534 391 2574 447 I.
2616 423 2684 434 —-
2718 393 3071 450 COMMENT.
3112 393 3282 448 BIBL.

3661 391 3768 448 36$

512 524 614 578 εει,
642 527 766 584 quia
796 531 812 561 ι
848 509 1042 566 viderit
1067 528 1085 559 ι
1127 509 1181 562 in
1212 508 1312 562 hac
1332 507 1441 561 vita
1473 525 1492 557 ι
1525 506 1812 576 sapientes,
1851 525 1869 558 ι
1898 506 1951 560 id
1979 495 2080 567 est.
2110 510 2163 568 Α
2188 507 2241 562 id
2283 516 2388 572 est,
2441 506 2646 562 similes
2677 508 2907 564 ovibus:
2937 508 3062 577 quia
3104 509 3244 562 sicut
3271 523 3400 563 oves
3443 523 3588 577 szepe
3643 518 3771 561 tun-

505 604 680 671 justos
722 603 868 656 viros
927 607 1099 653 morte
1143 595 1428 666 temporali
1481 612 1501 647 ι
1540 596 1850 650 morientes.
1917 613 1934 646 ι
1986 593 2083 648 Vel

510 694 807 764 sapientes,
863 709 880 742 ι
917 688 970 743 id
1025 695 1136 752 est,
1169 686 1469 742 mundanos
1517 686 1867 756 philosophos
1909 699 1924 738 :
1975 700 2083 739 non

509 785 715 841 videbit
747 779 1022 838 interitum
1065 777 1206 841 dico,
1247 776 1343 831 sed
1401 795 1420 828 ι
1470 775 1721 847 peribunt
1751 774 1908 829 simul
1952 774 2084 828 insi-

515 895 534 927 ‹
583 875 738 947 piens
783 880 838 928 et
877 869 1091 926 stultus.
1128 887 1146 920 ι
1189 867 1452 938 lnsipiens
1499 873 1604 931 est,
1647 866 1738 935 qui
1767 880 1872 920 non
1913 864 2084 919 credit

507 968 746 1022 futuram
788 976 1041 1032 poenam:
1073 959 1294 1024 stultus,
1343 959 1459 1028 qui,
1486 958 1612 1013 licet
1643 957 1846 1021 credat,
1904 963 2082 1010 tamen

504 1072 613 1111 non
658 1062 830 1110 cavet.
1477 1117 1481 1120 ,

571 1146 640 1200 Ει
663 1126 898 1200 οειέηιίἰι
922 1141 1215 1206 vanitates,
1246 1139 1439 1208 quibus
1460 1137 1548 1193 isti
1579 1137 1635 1192 in
1669 1136 1926 1191 mundum
1957 1145 2083 1189 sunt

504 1237 693 1301 dediti,
725 1237 778 1290 in
803 1233 999 1304 quibus
1022 1247 1210 1286 eorum
1244 1239 1399 1285 notat
1442 1229 1747 1284 stultitiam.
1791 1226 2084 1280 Continua-

504 1329 582 1383 tio
611 1346 623 1382 :
666 1327 927 1382 Peribunt
963 1342 982 1374 ι
1020 1332 1074 1376 ει
1101 1322 1264 1378 etiam
1292 1321 1600 1390 relinquent
1629 1318 1821 1373 alienis
1845 1333 1970 1372 suas
1996 1317 2081 1370 di-

503 1420 683 1482 vitias,
717 1437 733 1469 »
780 1415 832 1470 id
875 1424 977 1480 est,
1027 1413 1332 1476 extraneis,
1379 1412 1462 1466 vel
1491 1412 1654 1466 etiam
1704 1409 1848 1473 filiis,
1900 1418 2081 1463 tamen

502 1509 716 1572 alienis,
765 1507 889 1576 quia
919 1506 1130 1574 perdito
1156 1503 1360 1558 homini
1403 1501 1537 1556 nihil
1575 1500 1693 1571 plus
1735 1500 1915 1553 valent
1941 1497 2080 1552 divi-

502 1601 611 1664 the,
668 1609 774 1652 tam
810 1597 918 1651 ﬁlio
964 1611 1125 1666 quam
1161 1603 1459 1649 extraneo:
1507 1613 1523 1643 ‹
1573 1602 1628 1646 ει
1673 1590 1916 1661 sepulcra
1965 1588 2083 1642 illo-

501 1708 645 1757 rum,
680 1712 696 1742 ι
737 1692 926 1755 idest,
971 1686 1279 1759 pyramides
1323 1694 1379 1741 ει
1435 1676 1726 1748 mausolea,
1773 1697 1893 1751 qua:
1928 1680 2082 1749 quasi

501 1797 726 1852 magnas
775 1780 1040 1835 aediﬁcant
1087 1779 1298 1841 domos,
1350 1776 1501 1844 quasi
1554 1773 1796 1845 sepulcra
1854 1771 2084 1824 debeant

2185 597 2401 661 dentur,
2425 606 2480 653 et
2504 597 2725 662 iterum,
2777 606 2833 652 et
2883 600 3184 653 substantia
3235 609 3500 664 remanet,
3550 601 3631 653 sic
3695 599 3771 653 illi

2183 702 2394 758 semper
2443 688 2746 760 aIIligentur
2789 689 3084 760 suppliciis,
3130 700 3186 746 et
3241 699 3419 745 tamen
3457 690 3769 745 substantia

2184 793 2290 832 non
2313 778 2532 846 peribit,
2583 798 2601 829 ς
2647 793 2794 834 mors
2828 779 3083 848 depascet
3121 794 3216 834 eos
3262 780 3448 841 etiam,
3482 798 3501 830 ι
3559 780 3613 833 id
3659 789 3766 838 est.

2184 869 2426 929 diabolus
2466 870 2740 938 depascet,
2797 884 2896 938 per
2946 869 3352 923 similitudinem
3407 869 3563 923 dicit.
3614 869 3770 922 Sicut

2182 961 2324 1013 enim
2354 969 2568 1030 pratum
2621 960 2952 1029 depascitur,
3005 969 3062 1014 et
3097 969 3279 1014 tamen
3322 959 3536 1014 radices
3598 974 3758 1012 rema

2183 1061 2334 1114 nent,
2374 1053 2452 1108 sic
2489 1052 2586 1106 illi.
2636 1053 2845 1107 Dicitur
2901 1052 3064 1106 etiam
3123 1066 3347 1122 pascere
3402 1051 3459 1104 in
3524 1050 3632 1104 alia
3699 1049 3768 1103 si-

2183 1142 2545 1208 gniﬁcatione,
2574 1143 2714 1196 sicut
2765 1150 2951 1211 pastor
3008 1142 3156 1205 dicit,
3204 1157 3368 1212 pasco
3397 1155 3646 1211 gregem.
3685 1138 3768 1192 Si-

2183 1233 2382 1288 militer
2405 1248 2571 1296 mors,
2612 1233 2666 1287 id
2691 1241 2795 1296 est,
2827 1233 3074 1289 diabolus
3102 1234 3353 1302 depascet
3396 1245 3513 1296 eos,
3563 1232 3620 1284 id
3652 1241 3763 1292 est,

2180 1325 2405 1381 deducet
2434 1340 2527 1380 eos
2558 1325 2623 1379 de
2649 1339 2808 1395 paena
2834 1325 2888 1379 in
2915 1339 3152 1394 pcenam.

2259 1435 2277 1467 ι
2317 1417 2383 1469 Et
2408 1417 2459 1470 in
2489 1416 2770 1477 matutino,
2813 1435 2830 1467 ι
2873 1415 2925 1469 id
2961 1423 3045 1469 est
3087 1416 3138 1469 in
3176 1414 3401 1484 judicio,
3458 1414 3552 1469 ubi
3588 1413 3763 1481 justus

2182 1509 2270 1560 lux
2311 1508 2610 1577 apparebit,
2648 1526 2666 1557 ι
2699 1508 2832 1577 justi
2876 1528 2892 1560 ι
2943 1509 3033 1577 qui
3089 1509 3141 1562 in
3193 1509 3295 1563 hac
3346 1509 3458 1562 vita
3501 1516 3634 1561 sunt
3681 1509 3762 1561 de~

2182 1598 2354 1666 pressi
2388 1598 2456 1651 ab
2486 1598 2591 1651 illis
2642 1616 2660 1647 ι
2695 1597 3118 1652 dominabuntur
3144 1613 3333 1652 eorum
3391 1618 3412 1650 ι
3465 1599 3560 1666 qui
3609 1609 3764 1651 erum

2176 1686 2390 1756 judices
2418 1703 2630 1753 eorum,
2669 1708 2686 1739 ‹
2714 1697 2767 1743 ει
2791 1689 3052 1743 auxilium
3083 1704 3290 1754 eorum,
3326 1709 3345 1742 ι
3381 1690 3525 1758 quod
3567 1690 3762 1743 habent

2182 1779 2234 1832 in
2274 1779 2374 1832 hac
2395 1779 2503 1832 vita
2533 1798 2550 1829 ‹
2613 1795 2641 1832 a
2668 1779 2834 1848 gloria
2878 1793 3089 1846 eorum,
3136 1799 3153 1832 ι
3205 1781 3412 1835 scilicet
3457 1795 3489 1832 a
3524 1781 3761 1849 potentia

501 1889 620 1929 esse
674 1893 691 1923 ι
719 1874 925 1927 domus
959 1870 1172 1924 illorum
1197 1869 1248 1922 in
1279 1877 1539 1922 aeternum
1570 1885 1588 1924 ι
1643 1874 1698 1919 ει
1731 1865 1783 1918 in
1815 1865 1917 1918 hoc
1963 1879 2077 1916 ma-
2106 1849 2150 1908 Β
2179 1877 2235 1922 ει
2285 1868 2486 1922 divitiis
2519 1888 2536 1919 ‹
2573 1876 2897 1933 veterascet,
2964 1890 2984 1922 ›
3022 1870 3388 1940 comparabile
3435 1871 3544 1924 erit
3597 1879 3761 1924 veten

501 1978 661 2033 gnam
706 1960 986 2015 stultitiam
1009 1973 1194 2012 eorum
1222 1964 1394 2020 notat,
1444 1955 1535 2024 qui
1559 1967 1656 2024 per
1681 1955 1794 2008 haec
1829 1951 2076 2022 sepulcra

501 2053 601 2109 sibi
631 2052 946 2108 memoriam
975 2059 1234 2106 aeternam
1267 2049 1530 2119 putabant
1561 2045 1862 2114 acquirere.

583 2166 603 2198 ι
640 2143 1031 2207 Tabernacula,
1063 2162 1082 2194 ι
1111 2141 1166 2195 id
1193 2148 1298 2203 est,
1328 2153 1536 2207 magna:
1559 2137 1749 2192 domus
1776 2155 1793 2187 ι
1830 2149 2018 2190 eorum
2051 2153 2071 2185 ι

500 2245 724 2292 manent
750 2253 768 2286 ι
807 2235 861 2289 in
883 2233 1160 2303 progenie,
1194 2239 1249 2286 et
1277 2251 1295 2282 ι
1347 2230 1470 2284 inde
1495 2229 1548 2282 in
1574 2227 1677 2281 alia
1711 2246 1729 2277 ‹
1763 2225 2019 2296 progenie
2051 2245 2072 2277 ι

501 2327 634 2382 etin
675 2327 777 2380 hoc
819 2323 984 2377 etiam
1029 2319 1177 2376 stulti
1219 2326 1500 2389 apparent,
1567 2316 1657 2385 qui
1692 2325 1840 2370 tanta
1878 2315 2078 2385 palatia

500 2417 861 2479 :ndiﬁcabunt,
891 2423 948 2468 et
969 2414 1132 2469 etiam
1159 2411 1406 2466 homines
1453 2427 1472 2461 ι
1503 2416 1833 2463 vocaverunt
1858 2406 2080 2462 nomina

506 2524 601 2564 sua
645 2508 699 2561 in
759 2507 918 2560 terris
951 2505 1084 2569 suis,
1119 2524 1137 2555 ι
1193 2502 1433 2566 scilicet,
1473 2501 1617 2555 circa
1668 2500 1913 2569 sepulcra
1959 2499 2077 2553 illo-

483 2615 642 2680 Ium.
700 2597 891 2666 Tangit
919 2594 1362 2650 consuetudinem
1394 2591 1695 2659 gentilium,
1728 2591 1818 2658 qui
1846 2591 2080 2644 morien-

504 2700 606 2754 tes,
644 2688 850 2756 aliquos
876 2684 1266 2745 conducebant,
1300 2689 1358 2736 ut
1384 2683 1699 2735 invocarent
1728 2681 1946 2734 nomina
1982 2696 2078 2735 sua

504 2779 647 2834 circa
677 2775 1005 2845 sepulturam
1037 2788 1189 2827 suam
1212 2772 1266 2826 in
1297 2772 1485 2826 diebus
1514 2771 1848 2835 constitutis,
1873 2781 1929 2825 et
1955 2787 2079 2826 cum

503 2869 638 2924 alios
684 2866 923 2920 facerent
951 2865 1025 2918 ita
1065 2864 1318 2918 invocare
1365 2875 1558 2917 nomen
1581 2876 1756 2925 suum,
1799 2861 1903 2930 ipsi
1937 2862 2079 2916 idem

503 2961 757 3016 dicuntur
800 2957 853 3010 in
892 2955 995 3009 hoc
1031 2955 1284 3009 invocare
1309 2953 1527 3008 nomina
1567 2969 1680 3006 sua.
1725 2953 1783 3007 In
1821 2968 1927 3022 quo
1966 2952 2084 3020 ipse

504 3051 770 3120 PrOpheta
802 3062 1051 3117 magnam
1074 3061 1262 3100 eorum
1292 3051 1446 3098 notat
1484 3043 1790 3106 stultitiam,
1836 3044 1962 3112 quia
1985 3058 2083 3112 per

503 3144 608 3197 hoc
637 3141 738 3211 ipsi
780 3154 902 3194 cum
936 3153 993 3193 se
1022 3136 1336 3191 memoriam
1367 3143 1627 3190 aeternam
1679 3134 1878 3188 habere
1918 3143 2077 3203 puta-

2179 1959 2522 2024 vestimento,
2566 1958 2710 2028 quod
2756 1961 2958 2014 nullam
3012 1961 3174 2016 habet
3197 1961 3489 2015 utilitatem
3525 1980 3542 2010 ι
3603 1960 3656 2013 in
3689 1961 3761 2012 ia-

2180 2047 2352 2103 ferno.
2413 2069 2432 2101 ι

2258 2141 2360 2210 1ρεὶ
2419 2141 2872 2209 dominabuntur,
2915 2160 2933 2192 ι
2988 2148 3358 2196 verumtamen
3419 2141 3566 2195 Deus
3631 2140 3760 2194 redi-

2187 2252 2205 2284 ι
2253 2242 2363 2288 ηιει
2407 2235 2642 2288 animam
2683 2249 2854 2287 meam
2889 2232 2956 2288 de
2987 2248 3148 2286 manu
3193 2231 3375 2298 inferi,
3417 2251 3432 2282 ι
3468 2232 3527 2286 id
3563 2241 3668 2294 est,
3702 2232 3759 2284 de

2179 2331 2446 2393 potestate
2473 2324 2671 2378 diaboli
2709 2342 2722 2377 :
2753 2334 2807 2378 et
2837 2325 2940 2378 hoc
2971 2343 2989 2374 ‹
3025 2338 3151 2379 cum
3191 2323 3462 2393 acceperit
3490 2338 3601 2385 me,
3645 2343 3665 2374 ι
3709 2323 3758 2376 id

2180 2423 2282 2478 est,
2311 2429 2484 2468 meam
2515 2415 2933 2469 humanitatem.

2251 2507 2326 2560 De
2359 2505 2514 2560 tertia
2563 2515 2721 2574 parte
2773 2505 2978 2573 incipit.
3009 2503 3354 2560 Continuatio
3392 2517 3408 2555 :
3447 2501 3640 2571 lnjusti
3681 2502 3754 2555 sic

2181 2593 2600 2659 damnabuntur,
2629 2604 2684 2648 et
2710 2596 2978 2664 justorum
3021 2592 3232 2647 animas
3257 2594 3513 2655 redimes,
3541 2608 3572 2644 ο
3597 2592 3755 2655 Deus,

2187 2691 2241 2737 et
2271 2683 2392 2736 ideo
2415 2683 2575 2738 homo
2607 2704 2623 2734 ‹
2659 2699 2724 2737 ηε
2753 2683 2998 2736 timueris
3049 2697 3173 2736 cum
3222 2681 3371 2735 dives
3401 2679 3578 2733 factus
3606 2679 3758 2732 fuerit

2185 2773 2368 2836 homo,
2409 2793 2427 2825 ι
2492 2780 2545 2826 et
2583 2788 2687 2826 non
2721 2782 2927 2825 tantum
2976 2771 3029 2824 in
3081 2787 3140 2825 se
3173 2771 3324 2825 dives
3365 2769 3534 2823 fuerit
3581 2770 3755 2828 homo,

2183 2866 2278 2920 sed
2312 2885 2328 2913 ι
2364 2879 2486 2918 cum
2537 2864 2888 2933 multiplicata
2939 2862 3101 2917 fuerit
3148 2861 3318 2931 gloria
3377 2859 3594 2922 domus,
3636 2880 3653 2909 ι
3709 2860 3756 2912 id

2186 2968 2294 3022 est,
2327 2973 2447 3012 cum
2497 2957 2866 3025 unusquisque
2910 2956 2974 3010 de
3005 2956 3164 3009 domo
3211 2952 3329 3023 ejus
3378 2952 3758 3022 multiplicatus

2188 3049 2356 3104 fuerit
2393 3049 2445 3102 in
2476 3048 2668 3115 gloria,
2697 3047 2902 3101 scilicet
2929 3046 3260 3100 divitiarum.

2265 3142 2390 3197 Ideo
2427 3156 2494 3195 ne
2523 3139 2766 3194 timueris
2801 3156 2820 3189 ι
2855 3139 3108 3208 quoniam
3141 3157 3159 3190 ι
3195 3139 3310 3208 ipse
3363 3155 3382 3187 ι
3430 3152 3555 3191 cum
3599 3136 3757 3190 inter-

504 3243 648 3297 rent,
684 3231 942 3286 tamenin
974 3229 1103 3284 solis
1130 3227 1291 3283 terris
1310 3241 1498 3281 eorum
1548 3227 1651 3281 hoc
1677 3225 1858 3280 ﬁebat.
1916 3226 2085 3281 Totus
2111 3217 2156 3280 C
2189 3233 2332 3295 ierit,
2401 3247 2508 3285 non
2560 3239 2734 3284 sumet
2795 3231 3007 3292 omnia,
3044 3249 3062 3281 ο
3113 3229 3292 3284 omnia
3338 3238 3500 3298 negat
3543 3269 3556 3288 ,
3606 3237 3662 3282 et
3691 3228 3759 3280 ni.

505 3330 684 3377 autem
713 3334 903 3374 versus
924 3319 1025 3374 sub
1045 3316 1448 3373 constructione
1472 3331 1580 3370 una
1605 3316 1684 3370 sic
1705 3315 1897 3384 legitur
1930 3333 1942 3367 :
1997 3323 2080 3368 ta-

505 3412 795 3468 bernacula
830 3427 1016 3467 eorum
1060 3412 1337 3474 duratura,
1389 3411 1442 3464 in
1468 3409 1724 3479 progenie
1751 3417 1806 3462 et
1828 3409 2085 3478 progenie

506 3511 834 3559 vocaverunt
872 3503 1089 3557 nomina
1113 3517 1230 3566 sua,
1266 3501 1319 3556 id
1339 3511 1444 3566 est,
1489 3500 1822 3571 prmnomina
1849 3515 1943 3554 sua
1968 3539 1982 3563 ,
2024 3509 2085 3555 ut

506 3591 717 3646 dicatur
752 3591 1012 3660 palatium
1053 3591 1276 3655 Tiberii,
1329 3591 1493 3645 turris
1532 3589 1850 3654 Crescentii,
1887 3598 1942 3642 et
1983 3591 2083 3645 hoc

506 3680 792 3745 faciebant,
821 3688 879 3733 ut
901 3680 1160 3734 memoria
1184 3695 1370 3734 eorum
1404 3679 1716 3743 haberetur,
1759 3694 1878 3748 qua:
1903 3687 2081 3734 tamen

504 3786 612 3825 non
637 3779 772 3834 erat,
808 3770 912 3825 nisi
942 3769 998 3823 in
1032 3770 1193 3824 terris
1214 3771 1345 3824 suis.

575 3861 699 3916 Haec
719 3863 900 3917 omnia
937 3877 1075 3915 vana
1102 3863 1174 3915 ita
1215 3870 1536 3929 sequuntur,
1591 3869 1645 3914 et
1698 3869 1879 3914 tamen
1938 3860 2080 3914 Deus

505 3968 611 4007 non
644 3960 728 4006 est
762 3951 1118 4014 accusandus,
1158 3951 1251 4019 qui
1275 3951 1554 4004 constituit
1602 3966 1696 4004 eos
1741 3951 1792 4004 in
1848 3952 2080 4016 ratione,

507 4041 600 4095 sed
632 4040 731 4110 ipsi
757 4039 1047 4094 noluerunt
1072 4038 1370 4108 intelligere
1402 4056 1415 4091 :
1449 4047 1503 4091 et
1538 4039 1642 4094 hoc
1682 4047 1786 4104 est,
1848 4057 1866 4090 ι
1921 4040 2081 4095 homo

505 4143 629 4182 cum
693 4135 837 4182 esset
883 4127 938 4181 in
987 4127 1215 4191 honore,
1266 4145 1285 4178 ι
1320 4127 1374 4181 id
1419 4135 1503 4182 est
1550 4127 1605 4180 in
1635 4127 1861 4193 ratione,
1891 4127 1945 4181 in
1976 4144 2081 4197 qua

503 4225 624 4271 erat
651 4216 758 4270 Deo
783 4217 998 4282 similis,
1035 4237 1051 4268 ι
1084 4231 1191 4270 non
1215 4215 1497 4282 intellexit,
1524 4237 1543 4269 ι
1578 4217 1630 4272 id
1652 4226 1737 4273 est
1763 4234 1868 4273 non
1888 4219 2083 4273 intelli-

504 4315 695 4378 genter
719 4308 847 4378 egit,
887 4316 942 4362 et
988 4309 1109 4363 ideo
1132 4324 1162 4362 a
1193 4309 1530 4378 sapientibus
1568 4319 1652 4364 est
1687 4329 1704 4360 ι
1737 4321 2082 4380 comparatus

504 4389 887 4466 insipientibus
937 4398 1218 4468 jumentis,
1278 4418 1294 4449 ι
1352 4399 1580 4465 scilicet,
1633 4399 1687 4454 in
1746 4400 1890 4454 nulla
1953 4401 2077 4464 alia,

504 4489 610 4542 nisi
637 4488 688 4542 in
714 4489 1018 4558 insipientia
1045 4507 1057 4542 :
1091 4498 1145 4544 et
1177 4489 1370 4544 merito
1394 4498 1757 4560 comparatur,
1785 4491 1910 4560 quia
1949 4509 1966 4540 ‹
2001 4491 2078 4545 si-

504 4578 649 4632 milis
683 4577 856 4634 factus
901 4587 985 4633 εει
1010 4579 1133 4634 illis.
1173 4600 1190 4632 ι

579 4689 598 4720 ι
633 4668 756 4724 Πωο
801 4689 821 4720 ι
855 4669 1018 4735 mala,
1059 4680 1115 4726 et
1141 4672 1244 4726 alia
1274 4688 1392 4742 quae
1414 4683 1542 4728 sunt
1580 4694 1598 4724 ι
1644 4674 1730 4728 via
1789 4673 2000 4728 illorum
2056 4694 2075 4726 ι

505 4766 633 4811 sunt
669 4776 688 4809 ‹
717 4758 1028 4813 scandalum
1058 4761 1206 4829 ipsis,
1257 4781 1274 4812 ι
1314 4762 1365 4816 id
1407 4772 1508 4827 est,
1541 4761 1784 4826 oll‘ensio,
1831 4777 1950 4832 qua:
1985 4763 2082 4817 du-

507 4845 584 4899 cit
609 4860 702 4900 eos
744 4846 812 4900 ad
839 4847 1113 4902 interitum
1144 4869 1160 4899 ‹
1196 4860 1250 4904 ει
1289 4859 1474 4919 postea
1511 4870 1555 4916 ι,
1589 4851 1642 4906 id
1683 4858 1785 4915 est,
1818 4865 1940 4904 cum
1965 4851 2079 4906 haec

512 4935 650 4989 mala
690 4955 708 4987 ι
772 4938 1196 5006 complacebunt,
1257 4960 1270 4990 ι
1314 4941 1368 4994 id
1427 4948 1532 5006 est,
1585 4941 1687 4996 sibi
1721 4939 1852 5009 ipsis
1897 4939 2078 5009 place-

502 5027 636 5080 bunt
665 5045 683 5078 ι
716 5028 770 5082 in
819 5043 914 5084 ore
960 5045 1076 5096 suo,
1116 5050 1134 5082 ι
1177 5031 1302 5100 quia
1328 5032 1470 5101 quod
1510 5045 1605 5085 ore
1658 5031 1861 5097 dicunt,
1917 5046 2079 5101 opere

503 5122 877 5188 comprobant.
927 5121 1046 5176 Alia
1075 5123 1357 5177 translatio
1417 5125 1596 5188 habet,
1639 5124 1692 5176 in
1735 5139 1830 5178 ore
1859 5139 1956 5179 suo
1981 5124 2076 5179 be-

504 5210 754 5265 nedicent
801 5214 986 5282 :quod
1031 5213 1224 5284 legitur
1270 5215 1348 5268 sic
1401 5230 1414 5265 :
1472 5229 1594 5267 cum
1646 5214 1759 5269 haec
1806 5215 1946 5269 mala
1997 5214 2075 5269 fa-

503 5305 670 5369 ciant,
728 5314 905 5360 tamen
960 5317 1144 5376 postea
1192 5307 1515 5362 hencdicunt
1559 5307 1751 5374 Deum,
1794 5309 2075 5363 laudantes

504 5407 625 5447 eum
678 5396 744 5450 de
785 5399 1056 5466 prosperis
1083 5399 1195 5453 suis
1233 5399 1570 5453 successibus
1607 5400 1661 5453 in
1715 5415 1810 5454 ore
1847 5416 1944 5454 suo
1967 5415 2073 5454 non

504 5482 619 5546 Dei,
644 5486 770 5554 quia
796 5487 937 5542 Deus
964 5488 1172 5542 laudem
1185 5491 1490 5560 peccatoris
1518 5507 1624 5544 non
1655 5491 1862 5560 recipit.

575 5572 640 5628 I'li
665 5575 798 5630 tales
829 5595 846 5628 ι
883 5577 936 5631 in
963 5578 1172 5633 inferno
1196 5581 1351 5650 positi
1379 5590 1520 5634 sunt.
1558 5601 1575 5632 ι
1609 5581 1752 5635 Bene
1791 5580 1921 5633 dicit
1950 5579 2075 5633 Pro-

503 5671 662 5738 pheta
701 5673 904 5740 positos
954 5675 1008 5728 in
1069 5675 1296 5741 inferno,
1330 5676 1453 5744 quia
1481 5691 1575 5730 eos
1617 5675 1730 5742 jam
1773 5675 1826 5727 in
1887 5674 2070 5728 divina

503 5762 843 5820 Providentia
865 5767 1138 5834 ponendos
1163 5768 1276 5824 fore
1298 5776 1627 5838 cognoverat
1660 5786 1675 5815 ι
1706 5766 1844 5819 sicut
1865 5779 2014 5829 oves,
2047 5785 2064 5816 ι

2186 3323 2262 3378 hil
2309 3337 2492 3377 secum
2547 3327 2728 3390 portat
2756 3319 2823 3373 de
2871 3319 3072 3373 divitiis
3127 3319 3261 3383 suis,
3317 3332 3496 3387 neque
3543 3317 3609 3371 de
3653 3317 3758 3386 gloo

2186 3415 2264 3468 ria
2291 3432 2304 3466 :
2329 3421 2384 3468 et
2426 3415 2527 3468 hoc
2555 3422 2636 3466 est
2667 3429 2680 3463 :
2715 3431 2732 3463 ι
2768 3427 2943 3481 neque
2971 3412 3261 3467 descendet
3303 3426 3431 3465 cum
3485 3426 3552 3466 eo
3595 3411 3754 3481 gloria

2185 3503 2376 3557 domus
2400 3501 2534 3570 ejus,
2575 3523 2592 3554 ι
2624 3504 2751 3570 quia
2793 3518 2920 3556 cum
2955 3502 3164 3557 venerit
3205 3502 3273 3555 ad
3323 3499 3619 3565 infernum,
3653 3517 3754 3555 non

2184 3592 2402 3660 majoris
2424 3593 2528 3646 erit
2557 3592 2796 3660 quolibet
2824 3607 3081 3662 paupere.

2261 3682 2385 3737 Ideo
2433 3698 2539 3737 non
2610 3682 2902 3736 descendet
2943 3697 3062 3736 cum
3113 3699 3178 3738 eo
3211 3683 3381 3753 gloria
3408 3684 3600 3737 domus
3625 3683 3756 3751 ejus,

2191 3789 2209 3820 ι
2245 3773 2370 3840 quia
2401 3771 2454 3825 in
2492 3791 2510 3822 ι
2565 3773 2668 3826 hac
2718 3790 2736 3822 ι
2779 3773 2889 3825 vita
2946 3791 2964 3823 ι
2999 3781 3208 3826 tantum
3234 3793 3254 3824 ‹
3300 3775 3476 3828 anima
3527 3775 3646 3841 ejus
3672 3777 3760 3828 be-

2183 3862 2459 3915 nedicetur
2509 3880 2526 3912 ι
2589 3861 2656 3915 ab
2708 3861 3118 3928 adulatoribus,
3173 3874 3226 3918 et
3283 3866 3384 3919 hoc
3442 3872 3644 3917 tantum
3699 3868 3760 3920 in

2184 3953 2289 4005 vita
2341 3955 2532 4022 ipsius,
2579 3963 2641 4008 ut
2696 3971 2817 4009 cum
2856 3956 3034 4011 dicent
3067 3958 3434 4013 adolescentes
3455 3958 3523 4023 ei,
3551 3959 3599 4011 si
3630 3956 3761 4012 fecit

2182 4042 2550 4108 homicidium,
2579 4043 2666 4096 vel
2692 4043 2892 4113 aliquid
2917 4044 3036 4108 tale,
3059 4046 3155 4100 ha!
3189 4061 3348 4115 quam
3378 4046 3754 4111 benefactum,

2181 4141 2237 4186 et
2263 4132 2382 4188 ideo
2406 4134 2568 4188 etiam
2586 4135 2812 4205 peribit,
2841 4136 2966 4204 quia
2996 4143 3121 4191 tunc
3148 4145 3354 4192 tantum
3380 4157 3399 4189 ς
3419 4141 3759 4194 conﬁtebitur

2183 4223 2300 4288 tibi,
2332 4243 2350 4275 ι
2405 4223 2458 4278 id
2490 4233 2594 4289 est,
2653 4224 2895 4279 laudabit
2928 4234 2980 4280 te
3013 4242 3032 4275 ι
3067 4241 3188 4280 cum
3236 4227 3573 4284 benefeceris
3618 4230 3687 4295 ei,
3733 4246 3752 4279 ι

2183 4313 2236 4368 id
2262 4323 2362 4379 est,
2396 4329 2518 4368 cum
2544 4314 2699 4369 dabis
2741 4315 2791 4370 ei
2819 4329 3110 4385 prosperos
3137 4325 3381 4372 eventus.

2254 4412 2353 4467 Hic
2395 4413 2631 4468 ostendit
2677 4415 3200 4470 consummationem
3247 4415 3506 4485 nequitiae
3568 4417 3754 4487 ipsius.

2181 4500 2528 4557 Continuatio
2557 4520 2570 4555 :
2619 4500 2757 4568 Quid
2796 4518 2893 4572 per
2932 4505 3140 4575 singula
3176 4506 3492 4560 currerem?
3522 4506 3643 4577 Ipse
3677 4507 3757 4561 in-

2107 4575 2158 4635 D
2186 4593 2372 4648 troibit
2403 4607 2573 4662 usque
2605 4592 2658 4646 in
2684 4594 2967 4663 progenies
2997 4603 3210 4663 patrum
3239 4610 3483 4660 suorum,
3520 4575 3562 4647 ι-
3579 4596 3634 4650 id
3658 4606 3758 4660 est,

2183 4683 2376 4739 similis
2439 4684 2546 4739 erit
2599 4685 2851 4739 omnibus
2893 4685 3150 4753 patribus
3201 4687 3313 4740 suis
3361 4687 3415 4740 in
3478 4688 3757 4757 nequitia,

2183 4776 2348 4830 etiam
2389 4791 2560 4845 usque
2598 4774 2666 4828 ad
2713 4775 2886 4844 ipsum
2941 4774 3072 4829 Cain
3117 4777 3369 4830 ascendet
3420 4791 3520 4846 per
3575 4780 3761 4848 nequi-

2184 4865 2334 4930 tiam,
2377 4872 2430 4920 et
2469 4864 2590 4919 ideo
2620 4883 2637 4915 ι
2674 4880 2780 4920 non
2808 4865 3010 4920 videbit
3040 4865 3241 4931 lumen,
3285 4885 3308 4921 ι
3344 4866 3398 4920 id
3426 4874 3530 4932 est,
3575 4869 3632 4922 in
3663 4869 3760 4922 hac

2182 4955 2291 5008 vita
2337 4970 2444 5009 non
2497 4969 2684 5009 veram
2723 4956 3103 5026 cognitionem,
3141 4942 3330 5027 neque
3382 4957 3437 5010 in
3495 4957 3605 5012 alia
3668 4973 3760 5012 vc-

2188 5061 2302 5100 ram
2342 5045 2809 5114 illuminationem,
2841 5055 2897 5101 et
2940 5049 3043 5102 hoc
3091 5055 3174 5102 est
3208 5065 3229 5099 ι
3285 5061 3456 5117 usque
3489 5048 3542 5101 in
3601 5059 3760 5102 teter-

2179 5152 2328 5191 num.
2361 5157 2379 5189 ι

2251 5229 2373 5284 Ideo
2405 5246 2510 5284 non
2548 5231 2771 5297 videbit,
2800 5232 2925 5300 quia
2964 5250 2982 5282 ι
3019 5247 3142 5286 cum
3180 5232 3342 5286 homo
3371 5240 3518 5286 esset
3550 5231 3606 5284 in
3663 5209 3788 5285 ho:

2182 5337 2313 5376 norc
2352 5342 2368 5372 ι
2396 5331 2454 5376 ut
2482 5337 2660 5391 supra.

2633 5454 2701 5510 IN
2729 5454 2954 5510 PSALM
2967 5455 3061 5510 UM
3100 5455 3284 5510 XLIX.

2578 5565 2834 5620 Trruws.
2878 5561 3128 5619 Psalmus
3166 5565 3359 5634 Amph.

2257 5692 2276 5724 ι
2306 5675 2446 5728 Deus
2473 5673 2715 5728 deorum.
2752 5694 2770 5726 ι
2798 5675 2999 5744 Asaph,
3026 5674 3123 5727 fuit
3153 5689 3290 5728 unus
3311 5690 3377 5728 ex
3401 5675 3732 5744 praecentori

2181 5765 2281 5819 bus
2325 5777 2460 5832 quos
2505 5764 2692 5817 habuit
2752 5764 2916 5816 David
2977 5779 3158 5819 secum
3212 5765 3276 5818 ad
3315 5763 3762 5832 amplificandum
