3940 6448
211 402 318 457 565

1385 419 1820 478 EXPLANATIO
1859 422 1924 477 IN
1964 423 2300 482 PSALMOS.

3355 445 3460 499 366

210 515 416 570 cultum
471 517 590 584 Dei,
641 529 693 574 et
745 523 814 577 ad
879 523 994 592 ejus
1044 529 1360 584 memoriam
1429 533 1571 588 hunc
1640 534 1857 602 psal-A
1954 536 2245 594 Exsultans
2271 543 2532 613 prephela
2569 543 2636 600 de
2661 551 3075 619 congregatione
3097 552 3367 620 justorum
3403 567 3460 614 et

209 621 356 661 mum
400 622 470 661 ex
523 608 639 677 eius
706 614 923 670 nomine
989 617 1286 674 intitulavit
1347 621 1469 676 ideo
1521 625 1776 691 maxime,

206 696 335 766 quia
375 696 752 769 interpretatio
806 706 1038 761 nominis
1080 711 1396 779 proprietati
1428 714 1619 782 psalmi
1653 732 1781 772 con-

205 787 377 840 venit.
447 788 628 859 Asaph
674 807 908 861 namque
959 802 1305 869 congregatio
1371 803 1776 874 interpretatur,

204 888 260 933 et
291 879 344 933 in
373 880 475 934 hoc
505 883 710 950 psalmo
749 889 1112 956 congregatio,
1141 891 1195 945 id
1221 901 1304 947 est
1334 908 1603 966 synagoga
1645 897 1778 953 ﬁde-

202 969 360 1036 lium,
415 972 674 1044 loquitur.
731 975 950 1032 Materia
992 989 1076 1036 est
1115 982 1319 1038 Novum
1371 985 1776 1044 Testamentum

199 1068 255 1113 et
303 1075 402 1129 per
459 1064 764 1132 oppositum
815 1065 1002 1122 Vetus.
1045 1070 1232 1127 Modus
1263 1087 1280 1125 :
1307 1072 1362 1127 ln
1403 1075 1578 1144 prima
1623 1086 1778 1146 parte

198 1151 435 1221 primum
463 1163 518 1209 et
575 1159 871 1213 secundum
922 1161 1123 1216 Christi
1175 1165 1462 1223 adventum
1500 1170 1672 1238 ponit,
1718 1176 1778 1224 ut

195 1241 482 1298 conﬁrmet
528 1246 630 1301 hoc
678 1250 819 1318 quod
873 1249 1122 1308 Christus
1175 1255 1227 1309 in
1277 1259 1496 1328 propria
1544 1275 1777 1329 persona

194 1339 382 1399 postea
428 1332 684 1404 loquitur.
743 1338 849 1393 Per
902 1345 1198 1399 secundum
1251 1348 1542 1404 adventum
1591 1353 1775 1408 deter-

194 1431 277 1477 ret
327 1423 513 1488 malos,
577 1427 665 1482 ubi
729 1431 967 1485 ostendit
1033 1433 1369 1492 damnandos
1441 1439 1655 1510 impios,
1720 1450 1778 1497 et

192 1515 619 1570 remunerandos
681 1519 867 1573 honos.
926 1521 982 1574 lu
1050 1526 1284 1579 secunda
1348 1536 1502 1596 parte
1572 1530 1778 1586 inducit

189 1597 466 1654 Christum
497 1601 804 1671 loquentem
836 1608 890 1661 in
927 1610 1104 1678 primo
1136 1613 1364 1669 adventu
1416 1618 1529 1672 suis
1563 1620 1772 1686 amicis,

187 1696 244 1744 et
317 1690 600 1746 docentem
644 1709 740 1749 eos
776 1695 890 1764 jam
933 1699 1068 1754 nihil
1130 1703 1313 1758 valere
1365 1705 1555 1777 legalia
1614 1709 1772 1764 insti-

186 1786 325 1845 tuta,
359 1782 453 1834 sed
502 1783 826 1840 sacriﬁcium
884 1787 1061 1844 laudis
1096 1793 1451 1851 solummodo.
1505 1798 1562 1853 In
1614 1801 1769 1854 tertia

183 1871 340 1932 parte
396 1864 634 1935 loquitur
672 1870 905 1926 inimicis
962 1875 1252 1946 increpans

179 1956 313 2024 quid
349 1957 420 2010 sit
467 1957 791 2015 faciendum.
850 1963 1084 2021 Intentio
1133 1978 1218 2024 est
1268 1971 1474 2028 hortari
1528 1973 1762 2044 Iudaeos,

181 2053 247 2099 ut
295 2056 416 2116 post
461 2047 659 2106 Christi
717 2053 1006 2110 adventum
1052 2059 1200 2114 nullo
1250 2065 1412 2118 modo
1463 2065 1516 2119 in
1581 2067 1766 2138 legali«

180 2134 286 2189 bus
329 2137 588 2194 institutis
647 2142 941 2211 conﬁdant,
997 2156 1052 2201 et
1087 2159 1148 2204 ut
1183 2152 1412 2219 gentiles
1454 2157 1524 2211 ad
1575 2134 1763 2215 eorum

177 2224 427 2282 instituta
497 2245 605 2284 non
669 2234 903 2290 veniant.
985 2237 1196 2296 Titulus
1259 2243 1338 2299 sic
1401 2247 1688 2316 exponitur
1744 2269 1758 2306 :

176 2316 415 2383 psalmus
444 2319 544 2375 iste
578 2325 828 2379 convenit
874 2325 1076 2397 Asaph,
1127 2331 1181 2386 id
1229 2343 1312 2389 est
1354 2342 1762 2409 congregationi

177 2404 436 2473 ﬁdelium,
488 2425 610 2481 qua:
664 2414 752 2468 hic
806 2415 1061 2486 loquitur.
1095 2420 1220 2477 ldeo
1269 2404 1636 2499 potius‘loqui
1674 2433 1759 2486 in-

173 2495 392 2552 ducitur
445 2497 757 2573 Synagoga,
820 2521 983 2575 quam
1037 2509 1280 2568 Ecclesia
1333 2516 1399 2571 de
1445 2495 1694 2587 gentibus
1741 2541 1755 2576 :

174 2588 305 2655 quia
336 2590 518 2659 potius
556 2589 758 2649 Iudaeis
807 2604 970 2666 quam
1013 2599 1241 2659 aliorum
1293 2608 1524 2664 credunt
1574 2620 1760 2669 aucto-

165 2860 264 2928 qui
295 2860 488 2930 legalia
517 2864 786 2930 instituta,
819 2870 943 2936 quia
969 2869 1218 2930 Christus
1247 2878 1338 2946 qui
1367 2889 1450 2934 est
1481 2899 1500 2932 ‹
1533 2882 1695 2947 Dens,
1731 2904 1752 2935 ι

167 2949 226 3002 id
253 2958 335 3003 est
361 2959 576 3006 creator
600 2972 618 3004 ι
639 2954 887 3022 deorum,
919 2977 937 3009 ι
960 2959 1013 3014 id
1037 2970 1120 3016 est
1135 2961 1427 3032 justorum.
1450 2969 1602 3026 Unde
1627 2972 1756 3027 dicit

166 3039 452 3110 Scriptura
486 3061 502 3100 :
551 3063 570 3096 ‹
619 3045 794 3103 Nolite
838 3050 1123 3109 detrahere
1162 3057 1265 3113 diis
1300 3079 1318 3110 ι
1357 3061 1553 3132 (Exod.
1602 3065 1695 3136 xx)
1735 3080 1752 3120 :

165 3131 288 3200 ipse
310 3140 393 3186 cst
415 3133 672 3192 Dominus
694 3139 932 3195 omnium
956 3145 1220 3213 gentium,
1245 3150 1336 3218 qui
1361 3131 1622 3208 hactenus
1671 3131 1749 3210 lo—

163 3230 329 3276 cutus
385 3222 486 3278 fuit
536 3225 591 3279 in
641 3230 938 3298 prephetis,
994 3236 1156 3290 modo
1191 3257 1209 3288 ‹
1261 3239 1474 3296 locutus
1521 3252 1604 3298 est
1634 3264 1653 3296 ι
1690 3247 1744 3300 in
1775 3219 1820 3280 (ἶ

163 3313 385 3381 propria
414 3329 667 3382 persona,
713 3337 730 3369 ι
776 3327 832 3372 ει
871 3324 1085 3377 vocavit
1112 3333 1316 3381 terram
1359 3349 1380 3382 ι
1436 3333 1504 3386 ad
1550 3347 1608 3387 se
1652 3349 1756 3389 ειη-⁷

163 3400 444 3456 diendum.

239 3491 469 3547 Vocavit
519 3503 743 3562 terram,
775 3499 1085 3557 universam
1138 3507 1364 3573 scilicet,
1411 3520 1468 3565 et
1519 3513 1622 3568 hoc
1663 3524 1748 3570 est

171 3599 191 3630 ε
248 3596 279 3634 a
317 3582 448 3636 solis
493 3594 613 3639 ortu
648 3602 818 3657 usque
855 3592 921 3645 ad
981 3607 1237 3650 occasum
1282 3617 1294 3650 :
1344 3617 1364 3650 ι
1423 3602 1748 3660 determinat

166 3670 334 3724 etiam
370 3671 546 3728 locum
577 3674 628 3729 in
654 3692 763 3746 quo
789 3678 1000 3736 locutus
1020 3693 1128 3748 est,
1155 3700 1276 3740 cum
1303 3689 1454 3756 dicit,
1486 3709 1506 3742 ‹
1543 3701 1598 3746 ει
1628 3709 1747 3765 spe-

163 3762 283 3818 cies
331 3763 541 3820 decoris
600 3769 736 3838 ejus,
777 3789 797 3821 ι
859 3771 912 3826 id
957 3782 1040 3829 est
1090 3778 1366 3846 speciosus
1411 3781 1578 3838 decor
1628 3785 1745 3855 ejus

161 3851 379 3907 Domini
422 3863 504 3909 est
551 3876 570 3908 ι
611 3873 676 3912 ex
733 3859 882 3915 Sion.
940 3883 958 3913 ι
1015 3864 1166 3922 Unde
1218 3871 1476 3939 propheta
1527 3893 1540 3928 ε
1591 3895 1609 3927 ‹
1657 3851 1744 3933 ὀε

159 3939 293 3994 Sion
317 3942 620 4012 exibit-lex,
644 3955 700 4001 et
728 3952 952 4006 verbum
980 3954 1047 4008 de
1073 3955 1411 4015 Hierusalem
1435 3983 1454 4014 ι
1475 3964 1628 4034 (Isai.
1651 3968 1736 4037 ιι).

232 4029 363 4085 Dico
406 4032 551 4090 Deus
590 4036 802 4094 locutus
831 4050 936 4107 est,
967 4051 1024 4098 et
1049 4045 1136 4099 ille
1165 4046 1306 4102 idem
1355 4069 1373 4101 ι
1414 4029 1556 4108 Deus
1588 4073 1606 4106 ›
1646 4029 1738 4125 qui

153 4120 452 4191 aliquando
508 4128 754 4184 occultus
805 4130 926 4198 fuit,
968 4136 1093 4203 quia
1118 4137 1382 4196 Divinitas
1432 4143 1636 4200 latebat
1663 4120 1736 4203 in

152 4212 512 4281 humanitate,
557 4237 577 4269 ι
609 4221 895 4278 manifeste
942 4227 1124 4281 veniet
1157 4249 1175 4281 ι
1211 4231 1265 4284 in
1297 4230 1522 4301 judicio,
1559 4238 1650 4292 sed
1682 4247 1737 4292 et

151 4301 248 4354 ille
277 4320 296 4352 ι
333 4303 472 4359 Deus
506 4316 690 4362 noster
723 4329 742 4360 ι
790 4321 1029 4368 nostram
1071 4318 1463 4378 humanitatem
1497 4325 1731 4392 habens,

150 4398 283 4445 tunc
332 4409 352 4442 ‹
383 4407 488 4448 non
528 4395 708 4451 silebit
738 4418 758 4451 ι
797 4409 924 4456 ante
945 4401 1211 4460 Herodem
1253 4418 1309 4463 et
1353 4410 1608 4480 Pilatum,
1637 4416 1732 4470 sed

147 4481 456 4552 increpabit
504 4502 941 4562 unumquemque
985 4495 1051 4550 de
1089 4501 1326 4566 peccatis
1358 4517 1373 4553 ;
1400 4511 1454 4557 et
1500 4503 1589 4560 hic
1636 4522 1732 4562 no-

147 4577 299 4626 tatur
340 4574 590 4632 intentio.

219 4661 290 4716 Et
330 4671 455 4721 tunc
499 4686 518 4718 ι
563 4671 882 4728 exardescet
911 4675 1050 4747 ignis
1088 4678 1141 4732 in
1173 4691 1466 4752 conspectu
1525 4687 1664 4756 ejus,
1702 4707 1722 4740 ι

143 4754 416 4819 prmcedet
468 4759 612 4813 enim
662 4766 958 4820 materialis
1009 4768 1150 4839 ignis
1194 4783 1321 4828 ante
1376 4754 1726 4848 conspectum

143 4841 266 4910 ejus
309 4846 572 4902 venientis
624 4851 691 4904 ad
736 4853 1022 4923 judicium,
1068 4861 1159 4930 qui
1213 4868 1479 4923 cremabit
1528 4870 1723 4933 faciem

145 4940 330 4999 terras,
359 4953 379 4986 ί
398 4946 452 4990 ει
474 4938 526 4992 in
556 4941 785 4997 circuitu
814 4947 930 5016 ejus
957 4957 1248 5020 tempestas
1282 4958 1474 5025 valida,
1504 4981 1523 5014 ι
1544 4965 1595 5019 id
1617 4976 1721 5035 est,

143 5027 321 5082 sancti
369 5031 564 5100 angeli,
604 5035 695 5104 qui
726 5037 779 5091 in
831 5040 933 5096 hoc
964 5057 1348 5115 comparantur
1391 5027 1722 5127 tempestati,

142 5117 273 5185 quia
313 5120 453 5176 sicut
495 5133 786 5196 tempestas
829 5134 1004 5190 valida
1040 5139 1254 5208 projicit
1279 5117 1551 5212 paleam'a
1590 5117 1722 5221 gra;

145 5209 254 5270 nis,
287 5211 364 5266 sic
388 5212 462 5268 illi
518 5216 803 5286 projicient
828 5225 998 5281 malos
1038 5243 1069 5283 a
1092 5230 1270 5287 bonis.

216 5300 286 5355 Et
325 5303 437 5372 ipse
467 5307 724 5367 Dominus
747 5316 967 5372 veniens
1001 5337 1020 5368 ι
1054 5321 1336 5379 advocabit
1365 5328 1586 5396 emtum,
1618 5351 1635 5383 ι
1667 5333 1720 5389 id

143 5401 233 5448 est
260 5395 509 5454 caelestes
532 5401 814 5460 desursum
839 5427 858 5457 ‹
891 5410 956 5464 ad
982 5426 1060 5478 se,
1096 5432 1114 5464 ι
1148 5415 1199 5469 id
1228 5426 1330 5484 est,
1363 5419 1476 5490 ipse
1501 5425 1720 5482 veniens

146 5479 429 5540 desursum
470 5489 753 5547 advocabit
780 5497 1046 5562 cmlestes,
1087 5519 1107 5551 ‹
1161 5511 1216 5557 ει
1249 5525 1267 5557 ι
1297 5479 1510 5564 vocabit
1552 5532 1570 5563 ‹
1604 5522 1718 5568 ter-

145 5587 264 5628 ram
292 5594 313 5628 ι
349 5591 457 5632 non
500 5580 566 5635 ad
588 5596 666 5647 se,
691 5585 784 5639 sed
811 5604 830 5636 t
851 5588 1157 5646 discernere
1185 5597 1437 5664 pepulum
1484 5616 1660 5667 suum,
1694 5623 1712 5655 ι

146 5661 202 5718 id
224 5673 330 5733 est,
367 5669 578 5745 adhoc,
611 5682 669 5728 ut
697 5675 1016 5735 discernant
1061 5661 1312 5753 populum
1344 5704 1498 5746 suum
1549 5709 1578 5748 a
1610 5661 1721 5748 ma-

145 5751 234 5809 lis.

1883 630 2223 697 separatione
2266 634 2333 686 ab
2364 635 2558 704 impiis,
2594 646 2778 694 monet
2811 642 3048 710 angelos,
3092 661 3319 714 quorum
3343 649 3457 704 olli-

1881 717 2026 772 cium
2075 728 2159 774 est
2213 723 2314 777 hoc
2356 723 2556 794 facere,
2583 729 2663 784 sic
2693 747 2706 784 :
2739 729 2844 786 Vos
2867 749 2901 788 o
2929 736 3124 805 angeli,
3173 756 3191 787 c
3231 755 3455 812 congre-

1881 818 2005 878 gate
2076 810 2150 865 illi
2200 833 2217 864 ι
2290 813 2518 873 Domino
2585 839 2606 870 ‹
2659 833 2875 879 sanctos
2934 826 3070 896 ejus.
3126 848 3144 880 ›
3205 810 3456 890 Ofﬁcium

1879 902 2024 956 enim
2077 905 2389 974 angelorum
2427 910 2532 965 erit
2563 952 2577 977 ,
2634 915 2853 971 realiter
2902 934 3231 992 congregare
3284 926 3451 994 judici

1879 1002 2118 1060 sanctos,
2147 1004 2202 1051 et
2249 998 2421 1054 malos
2463 1001 2517 1055 in
2546 1011 2814 1060 tormenta
2859 1010 3153 1079 dimittere,
3193 1016 3452 1072 determi-

1880 1100 2015 1142 nans
2043 1103 2179 1156 quos
2199 1101 2356 1146 vocet
2379 1102 2620 1161 sanctos,
2645 1096 2764 1152 illos
2803 1100 3010 1156 scilicet
3035 1123 3053 1153 ‹
3080 1106 3169 1174 qui
3198 1108 3454 1164 ordinant

1879 1181 2258 1232 testamentum
2285 1179 2402 1248 ejus
2423 1198 2586 1252 super
2609 1188 2896 1254 sacriﬁcia,
2927 1209 2945 1242 ο
2976 1193 3028 1247 id
3053 1204 3155 1261 est,
3183 1199 3274 1266 qui
3299 1208 3452 1269 post-

1877 1264 2068 1333 positis
2131 1266 2394 1339 legalibus
2437 1272 2720 1340 institutis,
2776 1279 2867 1346 qui
2922 1289 3006 1335 est
3064 1264 3246 1360 rectus
3293 1264 3450 1354 ordo,

1877 1353 2085 1410 Novum
2115 1359 2519 1418 Testamentum
2555 1377 2872 1436 sequuntur.

1946 1446 2281 1520 Congregate
2308 1462 2527 1510 sanctos
2577 1475 2596 1507 ι
2633 1469 2690 1513 et
2715 1477 2734 1510 ι
2766 1459 2840 1514 illi
2872 1478 2891 1510 ι
2920 1462 3043 1517 caeli
3081 1482 3099 1515 ι
3136 1473 3449 1539 congregati

1883 1553 1903 1587 ι
1941 1539 2334 1596 annuntiabunt
2367 1543 2635 1613 justitiam
2695 1548 2813 1618 ejus
2847 1569 2866 1601 ι
2912 1565 3126 1621 semper
3184 1555 3450 1616 laudando’

1877 1627 2088 1682 Deum:
2130 1631 2250 1685 ideo
2305 1651 2324 1683 ‹
2370 1637 2624 1703 quoniam
2667 1657 2684 1688 ι
2716 1639 2804 1694 ille
2856 1660 2874 1692 ‹
2942 1643 3080 1698 Dens
3132 1645 3310 1715 justus
3353 1649 3446 1718 ju-

1875 1718 1975 1772 dex
2007 1739 2024 1769 ι
2060 1730 2166 1786 εει,
2215 1723 2303 1792 qui
2353 1723 2548 1794 justos,
2581 1729 2673 1799 qui
2706 1730 2761 1783 in
2807 1731 2912 1786 hac
2941 1732 3050 1788 vita
3096 1735 3313 1793 fuerant
3350 1741 3450 1797 tri-

1874 1807 2119 1874 bulati,‘a
2159 1814 2315 1870 malis
2344 1827 2580 1886 separat.

1300 1896 1415 1946 eos,
1457 1892 1513 1937 et
1563 1883 1764 1942 docens
1793 1883 1840 1942 Β
1938 1899 2036 1956 llic
2069 1903 2256 1973 incipit
2283 1907 2348 1962 de
2378 1883 2614 1965 secunda
2653 1922 2826 1982 parte.
2886 1916 3229 1977 Continuatio
3261 1939 3274 1976 :
3309 1923 3444 1981 Dico

1866 1988 2126 2048 Dominus
2173 1994 2384 2053 locutus
2414 2039 2429 2063 ,
2477 2008 2532 2054 et
2565 2001 2679 2070 jam
2712 2004 2828 2059 haec
2870 2007 3074 2064 scilicet
3109 2028 3128 2061 ι
3155 2011 3316 2078 Audi,
3345 2029 3443 2083 po-

1865 2079 2021 2148 pulus
2069 2097 2238 2149 meus,
2275 2105 2292 2137 ι
2344 2087 2398 2140 id
2447 2099 2559 2157 εει,
2601 2092 2886 2164 diligenter
2935 2099 3204 2170 intellige,
3257 2121 3278 2154 ‹
3325 2079 3380 2160 et
3416 2126 3438 2160 ι

1865 2177 1993 2225 tunc
2044 2190 2062 2222 σ
2113 2172 2305 2244 loquar
2332 2177 2449 2244 tibi,
2489 2199 2507 2232 ι
2551 2183 2604 2236 id
2643 2193 2746 2252 est,
2798 2191 3162 2258 comprobabo
3201 2194 3295 2248 tibi
3342 2211 3442 2267 per

1863 2260 2226 2318 testimonium
2247 2270 2652 2339 prophetarum,
2680 2277 2780 2331 hoc
2803 2279 3044 2336 scilicet:
3075 2302 3094 2334 ι
3120 2284 3232 2355 Ego
3247 2260 3387 2352 smn,
3415 2308 3437 2340 ι

1862 2348 1917 2403 id
1947 2359 2050 2417 est,
2084 2368 2270 2409 verum
2297 2373 2417 2413 esse
2436 2361 2626 2427 habeo,
2659 2383 2677 2414 ι
2707 2365 2849 2423 Deus
2876 2388 2896 2421 ι
2921 2371 3141 2438 quidem
3171 2377 3436 2444 omnium,

1866 2455 1886 2488 ι
1922 2446 2047 2494 tuus
2075 2440 2218 2497 Deus
2263 2444 2566 2507 familiaris.
2608 2471 2628 2504 ι

1930 2529 1997 2584 Ει
2017 2545 2117 2602 ego
2151 2552 2171 2584 ι
2200 2551 2306 2590 ηοη
2329 2553 2552 2610 arguam
2581 2551 2634 2599 te
2663 2564 2681 2596 ι
2711 2546 2963 2619 deinceps
2989 2551 3042 2607 in
3080 2573 3100 2605 ‹
3151 2558 3435 2616 sacriﬁciis

1859 2619 1985 2674 tuis.
2017 2641 2036 2672 ι
2083 2621 2140 2676 Si
2167 2639 2271 2679 non
2311 2627 2510 2687 oﬂ‘eras
2538 2635 2801 2692 sacriﬁcia
2845 2642 3104 2710 carnalia,
3133 2661 3242 2702 non
3261 2645 3429 2705 οπεηέ

1857 2709 1976 2776 das,
1995 2711 2308 2772 holocausta
2330 2728 2510 2775 autem
2532 2741 2551 2774 ί
2573 2739 2677 2779 non
2703 2727 3011 2797 vitulorum,
3044 2754 3062 2785 ι
3090 2737 3185 2791 sed
3217 2757 3236 2788 ‹
3262 2746 3374 2805 tua,
3405 2761 3426 2794 ι

1859 2800 1913 2855 id
1938 2812 2043 2870 est,
2069 2820 2190 2874 qua:
2211 2807 2264 2861 in
2295 2818 2346 2864 te
2367 2819 2508 2876 sunt,
2535 2815 2740 2872 scilicet
2768 2821 2990 2889 spiritus
3015 2800 3429 2898 contribulatus,

1862 2907 1881 2943 ‹
1930 2909 2143 2965 semper
2170 2907 2298 2953 sunt
2347 2901 2402 2956 in
2443 2918 2734 2974 conspectu
2790 2927 2929 2968 meo.
2967 2934 2986 2966 ι

1927 2985 2058 3039 Dico
2099 3003 2205 3042 non
2236 3004 2476 3060 arguam,
2507 2997 2633 3063 quia
2671 3019 2688 3047 ε
2721 3015 2826 3054 non
2862 3003 3147 3073 accipiam,
3178 3026 3197 3060 ι
3244 3009 3298 3064 id
3323 3021 3429 3077 est,

1855 3089 1962 3128 non
2015 3077 2188 3134 habeo
2225 3093 2410 3150 gratos
2450 3103 2469 3134 ‹
2510 3086 2703 3143 vitulos
2757 3109 2774 3140 ι
2827 3094 3004 3148 cordis
3057 3097 3184 3166 quin
3237 3099 3432 3156 immo-

1853 3166 1933 3223 les
1966 3169 2097 3223 mihi
2138 3175 2470 3242 superbiam,
2522 3179 2749 3246 scilicet,
2803 3184 2909 3238 «de
2949 3186 3108 3242 domo
3139 3198 3248 3257 tua,
3288 3211 3305 3243 ι
3332 3209 3428 3248 ne-

1851 3273 1958 3328 que
1980 3261 2242 3330 accipiam
2306 3284 2324 3315 ι
2360 3265 2542 3322 hircos
2577 3288 2595 3320 ι
2644 3285 2750 3324 non
2781 3271 2900 3327 dico
2919 3277 3119 3342 cordis,
3156 3280 3284 3348 quin
3323 3283 3426 3336 im-

1850 3349 2019 3404 moles
2060 3349 2252 3407 fetidos
2315 3365 2491 3412 motus
2537 3357 2794 3426 libidinis,
2845 3363 3073 3431 scilicet,
3130 3388 3148 3419 ς
3196 3370 3260 3426 de
3304 3387 3426 3442 gre-

1849 3441 2004 3508 gibus
2059 3444 2182 3498 tuis.
2228 3465 2246 3496 ›
2286 3443 2401 3500 Non
2452 3449 2714 3520 accipiam
2761 3452 2901 3520 ideo,
2935 3474 2953 3505 ι
2983 3458 3106 3526 quia
3133 3475 3267 3517 meae
3297 3441 3424 3518 sunt

1845 3546 2033 3586 omnes
2091 3534 2219 3589 ferae
2267 3537 2539 3606 sylvarum
2592 3561 2610 3592 ›
2661 3543 2867 3600 scilicet
2916 3562 3049 3604 mete
3094 3556 3419 3622 potestatis,

1847 3629 1903 3674 et
1924 3622 2088 3677 etiam
2148 3625 2421 3681 indomita:
2473 3629 2601 3684 fera:
2645 3647 2778 3687 mea;
2825 3644 2970 3700 sunt,
3029 3647 3080 3692 et
3127 3642 3243 3696 haec
3276 3663 3294 3695 σ
3335 3646 3424 3714 juo

1845 3718 2025 3765 menta
2057 3730 2074 3762 ι
2125 3715 2401 3784 pascentia
2445 3735 2464 3767 ι
2492 3717 2544 3771 in
2575 3722 2867 3788 montibus,
2890 3733 2944 3778 et
2972 3726 3156 3793 boves,
3188 3749 3207 3782 ι
3235 3732 3289 3786 id
3311 3742 3416 3800 est,

1846 3800 2106 3857 indomita
2133 3805 2386 3860 animalia
2412 3817 2538 3862 sunt
2577 3825 2715 3865 mea.
2744 3810 2850 3866 Per
2872 3814 3134 3871 indomita
3163 3821 3417 3880 animalia

1842 3891 2128 3960 signantur
2181 3895 2435 3964 gentiles,
2484 3898 2576 3966 qui
2619 3898 2792 3969 legem
2838 3917 2944 3958 non
2970 3903 3280 3974 habebant;
3319 3925 3418 3980 per

1842 3980 2064 4045 domita,
2089 3981 2278 4049 Judaei,
2316 3986 2406 4054 qui
2439 3986 2537 4040 sub
2575 3985 2706 4058 jugo
2745 3989 2877 4061 legis
2927 3995 3266 4062 tenebantur,
3317 4001 3414 4058 sed

1840 4070 1944 4126 hoc
1993 4086 2098 4126 non
2145 4073 2309 4128 habet
2355 4075 2444 4130 hic
2468 4075 2664 4132 locum.
2698 4078 2814 4134 Non
2868 4091 3078 4138 tantum
3131 4091 3412 4147 terrestria

1838 4163 2115 4228 animalia,
2158 4165 2250 4219 sed
2287 4167 2451 4219 etiam
2497 4187 2516 4219 ‹
2567 4167 2804 4224 volatilia
2857 4173 2979 4228 οωΙί
3029 4179 3256 4248 cognovi
3289 4199 3309 4231 ι
3354 4189 3416 4236 ιιι

1839 4267 1981 4319 mea,
2018 4273 2035 4304 ε
2070 4262 2125 4308 ει
2150 4255 2496 4324 pulchritudo
2526 4260 2637 4330 agri
2667 4276 2878 4317 mecum
2907 4272 3011 4332 est,
3036 4285 3055 4319 ι
3087 4267 3141 4323 id
3169 4279 3273 4339 est,
3293 4287 3414 4328 om-

1837 4343 1920 4398 nis
1960 4343 2168 4400 fructus
2197 4355 2356 4402 terrae
2394 4349 2446 4402 in
2476 4365 2594 4404 mea
2624 4359 2705 4406 est
2728 4362 3012 4422 potestate.

1906 4432 1972 4487 Et
2001 4434 2119 4490 ideo
2162 4455 2181 4487 ι
2217 4437 2262 4492 si
2311 4439 2574 4504 esuriero,
2605 4459 2624 4492 ι
2683 4444 2825 4510 quod
2872 4453 3049 4502 tamen
3079 4449 3412 4519 impossibile

1754 4556 1808 4615 Β
1835 4533 1934 4590 est,
1975 4543 1992 4576 ‹
2027 4541 2132 4580 non
2164 4528 2337 4583 dicam
2367 4530 2483 4594 tibi,
2504 4529 2653 4585 Meus
2679 4541 2762 4587 est
2786 4535 2930 4590 enim
2965 4539 3114 4594 orbis
3139 4548 3318 4608 terrae,
3351 4552 3409 4600 et

1831 4613 2110 4682 plenitudo
2139 4617 2276 4686 ejus.
2307 4637 2326 4670 ι

1906 4705 2033 4762 Dico
2067 4727 2085 4758 ί
2117 4709 2162 4762 si
2189 4711 2452 4777 esuriero,
2476 4731 2495 4764 ι
2526 4712 2621 4767 sed
2649 4729 2922 4785 nunquam
2947 4721 3202 4788 esuriam,
3227 4724 3406 4782 ethoc

1829 4803 1933 4859 est,
1993 4817 2010 4848 ‹
2067 4801 2306 4868 nunquid
2364 4803 2700 4859 manducabo
2751 4821 2942 4864 carnes
2973 4818 3267 4879 taurorum,
3309 4826 3404 4871 aut

1827 4886 2142 4958 sanguinem
2193 4889 2467 4945 hircorum
2514 4896 2744 4962 potabo?
2771 4916 2789 4948 ι
2819 4896 2917 4954 llic
2939 4900 3224 4958 manifeste
3260 4907 3395 4960 stul-

1828 4977 2000 5032 titiam
2027 4993 2212 5034 eorum
2242 4982 2622 5052 reprehendit,
2656 4988 2745 5056 qui
2793 4992 3055 5058 putabant
3087 5008 3208 5048 eum
3251 5010 3400 5052 com-

1830 5070 2012 5135 edere,
2046 5072 2127 5126 vel
2158 5079 2343 5142 potare
2370 5077 2681 5146 sanguinem
2708 5082 3038 5139 animalium.

1902 5160 2256 5224 Determinat,
2294 5163 2435 5232 quod
2470 5165 2837 5224 holocaustum
2877 5171 2930 5224 in
2976 5187 3266 5244 conspectu
3301 5193 3399 5235 suo

1828 5249 2076 5318 superius
2104 5263 2223 5303 esse
2282 5251 2509 5307 dixerat.
2559 5253 2683 5311 Haec
2736 5257 2924 5327 legalia
2977 5264 3242 5322 sacriﬁcia
3289 5267 3396 5323 noli

1827 5337 2040 5403 offerre,
2079 5339 2171 5394 sed
2201 5343 2377 5411 potius
2419 5363 2436 5395 ι
2479 5346 2693 5402 immola
2749 5351 2859 5405 Deo
2905 5354 3230 5412 sacriﬁcium
3280 5357 3396 5413 lauo

1826 5430 1932 5496 dis,
1971 5450 1988 5482 ι
2025 5431 2077 5486 id
2105 5443 2208 5497 est,
2239 5434 2394 5490 lauda
2443 5437 2608 5494 Deum
2650 5451 2798 5496 tuum
2851 5443 2946 5507 ita,
2977 5449 3120 5517 quod
3161 5449 3277 5505 laus
3303 5460 3395 5508 tua

1823 5519 1889 5572 sit
1917 5519 1965 5574 ei
1992 5522 2315 5579 sacriﬁcium
2341 5525 2534 5595 laudis,
2567 5530 2618 5584 id
2647 5541 2748 5596 est,
2787 5533 3002 5590 immola
3033 5537 3262 5606 teipsum
3302 5557 3389 5600 se-

1822 5608 2056 5664 cundum
2115 5611 2409 5681 libidinem,
2479 5618 2770 5686 luxuriam,
2825 5626 3150 5694 superbiam,
3213 5632 3393 5688 avari-

1825 5699 1976 5764 tiam,
2008 5709 2137 5768 etc.,
2181 5705 2303 5772 quia
2344 5722 2450 5762 non
2479 5718 2564 5763 est
2603 5713 2844 5780 speciosa
2877 5713 2994 5770 laus
3032 5719 3086 5772 in
3117 5735 3212 5776 ore
3258 5737 3391 5791 pec‘

1823 5787 2043 5854 caloris,
2069 5791 2283 5848 immola
2313 5794 2547 5862 laudem,
2571 5801 2748 5856 ethoc
2781 5804 3014 5876 assidue,
3043 5818 3099 5864 et
3136 5811 3236 5867 hoc
3258 5787 3348 5868 est
3372 5833 3387 5869 :
