3940 6440
483 426 584 482 367

947 417 1304 476 HAYMONIS
1343 414 1817 472 "ALBERSTAT.
1857 412 2071 468 EPlSC.
2113 409 2264 466 OPP.
2304 407 2483 464 PARS
2521 407 2560 461 1.
2618 436 2671 445 -
2706 402 3058 461 COMMENT.
3099 402 3267 458 BIBL.

3626 396 3739 456 368

492 559 512 590 ι
548 547 605 594 ει
631 537 794 592 redde
822 533 1099 590 Altissimo
1132 540 1254 587 vota
1305 532 1415 596 tua,
1454 549 1472 580 ι
1504 529 1556 582 id
1582 536 1666 582 est
1691 527 1903 591 devote,
1933 533 1989 579 et
2016 522 2060 578 si
2090 527 2137 585 A
2166 531 2386 594 peccata
2409 530 2498 576 tua
2514 521 2716 584 videas,
2740 527 2861 588 quas”
2884 527 2941 572 tu
2954 507 3113 573 modo
3138 533 3243 572 non
3259 516 3512 579 attendis,
3536 531 3635 586 per
3653 519 3739 572 si-

482 628 644 683 modo
690 642 798 681 non
843 624 1049 696 poteris
1103 622 1343 690 implere,
1390 620 1553 675 redde
1578 618 1794 687 quando
1826 614 2053 685 poteris.

486 759 491 763 .
559 738 579 769 ι
611 717 679 771 Ει
711 736 728 768 ι
761 724 889 770 tunc
916 733 935 764 ι
970 714 1159 768 invoca
1195 726 1281 766 me
1322 710 1376 764 in
1402 710 1489 764 die
1537 707 1918 769 tribulationis,
1948 724 1967 757 ›
2003 705 2058 759 id

482 816 588 875 est,
614 808 668 863 in
692 816 932 875 tempore
956 803 1112 859 istius
1133 801 1416 872 przesentis
1441 799 1586 865 vitm,
1609 807 1663 853 et
1684 798 1796 867 ego‘
1812 796 1835 847 ι’
1872 808 2061 849 eruam

485 911 540 957 te
577 919 596 954 ι
633 914 664 957 a
702 896 1066 961 tribulatione,
1110 909 1218 963 non
1261 892 1403 963 quod
1455 906 1487 945 a
1530 902 1852 959 quacunque
1889 886 2060 941 tribu-

486 992 692 1047 latione
716 986 1130 1049 eruatlidelem,
1184 984 1280 1040 sed
1321 983 1392 1038 ab
1430 981 1523 1037 illa
1554 979 1919 1041 tribulatione,
1966 975 2059 1030 ubi

485 1096 673 1138 verum
712 1078 838 1135 boni
868 1085 952 1132 est
976 1076 1255 1139 damnum,
1289 1091 1307 1124 ι
1347 1081 1404 1127 et
1440 1092 1459 1124 ι
1492 1079 1549 1124 ιιι
1584 1076 1801 1138 ereptus
1828 1085 1846 1116 ι
1885 1067 2058 1121 hono-

486 1169 724 1228 rilieabis
790 1183 879 1224 me
921 1186 941 1220 ι
994 1167 1177 1221 ρθειιιη
1240 1162 1528 1218 laudando.
1596 1159 1730 1214 Cum
1790 1170 1915 1211 eum
1964 1153 2063 1208 alii

488 1266 558 1333 ita
589 1271 838 1341 ereptum
865 1260 1071 1326 vident,
1091 1258 1263 1313 Deum
1284 1255 1364 1312 sui
1382 1253 1516 1325 justi
1540 1257 1841 1323 ereptorem
1863 1245 2064 1302 collau-

489 1360 639 1412 dant.

494 1459 500 1465 '
558 1446 753 1516 incipit
803 1443 965 1499 tertia
1020 1455 1168 1513 pars,
1207 1448 1264 1494 et
1309 1438 1452 1493 sicut
1479 1437 1762 1507 Synagoga
1790 1428 2063 1485 Christum

490 1536 707 1592 induxit
740 1535 1048 1604 loquentem
1078 1531 1213 1596 suis,
1241 1528 1321 1584 sic
1346 1527 1509 1583 etiam
1537 1525 1821 1596 Synagoga
1859 1517 2067 1573 inducit

490 1627 662 1681 Deum
690 1624 1018 1695 loquentem
1056 1618 1349 1690 peccaturi.
1380 1612 1723 1670 Continuatio
1748 1627 1763 1664 :
1789 1607 1953 1676 Quasi
1986 1605 2068 1660 di-

493 1724 647 1773 ceret
672 1714 954 1786 Synagoga
981 1728 995 1764 :
1021 1710 1146 1765 Haec
1167 1707 1305 1764 dixit
1344 1706 1485 1761 Deus
1509 1702 1704 1774 vjustis,
1748 1720 1767 1753 ι
1795 1695 2067 1771 peccatori

493 1819 673 1866 autem
717 1807 850 1863 dixit
887 1826 906 1858 ι
950 1804 1065 1859 haec
1095 1820 1114 1853 ι
1149 1802 1309 1865 Deus,
1341 1798 1520 1865 Quare
1551 1804 1611 1851 tu
1634 1800 1887 1864 peccator
1902 1796 2069 1845 enar—

496 1910 590 1956 ras
606 1897 844 1968 justitias
868 1894 1063 1950 meas“!
1116 1912 1134 1944 ι
1180 1892 1248 1947 de
1295 1862 1574 1945 creatione
1610 1862 1736 1941 caeli
1792 1890 1849 1938 et
1886 1889 2066 1945 terra),
2094 1862 2143 1922 Β

482 2012 517 2049 ,ι
544 1998 601 2047 et
619 1987 850 2045 assumis
872 1991 1265 2041 testamentum
1304 1994 1511 2043 meum,
1550 1997 1570 2029 ι
1612 1976 1668 2031 id
1718 1980 2068 2030 est-veterem

491 2083 691 2155 legem,
729 2080 844 2135 sive
877 2090 1095 2132 novam‘
1122 2091 1141 2125 ι
1182 2086 1363 2142 peros
1392 2079 1543 2124 tuum
1588 2074 1614 2119 ἰ
1650 2075 1717 2121 ut
1767 2065 1903 2119 alios
1945 2061 2070 2117 inde

495 2154 726 2227 doceas?
754 2166 889 2223 Gum
927 2163 1059 2219 dicit
1097 2160 1356 2225 assumis,
1378 2165 1537 2214 notat
1583 2170 1697 2211 rem
1738 2154 1910 2223 ipsam
1962 2165 2070 2205 non

494 2278 616 2319 esse
642 2259 984 2317 commissam
1006 2253 1302 2327 peccatori,
1326 2250 1421 2308 sed
1453 2250 1568 2321 ipse
1596 2253 1849 2319 peccator
1867 2256 2069 2314 prtesu-

496 2351 695 2410 mendo
723 2347 921 2420 ingerit
944 2361 1024 2417 se.

567 2444 972 2499 Testamentum
1015 2435 1236 2508 ingeris,
1282 2442 1472 2489 contra
1527 2444 1656 2486 vero
1708 2425 1974 2498 operaris,
2015 2434 2072 2478 et

496 2535 600 2588 hoc
646 2538 769 2592 est,
827 2546 846 2579 ι
890 2538 945 2582 ιιι
997 2539 1124 2581 vero
1156 2522 1318 2578 odisti
1370 2518 1730 2590 disciplinam,
1773 2536 1793 2568 ι
1827 2515 1903 2570 ~id
1947 2522 2069 2577 εει,

495 2621 883 2683 eorrectionem
910 2612 1263 2681 meam,quia
1302 2610 1346 2664 si
1395 2608 1630 2677 aliquam
1682 2604 2072 2661 correctionem

499 2711 598 2767 tibi
622 2709 765 2772 dedi,
807 2705 1003 2760 invitus
1031 2698 1353 2761 sustinuisti,
1393 2715 1414 2748 ‹
1453 2706 1508 2751 et
1538 2709 1814 2768 sermones
1842 2706 2011 2755 meos,
2047 2708 2065 2742 ι

502 2803 558 2858 id
602 2807 688 2856 est
738 2803 1009 2869 pnecepta
1062 2807 1179 2847 mea
1204 2787 1534 2862 x-projecisti
1588 2794 1884 2843 retrorsum
1920 2803 1939 2836 ι
1965 2796 2073 2838 non

501 2889 844 2962 adimpleudo
870 2904 957 2943 ea.

514 3038 522 3051 ,
575 2983 894 3039 Sermonem
910 2975 1204 3049 projeeisti,
1237 2992 1254 3025 ι
1288 2981 1345 3028 ει
1362 2970 1609 3028 si~furem
1631 2968 2077 3030 videbas,eurre-

504 3076 606 3131 bas
625 3086 746 3127 eum
760 3084 845 3124 eo.
876 3087 896 3118 ι
928 3066 1061 3122 Cum
1094 3064 1211 3119 fure
1237 3055 2077 3130 currit,qui‘furtum-faeientem

2159 616 2286 670 mile
2315 615 2469 678 dicit,
2501 612 2626 682 quia
2653 610 2793 665 sicut
2822 609 3019 679 aliquis
3047 622 3161 662 rem
3202 624 3363 677 quam
3388 606 3573 668 habet,
3606 612 3745 663 ante

2159 701 2347 760 oculos
2383 700 2668 757 manifeste
2707 700 2872 763 videt,
2920 698 3002 753 sic
3048 698 3106 752 in
3139 698 3226 752 die
3270 696 3459 764 iudicii
3508 694 3744 766 quisque

2161 800 2379 862 peccata
2410 806 2506 847 sua
2541 788 2829 844 manifeste
2870 795 3174 857 cognoscet.

2232 885 2346 938 Vos
2361 882 2523 936 etiam
2578 899 2598 931 ι
2630 880 2723 949 qui
2774 876 3159 933 obliviseimini
3207 875 3398 937 Deum,
3455 892 3481 924 r
3527 872 3582 927 id
3632 879 3742 934 est,

2162 974 2252 1044 qui
2277 973 2445 1027 Deum
2466 971 2522 1026 in
2542 968 2802 1023 memoria
2833 980 2938 1021 non
2956 965 3190 1027 habetis,
3208 983 3227 1014 ι
3246 963 3531 1033 intelligite
3552 963 3690 1025 hare,
3717 981 3740 1013 ι

2162 1065 2216 1119 id
2277 1071 2380 1129 est,
2445 1063 2592 1117 hanc
2632 1073 2855 1130 poenam
2906 1057 3086 1125 impiis
3131 1054 3390 1118 futuram,
3458 1054 3746 1123 intelligi»

2162 1154 2305 1218 dico,
2354 1170 2374 1204 ι
2439 1151 2725 1221 nequando
2762 1148 2905 1217 rapit
2960 1166 2982 1197 ι
3029 1161 3128 1202 vos
3173 1146 3245 1200 ad
3283 1159 3523 1214 penam,
3562 1162 3583 1194 ι
3632 1152 3687 1196 ει
3720 1161 3744 1194 ι

2162 1251 2290 1299 tunc
2325 1262 2344 1296 ι
2378 1258 2483 1298 non
2521 1241 2594 1297 sit
2620 1238 2716 1308 qui
2743 1237 2962 1308 eripiat.
2999 1254 3020 1288 ι

2234 1336 2360 1391 Haec
2381 1332 2683 1403 intelligite,
2707 1338 2764 1385 et
2786 1328 2977 1384 adferte
3020 1326 3156 1381 mihi
3185 1344 3204 1376 ι
3259 1325 3593 1380 sacriﬁcium
3630 1323 3752 1377 lau-

2163 1428 2264 1493 dis,
2302 1446 2320 1478 »
2352 1426 2405 1480 id
2426 1432 2510 1480 est
2537 1422 2787 1492 spiritum
2841 1417 3287 1479 contribulatum,
3312 1417 3447 1486 quia
3484 1416 3618 1470 ιιιυά
3659 1430 3753 1469 sa-

2164 1514 2429 1572 crificium
2465 1530 2485 1563 ‹
2522 1509 2899 1567 honorificabit
2920 1521 3028 1568 me,
3058 1515 3116 1561 et
3135 1506 3266 1569 illic,
3307 1525 3333 1558 ν
3362 1505 3546 1570 idest,
3580 1505 3635 1558 in
3658 1503 3753 1560 illo

2166 1603 2433 1662 sacrificio
2458 1610 2543 1657 est
2569 1620 2587 1651 ι
2639 1601 2761 1663 iter,
2789 1613 2896 1669 quo
2926 1616 2945 1649 ι
2982 1597 3181 1651 itinere
3210 1610 3315 1667 ego
3364 1613 3384 1645 ι
3436 1595 3750 1657 ostendam,

2160 1690 2243 1752 illi
2295 1715 2315 1747 ι
2371 1691 2618 1749 offerenti
2672 1709 2692 1742 ι
2749 1689 3018 1751 salutare,
3071 1706 3098 1739 ν
3135 1687 3201 1741 id.
3248 1693 3333 1740 est
3386 1685 3754 1740 salvationcu

2178 1807 2197 1841 ι
2238 1787 2351 1842 Dei.
2383 1804 2402 1837 ι

2653 1872 2722 1928 ΙΝ
2771 1870 3103 1927 PSALMUM
3158 1869 3221 1924 L.

2169 1992 2406 2049 Tt'ruws
2436 2007 2448 2042 :
2489 1987 2556 2043 In
2584 1986 2741 2055 ﬁnem
2768 1982 2999 2055 psalmus
3038 1980 3471 2055 Βαιξὶάλφιαηᾷο
3514 1982 3662 2055 re:an
3684 1979 3757 2033 ai

2238 2077 2358 2183 cuin
2408 2047 2622 2113 Ναιήαή
2663 2047 2932 2125 propheta,
2974 2051 3186 2122 quando
3230 2047 3445 2105 intrarit
3497 2050 3579 2102 ad
3616 2047 3751 2103 Ber-

2239 2148 2297 2185 aa
2334 2145 2410 2184 ee.

2246 2257 2265 2290 ι
2294 2237 2552 2293 Miserere
2575 2234 2679 2290 mei
2702 2234 2864 2288 Deus.
2901 2251 2922 2286 ι
2955 2232 3200 2303 Legitur,
3244 2230 3389 2302 quod
3432 2245 3561 2286 cum
3594 2229 3756 2286 vidis

2170 2340 2248 2389 set
2297 2330 2467 2385 David
2496 2342 2721 2383 uxorem
2752 2325 2897 2382 Uria:
2922 2325 3188 2380 Bersabee
3218 2322 3490 2378 lavantem
3523 2322 3581 2377 in
3613 2322 3753 2377 sola-

2170 2422 2255 2476 rio
2280 2436 2399 2484 suo,
2430 2417 2757 2488 complacuit
2779 2417 2853 2481 ei,
2891 2423 2947 2470 et
2981 2402 3270 2480 accedens,
3297 2429 3425 2469 cum
3454 2427 3520 2467 ea
3549 2427 3751 2468 concu-

2169 2510 2287 2567 buit
2310 2509 2396 2582 (II
2420 2509 2549 2580 Reg.
2573 2507 2671 2579 χι).
2692 2507 2822 2575 Quae
2841 2521 2962 2562 cum
2990 2505 3334 2576 imprmgnata
3358 2513 3530 2571 esset,
3558 2505 3757 2559 timens

2171 2619 2241 2659 ne
2271 2600 2601 2656 adulterium
2649 2598 2991 2669 proderetur,
3047 2596 3264 2651 vocavit
3290 2596 3360 2651 ab
3407 2595 3755 2665 expeditione

2173 2693 2401 2759 Uriam;
2455 2690 2543 2746 ille
2596 2703 2845 2745 reversus
2897 2687 3070 2742 noluit
3109 2687 3306 2741 reverti
3353 2686 3423 2740 ad
3453 2684 3751 2739 thalamum

2171 2784 2431 2855 conjugis,
2475 2783 2600 2838 dum
2637 2781 2720 2836 sui
2747 2780 2880 2836 socii
2930 2787 3110 2834 essent
3160 2780 3212 2833 in
3251 2779 3621 2848 expeditione.
3648 2778 3752 2831 Re-

2171 2875 2321 2930 misit
2351 2888 2476 2930 eum
2524 2866 2693 2927 David
2741 2871 2810 2926 ad
2851 2868 2985 2925 Joab
3031 2885 3155 2925 cum
3213 2869 3432 2936 litteris,
3463 2869 3521 2924 in
3558 2869 3749 2938 quibus

2173 2965 2426 3036 pmepit
2460 2962 2595 3019 Joah
2624 2962 2853 3033 principi
2883 2961 3088 3016 militiae
3123 2975 3256 3028 suae,
3285 2968 3347 3015 ut
3371 2960 3465 3016 ubi
3493 2959 3747 3015 fortiores

2175 3055 2489 3111 defensores
2539 3054 2775 3110 civitatis
2826 3061 3034 3122 essent,
3071 3068 3193 3109 eum
3234 3061 3482 3123 poneret,
3525 3062 3581 3109 et
3629 3068 3743 3108 cum

505 3178 614 3219 non
631 3157 924 3229 redarguit,
939 3152 1403 3230 etquiconsentit.
1421 3149 1549 3205 Furi
1574 3146 1865 3209 consentit,
1887 3141 1967 3196 vel
1990 3140 2076 3197 cui
2104 3204 2148 3230 η
2180 3146 2356 3201 acrior
2372 3154 2516 3200 esset
2544 3144 2799 3208 assultus,
2829 3159 3018 3199 omnes
3048 3144 3180 3199 socii
3207 3143 3392 3201 Uriam
3417 3144 3745 3199 dimitterent

506 3251 707 3306 hirtum
744 3204 959 3319 placet;
980 3243 1063 3299 vel
1091 3243 1203 3313 qui,
1235 3256 1357 3296 cum
1382 3238 1553 3310 possit
1596 3237 1937 3305 redarguere.
1967 3247 2075 3287 non
2102 3204 2148 3267 Ο
2180 3236 2374 3301 solum,
2411 3245 2467 3290 et
2502 3236 2582 3291 sic
2609 3204 3021 3299 interficeretur,
3051 3242 3108 3290 et
3126 3235 3205 3290 sic
3234 3243 3320 3290 est
3368 3234 3598 3299 factum,
3650 3234 3745 3289 fuit

508 3338 804 3410 redarguit,
840 3354 859 3387 ι
918 3342 975 3390 ει
1017 3349 1137 3388 cum
1170 3330 1427 3386 adulteris
1450 3327 1751 3398 portionem
1800 3333 1945 3377 tuam
1975 3336 2076 3391 po-

508 3430 672 3487 nebas
712 3448 731 3480 ι
760 3426 845 3483 vel
872 3424 1121 3481 faciendo
1164 3419 1508 3485 adulterium,
1558 3415 1644 3471 vel
1690 3410 2077 3471 consentiendo

514 3520 797 3580 adulteris.

582 3633 601 3666 ι
632 3613 704 3671 Os
718 3611 887 3669 etiam
918 3619 1065 3665 tuum
1088 3604 1382 3663 abundavit
1402 3603 1625 3668 malitia,
1657 3620 1675 3652 ι
1703 3600 1758 3656 id
1782 3606 1884 3665 est,
1910 3598 2081 3653 abun--

511 3707 704 3761 denter
719 3702 956 3758 locutum
969 3707 1052 3754 est
1070 3697 1207 3753 mala
1230 3702 1438 3766 aperta,
1458 3712 1477 3745 ι
1496 3701 1552 3747 ει
1563 3691 1743 3761 lingua
1761 3696 1848 3743 tua
1863 3686 2082 3742 concin-

510 3795 659 3851 uabit
704 3791 873 3847 dolos.
913 3810 931 3841 ι
963 3788 1307 3845 Concmnare
1342 3784 1462 3838 ideo
1509 3781 1676 3845 dicit,
1717 3778 1842 3849 quia
1884 3776 1957 3830 illi
1986 3775 2081 3844 qui

508 3885 691 3943 dolose
718 3883 1028 3950 loquuntur,
1048 3884 1250 3932 ornatu
1274 3873 1512 3927 maximo
1542 3885 1638 3926 sua
1668 3867 1830 3925 verba
1866 3880 2084 3936 compo-

512 3986 669 4033 nunt.

596 4065 697 4119 Hic
744 4060 927 4118 subdit
977 4059 1043 4114 de
1086 4056 1439 4115 detractione.
1492 4049 1842 4108 Continuatio
1899 4065 1913 4103 :
1967 4046 2084 4104 Non

515 4161 724 4212 tantum
745 4150 842 4205 illa
867 4148 1005 4205 mala
1029 4146 1265 4223 faciebas
1289 4145 1400 4200 'his
1427 4143 1620 4208 modis,
1660 4141 1755 4196 sed
1798 4148 1855 4196 et
1908 4139 2087 4194 detra-

514 4243 712 4306 ctione,
762 4249 818 4295 et
859 4239 961 4293 hoc
997 4244 1101 4303 est,
1154 4254 1172 4286 ι
1227 4232 1536 4304 loquebaris
1563 4232 1825 4286 adversus
1863 4228 2085 4283 fratrem

492 4344 668 4389 .tuum
698 4350 710 4385 :
739 4350 758 4383 ι
804 4328 1024 4384 fratrem
1051 4334 1208 4381 vocat
1229 4324 1522 4396 quemlibet
1550 4321 1843 4385 hominem,
1865 4332 2087 4373 necnon

515 4422 756 4479 faciebas
797 4420 1032 4482 horarie,
1083 4418 1178 4473 sed
1211 4438 1230 4470 ι
1266 4417 1480 4479 sedens,
1517 4433 1537 4466 ι
1568 4414 1621 4469 id
1660 4421 1766 4478 est,
1818 4410 2085 4473 assiduus,

521 4533 542 4566 ι
573 4521 631 4569 ει
664 4533 683 4566 ι
717 4527 823 4568 non
847 4520 1050 4567 mutum
1079 4511 1338 4565 adversus
1360 4508 1516 4571 alios,
1544 4506 1640 4562 sed
1676 4525 1695 4557 ι
1731 4505 1989 4559 adversus
2027 4502 2088 4556 fi-

518 4606 650 4660 lium
674 4602 865 4659 matris
890 4610 1011 4664 ture,
1041 4620 1059 4652 ι
1095 4599 1146 4656 id
1173 4608 1255 4655 est
1274 4599 1592 4670 Synagogre,
1619 4616 1637 4648 ‹
1667 4595 1905 4666 ponebas
1934 4607 2091 4648 scan-

520 4693 723 4759 dalum,
755 4711 774 4744 ι
835 4691 888 4747 id
937 4699 1040 4756 est,
1087 4704 1462 4760 quamcunque
1492 4687 1837 4743 offensionem
1866 4699 2089 4753 persua-

521 4784 700 4841 dendo
733 4781 1004 4847 bmresim,
1050 4772 1364 4849 vel'aliquid
1411 4778 1538 4841 tale,
1583 4774 1725 4846 quod
1768 4788 1798 4826 a
1836 4772 1921 4827 via
1965 4787 2093 4827 vera

524 4876 785 4941 retrahat,
833 4893 853 4927 ι
884 4874 999 4929 hac
1039 4892 1057 4925 ι
1103 4870 1284 4928 omnia
1324 4868 1349 4921 ι
1390 4868 1586 4932 fecisti,
1616 4874 1673 4921 et
1704 4884 1723 4917 ι
1771 4878 1870 4935 ego
1914 4872 2092 4918 tamen

530 4989 549 5022 ι
587 4968 749 5034 tacui,
785 4989 804 5021 ι
838 4966 890 5022 id
917 4973 1022 5029 est,
1044 4979 1164 5020 cum
1195 4960 1450 5032 patientia
1481 4954 1807 5027 exspectavi,
1834 4962 1893 5009 ut
1924 4967 2094 5023 quan-

526 5059 704 5128 doque
727 5055 916 5118 saltem
939 5051 1352 5109 convertereris.

598 5149 798 5209 Etbac
825 5161 943 5200 mea
967 5142 1223 5215 patientia
1253 5140 1451 5195 abusus
1479 5150 1558 5199 es,
1588 5133 1711 5204 quia
1738 5132 1960 5205 putasti,
1991 5132 2094 5186 sie-

528 5248 590 5295 ut
633 5237 704 5304 ad
742 5237 928 5293 horam
979 5244 1036 5314 9;.
1076 5234 1291 5303 impune
1347 5226 1697 5292 dimittebam,
1747 5233 1807 5280 et
1854 5225 1955 5278 hoc
1991 5231 2095 5287 est,

537 5346 555 5380 ι
585 5326 907 5383 existimasti
928 5324 1112 5393 inique
1153 5340 1174 5373 ι
1201 5319 1283 5375 vel
1309 5316 1606 5382 vocativus,
1647 5314 1734 5370 vel
1760 5314 2095 5379 adverbium,

537 5435 559 5470 ι
589 5416 732 5489 quod
756 5430 851 5471 ero
885 5414 959 5469 tui
993 5432 1011 5465 ι
1039 5427 1149 5467 non
1175 5410 1463 5481 puniendo.
1502 5407 1560 5463 Si
1587 5407 1729 5463 enim
1759 5406 1902 5461 Deus
1926 5405 2098 5475 impu-

534 5506 678 5562 nitos
703 5503 997 5560 dimitteret
1025 5499 1213 5561 malos,
1262 5496 1451 5554 similis
1479 5495 1799 5565 injustorum
1831 5492 2099 5548 invenire-

537 5608 645 5655 tur.
670 5599 749 5654 Tu
792 5600 896 5654 hoc
925 5594 1144 5666 putasti,
1190 5592 1283 5649 sed
1310 5607 1417 5648 non
1442 5606 1446 5611 '
1472 5605 1566 5647 ero
1619 5590 1698 5645 tui
1740 5586 1955 5651 similis,
2004 5585 2101 5641 sed

542 5708 560 5741 ι
597 5703 819 5760 arguam
874 5695 944 5748 te,
984 5704 1002 5737 ι
1032 5684 1083 5737 id
1131 5693 1234 5747 est,
1287 5696 1386 5752 pro
1440 5680 1677 5751 peccatis
1731 5678 1949 5749 puniam
1988 5693 2009 5727 ι
2045 5682 2100 5731 ει

538 5786 773 5834 statuam
826 5785 1012 5831 contra
1056 5772 1246 5828 faciem
1287 5781 1454 5839 tuam,
1496 5791 1514 5825 ι
1550 5772 1776 5838 scilicet,
1809 5779 1867 5825 ut
1918 5768 2098 5823 omnia

2175 3327 2342 3396 igitur
2372 3326 2538 3381 David
2577 3326 2824 3381 adulterii
2856 3341 2980 3381 reus
3015 3334 3070 3381 et
3097 3326 3391 3382 homicidii.
3423 3326 3623 3382 Volens
3652 3327 3746 3381 ita~

2176 3430 2282 3484 que
2312 3413 2568 3468 Dominus
2591 3429 2846 3470 revocare
2893 3428 3109 3470 servum
3153 3428 3312 3468 suum
3358 3414 3551 3477 David,
3605 3414 3745 3469 misit

2176 3509 2243 3564 ad
2270 3523 2394 3563 eum
2433 3507 2641 3563 Nathan
2679 3508 3022 3578 prophetam,
3080 3505 3173 3576 qui
3221 3506 3276 3560 in
3316 3506 3554 3576 quadam
3598 3522 3747 3576 para-

2177 3599 2296 3655 bola
2321 3598 2587 3669 judicium
2612 3614 2643 3654 a
2672 3613 2798 3670 rege
2827 3605 3113 3667 quareret.
3141 3596 3288 3651 Dixit
3333 3597 3517 3666 itaque
3544 3596 3747 3650 Nathan

2180 3691 2353 3746 David
2384 3692 2497 3761 regi
2530 3689 2649 3761 (III
2687 3688 2816 3760 Reg.
2845 3688 2945 3759 xu)
2977 3706 2993 3745 :
3022 3689 3119 3744 Die
3139 3688 3292 3753 mihi,
3325 3704 3441 3751 rex,
3466 3687 3747 3759 judicium.

2181 3782 2407 3849 Quidam
2436 3782 2521 3835 vir
2561 3787 2698 3845 erat,
2757 3780 2851 3849 qui
2882 3779 3077 3834 multas
3104 3793 3232 3834 oves
3261 3778 3508 3842 habebat,
3543 3785 3599 3831 et
3623 3777 3754 3831 vici—

2182 3887 2310 3928 num
2335 3873 2425 3941 qui
2454 3872 2642 3927 habuit
2688 3871 2973 3941 quamdam
2996 3870 3265 3925 oviculam
3292 3878 3507 3931 tantum,
3534 3876 3748 3922 etcum

2185 3963 2260 4018 illi
2288 3965 2493 4035 potenti
2546 3962 2980 4034 supervenissent
3018 3963 3279 4031 hospites,
3320 3961 3487 4016 noluit
3527 3960 3594 4014 de
3632 3960 3756 4014 suis

2183 4055 2376 4111 ovibus
2404 4056 2637 4126 aliquam
2676 4055 2946 4126 accipere,
2975 4054 3068 4112 sed
3090 4053 3250 4108 vicini
3277 4054 3359 4108 mi
3382 4050 3650 4108 oviculam
3672 4067 3758 4106 ra-

2184 4146 2322 4218 puit.
2355 4144 2627 4201 Judicavit
2653 4158 2773 4208 rex,
2795 4144 2937 4212 quod
2964 4144 3056 4198 hic
3084 4142 3208 4197 talis
3250 4149 3395 4200 esset
3434 4141 3580 4196 filius
3616 4155 3757 4195 mor.

2188 4240 2278 4295 tis.
2309 4239 2456 4293 Dixit
2481 4252 2609 4308 ergo
2630 4236 2680 4291 ei
2709 4234 2923 4289 Nathan
2955 4251 2969 4287 :
3004 4232 3084 4287 Tu
3125 4248 3184 4288 es
3212 4232 3319 4296 ille,
3362 4231 3455 4302 qui
3485 4247 3610 4286 cum
3657 4232 3754 4284 ha-

2186 4329 2345 4383 beres
2375 4328 2652 4396 sexaginta
2688 4338 2909 4391 uxores,
2938 4330 2993 4379 et
3038 4323 3369 4378 concubinas
3397 4331 3535 4392 quot
3574 4321 3754 4379 velles.

2190 4417 2415 4489 rapuisti
2447 4426 2626 4473 tamen
2654 4429 2878 4471 uxorem
2909 4414 3074 4480 Uriaz,
3102 4414 3197 4485 qui
3246 4429 3410 4469 unam
3464 4413 3636 4469 solam
3668 4414 3757 4467 ha—

2189 4509 2371 4564 bebat.
2425 4508 2501 4562 De
2552 4507 2654 4562 hac
2681 4521 2809 4577 ergo
2862 4506 3229 4561 admonitione
3274 4505 3441 4559 David
3500 4520 3756 4573 compun-

2191 4610 2331 4665 ctus,
2362 4599 2525 4672 coepit
2555 4597 2840 4668 peenitere,
2895 4602 2949 4651 et
2977 4594 3045 4650 de
3075 4602 3307 4649 adventu
3331 4593 3548 4648 Nathan
3579 4594 3758 4648 titulus

2194 4689 2524 4760 compositus
2571 4695 2673 4742 est.
2722 4685 2825 4753 Qui
2855 4684 2936 4741 sic
2987 4685 3319 4754 exponitur:
3364 4681 3617 4739 Psalmus
3660 4684 3760 4737 iste

2192 4778 2443 4837 convenit
2466 4777 2634 4831 David
2660 4774 2964 4846 pmnitenti,
3006 4789 3098 4844 qut
3132 4774 3221 4827 hie
3245 4772 3512 4842 loquitur,
3548 4771 3759 4825 habitus

2195 4887 2318 4929 cum
2367 4869 2607 4926 venisset
2649 4869 2715 4924 ad
2761 4882 2884 4924 eum
2920 4865 3150 4920 “Nathan
3194 4865 3479 4935 propheta,
3547 4877 3655 4917 non
3696 4861 3760 4916 de

2195 4972 2517 5032 quocunque
2538 4959 2768 5014 adventu
2790 4956 3022 5020 Nathau,
3054 4956 3150 5010 sed
3189 4954 3253 5009 de
3277 4967 3361 5016 eo,
3387 4953 3482 5022 qui
3505 4951 3610 5005 fuit
3641 4964 3761 5006 cum

2196 5050 2363 5105 David
2392 5050 2614 5104 intravit
2643 5049 2708 5102 ad
2728 5046 3016 5110 Bersabee,
3045 5044 3113 5099 de
3151 5058 3257 5113 quo
3283 5042 3508 5099 introitu
3555 5039 3761 5094 Nathau

2195 5140 2453 5210 propheta
2497 5138 2844 5193 vehementer
2878 5150 3001 5191 eum
3051 5133 3365 5204 increpavit.
3413 5130 3642 5186 blattaria
3683 5137 3764 5184 est

2198 5230 2366 5286 David
2389 5228 2679 5300 paenitens,
2701 5236 2758 5282 et
2783 5225 2938 5281 valde
2966 5224 3256 5279 bumiliaus
3286 5238 3345 5278 se
3378 5230 3604 5293 propter
3641 5235 3764 5292 pec-

2197 5329 2320 5378 cata
2372 5319 2554 5391 gravia
2596 5330 2716 5388 qua:
2763 5314 2983 5370 fecerat.
3028 5314 3215 5369 Modus
3251 5329 3265 5365 :
3299 5313 3355 5367 In
3394 5313 3567 5382 prima
3612 5319 3765 5382 parte

2197 5411 2434 5468 ostendit
2466 5423 2618 5464 suam
2648 5405 3024 5462 humilitatem.
3070 5404 3128 5460 In
3159 5403 3395 5460 secunda
3433 5411 3592 5472 parte
3634 5417 3764 5457 cou-

2200 5502 2493 5558 ﬁdentiam.
2525 5499 2703 5553 Tertia
2726 5505 2809 5552 est
2839 5509 2958 5564 qua:
2978 5494 3224 5565 sequitur
3249 5507 3318 5549 ex
3353 5492 3494 5557 istis,
3519 5490 3638 5547 luce
3658 5491 3767 5546 sci-

2203 5590 2326 5643 licet
2360 5597 2420 5642 ut
2442 5586 2585 5641 Deus
2617 5601 2721 5641 non
2753 5582 3003 5652 respiciat
3027 5588 3249 5652 peccata
3296 5595 3416 5635 sua.
3458 5580 3518 5634 In
3571 5589 3766 5649 quarta

2201 5676 2355 5748 petit,
2397 5683 2457 5729 ut
2478 5674 2620 5730 Deus
2653 5672 2946 5729 Ecclesium
2976 5669 3162 5735 faciat,
3196 5671 3251 5724 in
3294 5686 3400 5739 qua
3450 5670 3553 5724 sibi
3606 5668 3770 5739 placi-

2205 5775 2318 5822 tum
2367 5765 2735 5821 holocaustum
2772 5761 3046 5817 offeratur.
3091 5760 3320 5816 intentio
3344 5770 3449 5825 est,
3493 5769 3553 5813 ut
3593 5772 3738 5832 quan
