3940 6448
197 392 307 450 569
1362 382 1800 440 EXPLANATIO
1836 381 1899 436 ΙΝ
1940 380 2275 437 PSALMOS.
3337 371 3441 430 570

203 512 538 570 tumcunque
593 496 778 568 gravia
827 503 1043 567 peccata
1104 494 1412 561 fecerimus,
1454 496 1500 551 si
1533 495 1778 550 volumus
1805 496 1853 556 A
1880 500 1934 548 et
1966 501 2024 547 ut
2061 493 2315 562 majorem
2339 500 2594 563 aggravet
2625 504 2773 545 suam
2799 490 3101 555 stultitiam,
3132 488 3281 553 dicit,
3333 508 3351 539 ι
3384 494 3441 546 et

199 592 447 650 converti
477 591 543 644 ad
575 591 761 654 Deum,
817 604 921 643 non
967 590 1334 659 desperemus,
1376 590 1502 658 quia
1532 588 1755 644 ineﬂ'ahi-

1889 604 1895 635 l
1934 583 2291 638 malum‘illud
2323 597 2506 638 coram
2536 591 2598 657 te
2638 580 2761 647 feci,
2802 601 2818 634 ι
2852 581 2915 661 id
2945 590 3050 648 est,
3089 580 3221 636 licet
3242 578 3445 664 ubique

204 683 276 737 lis
296 689 382 735 est
415 678 783 733 misericordia
816 677 926 739 Dei,
956 686 1011 732 et
1040 677 1207 732 multo
1258 677 1432 747 major
1460 694 1619 748 quam
1651 686 1776 732 sunt
1872 669 2188 745 praesentem
2234 682 2286 726 te
2323 674 2518 727 scirem
2545 686 2690 736 esse,
2723 680 2779 727 ct
2811 672 2991 727 omnia
3021 671 3225 736 videre,
3265 680 3321 725 et
3354 668 3444 739 j‘u—

203 781 429 843 peccata
452 776 656 832 nostra,
679 776 733 823 et
764 769 903 823 sicut
931 770 983 822 in
1012 768 1133 823 aliis
1174 769 1394 839 psalmis
1432 767 1776 839 pceiﬁtcntia-
1876 763 2047 818 dicem
2073 762 2311 816 omnium
2357 761 2592 815 futurum
2617 775 2737 816 esse
2761 762 2974 825 scirem,
3022 770 3201 815 tamen
3231 759 3453 831 peccavi

205 864 351 918 libus
377 877 483 917 non
507 866 733 916 excusat
776 871 1022 929 peccata,
1075 864 1169 917 sed
1205 878 1263 917 se
1315 870 1552 927 accusat,
1600 862 1679 917 sic
1722 862 1761 915 ir

1897 868 1931 905 n
1962 859 2252 920 conSpectu
2289 859 2401 915 tuo,
2458 859 2512 904 et
2557 850 2632 905 ita
2651 851 2892 921 peccavi,
2951 852 3094 921 quod
3127 850 3171 905 si
3214 857 3449 920 ponatur

205 957 316 1011 isto
356 952 618 1009 conﬁtens
672 960 975 1019 peccatum,
1026 953 1345 1022 deprecatur
1407 968 1502 1021 per
1544 967 1607 1007 ea
1660 967 1778 1022 quae
1878 941 2019 997 inter
2050 950 2101 995 te
2122 948 2175 995 et
2200 941 2493 1004 hominem,
2519 947 2575 993 tu
2600 938 3258 1009 solusjustusinveniaris,
3286 936 3449 993 homo

207 1049 337 1097 sum
390 1040 444 1094 in
488 1039 605 1111 ipso
649 1036 850 1107 judice,
885 1038 965 1094 sic
1028 1040 1256 1095 dicens:
1312 1058 1330 1091 ς
1368 1038 1623 1096 Miserere
1651 1039 1778 1107 mei,
1880 1030 2126 1100 injustas,
2171 1030 2307 1085 adeo
2346 1049 2363 1081 ι
2403 1038 2461 1083 ttl
2482 1027 2813 1097 jttstiliceris,
2861 1047 2880 1081 >
2932 1028 3107 1093 idest,
3148 1026 3326 1097 justus
3364 1026 3450 1081 in-

208 1132 374 1195 Deus,
408 1149 428 1182 ι
459 1129 512 1184 id
566 1135 670 1196 est,
697 1128 906 1198 respice
946 1144 1036 1184 me
1073 1129 1230 1186 oculo
1269 1129 1673 1197 misericordiae,
1698 1146 1781 1187 re-
1880 1124 2114 1178 veniat-is
2142 1141 2161 1175 ‹
2209 1124 2263 1178 in
2298 1141 2316 1175 ι
2351 1121 2602 1196 omnibus
2638 1141 2658 1174 ι
2702 1122 3039 1178 sermonibus
3086 1123 3213 1189 tuis,
3248 1142 3267 1176 ι
3326 1122 3452 1192 quia

207 1220 494 1276 formando
524 1234 633 1285 me,
681 1233 782 1274 nec
825 1218 1038 1289 aliquod
1082 1220 1358 1290 praetendo
1387 1220 1661 1287 meritum,
1686 1237 1763 1278 set

1897 1228 2000 1281 Juze
2034 1212 2348 1282 promisisti,
2386 1212 2603 1282 penitus
2647 1211 2900 1280 implesti,
2936 1227 3035 1283 ego
3062 1221 3240 1268 autem
3268 1221 3322 1268 et
3350 1229 3453 1267 cae-

209 1310 356 1379 piam
378 1318 502 1379 peto
532 1307 958 1363 miscricordiam
1006 1316 1174 1374 tuam,
1201 1320 1256 1363 et
1288 1310 1391 1364 hoc
1428 1308 1592 1364 dicit;
1628 1330 1646 1360 ε
1697 1325 1783 1365 se-
1882 1302 1981 1356 teri
2005 1301 2248 1356 homines
2276 1301 2489 1372 penitus
2514 1299 2851 1355 inveniamur
2881 1300 3084 1371 injusti.
3130 1300 3284 1357 Unde
3314 1302 3455 1371 Apo-

208 1397 448 1453 cundum
490 1410 739 1466 magnam
789 1394 1214 1450 misericordiam
1243 1405 1410 1451 tuam.
1436 1416 1455 1449 ι
1481 1395 1628 1451 Bene
1654 1396 1786 1452 dicit
1883 1390 2092 1446 stolas:
2132 1409 2151 1442 ι
2189 1390 2288 1446 Est
2314 1400 2492 1446 autem
2524 1390 2669 1446 Deus
2701 1405 2887 1457 verax,
2932 1390 3107 1446 omnis
3142 1399 3318 1445 autem
3359 1390 3455 1446 ho-

211 1488 472 1558 propheta
503 1501 755 1557 magnam
798 1486 1219 1542 misericordiam
1260 1504 1437 1554 suam,
1473 1488 1599 1559 quia
1644 1504 1784 1558 praz-
1885 1494 1973 1534 mo
2016 1480 2243 1535 mendax
2303 1479 2476 1551 (Rom-
2523 1496 2617 1545 ηις
2657 1479 2805 1534 Paul.
2844 1478 2991 1551 ειν).
3028 1499 3047 1532 ι
3088 1479 3157 1534 Et
3212 1494 3319 1535 non
3359 1493 3450 1536 so-

210 1578 425 1634 viderat
452 1578 507 1631 in
534 1578 739 1649 Spiritu
765 1586 953 1633 saneto
973 1578 1169 1653 Filium
1200 1596 1353 1635 suum
1377 1595 1436 1637 se
1455 1581 1704 1636 daturum
1728 1580 1766 1635 it

1897 1571 1993 1625 lum
2035 1568 2347 1639 justiﬁceris
2406 1571 2461 1626 in
2506 1569 2850 1626 sermonibus
2887 1569 3023 1636 tuis;
3069 1569 3162 1625 sed
3199 1586 3219 1620 ‹
3288 1568 3453 1624 etiam

212 1675 471 1732 mortem,
507 1683 607 1739 pro
632 1666 998 1738 redemptione
1024 1669 1244 1725 humani
1288 1670 1521 1740 generis.
1557 1669 1690 1727 Dico
1727 1686 1768 1726 u‘

1900 1662 2127 1719 vindicas
2175 1678 2296 1718 cum
2338 1656 2598 1731 judicaris
2644 1682 2663 1715 ι
2719 1662 2772 1717 in
2819 1661 3087 1727 omnibus,
3144 1660 3199 1716 id
3248 1668 3353 1727 est,
3407 1660 3456 1714 si

211 1773 408 1829 parcas
440 1757 594 1822 mihi,
618 1766 673 1813 et
698 1757 1012 1814 miserearis
1036 1760 1164 1827 mei,
1215 1760 1310 1816 sed
1352 1775 1542 1831 precor
1583 1768 1643 1815 ut
1666 1775 1791 1831 pec-
1888 1754 1982 1807 ﬁat
2022 1752 2281 1824 judicium
2311 1753 2452 1808 inter
2487 1761 2539 1809 te
2569 1760 2623 1807 et
2647 1753 2949 1818 hominem,
2987 1752 3134 1824 quod
3169 1758 3226 1806 tu
3274 1751 3456 1822 justus

212 1857 340 1906 cato
360 1864 482 1904 meo
505 1864 609 1903 non
650 1864 864 1918 parcas,
900 1849 1010 1904 imo
1060 1869 1078 1901 ι
1123 1849 1242 1906 dele
1276 1871 1295 1904 ι
1339 1868 1370 1906 a
1401 1852 1661 1907 memoria
1694 1861 1768 1905 tu:

1930 1843 2200 1909 iveniaris,
2253 1842 2396 1900 Deus
2423 1850 2601 1898 autem
2641 1841 2817 1913 justus
2843 1842 3140 1909 invenitur,
3189 1856 3313 1899 cum
3340 1855 3457 1895 om-

213 1955 313 2011 per
374 1955 510 2010 quas
568 1938 667 1993 tibi
734 1937 932 2008 placet,
994 1940 1300 2009 punitiones
1370 1961 1387 1993 τ
1439 1942 1785 2012 iniquitatem
1884 1932 1971 1987 nia
2000 1933 2201 1987 homini
2250 1948 2369 2003 quae
2398 1933 2506 1988 sibi
2533 1941 2657 1988 sunt
2695 1932 3018 1995 necessaria,
3051 1930 3457 1992 subministret;

214 2045 421 2093 meam,
449 2049 469 2083 ι
515 2043 689 2099 neque
728 2044 921 2100 precor
961 2031 1065 2085 hoc
1085 2030 1264 2100 aliquo
1286 2032 1498 2098 merito,
1529 2032 1625 2088 sed
1653 2050 1671 2083 ι
1696 2044 1786 2089 se-
1886 2025 2049 2081 homo
2072 2032 2251 2079 autem
2282 2022 2526 2094 injustas,
2578 2038 2701 2078 cum
2723 2025 2833 2078 Deo
2858 2023 3077 2092 dignum
3102 2021 3459 2077 fructum-non

220 2142 242 2177 ι
277 2125 505 2180 cundum
522 2123 917 2178 multitudinem
939 2123 1341 2179 miserationum
1367 2133 1602 2191 tuarum,
1626 2144 1643 2177 ι
1661 2124 1776 2194 quia

1902 2112 2085 2168 reddit.
2120 2112 2272 2169 Unde
2315 2114 2573 2170 Dominus
2612 2113 2668 2169 in
2707 2112 2995 2183 Evangelia
3029 2130 3043 2167 :
3088 2112 3331 2168 Judicate
3375 2111 3458 2166 itt-

213 2213 377 2270 video
420 2212 616 2268 multas
666 2220 719 2268 te
775 2213 1154 2270 miserationes
1198 2216 1506 2271 exhibuisse
1558 2214 1789 2272 bomini—
1889 2212 1973 2259 ῑεν
1998 2218 2083 2258 me
2112 2209 2168 2257 6'-
2189 2203 2401 2258 Vineam
2428 2216 2626 2259 meam-

215 2305 343 2371 bus,
368 2303 613 2376 patribus
639 2303 862 2370 nostris,
893 2306 984 2375 qui
1013 2305 1080 2360 ad
1103 2315 1155 2361 te
1183 2306 1434 2361 volebant
1455 2304 1716 2362 converti.

1962 2295 2102 2350 Vere
2127 2294 2333 2360 vincas,
2363 2294 2408 2349 si
2431 2292 2780 2363 iudicaveris,
2812 2310 2935 2352 cum
2961 2295 3200 2360 homine,
3246 2293 3373 2364 quia
3403 2301 3465 2347 ut

288 2395 441 2462 Dico,
472 2395 589 2451 dele
638 2394 976 2465 iniquitatem
1011 2411 1207 2462 meam,
1259 2410 1359 2452 nec
1409 2411 1591 2467 qurero
1628 2395 1793 2453 deleri
1893 2394 2101 2441 iaceam
2145 2387 2248 2441 ὶιου
2289 2401 2488 2442 "Ovum
2537 2395 2815 2457 Peccatum
2852 2406 2872 2439 ε
2925 2395 3218 2457 conceptus
3250 2399 3370 2440 sum
3409 2384 3463 2438 i“

218 2484 558 2555 iniquitatem
596 2499 694 2554 per
721 2483 1007 2550 sacriﬁcia,
1051 2485 1160 2541 imo
1184 2500 1281 2555 per
1308 2502 1340 2540 a
1364 2502 1478 2549 ,uas
1503 2486 1774 2555 baptisma-

1909 2494 1918 2527 ι
1948 2475 2346 2545 iniquitatibus,
2377 2495 2396 2528 ι
2431 2476 2557 2545 quia
2581 2477 2633 2531 in
2657 2476 2773 2548 ipso
2799 2487 3088 2549 conceptus
3109 2477 3183 2532 fui
3210 2490 3311 2548 ego
3342 2490 3465 2532 reus

218 2576 311 2641 tis,
352 2584 408 2631 et
430 2576 534 2633 hoc
551 2584 657 2640 est,
691 2593 712 2628 ι
750 2575 870 2630 lava
899 2591 986 2631 me
1032 2596 1053 2629 ι
1095 2592 1192 2648 per
1232 2577 1390 2632 ﬁdem
1427 2592 1587 2648 quam
1619 2578 1774 2633 habet

1936 2566 2355 2621 raevaricationis
2385 2574 2440 2622 et
2462 2567 2836 2624 inobedientia:
2869 2567 3018 2625 Adae.
3490 2566 3492 2573 ’

218 2667 277 2723 in
307 2667 464 2737 aquis
489 2666 763 2738 baptismi,
801 2667 939 2739 pem
981 2666 1152 2722 lavari
1173 2682 1270 2737 ρει-
1314 2667 1473 2723 ﬁdem
1500 2654 1663 2738 quam
1699 2668 1795 2724 ha.
1964 2655 2087 2711 ldeo
2126 2664 2237 2711 tam
2272 2655 2530 2711 miserum
2574 2672 2665 2713 me
2686 2671 2805 2713 esse
2826 2657 3019 2728 fateor,
3068 2659 3190 2728 quia
3219 2675 3239 2710 ο
3285 2672 3414 2714 ecce
3443 2678 3462 2710 ›

218 2758 313 2814 be;
336 2758 403 2814 de
425 2757 543 2829 ipso
565 2757 911 2828 baptismate,
954 2775 973 2808 ι
1003 2756 1123 2812 lava
1151 2773 1237 2814 me
1258 2759 1327 2813 ab
1351 2758 1633 2829 iniquitate
1654 2775 1793 2827 mea,
1894 2745 2147 2801 omnibus
2172 2753 2342 2817 patet,
2377 2747 2521 2816 quod
2553 2756 2607 2803 tu
2639 2767 2658 2800 ι
2693 2748 2973 2805 veritatem
3005 2749 3259 2816 dilexisti,
3295 2769 3312 2800 ι
3342 2752 3469 2820 quia

221 2857 282 2904 ει
329 2863 361 2902 a
415 2855 640 2918 peccaro
685 2861 807 2901 meo
848 2845 1047 2900 munda
1086 2862 1192 2912 me,
1230 2866 1249 2899 δ
1303 2848 1445 2903 idem
1489 2856 1648 2904 voca;
1692 2848 1797 2903 ini-
1898 2835 1943 2890 si
1983 2850 2092 2891 non
2137 2838 2402 2893 conﬁteor
2438 2838 2721 2896 veritatem
2749 2840 2816 2895 de
2850 2857 2935 2897 me
2963 2842 3100 2911 ipso,
3155 2857 3260 2898 non
3296 2858 3470 2898 essem

221 2938 581 3009 (ιυίιθιοηιιει
614 2944 916 3007 peccatum,
961 2935 1054 2991 sed
1081 2935 1294 2991 diverso
1349 2947 1622 3007 respectu,
1671 2937 1798 3006 quia
1897 2924 2089 2997 dignus
2131 2926 2215 2981 cui
2242 2935 2298 2981 tu
2337 2922 2641 2984 condonare
2687 2929 2931 2987 deberes.
2980 2932 3273 3002 Postquam
3288 2946 3471 3017 "accu-

222 3027 546 3083 adulterium
583 3034 639 3082 et
682 3024 1030 3081 homicidium
1064 3040 1217 3080 suum
1245 3034 1401 3081 vocat
1429 3024 1791 3095 iniquitatem,
1898 3021 2036 3075 savit
2066 3036 2133 3076 se
2164 3034 2262 3091 per
2291 3022 2508 3093 propria
2539 3033 2784 3094 peccata,
2834 3035 3056 3082 accusat
3084 3028 3246 3082 etiam
3276 3042 3335 3083 sc
3377 3042 3471 3098 per

219 3117 402 3187 quoad
464 3116 772 3188 proximum
827 3131 841 3168 :
898 3122 954 3169 et
1020 3123 1301 3184 peccatum
1346 3115 1639 3170 secundum
1695 3115 1798 3171 hoc
1824 3163 1868 3188 η
1899 3111 2159 3167 beneﬁcia
2192 3111 2308 3179 Dei,
2333 3114 2528 3184 quibus
2548 3114 2689 3170 male
2712 3132 2840 3172 usus
2863 3124 2964 3172 est.
3008 3117 3300 3188 Propterea
3345 3118 3472 3172 item

222 3163 402 3187 ..κνη-
468 3163 772 3188 τ-νηη---η-
829 3163 840 3168 ν
905 3163 953 3169 -ν
1022 3163 1301 3184 run-w-
1347 3163 1639 3170 -ν--η--η
1695 3163 1797 3171 κη
1899 3163 2159 3167 “mm—ﬂ
2192 3163 2308 3179 —--.
2338 3163 2686 3184 ςι-ην--η--ν
2716 3163 2964 3172 "ww--
3008 3163 3300 3188 -.Ἴων-...-

221 3207 366 3275 quod
394 3206 628 3277 seipsum
661 3206 713 3260 in
749 3217 996 3274 corpore,
1049 3203 1392 3274 luxuriando,
1443 3212 1500 3261 et
1526 3206 1581 3261 in
1610 3163 1871 3263 volun—c
1901 3205 2107 3271 vinces,
2148 3206 2274 3276 quia
2323 3224 2343 3258 ι
2380 3206 2736 3264 manifestasti
2760 3209 2887 3265 mihi
2922 3210 3126 3265 incerta
3146 3209 3355 3266 occulta
3388 3224 3458 3265 sa-

222 3305 333 3351 tate
361 3296 635 3352 homicidii
664 3294 1069 3351 contaminavit.
1900 3297 2117 3366 pientiae
2164 3304 2291 3363 tuae,
2331 3317 2350 3350 ι
2396 3298 2748 3355 manifestasti
2803 3300 2972 3365 mihi,
3017 3302 3252 3365 scilicet,
3300 3301 3474 3356 incar-

317 3386 449 3442 Dico
487 3387 630 3451 lava,
668 3397 726 3440 et
764 3385 890 3453 quia
942 3383 1119 3452 aliqua
1161 3385 1430 3450 lavantur,
1472 3384 1565 3439 ubi
1619 3392 1799 3439 tamen
1901 3386 2172 3442 nationem
2198 3395 2253 3443 et
2278 3388 2692 3458 reparationem,
2737 3406 2900 3461 quam
2922 3390 3164 3448 facturus
3187 3407 3247 3448 es
3266 3406 3363 3465 per
3385 3389 3499 3447 Fi-‘

222 3474 425 3546 aliquid
473 3475 650 3531 sordis
699 3485 959 3541 remanet,
1015 3475 1170 3538 dicit,
1226 3475 1446 3539 munda,
1498 3474 1799 3528 secundum
1900 3478 2031 3532 lium
2071 3487 2243 3544 tuum,
2287 3495 2407 3548 quae
2452 3480 2771 3550 quibusdam
2810 3482 3015 3538 incerta
3058 3492 3224 3550 sunt,
3269 3484 3474 3539 scilicet

225 3573 542 3632 utrumque,
590 3563 662 3617 ita
688 3563 917 3629 scilicet,
947 3563 1089 3632 quod
1116 3562 1251 3618 nihil
1277 3562 1332 3617 in
1358 3578 1445 3617 me
1468 3561 1805 3617 contamina-
1902 3567 2025 3632 illis,
2048 3569 2140 3638 qui
2182 3570 2285 3624 etsi
2315 3570 2515 3639 aliquid
2549 3570 2852 3643 intelligunt
2869 3572 2936 3629 de
2956 3574 3188 3630 adventu
3218 3574 3336 3629 Filii
3367 3575 3466 3638 tui,
3492 3600 3499 3607 ι

228 3652 394 3709 tienis
423 3656 719 3707 remaneat.
779 3652 929 3719 Dico,
960 3653 1103 3716 lava,
1144 3653 1363 3717 munda,
1412 3660 1467 3708 et
1500 3653 1604 3707 hoc
1632 3671 1648 3702 ι
1687 3666 1796 3705 am-
1906 3665 2085 3709 tamen
2124 3671 2231 3710 non
2252 3656 2432 3710 omnia
2458 3657 2616 3728 plene
2657 3659 2987 3731 intelligunt,
3027 3663 3347 3731 quibusdam
3384 3677 3476 3719 oc-

223 3741 385 3811 plius,
408 3761 426 3794 ι
470 3742 522 3796 id
551 3750 653 3807 est,
681 3743 926 3812 ampliori
963 3742 1230 3797 lavatione
1251 3758 1412 3811 quam
1444 3743 1642 3810 soleas,
1671 3746 1797 3815 quia
1904 3742 2071 3808 culta,
2111 3742 2319 3798 scilicet
2344 3743 2448 3799 illis
2480 3744 2572 3814 qui
2604 3745 2736 3800 nihil
2781 3761 3003 3817 prorsus
3025 3748 3150 3803 inde
3178 3748 3372 3804 sciunt.

226 3831 368 3885 sicut
393 3839 675 3901 peccatum
706 3832 937 3903 amplius
973 3818 1078 3898 est,
1127 3833 1207 3888 sic
1232 3833 1461 3903 amplior
1504 3835 1706 3893 lavatio
1748 3844 1807 3892 et
1975 3831 2072 3888 Hic
2109 3832 2300 3903 incipit
2337 3834 2403 3888 de
2444 3834 2678 3889 secunda
2706 3840 2879 3905 parte
2918 3853 2931 3889 :
2972 3834 3017 3892 Ο
3063 3837 3310 3904 Domine,
3366 3847 3473 3893 tam

129 3913 141 3923 ’
224 3921 505 3975 mundatio
535 3922 841 3976 necessaria
867 3930 972 3976 est.
1903 3921 2142 3992 graviter
2164 3922 2404 3992 peccavi,
2431 3923 2525 3978 sed
2551 3931 2727 3978 tamen
2764 3926 2976 3981 confido
3004 3926 3071 3982 de
3105 3927 3471 3984 misericordia

296 4008 559 4075 Quoniam
579 4010 808 4075 dixerat,
838 4025 1088 4082 magnam
1113 4010 1536 4067 misericordiam
1558 4011 1674 4077 Dei,
1708 4013 1803 4069 sed
1903 4017 2015 4073 tua,
2044 4018 2097 4063 et
2129 4008 2305 4064 sciens
2332 4027 2351 4060 ι
2381 4024 2633 4081 asperges
2658 4027 2744 4067 me
2768 4012 2999 4083 hyssopo
3033 4035 3052 4067 ι
3094 4015 3258 4070 mittit
3282 4031 3382 4073 nos
3408 4019 3503 4072 ad"

224 4098 351 4169 quia
397 4100 594 4154 iterum
641 4100 775 4156 vidit
807 4102 1236 4158 misericordiam
1288 4118 1394 4158 non
1439 4104 1557 4159 sine
1591 4098 1780 4172 justiti:

1925 4113 2097 4168 egem,
2130 4100 2183 4155 in
2212 4115 2316 4170 qua
2342 4100 2775 4170 praecipiebatur,
2821 4112 2881 4158 ut
2906 4104 3141 4176 hyssopo
3168 4100 3394 4163 intincto
3420 4108 3473 4163 in

224 4205 388 4261 posse
448 4206 587 4256 esse,
635 4192 751 4248 vult
791 4194 846 4248 in
886 4194 1061 4265 scipso
1115 4195 1404 4264 quamdam
1460 4196 1800 4253 occasionem
1902 4188 2163 4260 sangume
2204 4189 2404 4255 νίῑιιιθον
2432 4190 2678 4259 ιοιποειιε
2707 4204 3102 4264 aspergeret”.
3130 4203 3186 4252 θῑ
3227 4197 3341 4253 1‘00
3356 4186 3515 4265 εέίιιῖ

224 4284 530 4347 ostendere,
561 4293 964 4357 propterquam
1014 4287 1157 4342 Deus
1176 4288 1367 4343 debeat
1393 4287 1495 4343 sibi
1521 4288 1666 4358 juste
1694 4289 1800 4343 mi«
1902 4281 1981 4336 eis
2007 4281 2253 4350 quaedam
2283 4280 2517 4351 expiatio
2547 4280 2744 4354 (Exod.
2773 4281 2893 4355 xu).
2946 4285 3178 4357 Sanguis
3220 4288 3310 4344 ille
3353 4305 3502 4345 saur

224 4371 573 4428 scricordiam
603 4374 885 4441 exhibere,
928 4385 983 4430 et
1011 4370 1150 4431 sicut
1178 4377 1440 4432 hactenus
1484 4377 1801 4448 deprecatus
1903 4373 2132 4444 guinem
2156 4373 2359 4429 Christi
2396 4373 2740 4444 signiﬁcavit,
2786 4376 2841 4430 in
2869 4392 2978 4447 quo
3020 4392 3118 4448 per
3141 4378 3301 4436 ﬁdem
3329 4379 3476 4452 lepra

226 4467 313 4514 est
351 4458 588 4528 iudicem
614 4462 806 4528 Deum,
854 4479 956 4533 per
992 4479 1057 4519 ea
1089 4480 1208 4534 quae
1233 4466 1286 4520 in
1311 4465 1493 4536 judice
1527 4473 1670 4528 sunt,
1720 4465 1800 4521 sic
1822 4495 1878 4554 Β
1903 4470 2245 4534 peccatorum
2276 4465 2586 4519 mandatur.
2612 4465 2906 4537 llyssopus,
2929 4483 3049 4536 quae
3069 4469 3235 4525 herba
3258 4469 3495 4526 humilis.“

226 4548 387 4603 modo
429 4550 617 4620 incipit
665 4551 942 4621 deprecari
984 4567 1081 4622 per
1106 4568 1169 4607 ea
1200 4569 1323 4624 quae
1370 4555 1425 4607 in
1450 4554 1566 4624 ipso
1604 4556 1799 4624 depre—
1824 4548 1865 4554 ”
1900 4561 2004 4618 est,
2033 4552 2300 4623 signiﬁcat
2321 4552 2678 4610 humilitatem
2709 4570 2818 4625 qua
2839 4565 2894 4611 et
2916 4558 3163 4614 Christus
3182 4557 3321 4615 fudit
3349 4576 3474 4616 sau-

225 4647 389 4696 cante
424 4650 568 4697 sunt.
605 4642 949 4698 Continuatio
980 4662 993 4698 :
1038 4643 1183 4698 Lava
1228 4660 1326 4714 per
1373 4644 1799 4700 misericordiam
1903 4645 2119 4716 guinem
2149 4660 2325 4710 suum,
2369 4652 2425 4700 et
2450 4660 2554 4714 qua
2592 4661 2694 4701 nos
2718 4646 2890 4715 ipsum
2925 4649 3247 4719 sanguinem
3285 4665 3383 4721 per
3410 4649 3475 4704 ﬁ-

228 4730 372 4797 dico,
415 4740 471 4786 et
498 4732 603 4788 hoc
632 4732 836 4804 justum
865 4744 948 4790 est
977 4754 995 4786 ‹
1032 4736 1284 4804 quoniam
1320 4748 1420 4805 ego
1463 4734 1800 4805 iniquitatem
1904 4736 2024 4792 dem
2053 4736 2397 4806 suscipimus,
2427 4745 2482 4791 et
2509 4736 2653 4792 sicut
2676 4737 2943 4809 hyssopus
2969 4738 3175 4811 lapides
3204 4738 3473 4812 penetrat,

227 4834 409 4874 meam
439 4835 707 4889 cognosco
750 4841 770 4875 ι
813 4838 919 4878 non
966 4824 1080 4877 sola
1132 4824 1459 4895 cognitione,
1490 4825 1583 4879 sel
1617 4825 1800 4880 detra-
1904 4835 1959 4883 et
1983 4827 2257 4899 pulmonis
2297 4834 2569 4882 tumorem
2600 4826 2771 4897 pellit,
2817 4828 2898 4884 sic
2940 4829 3219 4887 humilitas
3265 4830 3475 4901 lapidea

226 4910 429 4976 ctione,
480 4921 536 4968 et
573 4914 978 4969 exsecratione:
1011 4934 1030 4966 ‹
1067 4923 1120 4970 et
1156 4923 1435 4985 peccatum
1476 4929 1654 4969 meum
1682 4928 1804 4969 con-
1904 4918 2065 4973 corda
2107 4926 2374 4988 penetrat,
2422 4926 2483 4973 et
2509 4926 2776 4975 tumorem
2804 4921 3067 4992 superbia:
3092 4920 3258 4993 fugat,
3303 4931 3357 4977 et
3385 4936 3474 4977 se-

229 5007 315 5055 tra
343 5016 433 5057 me
482 5010 565 5058 est
599 5017 815 5075 semper
842 5023 862 5058 ι
901 5005 1052 5075 quasi
1098 5005 1275 5075 imago
1324 5004 1601 5069 terribilis,
1641 5019 1804 5074 quam
1905 5008 2135 5063 cundum
2177 5007 2310 5063 dicit
2349 5026 2375 5062 :-
2398 5007 2667 5082 Asperges
2708 5025 2797 5067 me
2835 5013 3090 5085 hyssopo,
3132 5015 3185 5067 id
3224 5021 3308 5068 est
3347 5028 3476 5070 san-

227 5091 480 5148 omnibus
503 5093 678 5149 modis
701 5093 885 5166 fugere
913 5095 1092 5159 velim,
1129 5111 1228 5166 per
1266 5095 1448 5150 omnia
1477 5095 1803 5151 deberemus
1905 5099 2067 5169 guine
2114 5099 2339 5166 Christi,
2368 5115 2491 5155 cum
2525 5102 2828 5159 humilitate
2846 5104 2987 5169 fuso,
3033 5113 3087 5159 et
3111 5118 3234 5160 cum
3258 5104 3476 5161 humili-

229 5180 495 5250 accipere,
540 5191 595 5239 et
624 5184 959 5255 iniquitatem
1014 5194 1069 5241 et
1102 5195 1381 5256 peccatum
1413 5193 1472 5240 ut
1496 5198 1656 5254 supra
1702 5198 1800 5239 ex-
1907 5195 2016 5246 tate
2035 5197 2285 5258 suscepto
2312 5204 2458 5255 me,«
2485 5200 2543 5246 et
2568 5211 2589 5243 ι
2619 5208 2717 5263 per
2738 5193 2842 5248 hoc
2870 5212 2891 5245 ‹
2925 5193 3226 5250 mundabor
3256 5214 3273 5246 ι
3301 5211 3329 5249 a
3350 5210 3476 5264 pee-

229 5270 464 5338 positum
492 5281 597 5328 est.
1904 5283 2041 5339 catis
2061 5282 2218 5346 meis,
2247 5290 2302 5337 et
2323 5298 2427 5339 non
2453 5292 2660 5341 tantum
2703 5285 2757 5340 in
2786 5286 2889 5341 hac
2909 5287 3218 5357 aspersione
3252 5287 3503 5344 munda-~

302 5358 593 5416 Peccatum
618 5371 705 5419 est
735 5373 925 5420 contra
944 5380 1047 5427 mc,
1087 5375 1142 5420 et
1172 5365 1275 5423 hoc
1301 5364 1658 5435 perpetrando
1694 5381 1799 5421 non
1907 5372 2035 5437 hor,
2064 5371 2159 5427 sed
2195 5372 2359 5427 etiam
2387 5375 2649 5445 accipiam
2676 5376 2968 5432 candorem
2999 5376 3282 5442 virtutum,
3321 5392 3345 5428 ι
3392 5375 3473 5430 la-

227 5450 451 5539 peepavi
489 5451 668 5518 alicui.
711 5446 867 5509 nisi!
908 5454 1003 5509 tibi
1021 5453 1142 5520 soli.
1175 5475 1194 5506 ι
1225 5456 1350 5524 quia
1392 5470 1517 5510 cum
1548 5469 1644 5510 rex
1674 5457 1800 5523 sim.
1906 5463 2067 5519 vabis
2094 5478 2184 5519 me
2209 5482 2228 5517 ι
2254 5464 2347 5519 illo
2396 5468 2659 5538 sanguine
2686 5487 2705 5518 ι
2735 5475 2790 5523 et
2825 5487 2845 5520 ι
2879 5483 2980 5539 ego
3028 5468 3344 5532 dealhabor,
3373 5486 3391 5519 ι
3422 5468 3473 5522 id

231 5537 413 5594 nullus
439 5540 602 5597 habet
624 5542 816 5613 punire
841 5551 1120 5612 peccatum
1155 5559 1359 5611 meum,
1390 5545 1492 5619 nisi
1529 5553 1585 5600 tu
1617 5544 1787 5612 solus;

1946 5563 2008 5621 st,
2035 5555 2428 5614 dealbationem
2448 5574 2480 5614 a
2507 5537 2559 5616 te
2587 5560 2843 5629 recipiam
2882 5578 2901 5610 ι
2920 5537 3095 5631 super
3119 5560 3320 5625 nivem,
3356 5579 3377 5613 ι
3421 5560 3502 5616 ξιιμ

233 5626 319 5682 vel
359 5630 580 5699 peccavi
617 5634 886 5689 curandus
912 5633 1007 5689 tibi
1035 5634 1156 5701 soli,
1204 5636 1330 5706 quia
1361 5652 1484 5693 cum
1508 5637 1685 5694 nullus
1712 5638 1802 5709 ju-
1905 5655 2006 5713 est,
2035 5647 2155 5718 plus
2179 5664 2339 5719 quam
2368 5650 2583 5720 aliquod
2609 5626 2804 5721 corpus
2830 5626 3285 5721 possit'dealbari.

226 5724 374 5793 stus,
406 5721 505 5777 nisi
536 5731 590 5779 tu
615 5724 779 5794 solus,
806 5742 836 5782 a
861 5734 911 5783 tc
933 5726 1066 5796 solo,
1102 5726 1343 5796 Domine,
1366 5744 1483 5787 sum
1509 5730 1798 5799 curandus,
1977 5734 2065 5793 Sic
2096 5735 2403 5802 dealbabor.
2448 5747 2500 5795 et
2529 5749 2715 5797 postea
2750 5760 2767 5795 ς
2820 5740 3023 5799 auditui
3050 5756 3169 5799 meo
3211 5742 3395 5803 dabis.
3448 5762 3501 5794 ιν
