3940 6448
423 331 520 384 571

879 329 1234 386 llAYMONlS
1271 329 1748 384 llALBEllSTAT.
1792 328 2004 384 EPISC.
2046 329 2196 384 OPP.
2237 328 2416 384 PARS
2451 330 2493 383 l.
2532 361 2602 368 ——
2636 328 2992 385 COMMENT.
3035 331 3216 384 BIBL.

3578 334 3690 391 372

425 443 478 498 id
516 449 617 504 est,
663 442 815 495 dabis
837 441 969 494 mihi
1005 441 1301 510 intelligere
1332 456 1360 492 a
1395 440 1596 507 Spiritu
1624 449 1813 493 sancto
1858 441 2003 492 intus
2031 444 2080 502 Α
2109 440 2328 493 veniunt
2359 454 2458 509 per
2489 443 2883 512 suggestionem
2924 445 3218 513 sanguinis.
3243 445 3347 500 Per
3371 450 3688 518 sanguinem

424 533 556 589 mihi
583 533 834 603 loquente
869 551 888 582 ‹
936 531 1186 602 gaudium
1236 550 1254 581 ι
1298 528 1364 584 de
1398 530 1715 604 remissione
1754 539 2002 600 peccato-

428 641 566 690 rum,
620 642 639 676 ι
680 633 734 678 ει
763 623 1002 678 laetitiam
1046 642 1064 674 ι
1108 622 1174 674 όε
1215 637 1310 692 spe
1359 622 1485 676 vitae
1525 631 1764 687 aeternae,
1804 641 1824 673 ε
1880 631 1935 677 ει
1979 642 1999 676 ι

426 725 554 770 tunc
580 733 600 764 ι
635 729 758 768 ossa
789 733 810 766 ι
835 729 976 777 mea,
1003 713 1054 766 id
1084 720 1185 776 est,
1221 713 1413 766 robora
1441 712 1666 768 rationis
1692 729 1824 768 mete
1853 715 2006 783 prius

431 825 448 855 ‹
499 805 777 859 humiliata
831 824 849 855 ›
882 819 979 874 per
1008 812 1313 872 peccatum,
1343 823 1360 854 ι
1391 803 1737 858 exsultabunt
1768 825 1787 856 ι
1819 806 1884 858 dc
1913 819 2002 859 re-

425 895 768 949 formatione.

493 985 711 1038 Averte.
755 983 880 1052 Agit
915 981 982 1037 de
1010 983 1165 1037 tertia
1191 992 1367 1053 parte,
1401 984 1625 1050 scilicet,
1662 993 1722 1039 ut
1746 1001 1804 1040 se
1831 985 2003 1056 respi-

426 1075 553 1136 ciat,
599 1088 704 1126 non
743 1082 1048 1143 peccatum,
1091 1089 1251 1143 quam
1283 1075 1504 1144 proprie
1545 1076 1696 1145 ponit
1731 1085 1852 1144 post
1879 1076 2002 1132 illas

423 1163 556 1217 duas
593 1163 830 1227 tertiam,
878 1163 1006 1231 quia
1050 1164 1140 1218 illc
1180 1164 1324 1232 jnste
1368 1165 1536 1218 Deum
1565 1176 1842 1233 precatur,
1896 1166 1994 1235 qui

423 1253 501 1307 sic
531 1253 800 1316 humiliat,
825 1262 881 1306 et
910 1253 981 1306 ita
1011 1253 1232 1307 conlidit
1263 1254 1314 1306 in
1344 1253 1587 1308 Domino.
1614 1254 1998 1309 Conlinuatio:

2105 527 2227 580 ideo
2247 527 2543 596 accipimus
2566 529 2652 581 illa
2683 539 2925 599 peccata,
2950 531 3076 600 quia
3098 548 3162 585 ex
3193 542 3385 587 natura
3410 538 3691 607 sanguinis

2104 618 2327 671 veniunt
2381 617 2685 687 hujusmodi
2732 623 3125 691 suggestiones.
3165 622 3469 692 Sanguines
3509 627 3693 697 plura—

2103 708 2228 762 liter
2274 709 2394 764 ideo
2435 712 2605 781 ponit,
2647 719 2708 765 ut
2745 713 2994 767 ostendat
3041 730 3099 768 se
3136 715 3456 785 implicitum
3507 721 3694 777 multis

2103 795 2408 864 hujusmodi
2451 801 2726 869 peccatis:
2771 801 2938 856 libera
2978 803 3098 856 dico
3133 813 3209 869 tu,
3258 807 3352 875 qui
3384 823 3447 861 es
3500 821 3695 864 auctor

2103 887 2262 954 hujus
2314 907 2332 939 α
2364 890 2550 945 salutis
2579 907 2734 958 mete,
2771 911 2787 943 ι
2828 911 2845 942 ‹
2875 901 2929 947 ει
2962 913 2978 943 ›
3011 894 3054 948 si
3082 894 3436 964 liberaveris,
3477 919 3495 949 ί
3517 900 3695 955 exsul-

2103 979 2269 1040 tabit,
2314 999 2334 1031 ι
2404 980 2457 1034 id
2502 989 2616 1045 cst,
2679 981 3014 1036 exsultanter
3059 986 3398 1042 annuntiabit
3455 1006 3473 1038 ι
3512 989 3698 1059 lingua

2103 1082 2221 1122 mea
2251 1069 2516 1138 justitiam
2558 1079 2700 1124 tuam
2740 1090 2758 1122 ι
2801 1071 2868 1124 de
2920 1073 3196 1130 creatione
3246 1075 3367 1130 coeli
3423 1086 3478 1131 ct
3509 1087 3694 1146 terrae,

2103 1167 2156 1213 et
2183 1159 2248 1214 de
2280 1160 2381 1215 hoc
2406 1161 2591 1223 etiam,
2623 1162 2764 1230 quod
2790 1161 2926 1216 facis
2955 1163 3476 1232 hominemjustum.

2173 1251 2418 1316 Domine,
2453 1252 2498 1306 si
2533 1250 2685 1305 fuero
2728 1252 3013 1318 liberatus,
3040 1256 3333 1311 exsultabit
3356 1258 3542 1330 lingua
3572 1276 3694 1316 mea

423 1343 779 1398 Exsultabunt
797 1359 918 1398 ossa
936 1343 1084 1408 dicit,
1107 1353 1232 1397 etut
1251 1344 1423 1414 possit
1442 1344 1736 1408 exsultare,
1767 1365 1784 1396 ε
1814 1355 1999 1400 averte
2096 1342 2360 1412 justitiam
2385 1351 2554 1409 tuam,
2579 1352 2632 1398 et
2654 1347 2816 1399 etiam
2840 1354 2894 1399 tu
2925 1368 2941 1397 ι
2964 1347 3489 1418 Domine,aperies,i
3512 1352 3566 1406 id
3589 1364 3694 1425 c§t,

422 1431 615 1487 faciem
666 1443 835 1497 tuam,
874 1453 892 1484 ι
933 1434 985 1487 id
1025 1441 1108 1487 est
1151 1435 1513 1505 cognitionem
1559 1444 1730 1500 tuam,
1761 1453 1778 1485 σ
1816 1449 1845 1488 a
1875 1450 2001 1504 pec-

422 1525 560 1578 catis
590 1525 723 1579 meis
762 1545 782 1576 ι
819 1541 886 1578 ne
923 1525 1122 1594 punias
1163 1541 1226 1580 ea
1275 1527 1622 1592 :eternaliter,
1664 1546 1682 1578 ι
1717 1536 1774 1582 ει
1818 1527 1937 1581 dele
1975 1547 1993 1580 ι

421 1615 490 1668 de
512 1614 650 1668 libro
678 1615 886 1678 mortis,
933 1624 986 1669 ct
1009 1615 1122 1670 haec
1153 1624 1424 1670 recentem
1454 1624 1510 1670 et
1537 1633 1557 1668 ι
1587 1631 1778 1671 omnes
1812 1636 1830 1668 ι
1863 1616 1999 1670 alias

427 1724 448 1757 ι
496 1707 808 1777 iniquitates
830 1723 995 1762 meas.
1033 1728 1051 1758 ι
1097 1707 1162 1762 Et
1195 1708 1382 1764 deletis
1409 1709 1565 1764 malis
1598 1728 1616 1760 ε
1654 1723 1780 1764 crea
1820 1709 1875 1762 in
1910 1723 1997 1762 me

2102 1433 2418 1504 multiloqua
2449 1433 2613 1489 facies
2659 1453 2676 1486 ι
2705 1435 2844 1490 labia
2881 1452 3022 1502 mea,
3061 1447 3116 1493 et
3153 1454 3214 1494 os
3249 1455 3430 1494 meum
3473 1458 3694 1497 annun-

2101 1522 2258 1576 tiabit
2297 1523 2507 1578 laudem
2549 1533 2713 1589 tuam,
2747 1544 2764 1575 ι
2797 1524 2848 1578 id
2869 1535 2973 1591 est,
2997 1542 3118 1580 cum
3154 1527 3319 1582 multa
3343 1528 3696 1599 loquar,om-

2102 1612 2190 1666 nia
2220 1621 2381 1666 erunt
2410 1615 2474 1668 de
2496 1613 2655 1669 laude
2681 1619 2791 1669 tua.

2177 1721 2195 1754 ε
2233 1703 2494 1770 Quoniam
2529 1725 2548 1758 ι
2587 1707 2709 1761 ideo
2750 1707 2871 1762 dico
2925 1707 3069 1777 quod
3106 1710 3444 1765 annuntiabo
3479 1711 3695 1767 laudem

423 1814 518 1854 cor
555 1801 830 1865 mundum,
877 1816 910 1855 ο
939 1801 1098 1865 Deus,
1136 1821 1154 1853 ι
1194 1817 1262 1856 ne
1289 1802 1541 1872 deinceps
1565 1803 1724 1859 velim
1751 1817 1998 1872 peccare,
2027 1804 2077 1866 Β
2107 1801 2276 1860 tuam,
2304 1795 2429 1864 quia
2455 1795 2601 1850 aliud
2621 1797 2838 1852 noluisti
2855 1798 3202 1864 sacriﬁcium,
3223 1803 3349 1869 quia
3383 1823 3400 1853 ε
3423 1804 3468 1857 si
3493 1824 3510 1856 ι
3548 1805 3695 1860 aliud

423 1905 548 1944 crea
582 1891 730 1955 dicit,
759 1892 885 1959 quia
909 1905 1004 1961 per
1026 1901 1308 1962 peccatum
1330 1903 1452 1948 erat
1489 1909 1583 1948 cor
1605 1895 1763 1963 quasi
1791 1895 2004 1949 destru-

421 1991 585 2045 ctum,
621 1990 673 2036 et
706 1997 809 2036 non
839 1989 1047 2037 tantum
1077 1998 1296 2039 remove
1325 1985 1628 2040 voluntates
1647 2002 1678 2040 a
1699 1987 1883 2053 corde,
1910 1988 2003 2043 sed

421 2075 586 2128 etiam
619 2077 992 2146 suggestiones
1021 2091 1050 2130 a
1077 2092 1258 2141 carne,
1299 2086 1480 2146 posset
1500 2078 1646 2134 enim
1671 2078 2001 2134 voluntatem

422 2167 734 2220 mandatam
769 2169 1041 2237 suggestio
1069 2170 1250 2224 carnis
1283 2185 1648 2240 corrumpere,
1695 2191 1713 2223 ι
1748 2180 1802 2227 ει
1831 2191 1851 2223 ›
1898 2173 2002 2227 hoc

427 2274 447 2307 ι
493 2257 740 2324 spiritum
771 2268 997 2325 rectum,
1033 2279 1051 2311 ι
1097 2259 1150 2313 id
1176 2268 1274 2322 est,
1302 2259 1500 2314 Filium
1539 2271 1710 2324 tuum,
1748 2262 1840 2333 qui
1863 2263 2002 2316 bene

422 2346 560 2417 regit
593 2362 780 2402 omnes
825 2363 961 2416 quos
985 2349 1269 2414 inhabitat,
1308 2367 1326 2400 ι
1389 2349 1587 2405 innova
1621 2353 1675 2405 in
1701 2353 2002 2408 visceribus

420 2437 590 2503 meis,
649 2458 669 2490 ι
717 2439 771 2493 id
809 2448 926 2504 est,
992 2448 1051 2493 ut
1102 2440 1320 2494 innovet
1371 2456 1489 2495 mea
1535 2442 1778 2507 viscera,
1817 2443 1869 2496 id
1920 2449 2003 2496 est

421 2527 687 2584 desideria
715 2545 846 2584 mete
872 2529 1070 2584 carnis.
1119 2530 1222 2584 Per
1251 2531 1352 2585 hoc
1398 2532 1540 2602 quod
1572 2541 1654 2586 ter
1691 2532 1844 2602 ponit
1882 2530 2003 2601 Spi-

419 2618 585 2672 ritum
613 2628 858 2674 sanctum
883 2629 1134 2674 notamus
1162 2621 1504 2675 Trinitatem.

490 2712 718 2767 Peccata
760 2712 966 2782 projice
995 2730 1023 2767 a
1065 2713 1224 2778 facie,
1285 2716 1379 2769 sed
1413 2733 1430 2764 ι
1460 2729 1562 2778 mc,
1601 2734 1622 2766 ι
1672 2716 1723 2769 id
1768 2728 1851 2771 est
1902 2718 2002 2772 hu-

420 2805 752 2866 manitatem,
789 2825 804 2856 ι
839 2821 906 2860 ηε
936 2805 1188 2875 projicias
1217 2823 1246 2860 a
1277 2805 1412 2862 facie
1440 2815 1554 2871 tua,
1580 2827 1598 2858 ι
1627 2807 1720 2862 sed
1745 2807 2002 2877 respicias

419 2910 601 2950 meum
633 2897 882 2950 meritum
914 2916 932 2948 ι
967 2907 1020 2952 ει
1052 2896 1311 2966 Spiritum
1355 2908 1600 2953 sanctum
1625 2907 1770 2953 tuum
1810 2913 1879 2954 ne
1905 2914 2000 2952 au-

420 2984 568 3041 feras
612 3001 642 3040 a
687 3003 790 3041 tne.
825 3009 843 3040 ›
896 2989 1028 3043 Cum
1076 2989 1231 3053 dicit,
1259 3004 1328 3044 ne
1369 2989 1604 3054 auferas,
1655 2999 1806 3044 notat
1854 2989 1998 3058 quod

421 3080 602 3151 aliquo
616 3082 775 3136 modo
797 3082 1019 3137 haberet
1045 3099 1058 3135 :
1083 3099 1188 3136 non
1205 3083 1347 3137 enim
1379 3083 1450 3136 ita
1473 3092 1657 3153 posset
1685 3081 1996 3154 compungi,

421 3172 526 3226 nisi
551 3172 722 3227 sancti
754 3172 986 3242 Spiritus
1035 3173 1206 3244 gratia
1257 3172 1543 3227 tribuente.

492 3263 622 3318 Dico
649 3279 715 3318 ne
735 3263 964 3327 auferas,
991 3265 1085 3319 sed
1110 3265 1290 3334 potius
1325 3285 1343 3316 ‹
1385 3265 1551 3320 redde
1579 3266 1710 3320 mihi
1752 3266 1998 3322 laetitiam

423 3355 675 3411 salutaris
732 3358 829 3422 tui,
859 3376 876 3408 ›
919 3364 974 3410 ut
1028 3357 1167 3411 sicut
1193 3355 1260 3409 de
1287 3355 1519 3411 adventu
1550 3356 1667 3410 Filii
1699 3357 1774 3411 tui
1811 3357 1878 3412 de
1905 3373 1995 3413 se-

423 3445 570 3500 mine
621 3461 742 3501 meo
783 3447 1041 3501 nascituri
1084 3446 1338 3510 hetabar,
1393 3456 1518 3502 ante
1564 3447 1666 3503 hoc
1717 3458 1999 3518 peccatum

421 3537 573 3606 prius
594 3539 672 3594 sic
702 3548 914 3608 recepta
948 3540 1099 3594 venia
1125 3549 1180 3594 et
1200 3542 1414 3611 cognita
1441 3541 1693 3611 deinceps
1732 3542 1957 3596 lzetabor
1984 3560 1997 3596 :

427 3646 447 3680 ι
481 3637 535 3683 ει
571 3649 588 3679 ι
615 3630 818 3684 reddita
840 3629 1020 3684 ltetitia
1057 3649 1073 3679 ι
1105 3629 1364 3684 confirma
1392 3646 1494 3694 me,
1533 3651 1551 3682 ι
1583 3631 1656 3686 ita
1693 3633 2003 3688 utulterius

420 3719 725 3774 nullatenus
747 3734 966 3774 movear
987 3720 1053 3773 ad
1082 3729 1359 3790 peccatmn
1384 3739 1401 3770 ι
1423 3721 1611 3790 spiritu
1640 3722 1938 3792 principali,
1976 3743 1994 3773 ι

421 3811 473 3867 id
504 3821 586 3867 est
623 3814 732 3869 Deo
763 3823 910 3882 patre
945 3814 1307 3868 inbabitatore
1343 3813 1470 3868 mei.
1524 3813 1758 3884 Spiritus
1804 3815 2002 3885 princi-

421 3903 556 3973 palis
583 3905 701 3958 ideo
724 3904 885 3958 Pater
922 3904 1141 3966 dicitur,
1173 3905 1299 3974 quia
1343 3903 1412 3958 ab
1443 3919 1507 3960 eo
1534 3905 1778 3974 procedit
1805 3905 1999 3971 Filius,

420 4004 476 4048 et
505 3994 574 4048 ab
595 4005 821 4064 utroque
852 3993 1085 4063 Spiritus
1117 4003 1354 4050 sanctus.
1942 3985 1946 3990 ’

492 4086 652 4142 Ponit
676 4095 923 4155 quartam
954 4094 1204 4154 partem:
1248 4085 1377 4140 Dico
1419 4085 1603 4150 redde,
1643 4086 1903 4141 confirma
1946 4098 2001 4143 et

426 4180 470 4234 si
513 4179 616 4232 hoc
658 4177 854 4232 feceris
885 4215 901 4241 ,
939 4192 1044 4232 non
1084 4177 1226 4245 quod
1271 4174 1494 4231 offeram
1539 4177 1634 4231 tibi
1675 4178 1868 4232 bovem
1908 4189 2003 4233 aut

426 4269 658 4332 hircum,
691 4266 783 4322 sed
811 4265 932 4321 inde
987 4267 1262 4334 acquiram
1309 4267 1405 4321 tibi
1436 4266 1652 4330 multos,
1683 4277 1736 4321 et
1779 4269 1880 4323 hoc
1919 4277 2004 4323 est

433 4381 451 4412 ‹
492 4359 693 4416 docebo
720 4359 930 4428 iniquos
958 4357 1074 4413 vias
1106 4366 1250 4424 tuas,
1287 4378 1308 4410 ι
1358 4359 1413 4415 id
1454 4367 1537 4415 est
1578 4367 1844 4430 prmcepta
1889 4370 1996 4428 tua,

2112 1903 2130 1935 ε
2161 1886 2482 1940 sacrificium
2511 1887 2798 1955 voluisses,
2821 1888 3090 1944 dedissem
3115 1892 3352 1961 utique,i
3393 1895 3489 1948 sed
3517 1911 3697 1964 nequc

2106 1978 2270 2032 etiam
2307 1978 2643 2045 holocausta,
2671 1981 2737 2034 de
2787 1982 2984 2051 quibus
3023 1983 3201 2052 potius
3235 1985 3535 2052 videretur,
3578 1989 3694 2059 plac

2105 2078 2228 2124 cent
2263 2070 2355 2124 tibi
2392 2091 2410 2121 ‹
2445 2085 2617 2140 neque
2640 2086 2877 2140 unquam
2906 2071 3236 2128 holocaustis
3259 2075 3640 2132 delectaberis.
3670 2099 3691 2131 ι

2176 2159 2512 2216 Sacrificium
2545 2162 2859 2216 animalium
2887 2178 2994 2217 non
3030 2162 3206 2232 placet
3253 2165 3370 2229 tibi,
3397 2167 3496 2221 sed
3532 2185 3552 2216 ‹
3591 2169 3695 2236 spi-

2104 2251 2238 2305 ritus
2286 2253 2708 2319 contribulatus,
2764 2273 2783 2305 ι
2831 2253 2882 2308 id
2930 2262 3012 2308 est
3056 2255 3236 2309 anima
3291 2271 3414 2324 quae
3472 2258 3691 2312 tribulat

2105 2343 2408 2412 superbiam
2439 2352 2495 2398 et
2515 2354 2708 2399 caetera
2729 2343 2884 2408 vitia,
2912 2353 2997 2398 est
3025 2363 3045 2396 ι
3066 2345 3391 2400 sacrificium
3420 2367 3441 2399 ι
3476 2347 3696 2418 placens

2109 2448 2128 2482 ι
2163 2431 2272 2485 Deo
2300 2451 2317 2483 ι
2352 2451 2370 2483 ι
2404 2448 2504 2488 nec
2532 2449 2765 2502 unquam
2794 2433 3079 2503 despicies,
3111 2451 3143 2490 ο
3174 2435 3336 2501 Deus,
3362 2452 3464 2492 eor
3489 2440 3694 2492 contri-

2103 2532 2217 2579 tum
2255 2545 2272 2575 ι
2317 2538 2414 2594 ρει·
2468 2524 2676 2580 fructus
2721 2526 3052 2596 poenitentia:
3087 2546 3101 2581 :
3140 2548 3157 2579 ‹
3191 2537 3245 2582 ει
3277 2547 3296 2581 ι
3333 2529 3412 2584 ita
3464 2548 3485 2581 ι
3518 2530 3691 2585 humi-

2102 2614 2310 2670 liatum.
2347 2636 2366 2668 ι

2171 2704 2407 2776 Benigne
2434 2705 2542 2772 fac,
2572 2707 2818 2777 Domine,
2843 2710 2994 2779 ponit
3029 2710 3272 2781 quintam
3298 2721 3536 2782 partem.
3565 2714 3692 2769 Dico

2103 2794 2226 2863 quia
2252 2796 2346 2850 tibi
2383 2795 2560 2867 placet
2595 2798 2702 2855 tale
2749 2799 3097 2866 sacrificium,
3129 2809 3188 2855 ut
3227 2813 3409 2858 autem
3442 2806 3542 2860 tibi
3591 2804 3689 2859 tale

2101 2883 2364 2940 offeratur
2417 2905 2436 2936 ι
2466 2887 2698 2958 benigne
2727 2889 2833 2954 fac,
2870 2909 2888 2942 ι
2925 2891 2976 2945 id
3007 2901 3108 2957 est,
3140 2891 3288 2963 large
3317 2894 3531 2950 scilicet
3567 2911 3689 2950 con-

2102 2984 2252 3031 strue
2280 2977 2576 3034 Ecclesiam
2606 3000 2624 3030 ι
2649 2980 2800 3047 Sion,
2825 3001 2843 3034 ι
2869 2983 3043 3037 ethoc
3069 2993 3194 3053 peto
3221 3001 3328 3040 non
3359 3001 3428 3041 ex
3460 2989 3686 3053 meritis.

2102 3065 2196 3119 sed
2225 3081 2292 3119 ex
2325 3087 2343 3117 ι
2375 3076 2469 3122 tua
2490 3069 2764 3126 voluntate
2791 3092 2809 3123 ι
2844 3088 2962 3142 quae
2989 3074 3292 3142 specialiter
3321 3095 3339 3127 ι
3369 3077 3514 3132 bona
3540 3099 3559 3129 ι
3590 3089 3687 3143 εει,

2024 3154 2069 3216 C
2106 3177 2124 3210 ι
2161 3165 2220 3212 ut
2257 3178 2275 3210 ι
2315 3160 2393 3214 sic
2429 3179 2447 3211 ι
2484 3160 2816 3218 aedificentur
2848 3183 2868 3215 ›
2899 3165 3190 3220 virtutibus
3221 3184 3238 3216 ι
3276 3168 3440 3231 muri,
3487 3188 3508 3220 ι
3536 3170 3587 3223 id
3613 3179 3691 3224 est

2103 3247 2354 3305 fortiores
2383 3269 2400 3301 ι
2431 3250 2763 3307 Hierusalem
2801 3273 2818 3304 ι
2850 3254 3125 3319 Ecclesim,
3155 3257 3278 3326 quia
3313 3259 3452 3313 muri
3483 3260 3691 3314 cecide-

2102 3353 2230 3396 runt
2254 3343 2702 3412 praevaricatione
2729 3344 2887 3413 primi
2915 3346 3188 3414 parentis,
3227 3347 3368 3401 sicut
3394 3350 3536 3402 tnuri
3565 3350 3689 3404 llic-

2103 3429 2338 3485 rusalem
2363 3430 2586 3484 realiter
2608 3441 2835 3486 ruerunt
2861 3448 2890 3486 a
2917 3448 3048 3487 coco
3070 3433 3589 3501 Nabuchodonosor,
3619 3439 3688 3492 ita

2103 3536 2264 3577 cocus
2293 3530 2499 3585 noster,
2528 3521 2581 3575 id
2611 3531 2714 3586 est,
2765 3522 2886 3593 gula
2930 3532 3114 3578 nostra
3153 3523 3383 3579 destruit
3429 3526 3485 3580 in
3539 3528 3690 3581 nobis

2104 3629 2288 3666 muros
2315 3611 2633 3681 spiritualis,
2664 3611 3022 3678 Hierusalem,
3052 3614 3103 3666 id
3137 3624 3218 3668 est
3247 3615 3494 3670 virtutes.

2174 3703 2325 3758 Tunc
2363 3703 2506 3768 dico,
2539 3713 2794 3758 construe
2824 3704 3145 3767 Ecclesium,
3175 3723 3194 3755 ‹
3240 3714 3391 3770 tunc,
3425 3726 3447 3758 i
3491 3707 3543 3760 id
3579 3715 3690 3770 est,

2101 3807 2162 3847 ea
2193 3802 2499 3848 constructa
2536 3813 2554 3844 ι
2599 3795 2928 3863 acccptabis,
2975 3814 2992 3845 ι
3024 3795 3077 3849 id
3113 3804 3192 3850 est
3233 3797 3551 3866 acceptabile
3593 3813 3689 3851 re-

2102 3886 2268 3954 cipies
2317 3905 2333 3934 ι
2372 3884 2698 3940 sacrificium
2718 3884 2959 3953 justitite,
3005 3905 3023 3937 ι
3059 3886 3109 3940 id
3154 3896 3236 3942 est
3265 3887 3678 3941 immolationem

2103 3974 2368 4028 Dominici
2399 3973 2643 4042 corporis
2680 3993 2697 4024 ι
2745 3984 2798 4027 ει
2844 3995 2861 4026 ›
2896 3975 3203 4044 acceptabis
3253 3996 3270 4026 ε
3307 3977 3624 4039 oblationes,
3660 3995 3682 4026 ι

2102 4066 2155 4121 id
2199 4076 2285 4120 est
2325 4067 2556 4121 virtutes
2601 4075 2913 4120 sanctorum
2962 4067 3367 4134 confcssorum,
3417 4070 3509 4139 qui
3558 4069 3690 4125 licet

2103 4166 2245 4213 totos
2292 4173 2349 4212 se
2391 4173 2498 4213 non
2547 4167 2814 4224 cremcnt,
2849 4166 3029 4213 tamen
3061 4158 3261 4229 aliquid
3302 4161 3412 4216 Deo
3459 4160 3692 4216 offerunt

2109 4269 2127 4302 ι
2161 4259 2215 4305 ει
2259 4250 2601 4316 holocausta,
2658 4270 2676 4302 ›
2731 4251 2783 4305 id
2824 4259 2909 4305 est
2936 4251 3164 4306 virtutes
3203 4261 3510 4307 sanctorum
3543 4268 3692 4307 mar-

2106 4351 2306 4413 tyrum,
2338 4343 2428 4412 qui
2457 4351 2597 4396 totos
2639 4358 2696 4398 se
2741 4349 3004 4406 cremant,
3036 4351 3091 4395 et
3133 4361 3150 4393 α
3195 4351 3321 4396 tunc
3355 4343 3634 4413 imponent
3668 4363 3689 4395 ›

435 4470 455 4502 ι
493 4459 548 4507 ει
574 4470 592 4501 ι
616 4451 688 4504 ita
729 4469 746 4502 ι
782 4449 933 4518 impii
965 4469 983 4501 ι
1011 4449 1101 4518 qui
1129 4458 1254 4504 sunt
1286 4458 1472 4504 contra
1512 4450 1752 4505 divinum
1798 4451 1998 4505 cultum

2116 4436 2258 4489 multi
2283 4435 2350 4489 de
2391 4435 2631 4490 Ecclesia
2669 4453 2687 4486 ι
2727 4434 2945 4496 vitulos,
2983 4454 3000 4484 ι
3037 4435 3087 4488 id
3127 4444 3208 4488 est
3235 4450 3404 4489 novos
3445 4435 3692 4506 populos,

431 4550 810 4599 convertentur
837 4514 903 4594 aid
936 4551 1004 4595 te.
1029 4514 1052 4592 λ
1079 4541 1229 4608 Quod
1267 4542 1398 4597 dicit
1429 4552 1550 4614 post
1587 4553 1863 4612 peractam
1886 4560 1999 4613 pte-

2116 4529 2203 4598 qui
2241 4527 2476 4581 nondum
2513 4526 2725 4581 fuerant
2753 4526 2852 4580 sub
2879 4523 3030 4594 jugo.
3078 4523 3174 4578 Vel
3197 4540 3292 4593 per
3326 4525 3524 4580 vitulos
3550 4540 3694 4594 pne-

431 4634 713 4688 nitentiam
763 4632 1004 4702 recipere
1032 4633 1261 4688 ofﬁcium
1311 4635 1561 4699 docendi,
1605 4635 1745 4704 quod
1787 4645 2007 4706 propter

430 4734 712 4797 peccatum
755 4725 1031 4790 amiserat,
1080 4726 1172 4780 dat
1212 4725 1532 4795 intelligere,
1571 4725 1714 4795 quod
1759 4726 1865 4792 illi,
1912 4729 2005 4797 qui

428 4826 650 4890 propter
694 4826 916 4887 peccata
961 4817 1324 4888 degradantur
1365 4818 1418 4871 in
1461 4816 1736 4883 Ecclesia,
1784 4830 2003 4888 peracta

428 4909 744 4982 pmnitentia
790 4907 998 4976 possint
1050 4906 1292 4969 restitui,
1342 4913 1530 4962 contra
1581 4907 1724 4976 quod
1785 4910 2003 4977 quidam

427 5013 600 5056 canon
641 5015 760 5054 esse
792 4999 1025 5062 videtur,
1068 4997 1159 5066 qui
1185 4995 1354 5060 dicit,
1386 4996 1528 5064 quod
1557 5005 1678 5064 post
1721 4997 1928 5067 lapsum
1955 5011 2010 5057 et

429 5098 644 5158 peracta
670 5088 1008 5158 paenitentia,
1041 5085 1266 5156 quilibet
1298 5100 1404 5140 non
1435 5085 1591 5141 debet
1620 5089 1852 5142 restitui.
1880 5090 2010 5156 Quae

435 5194 612 5236 tamen
661 5181 950 5251 singularis
1003 5181 1296 5235 secundum
1338 5180 1610 5235 simularie
1659 5185 2006 5251 poenitentes,

430 5272 598 5341 magis
618 5285 780 5340 quam
801 5271 1095 5339 secundum
1121 5270 1401 5325 veritatem
1428 5280 1512 5326 est
1537 5273 1678 5327 data.
1709 5273 1887 5340 Quare
1918 5291 2004 5346 ge-

427 5361 629 5416 neralis
674 5362 936 5417 sententia
988 5370 1073 5416 est
1111 5361 1378 5425 habenda,
1419 5371 1479 5416 ut
1512 5363 1555 5418 si
1587 5362 1772 5419 divino
1801 5364 2004 5432 judicio

428 5451 517 5506 illa
548 5453 863 5522 poenitentia
893 5460 1111 5523 peracta
1136 5453 1540 5522 comprobetur,
1565 5455 1619 5508 in
1645 5470 1798 5510 suam
1824 5457 2002 5528 digni-

425 5557 590 5604 tatem
619 5548 897 5618 pristinam
926 5561 1155 5616 persona
1183 5545 1525 5602 reformatur.
1935 5595 1940 5600 .

505 5656 522 5686 ι
559 5638 751 5693 Libera
785 5657 802 5690 ι
853 5649 908 5694 ει
951 5647 1008 5692 ut
1053 5638 1255 5707 possim
1286 5639 1479 5694 docere
1525 5641 1688 5708 alios,
1719 5658 1754 5698 ο
1785 5663 1804 5695 ‹
1840 5643 2001 5705 Deus,

434 5749 451 5782 ι
482 5729 650 5785 libera
674 5745 760 5785 me
787 5730 852 5784 de
880 5730 1248 5800 sanguinibus,
1275 5751 1292 5784 ι
1327 5732 1378 5788 id
1409 5744 1512 5799 est,
1537 5733 1602 5790 de
1625 5735 1861 5805 peccatis
1884 5747 2003 5802 quae

2113 4619 2412 4683 dicatores,
2465 4618 2555 4687 qui
2606 4619 2852 4688 mugiunt
2902 4616 3011 4673 Deo
3055 4631 3151 4684 per
3211 4625 3382 4669 totum
3432 4615 3692 4670 mundum

2117 4729 2136 4763 ι
2172 4725 2334 4779 super
2371 4709 2544 4763 altare
2588 4716 2771 4770 tuum,
2811 4726 2829 4758 ι
2876 4707 2928 4760 id
2969 4716 3052 4760 est
3093 4704 3384 4771 Christum,
3429 4705 3549 4761 sine
3586 4719 3696 4774 quo

2111 4800 2270 4856 nulla:
2295 4799 2595 4855 oblationes
2628 4813 2656 4851 a
2698 4797 2806 4851 Deo
2839 4796 3192 4866 recipiuntur.

2622 4931 2689 4985 IN
2725 4928 3054 4985 PSALMUM
3093 4928 3177 4981 LI.

2114 5025 2392 5082 Tt'rvws:
2431 5023 2498 5076 In
2533 5022 2691 5092 ﬁnem
2731 5020 3019 5075 intellectus
3056 5018 3251 5092 Dauid,
3294 5016 3583 5092 cumnam}
3622 5033 3693 5092 an

2181 5113 2296 5151 eum
2350 5084 2543 5146 Doech'
2572 5091 2872 5154 lduma'us,
2915 5100 2960 5142 et
3003 5089 3257 5142 nuntiarit
3288 5086 3486 5141 Sauli:
3547 5084 3708 5139 Venit

2184 5166 2349 5220 David
2370 5165 2425 5218 in
2454 5164 2666 5216 domum
2701 5159 3013 5214 Abimelech.

2190 5296 2208 5325 ι
2239 5275 2376 5343 Quid
2431 5273 2700 5344 gloriaris.
2741 5291 2760 5322 ›
2814 5271 2947 5324 Cum
2993 5267 3161 5321 David
3207 5274 3620 5336 persequeretur
3659 5279 3692 5318 a

2112 5367 2255 5430 Sani,
2303 5369 2448 5422 venit
2499 5369 2553 5421 in
2599 5366 2816 5419 domum
2863 5360 3172 5416 Abimelech
3232 5357 3527 5414 sacerdotis
3567 5373 3693 5412 cum

2115 5459 2248 5522 suis,
2279 5467 2335 5511 et
2358 5473 2482 5512 cum
2510 5455 2596 5509 ille
2627 5471 2733 5509 non
2765 5451 2989 5508 haberet
3016 5466 3206 5520 panes,
3233 5449 3334 5503 nisi
3365 5463 3531 5517 panes
3566 5463 3696 5517 pro-

2113 5549 2475 5619 positionum,
2515 5546 2662 5600 dedit
2708 5544 2827 5598 illos
2876 5543 3040 5598 David
3081 5550 3134 5594 et
3176 5540 3310 5604 suis,
3356 5548 3412 5593 et
3453 5537 3692 5610 gladium

2113 5655 2272 5709 quem
2305 5638 2470 5692 David
2497 5637 2663 5692 Goliae
2696 5634 3012 5690 abstulerat.
3041 5632 3169 5686 Erat
3191 5640 3372 5684 autem
3411 5630 3483 5683 ibi
3509 5629 3693 5683 Doech

2113 5730 2394 5793 Idumaeas,
2421 5727 2488 5784 de
2514 5727 2713 5782 familia
2745 5725 2894 5791 Saul,
2919 5733 3102 5780 custos
3141 5738 3404 5794 equorum
3437 5720 3573 5791 ejus,
3598 5723 3691 5790 qui
