3940 6452
165 398 275 452 575

1330 397 1766 456 EXPLANATLO
1802 397 1867 450 IN
1906 398 2239 456 PSALMOS.

3304 407 3408 462 374

163 511 283 563 hiec
309 506 487 562 omnia
512 509 777 563 nuntiavit
803 509 969 565 Sauli.
999 509 1140 565 Misit
1162 519 1337 565 autem
1368 511 1517 574 Saul,
1541 520 1592 566 et
1615 511 1738 565 fecit
1767 514 1813 573 Α
1843 522 1969 568 tunc
1995 514 2216 567 omnino
2244 516 2488 571 destruit.
2518 514 2613 571 Vel
2647 515 2698 571 in
2724 517 2826 572 hoc
2860 531 3200 588 comparatur
3251 535 3415 576 nova-

163 597 481 653 Abimelech
511 599 706 663 occidi,
749 607 802 654 et
828 600 961 654 alios
1007 601 1313 656 sacerdotes
1355 601 1437 671 (II
1475 600 1601 671 Reg.
1648 618 1737 656 xxi

161 699 218 743 et
249 688 405 756 xxii).
445 687 632 742 Postea
664 705 792 744 vero
823 690 987 745 David
1028 691 1288 760 psalmum
1321 692 1481 745 istum
1520 707 1738 761 compo-

164 779 294 840 suit,
331 793 434 831 non
467 778 532 832 de
573 779 796 833 historia
833 780 940 845 illa,
995 782 1088 836 sed
1137 782 1204 835 de
1255 782 1527 837 intellectu
1581 798 1738 852 quem

167 871 375 934 habuit,
423 871 567 940 quod
619 871 985 926 Antichristus
1033 873 1246 928 scilicet
1291 883 1550 929 venturus
1588 884 1739 940 erat,

163 959 258 1028 qui
309 973 406 1028 per
429 959 683 1013 auxilium
719 961 918 1015 diaboli
960 962 1276 1029 Ecclesiam,
1325 964 1380 1018 in
1426 981 1530 1035 qua
1581 982 1744 1023 verus

165 1050 377 1104 habitat
415 1049 603 1115 David,
654 1055 1011 1122 persequitur.
1045 1055 1149 1110 Per
1178 1056 1354 1111 Doech
1397 1058 1540 1112 enim
1584 1057 1740 1113 Anti-

164 1140 403 1196 christus
429 1140 761 1211 intelligitur.
784 1141 961 1199 Doech
987 1160 1220 1214 namque
1241 1154 1446 1211 motus;
1479 1145 1740 1202 ldumteus

166 1245 298 1284 vero
353 1237 601 1285 terrenus
659 1231 1063 1303 interpretatur.
1128 1237 1495 1292 Antichristus
1553 1247 1734 1293 autem

161 1336 378 1392 semper
412 1322 479 1376 ad
513 1327 899 1380 commovenda
943 1335 1155 1382 terrena
1207 1329 1655 1394 commovebitur,
1681 1337 1738 1383 et

163 1412 312 1466 alio.
325 1412 490 1466 etiam
526 1414 593 1468 ad
619 1417 1054 1484 commotionem,
1084 1427 1137 1473 et
1168 1421 1232 1475 ad
1262 1430 1596 1476 terrenorum
1641 1436 1737 1491 pe-

161 1505 410 1560 titionem
439 1507 680 1572 vocabit;
710 1507 887 1564 Doech
917 1513 1188 1582 preprium
1217 1528 1412 1567 nomen
1437 1514 1578 1569 illius
1617 1514 1736 1579 fuit,

162 1599 623 1656 ldumzeusaloco
665 1603 839 1657 dictus
883 1613 986 1670 est,
1020 1605 1087 1660 ab
1134 1606 1360 1662 ldumma
1409 1617 1554 1663 terra
1575 1625 1737 1678 quam

161 1687 489 1743 iuhahitavit
513 1689 674 1744 Esau.
715 1692 781 1745 Et
809 1693 948 1748 sicut
981 1695 1068 1750 ille
1106 1695 1284 1751 Doech
1315 1698 1464 1752 venit
1491 1700 1556 1753 ad
1587 1699 1734 1766 Saul,

161 1779 240 1833 sic
264 1778 628 1846 Antichristus
655 1782 800 1836 venit
828 1799 924 1853 per
949 1785 1099 1854 signa
1126 1795 1180 1840 et
1201 1787 1458 1843 miracula
1497 1790 1562 1844 ad
1584 1789 1732 1854 Saul,

1843 602 1977 656 culas
2005 611 2177 657 acuta:
2198 605 2322 673 quia
2351 611 2554 659 tantum
2582 595 2768 661 molles
2783 615 2836 662 et
2865 607 3082 680 fragiles
3101 611 3416 680 decipienda

1846 701 2016 754 secat,
2047 701 2106 744 ut
2137 693 2393 746 novacula
2417 710 2533 762 quae
2554 705 2702 750 secat
2727 697 2923 762 mollia,
2957 708 3015 753 ut
3041 700 3177 769 pilos
3212 711 3265 755 et
3285 716 3414 758 car-

1844 795 1968 834 nem
1999 799 2011 833 :
2040 795 2144 834 non
2174 780 2353 849 aliqua
2383 781 2537 850 dura,
2567 794 2625 838 ut
2658 799 2802 840 ossa.

1919 888 1936 918 ι
1965 867 2205 922 Dilexisti
2236 869 2492 923 malitiam
2529 887 2692 942 super
2718 873 3120 945 benignitatem,
3155 897 3173 930 ι
3211 879 3332 947 quia
3367 879 3414 933 si

1843 967 2034 1013 natura
2069 957 2164 1012 tibi
2194 957 2428 1027 aliquam
2459 964 2776 1030 suggerebat
2801 965 3114 1029 bonitatem,
3166 983 3261 1036 per
3295 985 3412 1038 pes-

1842 1050 2008 1105 simos
2031 1063 2211 1104 mores
2233 1059 2352 1104 tuos
2381 1049 2522 1104 illam
2545 1055 2953 1123 comprimebas.
2984 1057 3224 1113 Dilexisti
3250 1060 3411 1114 etiam

1848 1161 1866 1192 ι
1899 1141 2238 1210 iniquitatem
2271 1161 2288 1192 ι
2337 1157 2443 1195 non
2485 1143 2656 1197 solum
2689 1143 2885 1210 facere,
2917 1148 3008 1202 sed
3037 1149 3200 1202 etiam
3238 1149 3419 1207 facere

1848 1251 1865 1282 ι
1896 1234 2062 1301 magis
2088 1248 2249 1300 quam
2274 1233 2418 1302 loqui
2448 1235 2775 1302 aequitatem.
2807 1256 2824 1288 ι

1908 1323 2151 1378 Dilexisti
2174 1325 2372 1378 omnia.
2405 1325 2542 1390 Quid
2565 1339 2660 1394 per
2673 1326 2880 1395 singula
2905 1327 3152 1384 curram?
3170 1331 3416 1386 Dilexisti

1839 1416 2019 1472 omnia
2050 1417 2211 1471 verba
2241 1416 2701 1486 principitationis,
2733 1438 2751 1470 ι
2790 1419 2841 1472 id
2869 1427 2950 1473 est
2993 1435 3054 1474 ea
3087 1436 3183 1489 per
3208 1438 3326 1490 qua;
3358 1430 3416 1476 tu

1840 1514 1896 1561 et
1933 1505 2023 1559 alii
2057 1505 2462 1575 prcccipitentur
2499 1505 2862 1561 :eternaliter:
2896 1518 2950 1562 tu
2991 1508 3111 1563 dico
3139 1524 3234 1562 ens
3268 1529 3284 1560 ι
3314 1509 3418 1563 lin-

1840 1615 1942 1668 gua
1966 1598 2170 1664 dolosa,
2185 1618 2202 1650 ι
2233 1599 2358 1668 quia
2381 1597 2524 1668 quod
2547 1614 2652 1652 non
2671 1607 2828 1668 potes
2850 1615 2946 1668 per
2972 1601 3279 1656 violentiam
3299 1615 3420 1670 per-

1841 1689 2024 1754 ficere,
2054 1705 2153 1760 per
2181 1689 2360 1744 dolum
2391 1689 2698 1759 aggrederis
2730 1689 3010 1759 perﬁcere,
3037 1690 3150 1744 sive
3175 1704 3270 1759 per
3296 1703 3420 1758 per-

1835 1777 2057 1846 iurium,
2083 1780 2196 1835 sive
2225 1794 2322 1849 per
2349 1779 2510 1834 falsas
2538 1780 2898 1849 expositiones
2924 1779 3344 1849 Scripturarum.

163 1869 218 1922 id
265 1879 350 1924 est
393 1872 459 1925 ad
491 1873 780 1940 diabolum,
814 1885 870 1929 et
906 1879 1170 1932 nuntiabit
1198 1881 1245 1934 ei
1279 1882 1419 1948 quod
1467 1883 1652 1949 David,
1687 1885 1737 1937 id
1775 1865 1817 1924 Β
1917 1873 2162 1928 Secunda
2198 1872 2550 1942 parsincipit-
2604 1871 2671 1927 Et
2724 1880 3047 1941 «propterea
3079 1892 3096 1923 ι
3136 1873 3259 1940 quia
3299 1871 3422 1927 talis

162 1969 270 2023 est,
301 1961 442 2031 quod
467 1961 711 2018 Christus
740 1967 886 2020 venit
907 1967 958 2021 iu
983 1968 1199 2023 domum
1225 1970 1556 2038 Abimelech,
1583 1975 1634 2028 id
1665 1983 1749 2030 est

167 2054 223 2106 in
281 2053 495 2108 domum
549 2055 714 2121 illam,
768 2072 887 2126 quae
929 2069 1012 2113 est
1053 2075 1275 2130 regnum
1329 2065 1524 2130 patris,
1580 2065 1631 2118 id
1669 2074 1751 2120 est

166 2141 502 2208 Ecclesiam,
549 2159 798 2213 quaerens
848 2149 1118 2217 quomodo
1185 2161 1492 2220 receptores
1549 2152 1746 2209 Christi

164 2229 341 2298 possit
365 2231 642 2297 occidere,
693 2233 834 2288 sicut
873 2234 1001 2288 Saul
1043 2235 1374 2292 Abimelech.
1424 2240 1632 2296 Titulus
1672 2243 1750 2297 sic

163 2323 460 2394 exponitur
499 2342 513 2377 :
560 2325 909 2393 Intellectus,
964 2328 1015 2382 id
1055 2338 1138 2383 est
1183 2331 1422 2399 psalmus
1475 2334 1610 2395 iste,
1657 2337 1747 2404 qui

165 2412 330 2466 nobis
379 2414 598 2482 exponit
645 2414 994 2481 intellectum,
1033 2417 1237 2473 scilicet
1283 2434 1560 2486 arcanum,
1607 2422 1747 2490 quod

163 2502 424 2566 diximus,
449 2503 699 2557 convenit
731 2503 894 2558 David
923 2507 1223 2576 prephetzc,
1253 2510 1344 2577 qui
1369 2509 1456 2562 hic
1487 2510 1745 2579 loquitur,

162 2591 476 2646 intellectus
504 2591 625 2646 dico
662 2601 866 2648 tractus
904 2597 971 2650 ab
1021 2597 1114 2651 illo
1158 2599 1395 2668 negotio,
1437 2615 1557 2653 cum
1604 2602 1748 2656 venit

164 2682 377 2744 Doech,
413 2687 467 2735 et
493 2681 761 2736 nuntiavit
795 2683 942 2738 Sauli
992 2685 1364 2740 historialiter.
1395 2688 1614 2742 Materia
1664 2698 1750 2744 est

162 2770 424 2824 Christus
451 2777 505 2824 et
539 2785 635 2840 per
676 2772 980 2841 oppositum
1006 2773 1390 2830 Antichristus.
1423 2776 1607 2831 Modus
1637 2795 1650 2828 :
1689 2777 1744 2831 In

163 2859 346 2929 prima
381 2867 534 2927 parte
566 2860 800 2914 ostendit
831 2861 1052 2915 multam
1093 2863 1350 2917 malitiam
1388 2865 1556 2933 ipsius
1589 2865 1746 2921 Anti-

163 2938 385 3013 chri'sti,
433 2950 800 3019 redarguendo
838 2965 982 3006 eum.
1029 2953 1084 3006 ln
1141 2955 1371 3009 secunda
1417 2965 1567 3024 parte
1597 2958 1746 3025 ponit

163 3041 530 3112 perditionem
565 3039 702 3108 ejus,
751 3051 803 3095 et
849 3052 1158 3098 sanctorum
1205 3055 1502 3112 stuporem,
1533 3047 1622 3113 qui
1670 3047 1744 3100 ita

163 3146 297 3185 cum
324 3129 613 3184 exaltatum
647 3133 698 3185 in
726 3133 924 3186 mundo
955 3135 1156 3199 vident,
1184 3150 1305 3189 cum
1336 3151 1458 3189 eum
1503 3137 1573 3190 ita
1602 3137 1748 3191 dam-

1849 1981 1926 2029 es,
1983 1984 2000 2016 ι
2026 1967 2168 2020 Deus
2208 1965 2447 2019 destruet
2494 1971 2588 2017 te»
2635 1979 2738 2017 non
2777 1963 3070 2017 secundum
3109 1963 3421 2031 temporalia

1849 2058 2010 2120 bona,
2051 2057 2144 2112 sed
2185 2074 2203 2106 ι
2239 2056 2292 2109 in
2335 2055 2516 2119 ﬁnem,
2560 2074 2578 2104 ι
2624 2054 2676 2107 id
2710 2062 2791 2108 est
2826 2053 2878 2107 in
2915 2061 3206 2117 aeternum,
3247 2060 3301 2105 ut
3338 2052 3422 2105 ul-

1850 2145 2018 2199 terius
2057 2159 2162 2198 non
2207 2143 2384 2213 possis
2428 2157 2748 2213 resurgere:
2781 2151 2836 2196 et
2881 2162 2897 2192 ι
2925 2141 3114 2196 evellet
3150 2150 3201 2196 te
3239 2141 3303 2196 de
3350 2149 3423 2194 ta-

1849 2235 2139 2290 bernaculo
2193 2243 2303 2298 tuo,
2335 2241 2390 2286 et
2437 2233 2722 2301 emigrabit
2755 2240 2824 2295 te,
2857 2252 2875 2283 ι
2911 2232 2964 2286 id
3010 2239 3114 2295 est,
3153 2231 3423 2300 emigrare

1848 2323 2011 2379 faciet
2058 2324 2164 2378 alio
2190 2342 2202 2376 :
2233 2322 2600 2387 tabernaculo,
2647 2323 2699 2377 id
2743 2332 2844 2385 est,
2884 2323 2949 2376 de
2986 2323 3089 2376 hoc
3122 2322 3338 2384 mundo,
3371 2322 3423 2374 in

1848 2430 1955 2484 quo
1985 2415 2196 2470 habitas
2228 2415 2295 2469 ad
2327 2423 2555 2483 tempus,
2585 2423 2640 2469 et
2666 2429 2786 2469 cum
2811 2413 3173 2483 emigraverit,
3202 2428 3306 2468 non
3338 2429 3424 2465 ra-

1847 2505 2071 2569 dicabis,
2115 2505 2209 2559 sed
2247 2505 2426 2574 potius
2466 2504 2658 2558 evellet
2698 2522 2717 2555 ι
2743 2505 2976 2558 radicem
3009 2511 3152 2556 tuam
3186 2503 3250 2556 de
3281 2510 3437 2572 terra

1848 2597 2143 2651 viventium
2173 2615 2190 2647 ι
2211 2604 2265 2650 ιε
2288 2604 2509 2665 propter
2541 2596 2885 2665 cupiditatem
2923 2597 3138 2652 malitiae
3169 2605 3289 2650 tum.
3318 2596 3425 2648 Ra-

1847 2688 1936 2742 dix
1968 2688 2111 2742 enim
2135 2695 2244 2752 tua,
2277 2687 2328 2740 id
2350 2695 2452 2748 est,
2482 2686 2716 2756 nequitia
2741 2695 2850 2749 tua,
2879 2703 2982 2742 non
3011 2688 3214 2756 patitur
3241 2685 3426 2753 hujus-

1847 2778 1990 2832 modi
2017 2787 2216 2833 terram
2241 2784 2292 2830 te
2312 2775 2576 2830 habitare.
2603 2776 2696 2831 Vel
2723 2796 2739 2826 ι
2761 2777 2951 2831 evellet
2975 2784 3032 2831 et
3056 2775 3341 2844 emigrabit
3359 2775 3425 2830 de

1848 2863 2196 2921 tabernaculo
2254 2872 2367 2930 tuo,
2399 2884 2418 2917 ι
2454 2865 2508 2919 id
2549 2873 2631 2919 est
2671 2866 2738 2920 de
2766 2865 3027 2929 Ecclesia,
3064 2873 3118 2919 te
3160 2879 3281 2918 cum
3307 2879 3426 2918 om—

1848 2955 2005 3010 nibus
2034 2952 2291 3009 membris
2321 2953 2446 3017 tuis,
2476 2952 2601 3022 quia
2640 2955 2876 3008 membra
2917 2953 3233 3008 Antichristi
3275 2968 3422 3007 com-

1848 3047 2012 3100 mixta
2047 3044 2301 3100 Ecclesia:
2335 3045 2387 3098 in
2418 3046 2519 3098 hac
2545 3045 2674 3105 vita.
2705 3060 2810 3100 non
2851 3045 3168 3100 radicabunt
3199 3046 3249 3099 in
3279 3054 3422 3099 terra

1846 3135 2142 3190 viventium
2164 3176 2178 3198 ,
2212 3135 2305 3189 sed
2333 3135 2518 3205 potius
2545 3135 2740 3190 evellet
2775 3135 3012 3190 radicem
3048 3143 3225 3199 tuam,
3259 3134 3312 3189 id
3342 3142 3428 3188 est

165 3229 360 3275 natum
405 3222 684 3292 aspicient.
736 3222 791 3276 In
840 3225 998 3278 tertia
1038 3235 1190 3293 parte
1233 3226 1402 3293 ponit,
1435 3227 1575 3294 quod
1611 3244 1748 3281 nun-
1775 3205 1819 3266 (ἶ
1852 3240 2111 3295 sequaces
2140 3234 2278 3289 tuos,
2311 3225 2376 3278 de
2412 3233 2552 3278 terra
2579 3225 2892 3279 viventium.

166 3314 336 3380 Quam
364 3313 756 3368 amovebuntur
780 3328 810 3366 a
839 3315 1211 3368 misericordia
1255 3316 1368 3378 Dei,
1399 3317 1490 3386 qui
1539 3331 1750 3386 semper

166 3411 398 3471 sperant
432 3402 488 3456 iu
529 3417 611 3456 ea.
659 3402 906 3466 Intentio,
950 3419 1167 3457 movere
1203 3419 1390 3458 omnes
1436 3405 1644 3470 fideles,
1695 3418 1754 3462 ut

169 3491 425 3560 quamvis
450 3505 572 3544 eum
602 3493 654 3544 in
684 3495 785 3545 hoc
812 3493 1010 3546 mundo
1035 3493 1328 3547 exaltatum
1366 3509 1484 3548 esse
1518 3497 1752 3561 videant,

173 3590 364 3634 tamen
401 3580 704 3649 intelligant
749 3596 872 3634 eum
903 3582 1263 3636 damnandum
1301 3591 1355 3636 et
1393 3599 1661 3652 nunquam
1706 3587 1754 3638 ei

174 3669 539 3723 consentiant.
583 3661 690 3724 Sed
729 3671 910 3725 statim
961 3673 1220 3740 propheta
1257 3673 1432 3742 ipsum
1479 3675 1756 3730 Antichri-

169 3765 324 3811 stum
353 3759 419 3811 de
438 3774 534 3812 sua
562 3759 763 3812 malitia
790 3759 1068 3829 increpare
1101 3760 1304 3830 incipit.

249 3847 296 3903 Ο
331 3849 491 3903 homo
513 3848 848 3904 Antichriste
888 3850 1128 3903 omnium
1175 3851 1522 3919 nequissime,
1562 3872 1579 3902 ι
1627 3853 1755 3921 quid

175 3959 198 3989 α
237 3938 486 4007 gloriaris
529 3940 582 3993 in
616 3939 821 3993 malitia
849 3940 872 3992 ?
905 3959 923 3990 ι
956 3955 1058 4008 pro
1085 3955 1191 4008 qua
1213 3941 1377 3996 debes
1407 3941 1750 4006 erubescere,

167 4031 306 4099 quia
332 4031 512 4084 caeteri
546 4031 590 4084 si
621 4033 760 4085 male
801 4030 1026 4096 faciunt,
1050 4033 1408 4096 erubescunt;
1435 4042 1489 4086 ιιι
1521 4041 1709 4087 contra
1736 4051 1749 4087 :

165 4121 305 4190 quid
339 4121 585 4191 gloriaris
621 4140 638 4171 ι
673 4121 763 4190 qui
808 4130 998 4191 potens
1035 4137 1094 4178 es
1133 4123 1187 4176 in
1234 4124 1532 4192 iniquitate,
1572 4145 1588 4175 ι
1627 4125 1751 4192 quia

170 4225 304 4263 cum
337 4210 504 4264 facias
527 4210 725 4266 multas
767 4211 1100 4281 iniquitates,
1133 4213 1185 4265 in
1216 4212 1322 4268 illis
1357 4213 1523 4268 habes
1561 4221 1750 4282 poten-

169 4301 309 4355 tiam
348 4315 484 4369 quos
513 4311 665 4372 potes
711 4301 991 4366 devorare,
1040 4303 1151 4357 sive
1183 4317 1279 4372 per
1324 4304 1606 4368 miracula,
1641 4305 1754 4360 sive

167 4407 274 4460 per
305 4407 514 4462 poenas,
567 4407 701 4461 quas
746 4401 896 4462 potes
941 4391 1121 4448 facere
1171 4394 1523 4462 permissioue
1552 4394 1665 4448 Dei.
1694 4394 1752 4449 In

168 4484 283 4536 hoc
331 4468 516 4537 etiam.
565 4482 706 4548 quod
740 4481 1032 4550 potentiam
1075 4481 1224 4535 dedit
1262 4482 1343 4536 eis
1385 4482 1546 4546 Deus,
1592 4481 1754 4551 perfi-

165 4573 354 4628 ciendi
383 4571 672 4640 nequitiam
699 4579 1018 4641 aggravatur
1047 4571 1285 4639 nequitia
1311 4570 1452 4639 ejus.

247 4662 357 4716 Per
371 4670 552 4730 partes
568 4663 879 4730 exsequitur
904 4661 1190 4724 malitiam,
1226 4680 1243 4710 ι
1280 4670 1389 4714 tota
1414 4660 1500 4713 die
1529 4679 1573 4723 ι,
1598 4659 1651 4713 id
1671 4667 1755 4714 est

168 4749 330 4803 omni
369 4757 636 4818 tempore,
674 4766 692 4798 ι
724 4748 908 4818 lingua
939 4758 1028 4803 tua
1059 4749 1312 4818 cogitavit
1360 4748 1694 4816 injustitiam,
1727 4767 1744 4797 ι

171 4841 304 4895 ideo
330 4838 523 4910 lingua:
551 4837 740 4892 tribuit
759 4839 1164 4908 cogitationem,
1190 4837 1314 4906 quia
1339 4836 1622 4892 stultorum
1648 4847 1749 4901 est,

171 4932 234 4985 in
269 4929 435 4984 corde
463 4936 517 4984 et
544 4929 596 4983 in
625 4944 719 4983 ore
747 4929 906 4983 simul
935 4929 1154 4994 habere,
1181 4937 1237 4984 et
1264 4929 1443 4983 omnia
1480 4929 1623 4999 loqui
1651 4929 1752 4983 im-

170 5021 574 5092 praemeditate.
605 5021 756 5077 Unde
789 5021 1037 5077 Salomon
1064 5041 1078 5076 :
1119 5022 1253 5077 «Cor
1276 5023 1560 5077 stultorum
1587 5031 1670 5078 est
1697 5023 1749 5076 in

171 5126 277 5167 ore
300 5112 538 5178 ipsorum
563 5111 731 5182 (Eccl.
763 5112 897 5182 xxi).
930 5134 948 5165 ι
997 5114 1202 5182 Lingua
1244 5114 1498 5182 cogitavit
1542 5113 1753 5182 injusti-

176 5201 342 5266 tiam,
379 5208 434 5254 et
465 5209 522 5255 tu
561 5218 579 5252 ι
610 5201 792 5257 fecisti.
822 5202 1021 5268 dolum,
1053 5223 1074 5255 ι
1115 5211 1172 5258 ιιι
1205 5203 1327 5258 dico
1359 5221 1378 5254 ι
1413 5205 1554 5258 sicut
1584 5219 1749 5258 nova-

173 5292 306 5347 cula
335 5302 518 5359 acuta,
565 5311 583 5345 ›
619 5293 674 5349 id
712 5303 797 5350 est
829 5295 1205 5366 comparabilis
1240 5295 1510 5351 novaculae
1555 5304 1749 5363 acutae,

175 5382 314 5452 quia
358 5381 544 5442 dolose
587 5393 641 5438 et
681 5392 836 5440 acute
878 5385 1074 5454 decipit
1107 5403 1121 5439 :
1163 5386 1290 5456 quia
1321 5386 1461 5440 sicut
1497 5386 1752 5441 novacula

175 5478 348 5528 acuta
390 5482 615 5527 renovat
666 5475 908 5539 corium,
947 5483 999 5529 et
1040 5475 1277 5530 corrodit
1317 5474 1580 5531 forinseca
1607 5515 1622 5541 ,
1674 5478 1754 5531 sic

177 5562 277 5617 ille
305 5561 688 5628 Antichristus,
713 5563 1222 5634 tribulandojustos,
1248 5573 1304 5619 et
1325 5580 1419 5619 sua
1444 5565 1751 5632 auferendo,

178 5654 504 5710 interiorem
553 5656 824 5710 hominem
862 5656 1221 5725 pulchriorem
1262 5658 1454 5712 reddit.
1492 5657 1586 5711 Vel
1631 5659 1708 5713 sic
1739 5677 1750 5711 :

178 5747 556 5805 Antichristus
582 5748 841 5819 promittit
872 5748 1162 5806 novitatem
1212 5748 1310 5805 toti
1340 5746 1556 5814 mundo,
1595 5765 1753 5818 quem

1922 3317 2179 3370 Dominus
2223 3327 2275 3370 te
2312 3317 2552 3371 destruet
2582 3318 2679 3381 ita,
2709 3328 2766 3372 et
2792 3319 2892 3372 hoc
2925 3338 2942 3369 ι
2970 3317 3226 3373 videbunt
3246 3317 3375 3385 justi
3401 3337 3423 3372 ι

1854 3407 1906 3462 in
1954 3408 2040 3462 die
2079 3406 2289 3475 judicii,
2337 3424 2354 3455 ι
2382 3415 2437 3462 ει
2490 3407 2770 3470 timebunt,
2802 3427 2821 3460 ι
2862 3407 2916 3461 id
2956 3415 3064 3469 est,
3102 3407 3428 3462 verebuntur

1856 3498 2027 3565 ipsum
2050 3497 2306 3565 judicem,
2335 3504 2388 3548 et
2415 3496 2574 3550 timor
2609 3496 2698 3550 ille.
2737 3511 2840 3550 non
2895 3497 3000 3551 erit
3039 3497 3286 3560 tristitia,
3335 3497 3430 3550 sed

1855 3587 2054 3656 gaudii,
2081 3594 2135 3639 et
2163 3586 2264 3638 hoc
2289 3592 2374 3636 est
2401 3602 2414 3635 :
2453 3604 2469 3633 ι
2502 3600 2663 3653 super
2700 3601 2823 3639 eum
2866 3585 3137 3649 ridebunt,
3167 3606 3186 3637 ι
3236 3586 3286 3639 id
3325 3596 3427 3650 est,

1855 3676 2194 3745 gaudehunt,
2212 3673 2610 3727 consentientes
2631 3674 2822 3728 divinae
2839 3673 3080 3742 justitiae,
3108 3695 3124 3724 ι
3147 3686 3202 3729 ει
3219 3676 3426 3730 dicent:

1862 3785 1879 3814 ι
1910 3779 2036 3818 ecce
2068 3783 2084 3813 ι
2118 3770 2360 3831 apparet,
2385 3761 2508 3828 quia
2537 3761 2624 3814 hic
2649 3769 2731 3813 est
2759 3781 2774 3810 ι
2803 3762 2963 3814 homo
2994 3780 3010 3811 ι
3039 3761 3162 3815 ιίεει
3184 3775 3240 3815 εε
3265 3761 3428 3814 Deum

1857 3856 2077 3915 diceret,
2123 3863 2175 3907 et
2221 3851 2341 3906 talis
2384 3870 2402 3900 ι
2431 3853 2520 3920 qui
2570 3866 2674 3905 non
2714 3852 2893 3922 posuit
2926 3852 3090 3906 Deum
3131 3851 3428 3921 adjutorem

1858 3961 2033 4000 suum.
2067 3964 2084 3995 ι

1931 4055 1948 4085 ι
1977 4035 2082 4090 Sed
2107 4033 2342 4103 speravit
2364 4033 2416 4087 in
2441 4031 2778 4086 multitudine
2807 4032 3106 4086 divitiarum
3137 4047 3374 4095 suarum,
3407 4052 3424 4084 ι

1859 4127 1911 4180 id
1939 4135 2022 4180 est
2055 4125 2172 4178 auri
2201 4131 2256 4178 et
2281 4122 2510 4192 argenti,
2537 4131 2592 4176 et
2610 4122 2861 4192 potentia:
2889 4129 2941 4174 et
2965 4121 3144 4190 gloriae
3176 4139 3193 4171 ι
3219 4129 3271 4174 et
3301 4139 3429 4190 prte-

1855 4213 2021 4268 valuit
2074 4213 2126 4266 in
2172 4212 2409 4265 vanitate
2454 4225 2570 4275 sua,
2612 4229 2629 4262 ι
2664 4211 2786 4280 quia
2824 4210 2998 4263 nullus
3034 4209 3313 4278 impiorum
3351 4217 3430 4266 tot

1857 4302 2042 4358 fideles
2069 4302 2300 4372 decepit.

1927 4392 2110 4448 Tertia
2156 4406 2280 4460 pars
2321 4390 2509 4459 incipit
2538 4389 2663 4442 :llle
2712 4390 2784 4443 ita
2831 4391 3065 4457 speravit
3108 4390 3162 4444 in
3207 4390 3428 4457 divitiis,

1861 4503 1880 4535 ι
1915 4498 2016 4552 ego
2044 4490 2221 4536 autem
2254 4501 2273 4532 ι
2309 4494 2404 4534 ens
2432 4501 2448 4528 ι
2480 4479 2529 4532 in
2554 4479 2712 4532 domo
2735 4479 2968 4542 Domini,
2995 4480 3131 4533 sicut
3155 4479 3292 4534 oliva
3316 4482 3430 4535 fru-

1858 4572 2072 4637 ctifera,
2100 4591 2119 4622 )
2149 4570 2202 4624 id
2244 4577 2328 4624 est
2373 4567 2750 4636 comparabilis
2772 4567 2924 4621 olivae
2961 4568 3268 4633 fructiferae,
3301 4571 3426 4637 quia

1858 4661 1996 4714 sicut
2034 4659 2174 4713 oliva
2215 4657 2362 4712 omni
2402 4666 2641 4724 tempore
2679 4655 2834 4725 plena
2871 4664 2955 4710 est
2984 4672 3162 4721 succo,
3186 4658 3265 4712 sic
3293 4658 3425 4712 Pro-

1857 4752 2017 4821 pheta
2043 4751 2231 4820 plenus
2255 4756 2375 4802 erat
2414 4747 2616 4817 Spiritu
2646 4758 2850 4802 sancto.
2897 4748 3027 4802 Cum
3055 4749 3229 4804 omnis
3251 4748 3427 4817 justus

1859 4856 1916 4896 se
1943 4841 2112 4909 possit
2142 4853 2456 4909 comparare
2483 4837 2637 4892 olivae
2667 4837 2974 4904 fructiferte,
3019 4841 3303 4910 specialius
3347 4851 3426 4895 ta-

1859 4948 1980 4987 men
2011 4933 2270 5002 propheta
2306 4931 2424 4994 iste,
2457 4930 2522 4984 de
2549 4928 2707 4999 cujus
2731 4932 2934 4986 semine
2968 4931 3212 4987 Christus
3245 4933 3423 4986 nasci-

1857 5032 2010 5077 turus
2053 5031 2190 5076 erat.
2243 5021 2354 5091 Ego
2404 5020 2525 5075 talis
2576 5039 2595 5072 ι
2624 5023 2906 5090 sperabam
2956 5024 3007 5077 in
3057 5023 3424 5078 misericordia

1856 5109 1970 5176 Dei,
2012 5131 2030 5163 ι
2065 5112 2166 5166 hoc
2217 5110 2421 5165 scilicet
2469 5129 2487 5161 ι
2530 5111 2584 5164 in
2632 5119 2890 5168 aeternum
2922 5134 2939 5166 ι
2975 5123 3032 5167 ιιι
3070 5113 3421 5168 aeternitatem

1853 5200 2109 5255 haberem
2139 5217 2152 5253 :
2195 5207 2250 5254 et
2282 5213 2388 5254 non
2425 5199 2623 5269 accipit
2658 5209 2916 5258 aeternum
2946 5215 3111 5270 usque
3136 5201 3202 5256 ad
3225 5200 3382 5254 finem
3405 5241 3418 5262 ,

1854 5291 1948 5348 sed
1987 5309 2007 5342 ‹
2041 5291 2094 5345 in
2133 5289 2388 5345 smculum
2425 5290 2627 5345 saeculi.
2665 5311 2684 5344 ι

1926 5382 1994 5436 Ει
2018 5389 2075 5436 ιιι
2100 5379 2297 5450 possim
2326 5395 2643 5450 comparare
2677 5401 2694 5432 ι
2723 5380 3016 5436 confitebor
3043 5369 3161 5445 tibi,
3189 5399 3208 5432 ι
3238 5377 3290 5432 id
3319 5389 3421 5445 est,

1855 5472 2082 5528 laudabo
2118 5480 2171 5526 te
2215 5489 2233 5521 ι
2265 5471 2317 5526 in
2359 5471 2636 5536 szeculum,
2667 5489 2684 5522 ι
2729 5471 2854 5540 quia
2895 5489 2914 5522 ι
2945 5469 3118 5525 fecisti
3149 5487 3166 5520 ι
3203 5477 3258 5522 ιιι
3297 5483 3423 5524 con-

1856 5564 2140 5620 fessionem
2189 5564 2366 5625 istam,
2417 5563 2619 5618 scilicet
2654 5576 2750 5630 per
2788 5570 2930 5616 tuam
2974 5559 3419 5624 misericordiam,

1857 5657 1941 5712 vel
1971 5672 2054 5711 me
2084 5655 2257 5712 fecisti
2287 5657 2426 5712 sicut
2461 5654 2656 5710 olivam
2683 5667 2698 5705 :
2733 5673 2750 5705 ι
2779 5664 2833 5709 ει
2868 5651 3189 5723 exspectabo
3229 5668 3420 5708 nomen

1857 5759 2004 5805 tuum
2024 5768 2042 5804 ι
2068 5757 2324 5819 quantum
2340 5759 2550 5814 cunque
2575 5753 2835 5813 moretur,
2856 5745 3022 5802 donec
3048 5745 3098 5801 in
3113 5744 3312 5815 judicio
3337 5760 3441 5800 me.
