3940 6502
508 388 614 443 575

972 382 1326 439 IIAYMONIS
1365 381 1841 440 HALBERSTAT.
1883 382 2097 439 EPISC.
2136 380 2286 438 OPP.
2327 379 2508 436 PARS
2542 381 2583 436 I.
2624 413 2697 425 —
2730 375 3087 439 COMMENT.
3128 384 3300 440 BIBL.

3662 387 3757 443 376

503 505 864 559 immortalem
905 513 959 558 et
997 502 1379 573 impassibilem
1418 501 1605 568 facias,
1644 502 1849 558 scilicet
1884 502 2078 557 Filium
2108 503 2156 562 A
2190 520 2207 552 ι
2236 515 2377 563 ossa,
2411 518 2431 553 ι
2466 499 2518 554 id
2543 509 2627 556 est
2653 499 2847 555 robora
2888 520 2908 551 ‹
2943 515 3128 556 eorum
3157 501 3249 570 qui
3280 501 3616 568 hominibus,
3658 522 3677 555 ι
3705 505 3755 560 id

501 594 617 654 Dei,
642 614 659 645 ι
684 595 937 662 quoniam
960 594 1157 647 bonum
1183 601 1265 646 est
1287 593 1340 646 in
1383 603 1674 662 conspectu
1701 603 2031 661 sanctorum,
2056 615 2074 647 ι

501 681 556 735 id
586 691 690 747 est,
725 683 925 739 sanctis
953 683 1124 753 placet
1148 682 1278 736 illud
1305 682 1505 738 bonum
1533 692 1870 751 exspectare.

993 814 1059 871 IN
1098 814 1319 871 PSALM
1332 814 1425 870 UM
1466 815 1575 879 LII.

501 930 758 986 Tiruws.
812 930 877 984 lu
928 930 1084 987 linem
1132 928 1425 984 intellectus
1461 929 1631 984 David
1675 945 1768 999 pro
1807 929 2076 989 Amalech.

574 1060 593 1091 ι
616 1030 759 1095 Dixit
779 1040 1054 1110 insipiens.
1081 1061 1100 1092 ι
1144 1040 1364 1111 Legitur
1384 1041 1437 1095 in
1458 1041 1683 1097 historia
1707 1042 1761 1113 (Ι
1779 1041 1904 1113 Reg.
1923 1045 2074 1115 xxx),

495 1134 637 1206 quod
673 1133 842 1189 David
881 1134 1090 1204 fugiens
1131 1133 1383 1200 Saulem,‘
1418 1133 1700 1190 collocavit
1744 1135 1799 1189 in
1846 1137 2076 1206 quadam

494 1225 711 1281 civitate
734 1240 852 1288 sua,
881 1226 1090 1279 scilicet
1135 1224 1403 1290 Sicelecb,
1432 1240 1630 1280 uxores
1654 1240 1801 1292 suas,
1829 1234 1886 1281 et
1913 1227 2083 1292 ﬁlios;

494 1325 549 1371 et
572 1326 768 1372 cmtera
785 1318 1184 1386 impedimenta,
1211 1318 1490 1387 expeditos
1505 1332 1633 1372 vero
1653 1318 1920 1384 homines,
1939 1336 2076 1391 quos

493 1409 561 1460 ad
590 1422 824 1476 pugnam
867 1418 920 1463 et
963 1408 1329 1463 defensionem
1375 1409 1533 1465 utiles
1578 1411 1849 1480 cognovit,
1892 1426 2073 1468 secum

492 1497 665 1551 duxit.
702 1497 919 1551 Interim
945 1497 1259 1557 Amalecitae
1298 1498 1570 1553 civitatem
1610 1498 1779 1554 David
1805 1515 2074 1573 occupan-

493 1594 596 1650 tes,
624 1586 960 1655 diripuerunt
984 1587 1182 1642 omnia.
1226 1577 1343 1654 Quo
1368 1588 1611 1643 nuntiato
1638 1589 1831 1655 David,
1858 1590 2074 1647 insecu-

490 1685 580 1732 tus
602 1686 686 1732 cst
712 1692 825 1743 eos,
855 1687 929 1743 et,
953 1679 1178 1735 devictis
1204 1678 1329 1744 illis,
1359 1689 1525 1736 totam
1553 1681 1810 1738 familiam
1834 1698 1987 1740 suam
2007 1685 2072 1740 li-

488 1764 716 1820 beravit.
747 1765 804 1820 In
825 1781 932 1835 quo
954 1768 1166 1837 negotio
1185 1782 1284 1823 suo
1306 1768 1565 1824 intellexit
1587 1768 1766 1825 futura
1790 1771 2089 1842 Ecclesiae,

2180 599 2283 656 est,
2322 591 2425 645 sibi
2468 591 2598 660 ipsis
2632 609 2651 642 ‹
2688 590 2922 661 placent.
2970 611 2988 643 ι
3023 590 3195 647 liabet
3224 591 3328 646 alia
3355 592 3535 649 littera
3580 611 3603 644 ε
3643 609 3756 650 ossa

2181 681 2458 736 hominum
2496 684 2598 738 sibi
2647 684 3016 753 placentium;
3069 683 3279 739 confusi
3320 694 3465 747 sunt,
3521 705 3542 736 ι
3580 686 3633 741 id
3660 699 3753 754 est,

2086 822 2091 827 .
2179 771 2603 829 erubescentiam
2643 774 2923 843 patiuntur
2957 775 3098 831 :hoc
3121 775 3239 832 ideo
3264 792 3285 827 ι
3320 776 3589 846 quoniam
3623 777 3754 835 Deus

2185 879 2202 910 ι
2240 862 2445 930 sprevit
2468 876 2581 919 eos.
2611 881 2631 915 ι

2246 948 2339 1004 Isti
2366 950 2785 1019 confundentur,
2810 961 2866 1009 et
2892 953 3058 1010 Israel
3088 955 3423 1011 salvabitur:
3452 965 3511 1012 et
3539 976 3562 1008 ι
3595 958 3710 1028 quis
3732 978 3748 1010 ι

2176 1041 2400 1095 veniens
2427 1059 2446 1092 ι
2473 1056 2541 1097 ex
2567 1041 2719 1108 Sion,
2750 1062 2769 1096 ι
2788 1043 2843 1099 id
2857 1053 2963 1110 est,
2985 1044 3054 1100 de
3073 1043 3280 1111 Iudaea,
3310 1066 3329 1097 ι
3352 1046 3505 1101 dabit
3524 1047 3755 1104 salutare

2175 1131 2380 1187 Israel-1'
2415 1156 2433 1185 ο
2473 1135 2659 1191 Nullus
2686 1136 2914 1201 scilicet,
2943 1138 3046 1192 nisi
3079 1136 3343 1205 Christus,
3358 1154 3524 1209 quem
3550 1154 3658 1195 vos
3674 1155 3753 1197 ne-

2174 1223 2344 1292 gastis
2372 1222 2539 1278 Deum
2573 1239 2695 1280 esse
2726 1244 2739 1279 :
2769 1225 2912 1282 Deus
2949 1226 3164 1296 quidem
3211 1236 3421 1284 avertet
3469 1230 3752 1299 captivita-

2177 1323 2282 1368 tem
2309 1314 2480 1383 plebis
2514 1330 2643 1380 sum,
2680 1334 2698 1366 ι
2738 1331 2861 1372 cum
2892 1317 3243 1383 converterit,
3274 1337 3293 1371 ι
3330 1319 3384 1373 id
3421 1328 3511 1374 est
3536 1334 3751 1389 prorsus

2174 1403 2438 1458 amoverit
2468 1422 2485 1455 ι
2517 1404 2911 1475 captivitatem,
2947 1425 2967 1456 ι
3009 1404 3061 1461 id
3096 1415 3193 1469 est,
3232 1408 3683 1476 passibilitater‘
3704 1422 3751 1466 et

2171 1491 2550 1546 mortalitatem
2587 1510 2606 1544 ι
2633 1492 2806 1562 plebis
2834 1508 2967 1558 suae,
2994 1495 3281 1550 exsultabit
3309 1494 3502 1561 Iacob,
3528 1507 3589 1552 et
3614 1498 3747 1553 laeta-

2170 1579 2318 1637 bitur
2363 1581 2548 1636 Israel.
2580 1601 2599 1634 ι
2638 1582 2696 1636 In
2732 1583 2832 1639 hac
2870 1583 2979 1638 vita
3017 1594 3255 1641 removet
3279 1585 3420 1642 Deus
3460 1588 3743 1657 captivita-

2175 1680 2281 1727 tem
2309 1672 2524 1739 animac,
2572 1673 2625 1729 id
2652 1682 2736 1729 est
2761 1684 2983 1745 peccata
3014 1693 3028 1728 :
3060 1676 3117 1731 in
3146 1675 3252 1730 alia
3289 1687 3536 1733 removet
3588 1665 3744 1734 etiam

2169 1775 2479 1831 corporum,
2511 1762 2765 1831 quoniam
2796 1764 3086 1820 induentur
3116 1763 3524 1824 immortalitate
3559 1776 3628 1824 et
3663 1769 3746 1824 im-

489 1869 610 1925 qua:
632 1871 730 1926 per
755 1856 923 1911 David
963 1857 1228 1928 signatur,
1265 1872 1297 1912 a
1334 1858 1535 1914 familia
1561 1859 1916 1928 Antichristi,
1948 1879 2050 1933 qua

2170 1850 2541 1919 passibilitate.

485 1959 585 2015 per
603 1944 857 2001 Amalech
886 1947 1221 2017 intelligitur.
1252 1948 1509 2004 Amalech
1538 1966 1773 2021 namque
1795 1952 2062 2023 interpre-

486 2044 633 2091 tatur
664 2036 871 2107 liugens
908 2048 1144 2105 terram,
1184 2056 1281 2112 per
1316 2042 1459 2111 quod
1498 2040 1702 2098 familia
1747 2044 2066 2104 Antichristi

488 2126 823 2199 intelligitur,
852 2146 972 2201 qua:
995 2147 1206 2202 semper
1233 2132 1387 2204 lingit
1411 2141 1465 2188 et
1489 2135 1691 2205 appetit
1728 2144 1961 2205 terrena,
1994 2140 2063 2196 de

485 2217 683 2285 quibus
706 2227 885 2274 tamen
915 2221 1058 2276 Deus
1080 2222 1329 2277 liberabit
1354 2223 1647 2280 Ecclesiam
1683 2243 1856 2283 suam.
1912 2229 2062 2285 Titu-

481 2304 566 2360 lus
597 2306 675 2361 sic
720 2308 1004 2378 exponitur
1044 2328 1058 2363 :
1092 2310 1339 2366 Psalmus
1380 2313 1480 2368 iste
1517 2315 1714 2372 dicitur
1760 2319 2061 2378 intellectus

462 2395 671 2475 .David,
712 2399 837 2467 quia
875 2402 1098 2470 exponit
1137 2402 1292 2456 nobis
1320 2404 1648 2461 intellectum
1678 2408 1869 2476 David,
1901 2412 2059 2468 intel-

479 2486 652 2543 lectus
678 2488 798 2544 dico
823 2490 1043 2546 habitus
1081 2506 1180 2560 pro
1206 2492 1486 2559 Amalech,
1521 2494 1573 2549 id
1610 2505 1693 2551 est
1741 2498 1808 2553 de
1843 2503 2058 2570 negotio

478 2576 589 2644 illo,
631 2578 869 2649 dirigens
912 2582 966 2636 in
1009 2581 1195 2647 ﬁnem,
1239 2582 1294 2637 id
1323 2592 1407 2638 est
1455 2584 1509 2639 in
1537 2585 1829 2643 Christum.
1887 2591 2056 2646 Inter-

476 2678 720 2737 pretatur
746 2671 909 2725 etiam
936 2670 1189 2728 Amalech
1208 2713 1223 2737 ,
1256 2673 1565 2743 parturiens
1591 2676 1705 2732 sive
1725 2676 1929 2745 dolens,
1958 2696 2057 2751 per

478 2761 623 2830 quod
650 2761 965 2833 intelligitur
995 2763 1256 2830 Ecclesia,
1278 2780 1399 2835 quae
1420 2768 1673 2837 parturit,
1702 2768 1754 2823 id
1781 2778 1883 2836 est,
1908 2771 2056 2829 labo-

474 2861 580 2917 rat,
605 2860 664 2907 ut
687 2853 894 2924 aliquos
917 2854 1055 2911 ﬁlios
1080 2855 1195 2911 Deo
1215 2858 1413 2927 pariat,
1434 2866 1490 2913 et
1508 2858 1653 2914 dolet
1671 2861 1737 2916 de
1750 2863 2054 2932 perditione

473 2944 758 2999 malorum.
812 2945 1117 3003 Secundum
1153 2949 1256 3004 hoc
1292 2949 1365 3004 ita
1403 2949 1600 3021 legitur
1638 2952 1843 3008 titulus.
1902 2955 2054 3010 Psal-

474 3049 594 3088 mus
625 3034 726 3090 iste
754 3036 952 3092 dicitur
976 3038 1277 3094 intellectus
1302 3039 1494 3105 David,
1525 3042 1740 3098 habitus
1760 3058 1858 3113 pro
1887 3044 2053 3102 Ama-

472 3124 590 3181 lech
607 3167 621 3191 ,
653 3128 704 3181 id
730 3138 814 3184 est
840 3146 940 3201 pro
967 3132 1230 3200 Ecclesia,
1264 3133 1317 3188 in
1343 3133 1494 3204 cujus
1518 3151 1747 3206 persona
1770 3139 1859 3194 hic
1879 3139 2049 3212 loqui-

2641 1962 2710 2017 ΙΝ
2756 1962 3085 2020 PSALMUM
3130 1963 3260 2020 LIII.

2167 2059 2427 2116 Tt'wws.
2467 2059 2535 2115 In
2573 2061 2729 2130 ﬁnem
2768 2062 3059 2117 intellectus
3097 2064 3153 2117 in
3192 2062 3515 2118 carminibus
3557 2064 3741 2130 Dat-id,

2234 2147 2351 2184 cum
2384 2131 2633 2185 venissent
2659 2130 2840 2195 Ziphei
2865 2133 2934 2186 ad
2958 2131 3090 2187 Saul
3108 2174 3123 2198 ,
3156 2145 3203 2186 et
3227 2133 3478 2188 dixissent
3506 2150 3526 2186 :
3557 2134 3742 2190 Nonne

2233 2200 2405 2254 David
2436 2200 2769 2256 absconditus
2797 2211 2873 2257 est
2901 2204 3042 2272 apud
3076 2219 3169 2257 nos
3192 2204 3217 2256 Ρ

2240 2328 2259 2362 ι
2289 2311 2432 2367 Deus
2482 2311 2535 2366 in
2589 2313 2807 2369 nomine
2850 2321 3011 2369 tuo.»
3065 2313 3198 2384 Ziph
3247 2322 3334 2370 est
3377 2304 3551 2383 vicus,
3606 2319 3738 2373 unde

2160 2401 2348 2471 Zipbei
2395 2401 2758 2476 inhabitantes
2795 2401 2946 2459 dicti.
2998 2401 3065 2458 Ili
3112 2413 3293 2457 autem
3335 2412 3494 2459 erant
3542 2407 3737 2460 contri-

2157 2490 2309 2545 bules
2368 2490 2535 2546 David
2583 2492 2650 2547 de
2692 2492 2832 2549 tribu
2885 2492 3056 2557 Iuda,
3105 2494 3248 2564 apud
3295 2509 3435 2564 quos
3481 2510 3611 2551 cum
3658 2498 3732 2553 Ia-

2158 2590 2298 2639 teret
2351 2583 2515 2639 David
2571 2583 2780 2653 fugiens
2821 2583 2969 2650 Saul,
3030 2585 3131 2654 ipsi
3171 2601 3279 2641 non
3323 2594 3581 2657 putantes
3615 2604 3733 2645 eum

2157 2687 2339 2744 regem
2376 2672 2615 2728 futurum
2649 2675 3032 2731 nuntiaverunt
3072 2675 3241 2742 Sauli,
3286 2685 3349 2731 ut
3391 2693 3519 2733 eum
3556 2680 3732 2735 incau—

2156 2770 2269 2819 tum
2316 2765 2838 2835 comprehenderet:
2880 2765 3050 2822 David
3099 2776 3279 2822 autem
3322 2766 3503 2822 dolum
3548 2784 3729 2824 eorum

2152 2859 2525 2926 praesentiens,
2556 2857 2802 2913 discessit
2826 2857 2894 2913 ab
2912 2856 3014 2923 eis,
3041 2866 3096 2913 et
3122 2858 3381 2913 liberatus
3410 2859 3513 2913 fuit
3540 2860 3588 2929 (I
3606 2860 3726 2930 Reg.

2153 2945 2309 3018 χχιιι)
2340 2963 2353 2998 :
2382 2954 2506 3015 post
2538 2947 2677 3001 hanc
2716 2945 3088 3005 liberationem
3123 2948 3361 3004 cantavit
3393 2948 3565 3006 David
3592 2952 3725 3020 psal-

2153 3049 2301 3091 mum
2333 3034 2521 3099 istum,
2551 3049 2651 3090 nec
2673 3034 2740 3090 de
2767 3035 2869 3091 hac
2894 3051 2990 3093 sua
3018 3037 3353 3101 liberatione,
3380 3040 3475 3095 sed
3504 3041 3572 3095 de
3595 3042 3720 3096 libe-

2150 3123 2360 3179 ratione
2394 3123 2651 3180 Ecclesiae
2684 3140 2717 3179 a
2745 3126 2983 3196 Zipheis,
3020 3128 3073 3183 id
3097 3137 3181 3185 est
3207 3144 3238 3183 a
3272 3128 3588 3187 ﬂorentibus
3627 3133 3718 3187 hu-

471 3226 561 3272 tur
586 3219 871 3290 Propheta.
905 3223 1126 3281 Materia
1158 3226 1469 3298 principalis
1488 3204 1574 3283 est
1594 3229 1851 3296 Ecclesia,
1878 3241 1932 3286 et
1947 3204 2049 3302 per
2073 3204 2120 3266 Ο
2143 3214 2235 3285 Ius
2262 3215 2448 3269 mundi
2475 3233 2487 3268 ε
2516 3215 2701 3285 Ζίυιιθί
2741 3232 2972 3287 namque
3002 3216 3255 3275 “omnes
3281 3220 3714 3290 interpretantur.

469 3311 773 3379 oppositum
825 3328 1084 3384 sequaces
1129 3316 1468 3372 Antichristi.
1520 3318 1745 3375 Modus:
1772 3321 1829 3375 In
1872 3324 2046 3392 prima

468 3409 623 3467 parte
650 3402 923 3472 redarguit
948 3418 1060 3469 eos,
1088 3406 1215 3474 quia
1235 3415 1362 3461 sunt
1387 3409 1453 3462 de
1480 3407 1682 3463 familia
1709 3410 2042 3467 Antichristi.

470 3493 528 3548 In
550 3495 781 3550 secunda
812 3505 963 3564 parte
985 3499 1136 3568 ponit
1164 3499 1562 3554 damnationem
1597 3517 1805 3557 eorum.
1847 3503 1905 3558 In
1938 3513 2047 3561 ter-

470 3585 545 3639 tia
581 3593 734 3655 parte
764 3588 916 3656 ponit
959 3589 1308 3646 salvationem
1340 3590 1632 3660 iustorum.
1676 3596 1905 3652 Intentio
1938 3606 2041 3666 est,

468 3677 760 3735 informare
780 3679 1069 3736 Ecclesiam
1099 3692 1286 3738 contra
1312 3686 1553 3740 membra
1582 3686 1917 3744 Antichristi.
1943 3688 2045 3746 Hic

465 3768 615 3837 ponit
641 3770 827 3825 eadem
847 3771 1027 3837 verba,
1058 3773 1126 3827 ad
1152 3774 1621 3844 reprehensionem
1644 3778 1892 3845 istorum,
1923 3795 2043 3850 quae

465 3860 645 3928 posuit
675 3861 825 3929 prius
859 3861 928 3916 ad
960 3864 1430 3933 reprehensionem
1456 3866 1783 3935 Judazorum,
1816 3872 1906 3939 qui
1932 3887 2042 3926 non

465 3958 788 4017 receperunt
819 3949 1090 4007 Christum
1116 3953 1449 4010 visitatorem
1478 3971 1654 4022 suum,
1685 3960 1811 4029 quia
1838 3961 2042 4018 similes

464 4038 607 4093 videt
634 4054 747 4104 eos,
778 4040 869 4109 qui
899 4040 1039 4095 sicut
1066 4042 1140 4096 illi
1164 4053 1495 4114 negaverunt
1518 4045 1812 4114 Christum,
1839 4051 1918 4107 sic
1949 4052 2041 4108 isti

462 4130 733 4199 negabunt
779 4130 1033 4185 Messiam
1077 4132 1250 4203 ipsum
1292 4134 1476 4201 fuisse,
1520 4137 1613 4193 sed
1647 4138 2039 4199 Antichristum

459 4220 641 4274 dicunt
671 4220 940 4277 Messiam.
1734 4232 1738 4237 '

531 4309 647 4363 Vox
694 4310 966 4376 Ecclesiae,
1004 4312 1085 4367 sic
1119 4327 1215 4369 eos
1248 4316 1620 4387 redargucntis
1660 4339 1679 4372 ι
1701 4319 1983 4392 lnsipiens,
2012 4344 2032 4378 ι

460 4400 688 4465 scilicet,
714 4402 909 4456 familia
930 4401 1265 4471 Antichristi,
1294 4423 1414 4477 quae
1435 4415 1520 4463 est
1546 4411 1662 4466 sine
1680 4427 1806 4468 vera
1826 4415 2038 4484 sapien-

460 4494 534 4547 tia
573 4512 593 4545 ι
621 4494 772 4559 dixit,
806 4516 825 4549 ι
859 4497 912 4552 id
937 4508 1043 4564 est,
1066 4499 1209 4555 dicet
1239 4519 1251 4554 :
1280 4500 1527 4559 Christus
1561 4505 1669 4571 ille,
1707 4508 1797 4576 qui
1836 4516 1921 4563 est
1955 4510 2035 4564 di—
2057 4546 2111 4606 Β

459 4595 578 4642 ctus
619 4588 760 4642 Deus
813 4608 831 4640 ι
861 4605 968 4645 non
1007 4602 1089 4646 est
1127 4594 1268 4649 Deus
1297 4615 1315 4647 ι
1360 4604 1414 4651 et
1453 4598 1590 4653 alius
1639 4600 1779 4654 sicut
1823 4602 1878 4656 in
1927 4603 2032 4658 alio

457 4678 664 4748 psalmo
695 4677 866 4749 (Psal.
911 4681 1031 4754 xm)
1070 4687 1311 4755 exposita
1349 4695 1497 4753 sunt,
1546 4696 1605 4743 ut
1641 4690 1840 4755 videat,
1877 4692 1921 4746 si
1951 4702 2035 4748 est

456 4770 760 4841 intelligens
788 4779 881 4826 aut
908 4775 1209 4844 requirens,
1247 4777 1407 4831 etiam
1450 4779 1630 4849 aliquo
1667 4780 1826 4834 modo
1858 4788 1917 4836 ut
1944 4782 2028 4837 in-

456 4859 661 4932 telligat
693 4879 707 4915 :
744 4878 763 4912 t
790 4877 895 4917 non
924 4873 1008 4918 est
1035 4865 1127 4934 qui
1154 4865 1316 4921 faciat
1344 4869 1568 4935 bonum,
1599 4884 1703 4924 non
1739 4878 1821 4925 est
1860 4887 2031 4942 usque

454 4955 521 5010 ad
573 4970 759 5020 unum,
802 4974 819 5006 ι
868 4955 924 5011 id
956 4964 1058 5023 est,
1086 4972 1187 5013 nec
1225 4974 1363 5015 unus
1388 4959 1658 5015 invenitur
1681 4961 1823 5015 inter
1841 4978 2029 5021 omnes

454 5045 544 5114 qui
579 5042 742 5100 faciat
766 5045 987 5101 bonum.

522 5136 714 5207 Incipit
746 5137 812 5192 de
848 5136 1080 5192 secunda
1124 5145 1277 5207 parte
1314 5156 1325 5191 :
1360 5138 1559 5195 Omnes
1604 5140 2025 5210 declinaverunt,

456 5230 545 5287 s~d
580 5250 597 5280 ι
627 5245 730 5285 non
762 5231 1002 5285 nescient
1022 5250 1040 5281 ι
1072 5230 1127 5284 in
1149 5230 1489 5286 damnatione
1514 5248 1629 5298 sua,
1653 5233 1704 5287 id
1723 5242 1804 5289 est
1826 5249 2026 5306 cogno-

454 5329 604 5378 scent
636 5338 654 5370 ι
683 5334 870 5374 omnes
898 5339 916 5371 ι
944 5333 1002 5376 se
1026 5319 1166 5375 male
1203 5319 1397 5391 egisse,
1448 5338 1468 5372 ι
1495 5322 1587 5391 qui
1612 5342 1631 5374 ι
1664 5325 1825 5380 modo
1860 5344 1879 5377 ι
1900 5339 2026 5396 ope-

451 5418 641 5465 rantur
670 5410 1082 5480 iniquitatem?»
1118 5419 1225 5466 etc.

524 5521 540 5551 ι
575 5500 740 5555 Deum
772 5519 816 5554 ι.
844 5501 968 5556 Ideo
1004 5501 1347 5571 iniquitatem
1392 5510 1705 5573 operantur,
1755 5504 1882 5574 quia
1922 5505 2019 5575 ipsi

449 5608 471 5638 ι
502 5591 667 5644 Deum
695 5606 802 5646 non
828 5590 1231 5657 invocaverunt,
1264 5611 1283 5643 ι
1320 5590 1373 5646 ἰιι
1403 5606 1510 5662 quo
1540 5608 1733 5663 magna
1772 5609 1896 5665 spes
1920 5596 2017 5649 da-

448 5688 537 5755 tur
566 5678 668 5734 illis
698 5680 788 5748 qui
819 5680 1071 5736 invocant
1096 5680 1284 5736 Deum.
1319 5679 1456 5737 Vere
1489 5681 1661 5736 scient
1703 5684 1845 5753 quod
1879 5685 2019 5739 male

448 5776 632 5838 agunt,
678 5787 695 5820 ι
730 5769 981 5838 quoniam
1007 5770 1150 5827 Deus
1177 5769 1472 5842 dissipabit,
1508 5791 1524 5823 ι
1557 5770 1610 5826 id
1637 5780 1748 5841 est,
1781 5773 2019 5829 destruet

2151 3305 2357 3362 Titulus
2393 3306 2471 3362 sic
2503 3307 2792 3377 exponitur
2817 3324 2831 3363 :
2856 3307 3099 3365 Psalmus
3142 3310 3245 3365 iste
3293 3320 3380 3366 est
3424 3313 3718 3370 intellectus

2146 3399 2336 3464 David,
2362 3398 2416 3453 id
2440 3406 2544 3464 est,
2584 3400 2803 3468 exponit
2831 3400 2986 3455 nobis
3008 3401 3339 3457 intellectum
3368 3402 3566 3469 David,
3589 3405 3715 3459 scili-

2146 3499 2234 3546 cet
2278 3490 2650 3547 liberationem
2686 3491 2943 3548 Ecclesia:
2970 3510 3002 3548 a
3032 3494 3346 3550 florentibus
3370 3498 3564 3552 mundi
3595 3517 3609 3551 :
3638 3498 3711 3552 in-

2146 3581 2391 3637 tellectus
2417 3582 2556 3647 dico,
2591 3582 2807 3638 habitus
2838 3583 2889 3638 in
2925 3584 3289 3649 carminibus,
3337 3586 3391 3641 id
3422 3597 3507 3643 est
3533 3589 3587 3643 in
3613 3590 3712 3643 lau-

2145 3674 2318 3736 dibus,
2359 3689 2479 3745 qua:
2514 3682 2640 3729 sunt
2676 3675 2766 3729 ubi
2806 3675 2937 3731 dicit
2968 3692 2981 3730 :
3011 3669 3339 3732 Voluntati!
3365 3679 3710 3743 sacriﬁcabo,

2142 3775 2198 3821 et
2233 3768 2395 3822 etiam
2426 3767 2471 3822 si
2497 3782 2605 3822 non
2640 3767 2969 3823 haberentur
2996 3768 3048 3823 in
3073 3769 3281 3839 psalmo
3306 3769 3509 3834 laudes,
3544 3780 3714 3827 tamen

2141 3857 2366 3913 materia
2391 3864 2533 3912 esset
2560 3858 2719 3927 digna
2750 3857 3014 3925 laudibus,
3058 3874 3178 3929 quae
3202 3859 3454 3916 Ecclesiae
3486 3862 3715 3930 ereptio-

2142 3963 2266 4002 nem
2296 3958 2480 4019 aperte
2511 3948 2778 4014 declarat,
2816 3949 3116 4006 intellectus
3142 3951 3265 4008 dico
3290 3952 3500 4007 habitus
3531 3952 3599 4006 de
3632 3952 3716 4007 hi-

2140 4040 2305 4094 storia
2332 4040 2454 4104 hac,
2482 4040 2696 4110 quando
2716 4041 2922 4111 Ziphei,
2950 4050 3004 4098 et
3032 4052 3246 4109 ctetera,
3274 4043 3510 4114 dirigens
3536 4059 3635 4099 nos
3660 4046 3710 4102 in

2142 4130 2325 4185 ﬁnem.
2366 4129 2586 4185 Materia
2611 4139 2693 4187 est
2721 4132 2981 4187 Ecclesia.
3027 4132 3216 4188 Modus
3239 4152 3251 4187 :
3279 4132 3339 4187 In
3364 4135 3538 4204 prima
3568 4145 3710 4206 parte

2138 4222 2276 4293 petit
2314 4236 2467 4277 suam
2505 4222 2901 4279 liberationem.
2950 4223 3010 4279 In
3041 4225 3272 4280 secunda
3299 4225 3437 4294 petit
3478 4226 3712 4283 inimico-

2140 4328 2259 4367 rum
2284 4313 2710 4381 conversionem,
2732 4330 2852 4385 quze
2877 4315 3062 4384 incipit
3082 4315 3156 4371 ibi
3179 4332 3194 4370 :
3216 4335 3234 4367 ι
3248 4324 3433 4371 averte
3450 4317 3615 4382 mala,
3631 4338 3647 4370 ι
3662 4326 3711 4372 et

2141 4401 2369 4457 afﬁrmat
2395 4418 2547 4458 suam
2574 4403 2969 4472 liberationem,
2996 4421 3163 4475 quare
3182 4407 3388 4461 hostias
3411 4423 3711 4479 recompen-

2137 4492 2364 4548 sationis
2392 4492 2550 4548 solvit
2578 4494 2708 4549 Deo.
2742 4493 2842 4550 Ubi
2869 4495 3029 4550 dicit:
3053 4505 3268 4551 «averte
3289 4496 3490 4563 mala,s
3520 4508 3576 4553 et
3598 4514 3711 4553 ecce

2140 4601 2158 4633 ι
2190 4583 2331 4637 Deus
2360 4581 2578 4650 adjuvat
2602 4598 2688 4639 me
2711 4603 2754 4649 ι,
2784 4585 3013 4639 intendit
3050 4584 3389 4641 conformare
3412 4603 3596 4643 mores
3622 4589 3711 4643 Ec-

2134 4672 2331 4739 clesiae,
2385 4683 2445 4727 ut
2488 4689 2595 4729 non
2646 4683 2846 4729 tantum
2893 4689 2993 4744 pro
3039 4691 3098 4731 se
3142 4684 3284 4743 oret,
3328 4677 3425 4732 sed
3475 4693 3578 4747 pro
3618 4679 3710 4733 ini—

2135 4768 2310 4822 micis.

2201 4859 2281 4913 Ac
2308 4860 2354 4914 si
2384 4859 2586 4915 diceret
2615 4878 2629 4915 :
2658 4859 2821 4918 Orate
2845 4879 2942 4933 pro
2961 4863 3276 4919 liberatione
3294 4872 3500 4929 vestra,
3536 4874 3592 4919 ct
3618 4867 3710 4919 ini-

2133 4951 2428 5016 micorum,
2475 4953 2721 5022 exemplo
2765 4954 2870 5009 mei
2912 4969 3016 5009 vox
3055 4954 3326 5022 Ecclesia),
3368 4954 3609 5011 dicentis
3646 4956 3709 5010 ad

2139 5041 2304 5096 Deum
2333 5061 2346 5096 :
2386 5062 2404 5094 ι
2436 5042 2481 5098 Ο
2511 5042 2676 5108 Deus,
2706 5044 2911 5099 salvum
2939 5062 3027 5102 me
3051 5045 3134 5101 fac
3164 5065 3183 5098 ι
3234 5060 3302 5100 ne
3337 5042 3475 5100 mihi
3510 5062 3713 5115 [ιι-τενθ-

2136 5130 2283 5185 leant
2307 5130 2531 5194 inimici,
2568 5147 2668 5186 nec
2699 5141 2821 5202 peto
2853 5133 3046 5188 salvari
3079 5134 3132 5187 in
3164 5134 3465 5204 patrocinio
3488 5135 3713 5204 alicujus

2131 5223 2384 5292 potentis,
2413 5222 2494 5277 vel
2520 5222 2680 5277 etiam
2708 5224 2759 5277 in
2791 5224 3012 5289 divitiis,
3041 5226 3132 5280 sed
3161 5244 3181 5276 ι
3210 5226 3263 5279 in
3297 5227 3517 5281 nomine
3548 5237 3656 5290 tuo,
3687 5246 3707 5278 ι

2131 5318 2185 5373 id
2226 5325 2311 5373 est
2356 5316 2410 5371 in
2459 5317 2602 5387 quod
2647 5331 2841 5373 nomen
2890 5326 3039 5373 tuum
3065 5320 3259 5385 habeo,
3289 5320 3521 5387 scilicet,
3549 5336 3714 5377 vocor

2130 5406 2498 5474 Christianus,
2528 5408 2612 5464 vel
2644 5408 2851 5465 ﬁdelis:
2887 5427 2906 5461 ι
2932 5418 2989 5465 et
3015 5410 3072 5465 in
3096 5411 3295 5466 virtute
3320 5419 3436 5477 tua,
3465 5431 3483 5463 ι
3519 5412 3578 5468 id
3608 5422 3708 5474 est.

2129 5513 2250 5554 cum
2276 5498 2553 5568 apparebit
2575 5499 2742 5554 virtus
2763 5507 2871 5561 tua.
2898 5501 3120 5568 scilicet,
3153 5503 3206 5557 in
3234 5503 3320 5557 dic
3339 5500 3555 5571 iudicii,
3587 5523 3607 5555 ‹
3628 5503 3715 5573 ju-

2127 5589 2268 5654 dica,
2308 5608 2327 5640 ι
2373 5588 2426 5643 id
2473 5597 2595 5656 est,
2647 5604 2869 5646 secerne
2922 5610 2940 5642 ι
2976 5606 3063 5647 me
3097 5612 3116 5644 ι
3151 5607 3183 5647 a
3239 5608 3416 5649 massa
3471 5595 3713 5665 perdito-

2126 5682 2264 5733 rum.
2478 5678 2481 5681 ’

2198 5768 2358 5822 Facta
2394 5768 2730 5827 ordinatione
2761 5773 2917 5842 petit,
2955 5781 3016 5828 ut
3057 5772 3198 5828 Deus
3226 5772 3482 5828 exaudiat
3509 5772 3714 5829 oratio-
