3940 6452
145 394 257 449 377
1319 386 1757 445 EXPLANATIO
1792 386 1858 440 IN
1892 385 2230 444 PSALMOS.
3296 387 3404 447 378

147 526 273 568 nem
298 508 435 579 ejus,
457 509 679 565 dicens:
708 526 724 560 ι
754 509 915 574 Dens,
940 506 1133 561 exaudi
1158 505 1460 561 oralionem
1475 519 1675 568 meam,
1704 522 1722 554 ι
1760 504 1808 564 Α
1833 507 2006 571 parte,
2030 514 2150 570 quae
2176 499 2363 569 incipit
2391 500 2462 554 ibi
2489 518 2511 560 ε,
2527 499 2637 571 Ego
2666 507 2844 553 autem
2870 499 2939 554 ad
2964 499 3131 555 Deum
3155 500 3407 568 clamavi,

148 614 206 661 et
233 605 376 660 idem
400 610 503 667 est,
528 616 592 656 ac
613 600 658 656 si
685 600 985 672 geminaret
1009 599 1336 663 orationem,
1366 596 1459 652 sed
1487 596 1605 649 ideo
1628 594 1733 649 hoc
1833 590 2069 647 ostendit
2109 589 2416 646 exauditam
2443 605 2596 645 suam
2630 590 2947 653 orationem,
2980 598 3035 644 et
3061 591 3125 645 de
3151 606 3246 645 sua
3276 590 3409 646 libe-

150 695 300 759 facit,
334 695 460 765 quia
502 707 699 762 magna
745 691 909 745 instat
947 688 1281 744 liberationis
1327 684 1638 748 necessitas,
1680 691 1736 739 et
1834 679 2065 744 ratione,
2093 687 2147 732 et
2170 679 2238 733 de
2267 678 2610 733 inimicorum
2635 679 2998 743 damnatione,
3016 687 3072 733 et
3087 678 3159 733 ibi
3180 679 3234 733 in
3256 681 3408 734 dam-

152 804 260 842 non
288 794 496 841 tantum
525 782 835 836 interiorem
863 780 1183 843 orationem,
1205 778 1298 833 sed
1318 776 1483 831 etiam
1505 772 1737 829 exterio-
1834 768 2052 822 natione
2076 767 2337 822 malorum
2358 808 2373 835 ,
2397 768 2670 822 interserit
2685 768 2972 838 quamdam
2987 768 3408 824 admonitionem

152 893 270 932 rem
294 916 308 941 ,
331 875 570 935 scilicet,
604 871 800 926 factam
825 869 1163 933 iuelamore,
1190 875 1245 922 et
1264 868 1496 929 hoeest,
1525 884 1544 914 «
1570 863 1735 916 verba
1829 858 2132 928 justorum,
2182 859 2417 924 scilicet,
2467 866 2526 913 ut
2566 874 2688 913 cum
2734 857 2966 914 viderint
3010 859 3407 915 damnationem

153 968 270 1022 oris
312 966 437 1028 mei,
464 983 481 1014 ι
522 978 627 1017 non
653 961 775 1015 dico
817 958 1132 1030 simpliciter
1153 955 1369 1020 exaudi,
1392 953 1486 1009 sed
1513 950 1739 1006 ﬁrmiter

156 1070 285 1116 tene
313 1060 368 1113 in
392 1055 671 1116 memoria,
695 1063 751 1107 et
776 1053 878 1106 hoc
903 1059 1006 1115 est,
1042 1070 1059 1101 «
1092 1048 1309 1119 percipe
1336 1046 1577 1101 auribus.
1609 1061 1627 1093 ι

228 1150 299 1204 Ει
338 1164 475 1217 epus
522 1154 603 1200 est
641 1152 699 1198 ut
729 1141 1005 1204 exaudias,
1047 1160 1065 1191 «
1094 1139 1348 1208 quoniam
1373 1134 1532 1190 alieni
1563 1154 1582 1187 ι
1617 1133 1742 1189 licet

156 1238 509 1299 coutribules,
557 1244 735 1289 tamen
778 1232 941 1286 alieni
981 1230 1257 1285 voluntate
1290 1242 1320 1281 a
1357 1241 1464 1291 me,
1490 1226 1631 1281 sicut
1653 1225 1740 1279 Zi-

158 1332 284 1403 phei
310 1338 498 1387 contra
528 1325 696 1381 David
727 1342 746 1375 «
774 1324 1182 1379 insurrexerunt
1208 1340 1226 1373 ι
1256 1318 1404 1375 omni
1443 1317 1560 1372 nisu
1607 1334 1625 1367 «
1649 1316 1743 1371 ad-

159 1436 376 1477 versum
413 1434 520 1483 me,
556 1425 613 1472 et
644 1416 832 1479 fortes,
866 1431 886 1465 ι
922 1412 975 1467 id
1013 1419 1099 1468 est
1143 1408 1341 1464 diaboli
1394 1415 1449 1462 et
1509 1404 1742 1460 ministri

158 1530 373 1579 eorum,
417 1510 500 1565 vel
555 1509 716 1564 etiam
762 1504 1031 1576 principes
1077 1501 1255 1557 saeculi
1315 1520 1333 1552 «
1364 1498 1693 1570 quaesierunt
1719 1514 1738 1548 ι

156 1605 389 1676 perdere
438 1621 457 1652 «
487 1599 721 1654 animam
772 1610 971 1660 meam,
1000 1614 1018 1645 ι
1057 1594 1197 1649 sicut
1234 1591 1361 1646 Sani
1402 1600 1458 1646 et
1514 1587 1744 1644 ministri

161 1695 279 1764 ejus
304 1693 540 1748 animam
572 1687 737 1743 David
773 1705 791 1737 «
819 1695 873 1741 et
902 1707 920 1737 ι
964 1685 1064 1755 ipsi
1088 1692 1443 1755 quaerentes.‘
1472 1697 1578 1756 non
1614 1695 1742 1750 pro-

161 1789 459 1855 posuerunt
502 1781 670 1835 Deum
711 1788 836 1832 ante
890 1781 1237 1846 conspectam
1278 1789 1457 1839 suum,
1487 1793 1506 1825 ι
1556 1772 1609 1826 id
1639 1780 1741 1837 est,

162 1889 274 1928 non
323 1870 659 1927 attendentes
709 1868 765 1923 in
815 1882 903 1943 me
944 1881 1066 1922 esse
1104 1866 1295 1921 Deum.

236 1965 381 2020 Bene
404 1963 524 2019 dico
553 1962 742 2029 Deum,
768 1960 892 2030 quia
924 1973 1045 2015 esse
1071 1958 1240 2013 Deum
1291 1957 1348 2013 in
1390 1971 1477 2013 me
1518 1976 1537 2009 «
1566 1970 1692 2012 ecce
1717 1973 1736 2008 ι

160 2060 336 2123 patet,
365 2052 486 2123 quia
520 2071 537 2102 «
565 2051 708 2105 Deus
732 2048 947 2118 adjuvat
966 2062 1052 2103 me
1076 2066 1094 2098 ι
1129 2048 1197 2102 ad
1226 2047 1364 2101 bene
1387 2046 1741 2116 operandam,

169 2163 189 2194 «
228 2152 284 2198 et
305 2163 324 2195 ι
355 2143 467 2213 ipse
498 2161 512 2193 ι
537 2141 797 2196 Dominus
830 2146 1213 2209 suseeptorest
1238 2137 1430 2192 animae
1451 2152 1606 2201 meae,
1638 2155 1657 2188 ι
1686 2137 1748 2196 id.

160 2242 269 2299 est,
302 2233 534 2302 suscepit
561 2233 624 2287 de
649 2234 751 2288 hac
784 2231 992 2287 vilitate
1027 2230 1263 2286 animam
1307 2244 1515 2295 meam,
1559 2227 1743 2285 confe-

162 2324 335 2379 rendo
360 2324 410 2379 ei
438 2324 683 2379 virtutes.

237 2413 431 2482 incipit
480 2427 637 2467 orare
687 2426 785 2482 pro
828 2411 1082 2478 inimicis,
1129 2420 1185 2467 et
1217 2419 1302 2467 est
1338 2410 1570 2467 secunda
1596 2425 1743 2480 pars.

164 2502 516 2559 Continuatio
545 2520 558 2556 :
590 2502 720 2557 Dico
747 2501 888 2558 Deus
910 2511 1190 2572 susceptor
1220 2511 1325 2568 est,
1355 2511 1413 2558 et
1441 2509 1496 2556 tu
1521 2500 1747 2557 Domine

167 2598 333 2661 Deus,
375 2595 467 2666 qui
505 2610 566 2650 es
606 2602 904 2664 susceptor,
956 2611 975 2645 «
1005 2603 1190 2649 averte
1232 2593 1371 2649 mala
1410 2593 1478 2647 ab
1511 2591 1748 2647 inimicis

165 2687 305 2742 meis
332 2707 350 2738 ι
400 2700 467 2741 ne
507 2685 716 2755 possint
738 2682 947 2739 eﬁicere
973 2685 1116 2753 quod
1137 2684 1237 2753 ipsi
1268 2684 1457 2739 volunt
1482 2697 1497 2736 :
1523 2701 1541 2734 «
1570 2690 1626 2737 et
1640 2681 1749 2738 dis-

165 2780 334 2850 perde
374 2778 514 2842 illos,
546 2797 564 2829 ι
609 2778 661 2832 id
708 2786 813 2841 est,
841 2777 1059 2831 destrue
1083 2796 1101 2827 «
1135 2777 1188 2830 in
1214 2776 1438 2830 veritate
1460 2782 1573 2840 tua,
1606 2793 1625 2826 ›
1648 2772 1750 2829 sei-

168 2871 318 2935 licet,
351 2869 597 2940 ponendo
625 2868 905 2923 veritatem
937 2877 1080 2921 tuam
1107 2867 1161 2921 in
1188 2866 1326 2933 loco,
1349 2865 1439 2921 ubi
1464 2865 1622 2921 modo
1650 2864 1751 2919 ha-

166 2961 299 3017 bent
327 2959 633 3024 falsitatem,
661 2966 717 3014 et
739 2957 937 3013 malam
967 2956 1318 3013 voluntatem.

244 3054 310 3108 Et
335 3061 396 3108 ut
423 3052 589 3108 facias
612 3052 714 3107 hoc
742 3070 760 3103 «
791 3064 890 3122 ego
918 3049 1235 3107 sacriﬁcabo
1263 3049 1358 3105 tibi
1388 3067 1408 3101 ι
1443 3047 1703 3119 meipsum
1728 3065 1743 3102 :

171 3159 227 3200 et
257 3161 362 3199 non
396 3160 494 3214 pro
516 3143 696 3212 aliquo
729 3142 1013 3198 commodo
1041 3140 1345 3210 temporali,
1375 3139 1472 3196 sed
1505 3157 1524 3192 «
1562 3138 1747 3194 volun-

174 3237 333 3300 tarie,
364 3200 489 3291 l.id
534 3200 637 3300 est,
672 3249 739 3289 ex
774 3233 887 3289 sola
935 3234 1012 3288 tui
1039 3200 1327 3288 dilectione
1359 3248 1373 3286 :
1402 3250 1421 3283 «
1448 3239 1506 3286 et
1533 3250 1551 3281 ι
1582 3230 1745 3286 etiam
1770 3200 1818 3263 δ

179 3346 198 3378 «
237 3324 533 3381 conﬁtebor
558 3323 763 3380 nomini
813 3333 903 3379 tuo
944 3324 1198 3390 Domine,
1235 3343 1254 3376 ι
1301 3322 1357 3377 id
1381 3331 1480 3386 est,
1522 3321 1752 3377 laudabo

173 3432 371 3472 nomen
420 3424 591 3482 tuum,
646 3433 665 3467 «
694 3409 948 3484 quoniam
980 3414 1180 3468 bonum
1219 3419 1320 3478 est,
1352 3432 1371 3465 ι
1412 3412 1466 3467 id
1496 3419 1600 3478 est,
1630 3411 1750 3466 lan-

173 3507 306 3561 dare
340 3521 534 3560 nomen
565 3514 716 3559 tuum
743 3516 925 3559 suave.

248 3594 318 3647 Et
346 3594 482 3647 bene
508 3592 677 3646 debeo
705 3589 1009 3645 sacriﬁcare
1032 3597 1087 3644 et
1106 3588 1371 3653 conﬁteri,
1405 3608 1424 3639 «
1450 3589 1701 3658 quoniam
1729 3607 1748 3639 ι

178 3693 238 3737 tu
285 3683 510 3736 Domine
555 3700 574 3731 «
601 3679 846 3750 eripuisti
894 3694 979 3734 me
1017 3694 1085 3734 ex
1128 3678 1274 3733 omni
1306 3677 1669 3742 tribulatione,
1700 3684 1757 3731 et

180 3791 202 3824 «
238 3771 432 3826 oculus
470 3784 652 3835 meus,
683 3789 702 3822 ι
730 3769 784 3825 id
812 3777 894 3825 est
918 3769 1143 3824 interior
1169 3768 1309 3823 ratio
1346 3782 1484 3832 mea,
1520 3785 1539 3818 «
1570 3768 1757 3836 despe-

174 3861 260 3916 xit
308 3874 472 3929 super
506 3858 754 3914 inimicos
796 3874 968 3925 meos,
999 3877 1018 3909 ι
1069 3872 1231 3927 super
1253 3857 1403 3923 dicit,
1430 3858 1552 3927 quia
1576 3856 1756 3925 justus

176 3953 267 4009 ille
300 3953 412 4023 jam
464 3952 717 4024 intelligit
758 3965 816 4008 se
847 3953 903 4008 in
933 3951 1042 4007 alto
1073 3952 1193 4007 loco
1210 3941 1467 4021 positum,
1495 3960 1552 4007 et
1580 3952 1757 4008 inimi-

175 4056 273 4097 eos
313 4057 439 4098 suos
484 4042 540 4099 in
580 4040 739 4111 hujus
778 4041 960 4097 smeuli
1004 4040 1135 4098 faece
1159 4040 1395 4110 dejectos
1419 4049 1751 4111 putrescere.

662 4172 731 4229 IN
759 4173 1088 4231 PSALMUM
1120 4173 1253 4229 LIV.

177 4284 439 4341 Trwws.
490 4284 556 4339 In
587 4286 746 4354 ﬁnem
786 4287 841 4340 in
883 4286 1200 4340 carminibus
1234 4286 1523 4341 intelleclus
1559 4286 1754 4341 David.

258 4416 276 4446 «
304 4395 531 4460 Exaudi,
552 4394 715 4449 Deus.
746 4415 764 4447 ι
796 4394 1041 4450 Psalmus
1073 4394 1175 4451 iste
1202 4404 1426 4451 vocatur
1454 4395 1758 4452 intellectus

177 4486 369 4552 David,
389 4486 617 4553 scilicet,
640 4485 919 4542 Christum
936 4486 1175 4541 futurum
1196 4487 1488 4552 hominem,
1510 4486 1753 4558 fragilem

178 4576 474 4634 secundum
501 4592 718 4632 carnem
764 4585 819 4631 et
852 4576 1221 4644 ﬂuctuantem,
1260 4579 1355 4634 sed
1399 4594 1466 4633 ex
1508 4579 1621 4634 solo
1649 4580 1756 4635 Deo

179 4670 470 4725 habentem
499 4667 900 4733 conﬁdentiam,
929 4668 1234 4724 intellectus
1283 4668 1405 4724 dico
1441 4668 1655 4723 habitus
1702 4668 1759 4722 in

177 4756 526 4820 carminibus,
558 4756 612 4810 id
637 4763 741 4819 est,
766 4756 820 4810 in
849 4755 1097 4813 laudibus
1128 4767 1181 4812 et
1201 4757 1561 4813 exsultatione
1601 4766 1656 4812 et
1691 4772 1760 4813 ex

180 4848 289 4901 hoc
338 4844 480 4915 quod
520 4844 687 4899 Deum
725 4844 976 4916 intelligit
1001 4860 1122 4902 esse
1151 4845 1535 4902 ﬁrmitudinem
1566 4854 1763 4902 nostrae

182 4933 555 4991 humanitatis.
617 4934 975 5004 Comparatur
1021 4936 1167 4991 enim
1216 4949 1404 4993 nos=ra
1460 4938 1765 4995 humanitas

181 5024 466 5081 ﬂuctuanti
496 5025 619 5080 navi
647 5042 661 5080 :
685 5033 740 5081 et
776 5025 918 5081 sicut
954 5026 1070 5097 ipsa
1099 5027 1251 5083 navis
1280 5030 1443 5086 habet
1477 5029 1763 5085 ﬁrmitudi-

178 5131 313 5172 nem
341 5129 407 5171 ex
438 5116 694 5184 anchora,
718 5117 798 5174 sie
821 5125 1008 5174 nostra
1032 5120 1341 5176 humanitas
1364 5137 1431 5176 ex
1462 5122 1580 5178 solo
1606 5121 1717 5177 Deo
1742 5140 1765 5176 ξ

182 5215 243 5261 ει
268 5206 415 5262 illum
440 5207 770 5265 intellectum
800 5223 963 5279 quem
989 5209 1177 5265 habuit
1208 5209 1501 5280 Propheta,
1533 5226 1639 5266 non
1666 5225 1766 5281 per

184 5302 493 5369 historiam,
521 5302 613 5359 sed
640 5317 740 5373 per
766 5300 1027 5373 Spiritum
1076 5312 1344 5370 sanctum,
1393 5320 1499 5360 non
1546 5304 1768 5375 exponit

183 5406 259 5449 ex
282 5408 371 5458 se,
396 5391 489 5448 sed
527 5392 736 5449 inducit
769 5392 1045 5449 Christum
1092 5403 1447 5463 exponentem
1477 5412 1490 5449 :
1520 5393 1769 5450 Christus

184 5481 337 5537 enim
364 5480 452 5537 hic
478 5480 736 5551 loquitur,
767 5489 823 5536 et
845 5489 927 5537 est
951 5482 1195 5538 materia.
1252 5482 1439 5539 Modus
1467 5502 1479 5538 :
1504 5485 1561 5539 lu
1594 5485 1768 5554 prima

185 5578 348 5642 parte
391 5585 664 5641 exponens
702 5571 951 5627 Christus
993 5588 1145 5628 suam
1182 5572 1545 5645 fragilitatem,
1578 5576 1769 5645 petita

188 5660 305 5716 Deo
331 5659 725 5717 liberationem.
766 5661 822 5716 In
851 5662 1084 5718 secunda
1113 5671 1285 5733 parte,
1312 5681 1432 5736 quae
1452 5665 1640 5736 incipit
1661 5666 1765 5722 ibi:

187 5747 498 5821 Prrecipita,
548 5751 789 5819 Domine,
833 5753 1159 5825 imprecatur
1205 5755 1456 5813 inimicis.
1506 5756 1562 5812 ln
1611 5758 1769 5813 tertia

1780 4538 1833 4598 D

1836 947 2141 1017 impiorum,
2174 964 2281 1003 non
2313 950 2556 1013 timeant,
2589 950 2681 1004 sed
2709 964 2923 1004 omnem
2950 965 3134 1005 curam
3165 966 3316 1005 suam
3354 951 3411 1004 in

1838 1037 2122 1091 Dominum
2147 1038 2369 1107 jactent,
2397 1045 2453 1092 et
2478 1037 2579 1092 hoc
2600 1046 2681 1092 est
2712 1038 2784 1093 ibi
2820 1056 2832 1091 :
2862 1036 3014 1093 Jacta
3044 1053 3205 1108 super
3232 1039 3413 1096 Domi-

1840 1142 1967 1181 num
2016 1141 2199 1181 curam
2243 1134 2409 1192 tuam,
2442 1133 2497 1180 et
2534 1126 2650 1181 haec
2683 1136 2766 1180 est
2799 1127 3044 1184 intentio.
3087 1128 3241 1184 Unde
3267 1129 3413 1198 Apo-

1840 1221 2009 1277 stolus
2043 1241 2056 1276 :
2096 1221 2361 1278 «Omnem
2410 1220 2823 1277 sollicitudinem
2864 1234 3100 1280 vestram
3133 1224 3415 1296 projieien-

1843 1320 1924 1367 tes
1968 1312 2024 1365 in
2071 1323 2226 1377 eum,
2273 1311 2526 1382 quoniam
2581 1312 2681 1383 ipsi
2735 1328 2866 1369 cura
2916 1322 3000 1369 est
3043 1315 3110 1371 de
3158 1317 3310 1373 vobis
3358 1315 3412 1389 (Ι

1844 1401 1993 1458 Pefr.
2044 1402 2123 1476 Υ).
2154 1423 2174 1457 ι

1855 1497 1865 1502 ’
1912 1493 1982 1546 Ει
2020 1504 2306 1563 antequam
2344 1502 2509 1563 ponat
2546 1509 2698 1550 suam
2727 1494 3093 1566 fragilitatem,
3117 1496 3252 1567 petit
3281 1497 3415 1553 libe-

1847 1584 2108 1640 rationem
2134 1624 2147 1645 ,
2198 1600 2321 1640 eum
2363 1585 2493 1640 dicit
2524 1602 2540 1640 :
2577 1604 2595 1637 «
2628 1585 2855 1649 Exaudi.
2903 1587 3067 1654 Deus,
3115 1588 3414 1656 orationem

1846 1687 2020 1726 meam
2051 1692 2071 1726 ι
2096 1674 2162 1728 de
2199 1673 2503 1728 obtinendis
2544 1675 2734 1730 bonis:
2769 1695 2787 1726 «
2814 1685 2869 1730 et
2888 1691 2956 1731 ne
2977 1676 3287 1748 despexeris
3316 1678 3408 1733 de-

1846 1764 2212 1833 precationem
2257 1781 2432 1820 meam
2455 1785 2474 1818 ›
2509 1767 2638 1836 quin
2670 1783 2884 1837 semper
2923 1784 3203 1826 removeas
3226 1770 3408 1825 mala:

1768 1850 1817 1909 Β
1842 1861 2022 1923 posset
2052 1856 2195 1910 enim
2224 1855 2355 1909 dare
2376 1857 2534 1922 bona,
2561 1873 2680 1926 qua:
2702 1858 2858 1914 malis
2882 1858 3285 1915 imminentibus
3305 1859 3417 1914 tolli

1840 1952 2082 2015 possent,
2113 1953 2317 2001 etcum
2342 1946 2648 2002 humanitas
2676 1962 2796 2003 mea
2817 1948 2892 2003 ita
2918 1949 3138 2004 humilis
3155 1950 3249 2016 sit,
3276 1950 3420 2020 quod

1844 2033 1912 2089 ad
1958 2033 2295 2089 altitudinem
2344 2042 2491 2089 tuam
2534 2043 2765 2105 nequeat
2808 2037 3108 2108 attingere,
3161 2039 3422 2094 «intende
3518 2060 3525 2065 '

1844 2125 1997 2193 mihi,
2026 2146 2046 2179 ι
2088 2125 2142 2181 id
2175 2136 2278 2193 est,
2320 2127 2583 2183 intentum
2629 2137 2682 2184 te
2722 2130 2921 2199 prtebe,
2963 2130 3291 2185 humiliando
3337 2138 3419 2185 te-

1847 2216 2023 2287 ipsum
2049 2217 2204 2281 mihi,
2237 2217 2539 2273 humiliavit
2568 2232 2627 2273 se
2656 2218 2817 2285 Deus,
2843 2218 3059 2289 quando
3088 2234 3148 2275 se
3169 2220 3420 2275 humanae

1846 2306 2124 2377 conjunxit
2148 2307 2449 2362 inﬁrmitati
2485 2326 2496 2362 :
2536 2327 2554 2359 «
2584 2316 2638 2363 et
2667 2328 2685 2361 ι
2716 2309 2795 2364 sic
2822 2329 2840 2362 «
2869 2310 3063 2365 exaudi
3094 2325 3200 2366 me.
3231 2330 3249 2363 ι

1914 2398 2060 2468 Opus
2084 2407 2167 2453 est
2191 2406 2251 2452 ut
2276 2400 2552 2464 exaudias,
2582 2399 2709 2469 quia
2736 2415 2836 2470 ego
2872 2419 2891 2452 «
2917 2416 3036 2456 sum
3067 2402 3423 2458 contristatus

1845 2487 1901 2542 in
1942 2488 2333 2544 exercitatione
2372 2505 2513 2555 mea,
2544 2510 2561 2542 ι
2580 2489 2634 2545 id
2657 2498 2761 2556 est,
2779 2506 3008 2547 exerceo
3030 2508 3138 2558 me,
3164 2501 3226 2548 ut
3244 2493 3419 2549 bonus

1845 2576 2103 2648 agricola,
2136 2578 2189 2632 in
2216 2578 2479 2649 proximis
2521 2580 2678 2645 meis,
2723 2589 2782 2635 ut
2826 2580 3167 2649 fructiﬁeem,
3213 2583 3268 2637 in
3313 2598 3422 2652 quo

1847 2670 1975 2740 quia
2007 2685 2197 2740 parum
2227 2669 2472 2739 proﬁcio,
2513 2671 2826 2737 contristor,
2868 2680 2925 2726 et
2962 2688 3070 2729 non
3117 2683 3325 2730 tantum
3367 2675 3422 2731 in

1846 2763 1953 2818 hoc
1980 2763 2289 2827 contristor,
2322 2782 2339 2814 «
2368 2762 2463 2819 sed
2483 2763 2648 2818 etiam
2670 2763 3019 2820 conturbatus
3035 2779 3154 2820 sum
3171 2780 3203 2819 a
3223 2780 3374 2831 voce,
3396 2785 3418 2816 ι

1850 2852 1903 2907 id
1930 2862 2016 2908 est
2055 2854 2125 2909 ab
2148 2853 2453 2924 opprobriis
2490 2873 2509 2906 «
2533 2853 2757 2923 inimici,
2787 2862 2846 2910 et
2869 2870 2900 2909 a
2931 2856 3274 2912 tribulatione
3299 2871 3424 2927 pec-

1846 2944 2068 3000 catoris.
2111 2964 2129 2996 ι

1916 3034 1985 3092 Ει
2009 3034 2148 3091 bene
2174 3035 2296 3092 dico
2319 3051 2351 3091 a
2376 3035 2735 3101 tribulatione,
2765 3055 2786 3089 «
2814 3036 3069 3107 quoniam
3094 3036 3195 3107 ipsi
3221 3036 3419 3106 iniqui-

1849 3136 2031 3192 tatem,
2055 3147 2075 3182 ι
2100 3127 2156 3183 id
2171 3135 2257 3184 est
2281 3136 2532 3194 mortem,
2566 3147 2586 3180 «
2606 3127 3008 3183 declinaverunt
3029 3127 3084 3181 in
3110 3142 3215 3192 me,
3244 3145 3264 3179 ι
3294 3126 3422 3196 quia

1851 3233 1975 3273 cum
1997 3232 2098 3289 ego
2121 3216 2357 3271 dicerem
2380 3216 2460 3271 eis
2486 3215 2687 3286 aliquid
2706 3214 2855 3281 boni,
2882 3215 2984 3285 ipsi
3010 3223 3188 3269 tamen
3215 3228 3429 3283 semper

1852 3305 2193 3361 declinabant
2221 3305 2275 3358 in
2304 3319 2393 3360 me
2414 3345 2430 3367 ,
2458 3304 2831 3360 machinantes
2862 3304 2994 3360 mihi
3028 3313 3277 3360 mortem.
3334 3304 3428 3360 Vel

1852 3396 2167 3466 iniquitates
2191 3411 2319 3451 suas
2339 3396 2663 3481 removendo
2683 3411 2714 3450 a
2737 3410 2796 3452 se
2817 3383 3219 3451 declinaverunt
3238 3394 3291 3449 in
3315 3408 3425 3459 me,

1852 3494 2111 3543 vocantes
2146 3482 2235 3542 ine
2282 3495 2645 3556 peccatorem,
2693 3492 2822 3551 ete.,
2866 3504 2884 3537 ι
2910 3494 2966 3541 ει
2993 3487 3047 3540 in
3089 3486 3169 3539 ira
3216 3484 3429 3540 molesti

1855 3585 2012 3632 erant
2073 3576 2239 3644 mihi,
2287 3594 2306 3628 ι
2356 3575 2411 3630 id
2455 3585 2576 3642 est,
2632 3576 2689 3631 in
2749 3575 2932 3631 furore
2981 3575 3256 3631 molestias
3298 3576 3428 3631 mihi

1856 3665 2184 3721 inferebant.

1926 3755 1994 3811 Et
2021 3761 2243 3825 prepter
2268 3755 2373 3811 hoc
2404 3772 2423 3805 «
2456 3769 2552 3809 cor
2580 3769 2755 3809 meum
2787 3774 2806 3806 ι
2835 3756 3052 3811 carnale
3092 3776 3111 3807 «
3140 3756 3431 3811 conturba-

1860 3856 1971 3902 tum
2019 3856 2105 3901 est
2158 3846 2212 3900 in
2246 3861 2352 3901 me.
2379 3864 2399 3898 ι
2426 3842 2779 3901 Conturbatio
2808 3844 2927 3908 fuit,
2949 3861 3071 3901 cum
3092 3844 3262 3900 Judaei
3288 3858 3431 3898 mor-

1857 3945 1964 3993 tem
1988 3936 2040 3993 ei
2067 3936 2423 4001 minarentur,
2445 3954 2464 3987 «
2492 3944 2548 3992 et
2568 3934 2797 3992 formido
2822 3936 3032 4000 mortis,
3069 3957 3087 3988 ι
3119 3936 3171 3991 id
3194 3943 3278 3990 est
3309 3935 3434 3989 hor-

1856 4042 1951 4081 ror
1987 4025 2180 4082 mortis
2220 4026 2483 4082 venientis
2517 4044 2537 4077 «
2565 4041 2729 4096 super
2755 4042 2842 4082 me
2868 4046 2886 4080 ι
2923 4027 2979 4081 in
3007 4041 3115 4097 quo
3143 4025 3277 4081 nihil
3298 4024 3437 4095 juris

1857 4118 2088 4174 habebat
2120 4117 2377 4184 «cecidit,
2401 4137 2420 4169 ι
2471 4118 2525 4173 id
2561 4126 2667 4184 est,
2716 4118 2991 4174 destructa
3024 4128 3127 4180 est.
3173 4117 3299 4188 quia
3338 4129 3437 4188 per

1856 4211 1961 4265 hoc
1989 4209 2332 4276 Laurentius,
2373 4217 2428 4264 et
2468 4209 2557 4264 alii
2596 4209 2770 4264 sancti
2808 4209 3056 4265 vicerunt
3092 4207 3434 4263 formidinem

1860 4300 2090 4356 ratione.

1933 4410 1951 4443 «
1980 4390 2187 4458 Timor,
2218 4411 2237 4445 ι
2275 4391 2329 4447 id
2363 4397 2468 4455 est,
2505 4389 2760 4457 formido,
2789 4389 2938 4445 venit
2963 4404 3126 4460 super
3149 4403 3257 4454 me,
3287 4397 3343 4443 et
3370 4386 3439 4442 ti-

1860 4498 1977 4540 mor
2003 4483 2168 4538 etiam
2196 4483 2389 4549 animi,
2422 4499 2529 4538 non
2577 4482 2914 4538 necessarius
2940 4481 3295 4545 voluntarius,
3337 4499 3356 4531 «
3383 4488 3439 4536 et

1860 4584 2061 4630 tremor
2081 4593 2100 4626 ι
2136 4573 2377 4643 corporis
2411 4591 2429 4625 «
2459 4582 2721 4628 venerunt
2751 4587 2910 4642 super
2933 4588 3017 4627 me
3040 4592 3059 4625 ι
3081 4572 3134 4626 in
3159 4572 3274 4641 ipsa
3298 4570 3432 4625 hora

1860 4663 2150 4735 passionis,
2178 4663 2403 4730 scilicet,
2429 4663 2542 4733 jam
2572 4662 2887 4718 imminente
2910 4671 3105 4727 morte,
3146 4680 3165 4712 «
3193 4669 3249 4716 et
3287 4667 3436 4714 tene-

1861 4756 1993 4820 brae,
2026 4776 2044 4806 ι
2081 4755 2137 4809 id
2175 4762 2278 4820 est,
2323 4769 2470 4809 mors
2512 4752 2630 4823 ipsa
2657 4771 2677 4805 «
2699 4760 3179 4817 eontexeruntme,
3210 4771 3229 4804 ›
3255 4749 3308 4804 id
3333 4759 3438 4815 est,

1862 4854 2037 4900 morte
2063 4846 2178 4916 ipsa
2206 4844 2457 4900 exstincti
2487 4853 2612 4899 sunt
2639 4859 2826 4900 omnes
2850 4858 3061 4899 sensus.

1942 4954 1959 4986 «
1995 4935 2063 4990 Et
2096 4935 2227 4991 dixi.
2260 4954 2280 4987 ι
2313 4935 2584 5005 Expositis
2605 4950 2702 5005 per
2730 4935 2974 4990 ordinem
3005 4934 3178 4997 malis,
3204 4932 3445 4988 ostendit

1866 5027 2135 5097 quomodo
2183 5026 2240 5081 in
2291 5026 2422 5096 ipsis
2470 5026 2627 5082 malis
2663 5042 2723 5081 se
2758 5025 3026 5081 habuerit.
3087 5024 3213 5078 Hzec
3261 5022 3441 5077 omnia

1868 5118 2114 5174 fecerunt
2148 5117 2320 5184 mihi,
2360 5125 2416 5172 et
2451 5116 2578 5171 dum
2614 5119 2730 5173 haec
2768 5117 2897 5172 mihi
2937 5116 3160 5179 ﬁerent,
3206 5134 3225 5165 «
3258 5114 3389 5177 dixi,
3422 5133 3440 5164 ι

1869 5206 1924 5262 id
1956 5213 2057 5272 est,
2095 5205 2382 5261 deliberavi
2420 5206 2472 5262 in
2510 5206 2675 5263 corde
2713 5221 2854 5272 meo,
2882 5206 2989 5260 hoc
3018 5204 3246 5269 scilicet,
3284 5222 3301 5254 ι
3325 5203 3449 5274 quis

1869 5297 2020 5354 dabit
2065 5297 2197 5352 mihi
2242 5312 2445 5367 pennas
2497 5299 2639 5354 sicut
2692 5296 2974 5360 columbae,
3007 5315 3025 5347 ι
3090 5295 3146 5349 id
3184 5303 3269 5348 est
3304 5308 3449 5375 coms

1868 5388 2093 5461 parabili
2131 5388 2412 5455 eolumbze,
2451 5388 2677 5453 scilicet,
2717 5388 2833 5443 sine
2855 5385 3036 5440 omnia
3066 5382 3447 5461 amaritudine,

1867 5460 2093 5551 pennas,
2124 5480 2175 5535 id
2202 5488 2304 5546 est,
2337 5481 2585 5546 virtutes,
2615 5498 2633 5531 ‹
2676 5487 2732 5534 ει
2768 5476 2981 5541 volabo,
3012 5496 3030 5528 ι
3062 5475 3116 5530 id
3140 5483 3242 5537 est,
3274 5460 3450 5526 r‘emo—

1871 5572 2008 5629 veho
2042 5586 2128 5627 me
2167 5572 2234 5627 ab
2278 5572 2411 5643 ipsis
2446 5571 2645 5627 Iudaeis
2681 5568 3056 5639 corporaliter,
3100 5584 3119 5616 «
3151 5575 3205 5620 et
3245 5563 3451 5634 requie-

1870 5678 2019 5720 scam
2048 5683 2067 5717 ι
2092 5663 2165 5729 ab
2194 5662 2339 5718 omni
2371 5661 2635 5718 tumultu?
2667 5659 2900 5715 Maxima
2920 5672 3095 5726 penna
3121 5655 3224 5712 fuit
3241 5655 3451 5727 patien-

1874 5756 1968 5824 tia,
1997 5770 2103 5826 qua
2132 5755 2361 5812 removit
2388 5770 2446 5811 se
2472 5750 2821 5821 corporaliter
2849 5764 2877 5804 a
2902 5748 3101 5806 iudicis
3125 5749 3180 5805 in
3208 5757 3450 5808 tempore
