3940 6464
473 412 579 469 579

934 408 1285 466 ΙΙᾹΥΜΟΜΞ
1325 380 1807 465 HALBERS'i‘AT.
1847 407 2061 463 EPlSC.
2102 406 2253 462 OPP.
2294 405 2472 460 PARS
2507 406 2527 459 l
2588 436 2655 445 —-
2690 403 3043 460 COMMENT.
3080 403 3250 456 BIBL.

3638 401 3746 456 δεῖ)

471 521 862 595 persecutionis
887 537 1016 586 sate,
1050 536 1116 576 ne
1150 535 1245 575 sua
1272 504 1557 590 praesentia
1590 528 1734 575 esset
1770 520 1850 575 eis
1887 534 2048 574 causa
2079 525 2124 580 Α
2154 526 2208 572 et
2255 531 2312 571 se
2348 516 2522 586 ipsum
2561 514 2878 580 exaltando,
2920 533 2939 565 ι
2979 514 3024 569 is
3052 514 3144 584 qui
3180 513 3368 568 oderat
3397 526 3486 567 me
3516 531 3530 566 :
3568 533 3590 565 ι
3633 529 3743 568 non

472 615 693 688 majoris
716 614 939 669 insania:
967 631 979 665 :
1011 612 1222 683 quietus
1246 652 1261 678 ,
1290 627 1395 666 non
1437 613 1557 667 ideo
1579 613 1706 681 quin
1738 612 1850 682 ipse
1870 618 2053 680 posset

471 721 592 763 esse
614 705 828 776 quietus
858 706 997 759 inter
1022 718 1209 758 omnes
1234 703 1493 756 tumultus
1520 704 1678 772 hujus
1700 705 1845 767 vitaz,
1874 702 1966 756 sed
1992 709 2052 756 ιιι

473 799 627 853 daret
657 796 810 851 nobis
835 793 1133 864 exemplum
1162 793 1449 848 recedendi
1474 793 1540 847 ab
1567 793 1669 848 isto
1690 793 1916 846 tumultu
1939 807 2052 846 cor-

473 868 701 958 poralia,
741 899 806 939 ne
848 898 1187 937 moveremus
1222 880 1354 937 alios
1388 882 1455 936 ad
1492 882 1749 951 majorem
1788 878 2048 933 furorem.

473 977 755 1034 Tumultus
789 975 1001 1045 quidem
1035 973 1273 1028 exterior
1311 979 1393 1028 est
1430 971 1729 1043 fugiendus,
1772 970 1898 1041 quia
1938 970 2052 1039 ipse

473 1080 556 1127 est
590 1085 754 1125 causa
791 1063 1177 1136 inquietudinis
1215 1062 1403 1116 animi.
1622 1058 1623 1061 “

539 1159 678 1214 Ecce
702 1157 923 1227 qutesivi
952 1162 1014 1209 ut
1044 1154 1304 1208 darentur
1338 1165 1550 1221 pennae,
1582 1156 1637 1205 et
1670 1168 1689 1200 ι
1742 1162 1869 1203 ecce
1896 1166 1915 1200 ι
1954 1145 2049 1200 da-

469 1258 538 1304 tae
577 1255 742 1313 sunt,
779 1248 976 1317 quibus
1019 1262 1038 1295 ι
1085 1241 1328 1313 elongavi
1377 1239 1589 1310 fugiens
1632 1259 1651 1291 ι
1701 1236 2052 1307 corporaliter

470 1338 707 1402 Judteos,
746 1354 764 1387 ι
796 1343 853 1390 et
881 1333 1052 1389 mansi
1084 1333 1137 1385 in
1164 1330 1451 1386 solitudine
1480 1347 1498 1379 ι
1529 1329 1595 1382 ad
1621 1328 1878 1382 litteram.

545 1427 614 1481 Et
640 1425 909 1481 exsistens
936 1424 988 1476 in
1023 1420 1313 1476 solitudine
1359 1434 1377 1469 ι
1428 1433 1549 1473 eum
1584 1416 1674 1485 qui
1716 1430 1802 1469 me
1845 1413 2050 1469 salvum

471 1516 603 1572 fecit
631 1508 1131 1585 a’pusillanimitate
1175 1510 1413 1580 spiritus,
1445 1528 1463 1561 ι
1494 1508 1545 1562 id
1586 1515 1691 1571 est,
1722 1506 1812 1575 qui
1855 1519 1944 1559 me
1971 1505 2051 1559 sic

470 1603 779 1668 custodivit,
808 1610 869 1657 ut
894 1601 1116 1671 spiritus
1141 1614 1296 1654 meus
1329 1599 1614 1660 humanus,
1659 1596 1750 1664 qui
1789 1601 2049 1664 quantum

470 1694 539 1749 ad
566 1693 836 1748 hominem
865 1690 1088 1762 pusillus
1117 1696 1255 1753 erat,
1290 1703 1398 1742 non
1441 1684 1718 1747 deﬁceret,
1760 1701 1779 1734 ι
1817 1691 1871 1739 et
1905 1703 1924 1734 ι
1956 1683 2049 1753 qui

468 1800 557 1841 me
588 1785 794 1840 salvum
830 1783 961 1839 fecit
1006 1798 1037 1837 a
1083 1801 1102 1833 ι
1138 1787 1456 1851 tempestate
1496 1796 1515 1830 ι
1548 1774 1911 1832 tribulationis
1956 1773 2051 1827 Ju-

2153 607 2276 661 dico
2322 605 2636 674 simpliciter
2669 604 3076 669 sustinuissem,
3120 603 3213 659 sed
3260 622 3279 654 ι
3320 603 3742 658 abscondissem

2154 711 2240 750 me
2276 714 2292 746 ι
2328 692 2682 764 corporaliter
2712 693 3035 749 removendo
3060 712 3079 745 ‹
3110 695 3178 749 ab
3203 708 3269 749 eo
3301 712 3342 757 ι,
3384 701 3440 748 et
3473 693 3579 748 hoc
3618 693 3745 749 dico

2158 802 2177 835 ι
2207 783 2451 849 forsitan,
2483 802 2501 836 ι
2542 784 2594 839 id
2622 792 2734 849 est,
2762 799 2969 839 revera.

2227 892 2245 923 ι
2260 874 2339 927 Τιι
2353 888 2479 928 vero
2493 873 2673 928 homo.
2687 893 2706 925 ι
2730 873 3010 927 Inimicum
3021 871 3419 935 sustinuissem,
3437 890 3458 923 ι
3481 881 3541 927 ιιι
3561 888 3701 927 vero
3716 892 3735 925 υ

2152 965 2241 1032 qui
2270 965 2502 1019 amicum
2530 963 2820 1019 simulabas
2846 972 2920 1028 te,
2942 979 3047 1017 non
3070 979 3129 1019 es
3149 963 3525 1029 sustinendus,
3554 973 3613 1017 et
3639 965 3741 1020 hoc

2151 1063 2253 1119 est,
2290 1061 2345 1107 tu
2382 1072 2400 1103 ι
2431 1055 2593 1108 homo
2618 1054 2910 1118 unanimis,
2958 1073 2976 1105 ι
3005 1050 3211 1117 Μ’θει,
3250 1054 3343 1122 qui
3390 1062 3446 1107 te
3493 1053 3742 1125 ﬁngebas

2151 1144 2459 1197 unanimem
2500 1143 2654 1208 mihi,
2697 1162 2714 1195 ι
2745 1142 2851 1197 dux
2899 1158 3053 1198 meus
3081 1163 3100 1197 ι
3136 1158 3300 1213 quem
3347 1159 3452 1214 ego
3487 1146 3740 1214 pramit-

2152 1236 2329 1289 tebam
2356 1235 2495 1289 sicut
2522 1234 2656 1290 alios
2686 1234 2999 1305 discipulos,
3036 1244 3094 1288 ut
3114 1245 3370 1304 pararent
3394 1235 3535 1290 mibi
3560 1238 3743 1307 hospi-

2152 1326 2306 1391 tium,
2340 1344 2360 1376 ι
2394 1334 2449 1381 et
2487 1334 2648 1381 notus
2682 1338 2832 1382 meus
2863 1346 2882 1379 ›
2913 1328 3207 1382 secundum
3241 1329 3737 1382 conversationem.

2227 1434 2245 1464 ι
2275 1408 2427 1482 ριιί’»
2462 1416 2621 1470 etiam
2644 1416 2908 1470 exsistens
2934 1433 2953 1466 ι
2988 1429 3200 1470 mecum
3222 1414 3382 1469 simul
3404 1434 3424 1466 ι
3451 1415 3735 1477 cumaliis,

2157 1525 2175 1559 ι
2210 1508 2461 1576 capiebas
2498 1507 2648 1563 cibos
2682 1506 2864 1563 dulces
2892 1526 2939 1572 ι,
2977 1505 3068 1577 qui
3099 1508 3356 1562 deberent
3397 1521 3528 1562 esse
3580 1522 3737 1562 causa

2151 1597 2324 1652 dulcis
2347 1596 2618 1652 amicitiae.
2651 1594 2750 1651 Vel
2794 1617 2812 1647 ι
2849 1597 3030 1652 dulces
3077 1595 3245 1660 cibos,
3284 1614 3303 1647 ›
3338 1596 3395 1650 id
3446 1605 3537 1650 est
3580 1597 3737 1665 spiri-

2151 1685 2353 1740 tualem
2384 1686 2705 1749 doctrinam,
2738 1700 2857 1756 quas
2885 1685 3148 1740 debuerat
3172 1684 3267 1741 tibi
3296 1700 3420 1740 esse
3455 1685 3660 1748 dulcis,
3687 1696 3739 1741 et

2151 1788 2183 1828 a
2216 1773 2506 1829 traditione
2536 1786 2839 1838 removere,
2876 1780 2930 1828 et
2966 1774 3131 1828 etiam
3177 1792 3195 1825 ι
3243 1774 3656 1828 ambulavimus
3686 1776 3737 1830 in

468 1876 724 1940 decorum,
752 1890 819 1930 ne
847 1875 1027 1946 aliquo
1050 1873 1209 1928 modo
1243 1870 1537 1926 conformis
1572 1869 1651 1923 eis
1682 1867 1889 1931 ﬁerem,
1921 1876 2047 1920 eum
2078 1864 2125 1923 Β
2153 1866 2311 1921 domo
2331 1866 2427 1921 Dei
2451 1882 2573 1922 cum
2601 1880 2861 1922 consensu
2895 1883 2910 1920 :
2941 1885 2960 1919 ι
2988 1873 3043 1921 et
3076 1866 3122 1921 si
3152 1866 3447 1936 aliquando
3467 1866 3737 1922 Pharisai

468 1968 561 2037 qui
603 1970 707 2023 boc
754 1965 883 2023 fecit
911 1984 931 2018 ι
980 1964 1361 2035 exspectabam
1393 1981 1412 2015 ι
1440 1969 1501 2016 ιιι
1528 1959 1855 2016 resuscitare
1899 1957 2050 2013 face-

467 2062 569 2124 ret,
602 2066 708 2113 etc.

542 2163 564 2197 ι
584 2145 885 2216 Praecipita.
901 2165 918 2197 ι
946 2145 1045 2200 Hic
1063 2143 1249 2212 incipit
1276 2142 1343 2196 de
1364 2140 1598 2196 secunda
1624 2146 1797 2209 parte,
1821 2136 2049 2203 scilicet,

468 2236 758 2306 imprecari
796 2236 910 2291 suis
936 2234 1187 2289 inimicis.
1218 2232 1330 2302 Ego
1364 2230 1630 2301 elongavi,
1663 2227 1871 2299 fugiens
1903 2226 2049 2282 mala

471 2342 679 2392 eorum,
703 2328 797 2382 sed
813 2335 890 2392 tu,
920 2346 939 2378 ι
963 2326 1204 2388 Domine,
1222 2322 1518 2393 praecipita,
1543 2339 1562 2372 ›
1581 2320 1752 2376 eosde
1766 2317 2049 2374 altitudine

471 2418 624 2489 regni
659 2418 764 2483 sui,
805 2418 873 2471 in”
894 2424 1205 2485 contemptu
1254 2414 1553 2477 hominum,
1584 2418 1683 2467 etc
1734 2409 1911 2464 divide
1939 2409 2045 2462 lin-

464 2522 599 2579 guas
648 2522 857 2572 eorum,
908 2526 927 2558 ι
985 2506 1038 2561 id
1072 2514 1185 2567 est,
1237 2503 1465 2561 diversis
1517 2500 1794 2555 erroribus
1834 2497 2047 2567 implica

463 2594 675 2666 linguas
703 2610 915 2661 eorum,
938 2603 998 2649 ut
1020 2595 1123 2649 sibi
1152 2608 1258 2648 non
1289 2592 1630 2647 consentiant
1650 2589 1703 2643 in
1728 2588 2045 2656 Scriptnris,

460 2686 602 2741 sicut
630 2701 730 2741 nec
773 2684 1201 2764 hodiefaciunt.
1245 2682 1545 2737 Admodum
1592 2681 1919 2750 imprecatur
1941 2678 2053 2743 eis,

462 2776 555 2846 qui
594 2785 782 2830 contra
826 2774 994 2829 Deum
1028 2773 1220 2828 turrim
1250 2771 1599 2836 aediﬁcantes,
1626 2778 1753 2824 sunt
1795 2767 2047 2839 przecipi-

463 2865 565 2919 tati
606 2872 663 2918 et
707 2864 864 2919 divisi
908 2879 1007 2935 per
1035 2863 1268 2933 linguas,
1297 2869 1355 2915 et
1397 2861 1561 2916 debes
1605 2858 1943 2929 praecipitare
1989 2864 2045 2911 et

465 2954 727 3020 dividere,
764 2974 782 3006 ι
818 2955 1073 3023 quoniam
1114 2968 1214 3023 ego
1260 2951 1368 3006 vidi
1410 2950 1769 3020 iniquitatem,
1805 2967 1825 3000 ι
1875 2948 1928 3002 id
1962 2955 2050 3002 est

464 3046 701 3101 actualia
738 3045 881 3099 mala
911 3084 925 3108 ,
974 3059 1094 3113 qua:
1142 3043 1270 3097 mibi
1314 3040 1620 3096 inferebant
1668 3059 1688 3091 ι
1732 3048 1788 3093 et
1834 3047 2049 3094 contra-

2149 1963 2339 2011 contra
2369 1957 2621 2012 dicebant
2650 1957 2702 2011 in
2740 1956 2959 2027 templo,
2995 1964 3053 2011 tu
3080 1956 3213 2012 mihi
3243 1959 3661 2021 consentiebas,
3686 1967 3735 2014 et

2148 2062 2274 2103 cum
2304 2048 2436 2102 mihi
2482 2048 2559 2101 ita
2596 2046 2879 2103 familiaris
2921 2062 3088 2115 esses,
3118 2063 3283 2118 quare
3315 2064 3451 2119 ergo
3475 2058 3537 2106 tu
3570 2051 3731 2106 homo

2150 2139 2206 2196 in
2230 2156 2317 2195 me
2345 2140 2617 2210 peccasti?

2220 2231 2288 2287 Et
2313 2232 2439 2302 quia
2466 2232 2591 2297 iste,
2621 2232 2711 2306 qui
2744 2239 2853 2287 tam
2884 2230 3167 2287 familiaris
3202 2232 3335 2287 mihi
3362 2243 3503 2297 erat,
3544 2235 3631 2289 sic
3659 2248 3736 2288 me

2149 2322 2392 2386 tradidit,
2422 2340 2442 2372 ι
2472 2322 2655 2377 veniat
2680 2336 2844 2391 super
2864 2322 2984 2377 illos
3017 2343 3035 2375 ι
3067 2324 3157 2391 qui
3188 2324 3277 2378 isti
3308 2327 3737 2391 consentientes,

2150 2414 2204 2467 in
2232 2428 2319 2468 me
2343 2416 2722 2484 peccaverunt,
2754 2433 2773 2466 ‹
2795 2430 2942 2469 mors
2968 2434 2987 2466 ι
3016 2415 3068 2469 id
3094 2423 3198 2480 est,
3218 2415 3388 2470 levius
3410 2419 3733 2486 puniantur,

2147 2502 2240 2572 qui
2262 2503 2592 2573 ignoranter,
2623 2504 2678 2558 in
2702 2520 2789 2560 me
2814 2514 3197 2575 peccaverunt,
3232 2508 3284 2562 id
3326 2517 3433 2574 est,
3470 2524 3585 2562 non
3620 2524 3736 2563 sen-

2151 2595 2286 2649 tiant
2310 2610 2527 2665 gravem
2572 2610 2815 2666 ptenam,
2861 2599 3001 2653 sicut
3030 2614 3129 2654 nec
3154 2600 3229 2655 illi
3248 2586 3354 2671 ‘qui
3389 2604 3601 2657 mortui
3631 2620 3734 2658 ene

2148 2697 2387 2754 mantur,
2420 2697 2474 2742 et
2505 2689 2595 2743 alii
2621 2691 2710 2759 qui
2753 2692 2986 2746 scienter
3012 2702 3394 2761 peccaverunt,
3444 2712 3465 2745 ι
3499 2695 3734 2751 descen-

2149 2776 2278 2830 dant
2318 2779 2370 2831 in
2416 2776 2687 2832 infernum
2719 2778 2978 2844 viventes,
3014 2800 3033 2832 ι
3062 2781 3113 2835 id
3137 2790 3241 2847 est,
3271 2782 3344 2836 ita
3370 2784 3624 2853 graviter
3646 2800 3735 2854 puo

2148 2867 2389 2932 niantur,
2417 2883 2482 2922 ac
2504 2869 2549 2922 si
2577 2869 2681 2923 vivi
2713 2879 3107 2925 cremarentur.
3139 2869 3237 2927 Hic
3261 2874 3733 2945 tangithistoriam

2149 2956 2337 3028 (Num.
2370 2973 2490 3024 xvr;
2523 2956 2672 3012 Psal.
2719 2966 2827 3028 ev),
2871 2961 3141 3026 quomodo
3171 2962 3385 3018 Datban
3428 2972 3489 3020 et
3525 2965 3734 3021 Abimn

2149 3058 2375 3118 propter
2403 3049 2742 3112 seditionem,
2775 3065 2937 3119 quam
2963 3062 3243 3107 moverant
3264 3060 3456 3107 contra
3488 3052 3732 3125 Moysen,

470 3136 760 3192 dictionem
797 3155 817 3186 ι
856 3136 907 3187 in
940 3135 1148 3198 verbis,
1178 3131 1375 3201 quibus
1413 3138 1603 3185 contra
1627 3130 1883 3185 dicebant
1909 3143 2045 3184 mea:
2080 3200 2114 3209 _
2146 3138 2253 3193 vivi
2313 3140 2553 3209 absorpu
2605 3148 2730 3195 sum
2781 3155 2811 3195 ει
2862 3149 3038 3207 terra,
3090 3141 3267 3198 (more
3312 3159 3435 3199 cum
3482 3145 3734 3201 ducentis

465 3227 855 3299 praedicationi,
889 3244 907 3275 ι
945 3225 999 3279 in
1026 3200 1246 3279 civitate
1280 3242 1300 3274 ι
1330 3221 1462 3277 reali
1484 3220 1838 3276 Hierusalem.
1860 3220 2047 3276 Potest
2070 3200 2115 3265 (ἶ
2146 3200 2539 3299 quinquaginta
2571 3238 2842 3285 crematus
2866 3239 2969 3303 est.
2998 3200 3094 3286 Vel
3142 3231 3340 3304 legitur
3377 3234 3434 3287 in
3476 3200 3684 3289 bonum
3716 3254 3728 3286 :

458 3315 565 3388 legi
598 3320 651 3370 in
682 3316 880 3371 bonum
902 3314 981 3369 sic
1010 3332 1024 3367 :
1054 3312 1334 3382 Praecipitat
1365 3312 1430 3367 de
1459 3310 1709 3381 superbia
1739 3311 1793 3366 in
1818 3310 2041 3366 humili-

462 3415 629 3462 tatem
665 3424 678 3459 :
709 3406 885 3460 divide
909 3403 1119 3475 linguas
1145 3416 1356 3467 eorum,
1389 3414 1459 3455 ne
1478 3400 1582 3481 φὶ
1613 3400 1956 3456 consentiant
1986 3398 2044 3453 in

460 3495 626 3560 malo,
656 3504 854 3550 czetera
880 3508 989 3548 non
1014 3500 1309 3547 mutantur.

528 3586 598 3639 Et
624 3584 751 3655 quia
802 3582 1052 3639 fecerunt
1091 3580 1432 3650 iniquitatem
1469 3578 1526 3633 in
1564 3594 1683 3645 me,
1728 3579 1851 3635 ideo
1886 3596 1906 3629 ι
1940 3579 2049 3633 cir-

461 3675 736 3730 cumdabit
769 3689 888 3729 eam
915 3693 936 3727 ι
965 3673 1241 3728 civitatem
1281 3690 1299 3723 ι
1330 3671 1588 3741 iniquitas
1614 3670 1703 3726 die
1730 3687 1794 3726 ac
1816 3679 1992 3735 nocte,
2016 3690 2036 3723 ι

464 3766 518 3821 id
547 3775 630 3822 est
657 3767 892 3832 assidue,
915 3781 1035 3836 qua:
1056 3764 1283 3821 exsistat
1308 3783 1329 3815 ι
1358 3778 1521 3833 super
1540 3778 1725 3819 muros
1762 3764 1897 3834 ejus,
1932 3781 1952 3815 ›
1987 3763 2041 3818 id

455 3868 541 3914 est
588 3860 821 3930 majores
863 3858 1121 3922 civitatis,
1163 3857 1255 3926 qui
1297 3865 1424 3911 sunt
1466 3871 1654 3910 murus
1703 3864 1759 3910 et
1800 3854 2042 3910 defensio

457 3951 692 4006 civitatis
722 3966 738 4004 :
771 3970 789 4001 ι
818 3960 869 4005 et
896 3951 950 4005 in
981 3950 1182 4014 medio,
1219 3967 1238 4001 ι
1273 3948 1328 4002 id
1358 3954 1443 4003 est
1471 3947 1741 4004 communi
1789 3965 1807 3998 ι
1845 3946 1984 4013 ejus,
2015 3964 2034 3998 ι

456 4043 512 4097 id
542 4051 628 4099 est
673 4043 841 4097 totius
873 4040 1065 4111 plebis,
1115 4040 1239 4104 erit,
1275 4056 1294 4089 ι
1328 4037 1502 4104 labor,
1539 4056 1559 4091 ι
1594 4037 1649 4092 id
1677 4046 1780 4102 est,
1827 4037 2042 4090 labora-

454 4134 591 4188 bunt
612 4141 673 4188 ut
702 4131 1045 4188 malefaciant
1070 4131 1124 4185 in
1151 4128 1451 4185 malefactis
1481 4148 1499 4181 ι
1533 4129 1587 4184 in
1610 4127 1820 4198 iustitia
1851 4148 1869 4180 ι
1895 4128 2042 4182 velut

461 4226 516 4279 in
550 4224 703 4280 falsis
729 4224 967 4293 iudiciis.

535 4333 554 4365 ι
594 4315 661 4368 Et
687 4329 850 4369 usura
892 4333 911 4365 ›
949 4314 1002 4368 in
1032 4314 1256 4384 pecunia
1280 4313 1580 4384 temporali,
1616 4331 1635 4365 ι
1663 4321 1718 4369 et
1748 4313 1903 4369 dolus
1931 4329 2038 4369 non

456 4404 657 4470 deﬁcit,
696 4425 714 4456 ι
748 4405 800 4459 id
847 4413 950 4469 est,
979 4420 1085 4459 non
1130 4403 1343 4459 deﬁciet
1394 4406 1462 4459 ab
1497 4405 1612 4470 eis,
1658 4414 1713 4458 et
1753 4404 1867 4459 haec
1897 4403 2036 4467 mala

2150 3337 2170 3369 ι
2191 3318 2383 3373 Veniat
2412 3333 2562 3374 mors
2579 3335 2742 3390 super
2764 3320 2902 3387 illos,
2926 3340 2947 3373 ι
2974 3321 3027 3376 id
3055 3331 3162 3387 est,
3186 3324 3495 3379 moriantur
3518 3325 3573 3379 in
3607 3342 3733 3395 pec-

2143 3411 2303 3476 catis,
2338 3428 2359 3462 ι
2387 3418 2442 3466 et
2468 3413 2798 3467 descendant
2842 3414 2895 3467 in
2948 3412 3215 3469 infernum
3249 3415 3520 3481 viventes,
3557 3436 3579 3469 ι
3626 3432 3735 3471 non

2142 3510 2367 3575 mortui,
2410 3509 2640 3576 scilicet,
2682 3509 2924 3580 agilitate
2974 3512 3199 3577 mentis,
3245 3512 3341 3566 sed
3390 3513 3736 3567 attendentes

2142 3615 2333 3671 poenas
2366 3600 2677 3668 infernales,
2729 3619 2849 3673 quae
2878 3611 3143 3676 parantur
3185 3603 3386 3675 impiis,
3418 3604 3678 3659 recedant
3703 3620 3737 3657 ιι

2143 3691 2318 3747 malis.

2168 3798 2171 3801 ·
2214 3781 2282 3836 Et
2316 3782 2475 3837 debet
2523 3798 2671 3837 mors
2722 3782 2908 3838 venire
2952 3798 3116 3854 super
3157 3799 3274 3849 eos,
3319 3804 3338 3835 ι
3374 3785 3632 3855 quoniam
3682 3785 3739 3838 in

2142 3873 2482 3939 habitaculis,
2517 3892 2532 3925 ι
2570 3873 2622 3927 id
2666 3884 2748 3928 est
2806 3873 2860 3928 in
2902 3875 3156 3930 cordibus
3212 3894 3231 3927 ι
3281 3891 3475 3937 eorum,
3510 3894 3532 3926 ι
3590 3885 3737 3929 sunt

2148 3981 2166 4013 ι
2201 3962 2473 4031 nequitiae,
2505 3980 2522 4014 ›
2551 3962 2674 4031 quia
2698 3964 2751 4017 in
2783 3963 3038 4018 cordibus
3065 3978 3250 4019 eorum
3276 3963 3519 4019 habitant
3539 3964 3739 4018 multa

2141 4053 2296 4108 malae
2331 4053 2704 4123 cogitationes,
2744 4054 2928 4108 ethoc
2969 4067 3074 4107 non
3118 4053 3172 4107 in
3218 4054 3428 4124 paucis,
3473 4051 3575 4107 sed
3617 4072 3638 4104 ι
3674 4052 3735 4106 in

2138 4143 2317 4199 medio
2354 4162 2373 4194 ι
2409 4144 2464 4198 id
2500 4152 2583 4199 est
2610 4145 2664 4198 in
2699 4144 3064 4199 communioni
3094 4161 3113 4194 ι
3143 4160 3351 4200 eorum.
3386 4164 3405 4196 ι

2216 4254 2234 4285 ι
2251 4236 2363 4306 Ego
2383 4245 2583 4290 autem.
2600 4255 2617 4286 ι
2644 4235 2834 4305 Incipit
2850 4236 2916 4289 de
2939 4236 3096 4289 tertia
3118 4244 3268 4304 parte
3299 4236 3737 4304 scilicet,osteu—

2140 4325 2218 4380 dit
2245 4340 2304 4380 se
2335 4342 2456 4381 esse
2487 4327 2822 4391 exauditam,
2852 4335 2907 4381 et
2956 4328 3022 4381 de
3054 4343 3149 4381 sua
3192 4327 3517 4383 liberatione
3566 4339 3623 4384 et
3668 4332 3735 4384 de

2139 4417 2404 4473 malorum
2428 4418 2795 4474 damnatione.
2821 4416 3167 4473 Continuatio
3197 4438 3209 4474 :
3242 4419 3363 4474 Mali
3391 4421 3466 4475 ita
3500 4421 3740 4476 damna-

458 4512 564 4550 non
596 4496 796 4550 facient
821 4495 1055 4559 occulte,
1087 4494 1196 4549 imo
1224 4493 1534 4560 manifeste,
1560 4502 1615 4549 et
1641 4493 1745 4548 hoc
1768 4500 1888 4548 est:
1917 4512 1934 4543 ι
1968 4493 2035 4548 de
2065 4545 2115 4604 Β
2140 4508 2358 4573 bunum
2396 4527 2414 4559 ε
2447 4523 2545 4579 ego
2575 4518 2753 4563 autem
2783 4507 2848 4562 ad
2871 4506 3036 4562 Deum
3060 4507 3304 4574 clamavi,
3339 4528 3358 4561 ,
3393 4516 3449 4563 ει
3470 4509 3583 4565 hoc
3610 4519 3735 4565 est:

454 4585 649 4656 plateis
674 4585 809 4655 ejus.
842 4603 860 4636 ι

481 4673 491 4705 ί
533 4695 552 4726 ι
566 4675 849 4742 Quoniam.
867 4694 885 4725 ι
902 4674 994 4729 lsti
1009 4684 1243 4745 quatuor
1264 4690 1455 4731 versus
1474 4683 1763 4745 sequentes
1786 4674 2038 4746 leguntur

456 4769 765 4837 specialiter
789 4769 855 4823 de
875 4768 1033 4824 Juda.
1063 4768 1155 4824 Sic
1181 4770 1567 4825 continuantur
1590 4770 1657 4823 ad
1678 4770 1986 4837 supradicta
2018 4787 2031 4823 :

455 4861 579 4915 ldeo
604 4861 877 4931 praecipita
903 4868 957 4916 et
984 4860 1162 4915 divide
1186 4874 1299 4926 eos,
1335 4878 1354 4912 ι
1392 4860 1650 4931 quoniam
1681 4879 1699 4911 ι
1743 4859 1859 4915 haec
1896 4859 2036 4915 mala

455 4969 575 5022 qua:
603 4953 735 5007 mihi
786 4951 989 5007 faciunt
1011 4965 1109 5023 per
1158 4952 1447 5022 quemdam
1484 4951 1803 5006 familiarem
1829 4968 2033 5019 meum,

456 5046 522 5100 de
548 5059 654 5113 quo
675 5059 781 5099 non
808 5052 891 5099 est
915 5045 1253 5115 patiendum,
1284 5045 1378 5099 sed
1413 5065 1431 5095 ι
1458 5046 1504 5099 si
1536 5059 1689 5099 meus
1726 5044 1975 5100 inimicus
2007 5065 2027 5099 ι

455 5135 774 5191 manifestus
802 5156 821 5186 ς
868 5135 1233 5191 maledixisset
1269 5135 1424 5200 mihi,
1458 5154 1475 5187 ι
1509 5149 1611 5207 ego
1650 5153 1670 5186 ι
1703 5136 1887 5205 utique
1909 5151 2032 5191 sus-

457 5228 736 5283 tinuissem
766 5247 785 5279 ι
823 5243 968 5294 eum,
992 5243 1060 5282 ne
1090 5226 1553 5289 remaledicerem,
1579 5243 1681 5283 nec
1699 5228 2034 5284 vindicarem

457 5319 511 5374 in
547 5335 693 5377 eum.
719 5320 817 5375 Vel
860 5322 966 5376 duo
996 5320 1363 5390 praecedentes
1394 5319 1649 5390 leguntur
1674 5320 1740 5374 de
1767 5320 2033 5376 simulatis

457 5414 664 5481 amicis,
691 5422 747 5469 et
772 5412 845 5467 ita
868 5412 1052 5483 junge,
1083 5411 1206 5467 dico
1226 5410 1529 5481 praecipita,
1558 5411 1808 5482 disperge
1833 5430 1845 5464 :
1887 5411 2030 5478 ideo,

458 5509 711 5577 quoniam
737 5507 951 5577 pejores
976 5513 1103 5560 sunt
1130 5504 1276 5560 veris
1300 5502 1571 5560 inimicis:
1609 5511 1666 5559 et
1690 5503 1765 5558 ita
1790 5510 1874 5559 est
1897 5502 2030 5558 tibi:

458 5599 722 5667 Quoniam
751 5603 795 5656 si
826 5598 1076 5655 inimicus
1098 5597 1486 5654 maledixisset.

527 5692 595 5748 Et
623 5708 728 5748 non
761 5700 965 5746 tantum
1013 5691 1059 5746 si
1108 5689 1496 5753 maledixissct,
1526 5688 1620 5745 sed
1669 5704 1690 5740 ι
1737 5689 1781 5745 si
1826 5689 2037 5745 locutus

460 5781 649 5837 fuisset
680 5797 841 5852 super
868 5797 954 5836 me
989 5795 1201 5851 magna,
1242 5799 1260 5830 ι
1296 5779 1520 5845 scilicet,
1549 5795 1633 5836 me
1664 5778 2032 5849 deprimendo,

2144 4598 2394 4662 clamavi,
2422 4606 2479 4651 et
2501 4597 2757 4652 Dominus
2784 4595 3013 4650 salvavit
3044 4610 3148 4651 me.
3184 4615 3204 4650 ι

2214 4689 2277 4745 Ει.
2302 4689 2426 4758 quia
2455 4688 2682 4743 salvavit
2724 4688 2843 4744 ideo
2873 4708 2889 4739 ι
2926 4690 3163 4743 narrabo
3200 4707 3218 4739 ι
3261 4685 3375 4756 jam
3418 4687 3589 4755 facta,
3626 4707 3648 4741 ι
3684 4697 3741 4746 et

2143 4779 2474 4834 annuntiabo
2508 4799 2525 4831 ι
2561 4778 2762 4844 futura,
2795 4787 2849 4835 et
2881 4778 2983 4834 hoc
3018 4797 3038 4829 ‹
3079 4792 3301 4847 vespere
3329 4798 3349 4830 ι
3382 4779 3434 4832 id
3462 4788 3576 4843 est,
3605 4795 3737 4833 cum

2142 4868 2256 4939 ipse
2282 4869 2510 4923 traditus
2538 4868 2657 4933 fuit,
2694 4887 2712 4919 ι
2742 4878 2798 4924 et
2834 4884 2993 4923 mane
3020 4888 3038 4921 ι
3080 4868 3295 4938 quando
3333 4877 3460 4923 ante
3482 4868 3739 4937 iudicem

2144 4958 2350 5021 ductus,
2388 4977 2407 5009 ι
2433 4966 2488 5013 et
2516 4959 2739 5013 meridie
2767 4977 2785 5010 ι
2817 4957 3031 5029 quando
3071 4958 3280 5028 positus
3318 4966 3403 5012 est
3440 4958 3492 5011 in
3542 4972 3737 5014 cruce.

2135 5051 2400 5105 Videntur
2424 5051 2712 5106 dissentire
2751 5050 3145 5121 Evangelistze:
3178 5049 3321 5104 Dicit
3367 5049 3513 5103 enim
3564 5050 3741 5115 alter,

2134 5141 2418 5196 Dominum
2446 5143 2761 5198 cruciﬁxum
2790 5141 2842 5197 in
2885 5148 3035 5197 sexta
3066 5142 3235 5205 hora,
3269 5139 3405 5195 alter
3444 5141 3497 5194 in
3535 5142 3741 5205 tertia,

2134 5246 2236 5286 nec
2266 5240 2444 5288 tamen
2473 5231 2818 5297 dissentiunt,
2842 5231 2970 5302 quia
2999 5231 3141 5302 quod
3164 5230 3302 5284 alter
3320 5230 3453 5285 dicit
3473 5231 3528 5285 in
3563 5232 3741 5286 tertia

2136 5322 2269 5377 hora
2298 5322 2638 5387 cruciﬁxum,
2669 5337 2776 5377 non
2821 5322 2888 5377 de
2925 5320 3278 5377 cruciﬁxione
3308 5320 3472 5393 ligni,
3517 5321 3625 5376 sed
3669 5324 3743 5378 de

2136 5414 2481 5470 damnatione
2507 5415 2559 5469 in
2585 5414 2781 5486 linguis
2809 5413 3114 5470 Iudaeorum
3134 5456 3150 5480 ,
3180 5413 3315 5469 alter
3342 5412 3476 5468 dicit
3501 5412 3572 5468 de
3606 5414 3739 5485 ipsa

2136 5506 2314 5562 crucis
2342 5506 2609 5562 alﬁxione.
2656 5505 2875 5579 Singula
2919 5506 3145 5578 singulis
3189 5506 3430 5562 narravit
3469 5520 3737 5575 vespere,

2136 5596 2190 5652 id
2224 5605 2326 5659 est,
2356 5597 2407 5651 in
2452 5612 2605 5652 creua
2635 5597 2911 5669 discipulis
2949 5599 3080 5663 suis,
3112 5597 3451 5668 praedicendo
3481 5607 3739 5652 mortem

2136 5701 2309 5749 suam,
2336 5692 2390 5740 et
2409 5687 2879 5754 resurrectionem,
2902 5695 2957 5742 et
2978 5687 3371 5752 ascensionem,
3400 5700 3524 5742 cum
3547 5686 3738 5741 dixit:

2144 5796 2165 5827 ς
2200 5776 2366 5833 Amen
2410 5777 2530 5833 dico
2582 5778 2768 5845 vobis,
2815 5795 2953 5834 unus
3004 5787 3242 5834 vestrum
3290 5794 3376 5834 me
3420 5777 3745 5833 traditurus
