3940 6450
97 381 195 440 381

1261 368 1696 427 EXPLANATIO
1735 366 1802 424 ΙΝ
1841 365 2180 422 PSALMOS.

3235 363 3342 420 582

97 502 179 549 est
207 489 432 562 (Matth.
477 486 651 557 xxvi.)
687 506 704 538 ι
745 487 1098 542 Annuntiavit
1133 501 1290 541 mane
1332 484 1507 540 dictus
1545 491 1669 537 ante
1695 487 1748 547 Α
1772 494 1912 534 mem
1935 477 2168 534 hominis
2193 477 2342 541 dicit,
2367 490 2475 546 quo
2506 475 2667 530 homo
2689 475 3011 538 corroditur,
3045 475 3185 532 sicut
3210 491 3342 546 μθυα

99 581 326 639 Pilatum
353 579 610 650 judicem,
638 592 758 632 cum
789 577 922 632 dixit
949 595 962 630 :
1001 595 1018 628 ‹
1055 577 1112 632 1η
1133 578 1237 632 hoc
1263 584 1420 630 natus
1447 590 1586 638 sum,
1609 582 1669 628 ut

98 671 409 744 perhibeam
433 667 798 722 testimonium
830 666 1063 732 veritati,
1089 683 1156 721 ex
1178 669 1280 722 hoc
1302 664 1549 720 videbitis
1578 662 1668 718 Fi-

99 763 228 818 lium
248 759 481 817 hominis
506 759 808 814 venientem
837 774 957 814 cum
981 760 1212 814 nubibus
1229 757 1616 830 (Joan.-xvm).
1643 775 1662 808 ›

101 855 398 911 Exauditus
415 859 494 905 est
526 850 695 920 magis
716 849 768 902 in
793 849 904 918 ipsa
933 849 1203 918 passione,
1232 864 1354 904 cum
1381 847 1672 902 derelictus

99 947 391 1007 videretur,
423 957 544 996 cum
580 940 752 996 dixit:
784 959 802 992 ‹
837 939 1017 1003 Pater,
1053 941 1108 994 in
1139 955 1329 995 manus
1374 948 1495 994 tuas
1523 953 1672 993 com-

100 1030 292 1084 mendo
338 1027 588 1096 spiritum
641 1041 819 1080 meum
866 1024 1016 1096 (Luc.
1058 1026 1238 1092 xxm),
1276 1045 1294 1076 ι
1337 1042 1356 1074 ι
1394 1031 1450 1079 et
1492 1043 1510 1075 ›
1543 1023 1671 1092 quia

100 1122 176 1176 sic
201 1119 452 1181 narrabo,
482 1117 600 1170 ideo
624 1115 882 1170 Dominus
911 1133 928 1165 ι
951 1115 1200 1169 exaudiet
1220 1128 1406 1168 vocem
1424 1127 1618 1166 meam.
1645 1131 1664 1165 ι

171 1209 261 1264 Sic
287 1208 492 1262 scilicet
525 1207 774 1260 exaudiet
808 1220 993 1261 vocem
1019 1220 1215 1268 meam,
1247 1222 1265 1254 ι
1291 1203 1518 1258 redimet
1553 1203 1670 1257 ani-

99 1316 244 1355 mam
284 1314 458 1352 meam
493 1298 560 1350 ab
593 1297 676 1351 his
703 1297 795 1365 qui
824 1296 1256 1366 appropinquant
1275 1294 1428 1357 mihi,
1454 1313 1472 1344 ι
1496 1293 1548 1347 id
1567 1304 1668 1359 est,

99 1387 457 1442 familiaribus
498 1384 752 1448 inimicis,
793 1385 932 1453 quod
953 1384 1066 1452 jam
1109 1383 1238 1436 nihil
1264 1381 1390 1435 mali
1419 1389 1674 1450 poterunt

100 1477 278 1533 facere
309 1493 320 1527 :
356 1474 590 1527 animam
621 1473 740 1528 dico
765 1473 995 1542 positam
1029 1490 1046 1522 ι
1082 1471 1136 1525 in
1171 1485 1324 1540 pace,
1359 1488 1378 1522 ι
1409 1470 1460 1524 id
1490 1476 1571 1524 est
1618 1468 1674 1523 in

98 1576 297 1623 aeterna
321 1565 527 1634 requie,
557 1571 745 1618 contra
775 1564 876 1618 hoc
901 1563 1043 1633 quod
1064 1561 1312 1632 superius
1341 1561 1476 1616 dixit
1505 1579 1518 1614 :
1547 1575 1674 1615 con-

101 1657 372 1710 turbatum
399 1661 484 1707 est
504 1667 601 1706 cor
627 1666 824 1714 meum,
849 1659 978 1716 etc.,
1003 1649 1328 1720 hujusmodi.
1364 1649 1432 1702 Et
1453 1663 1675 1704 necesse

99 1754 184 1800 est
208 1752 268 1799 ut
295 1733 530 1798 redimas
559 1743 626 1798 ab
654 1743 739 1796 his
774 1759 792 1792 ι
820 1740 1076 1811 quoniam
1113 1759 1131 1790 ι
1166 1740 1265 1810 ipsi
1308 1759 1326 1791 ι
1363 1747 1521 1794 erant
1554 1753 1674 1794 me-

1769 585 1870 624 nus
1895 583 1926 622 a
1964 568 2127 632 tinea,
2155 576 2211 622 et
2251 581 2583 636 unaquzeque
2628 581 2716 620 res
2751 581 2849 621 suo
2874 567 3092 635 proprio
3118 583 3337 624 verme:

1768 660 1889 714 dico
1907 657 2074 728 jacta,
2123 665 2179 712 et
2216 666 2389 726 potes,
2443 658 2568 725 quia
2627 671 2904 711 sermones
2941 657 3058 726 ejus
3094 657 3210 721 Dei,
3249 658 3342 726 qui

1769 759 1927 806 antea
1951 765 2057 805 non
2084 757 2334 820 poterant
2357 749 2600 818 intelligi,
2625 756 2749 802 sunt
2779 748 2990 812 molliti,
3019 748 3072 802 id
3102 759 3182 802 est
3213 748 3342 803 facti

1769 851 1896 897 sunt
1943 840 2302 910 intelligibiles
2340 855 2503 908 super
2547 839 2743 902 oleum,
2795 839 2918 907 quia
2969 840 3141 909 magis
3187 854 3346 908 pene-

1768 941 1915 989 trant
1951 934 2115 988 corda
2148 931 2427 986 hominum
2451 946 2609 1000 quam
2656 929 2830 984 oleum
2862 943 3080 984 carnem
3110 948 3122 984 :
3148 937 3200 984 et
3244 929 3344 1000 ipsi

1771 1032 1894 1079 sunt
1913 1023 2113 1092 jacula,
2146 1022 2213 1075 ad
2244 1019 2638 1090 impugnandas
2659 1021 2955 1076 sententias
2979 1022 3340 1085 inimicorum,

1771 1113 1880 1167 dixi
1925 1111 2072 1179 jacta
2127 1124 2288 1179 super
2330 1108 2616 1163 Dominum
2645 1124 2834 1163 curam
2881 1119 3050 1175 tuam,
3096 1132 3114 1161 ι
3144 1120 3198 1165 et
3231 1110 3346 1180 ipse

1771 1201 2029 1255 Dominus
2083 1199 2316 1253 enutriet
2356 1207 2407 1252 te
2435 1217 2454 1248 ι
2507 1197 2559 1251 in
2602 1196 2726 1261 ﬁde,
2769 1207 2825 1252 et
2859 1198 3036 1253 dando
3087 1216 3346 1271 augmen-

1773 1298 1884 1344 tum
1910 1290 1964 1343 in
1993 1290 2296 1352 virtutibus,
2319 1297 2374 1343 et
2409 1288 2534 1343 licet
2569 1288 2658 1342 hic
2683 1289 2882 1344 habeas
2921 1290 3343 1356 ﬂuctuationem,

1774 1388 1952 1434 tamen
2001 1398 2019 1432 ‹
2050 1380 2104 1434 ἰη
2151 1389 2412 1435 aeternum
2456 1394 2563 1433 non
2618 1380 2767 1434 dabit
2815 1379 3217 1436 ﬂuctuationem
3261 1381 3348 1451 ju-

1774 1480 1878 1538 sto,
1908 1494 1927 1525 ι
1977 1473 2028 1528 id
2083 1481 2167 1528 est
2219 1473 2612 1538 turbationem,
2659 1473 2756 1528 sed
2804 1474 3016 1544 quietos
3070 1473 3234 1529 faciet
3291 1475 3348 1528 in

1773 1563 1887 1617 vita
1916 1573 2139 1618 aeterna.

1843 1653 1923 1707 Tu
1948 1669 2078 1708 vero
2097 1654 2244 1723 justo
2262 1668 2368 1707 non
2395 1652 2549 1707 dabis
2578 1651 3000 1718 ﬂuctuationem,
3028 1653 3122 1709 sed
3153 1671 3172 1704 ι
3201 1667 3296 1708 eos
3321 1673 3342 1706 ι

1775 1757 1911 1813 quos
1935 1744 2130 1822 dividis
2157 1744 2210 1798 in
2241 1744 2343 1808 ira,
2375 1761 2394 1793 ‹
2426 1750 2502 1808 tu,
2533 1743 2695 1806 Deus,
2750 1743 2982 1798 deduces
3022 1744 3076 1798 in
3123 1751 3346 1812 puteum

101 1851 224 1889 cum
259 1855 277 1886 ι
328 1850 434 1889 non
468 1834 609 1888 inter
637 1847 858 1902 paucos,
887 1830 1114 1894 scilicet,
1141 1831 1208 1884 de
1254 1845 1478 1884 numero
1499 1827 1675 1898 justo-
1705 1828 1753 1888 B
1781 1833 2054 1899 interitus,
2083 1853 2102 1885 ι
2130 1834 2184 1888 id
2214 1841 2298 1888 est
2320 1833 2372 1886 in
2401 1831 2820 1902 profunditatem
2845 1834 3055 1898 mortis,
3089 1833 3348 1887 tradendo

101 1939 241 1985 rum,
270 1923 360 1993 qui
406 1922 564 1990 pauci
610 1921 860 1977 dicuntur
889 1919 958 1973 ad
1000 1919 1458 1988 comparationem
1505 1917 1672 1971 malo-

97 2027 242 2072 rum,
276 2011 370 2065 sed
402 2029 419 2060 ‹
442 2011 582 2065 inter
605 2008 799 2064 multos
822 2029 840 2060 ι
863 2009 918 2064 id
938 2017 1021 2064 est
1057 2009 1124 2064 de
1153 2021 1380 2064 numero
1407 2007 1671 2062 malorum

95 2100 192 2168 qui
216 2098 366 2180 multi
405 2107 544 2154 sunt.

173 2230 194 2262 ‹
227 2211 485 2265 Exaudiet
513 2212 653 2265 Deus
678 2229 691 2263 :
724 2230 742 2262 ι
771 2210 1024 2266 exaudiet
1049 2223 1136 2262 me
1159 2208 1223 2263 de
1249 2207 1351 2262 hoc
1376 2205 1517 2275 quod
1542 2206 1673 2260 mihi

97 2308 224 2371 peto
253 2308 308 2354 et
335 2300 496 2354 etiam
526 2299 774 2353 exaudiet
803 2313 888 2352 me
917 2298 982 2352 de
1027 2297 1112 2350 his
1135 2311 1253 2365 quae
1279 2295 1514 2350 inimicis
1537 2295 1676 2349 meis

97 2401 246 2462 peto,
277 2413 294 2441 ι
324 2403 378 2446 et
405 2390 729 2453 humiliabit,
766 2409 782 2440 ι
807 2389 860 2443 id
877 2397 976 2451 est,
1004 2386 1202 2457 atlliget
1235 2405 1254 2437 ‹
1287 2385 1427 2449 illos,
1461 2406 1480 2437 ι
1511 2385 1672 2449 Deus,

99 2481 244 2545 dico,
266 2499 285 2531 ‹
317 2481 406 2550 qui
437 2488 520 2534 est
546 2489 672 2534 ante
700 2480 912 2534 saecula.
943 2501 962 2532 ι
985 2479 1088 2535 Per
1110 2481 1211 2534 hoc
1233 2480 1324 2533 dat
1353 2477 1670 2548 intelligere,

97 2572 244 2638 quod
278 2570 438 2624 etiam
486 2570 598 2638 ipse
646 2569 892 2624 Christus
940 2568 1186 2624 humiliat
1230 2583 1344 2634 eos,
1399 2569 1489 2638 qui
1551 2568 1668 2634 fuit,

98 2661 330 2725 scilicet,
357 2660 586 2726 Deitate,
618 2671 743 2715 ante
772 2661 989 2715 satcula.
1401 2648 1403 2650 ’

175 2768 196 2800 ι
228 2748 343 2802 Non
369 2749 532 2804 enim.
567 2768 585 2802 ι
620 2749 742 2804 Ideo
772 2749 1074 2804 humiliahit
1099 2764 1224 2814 eos,
1255 2769 1273 2801 ‹
1301 2763 1406 2804 non
1429 2749 1569 2803 enim
1592 2757 1675 2804 est

98 2858 118 2890 ι
152 2838 264 2893 illis
305 2839 674 2903 commutatio,
700 2859 717 2890 ι
747 2838 799 2894 id
826 2849 928 2903 est,
947 2839 1234 2893 noluerunt
1258 2838 1575 2892 commutari
1607 2839 1673 2891 de

92 2928 246 2982 malo
265 2927 319 2981 in
344 2928 562 2992 bonum,
602 2947 620 2980 ι
649 2938 704 2983 et
736 2947 754 2980 ι
791 2929 894 2983 hoc
920 2937 1023 2993 est,
1051 2929 1174 2999 quia
1207 2946 1225 2979 ι
1256 2943 1361 2982 ηοη
1384 2928 1676 2982 timuerunt

92 3020 292 3084 Deum,
316 3039 335 3072 ι
363 3027 418 3074 et
444 3028 665 3090 propter
704 3021 804 3076 hoc
849 3039 868 3072 ι
899 3022 1138 3076 extendit
1157 3041 1174 3071 ι
1207 3020 1259 3074 id
1285 3029 1390 3085 est,
1419 3020 1672 3075 extendet

91 3109 244 3164 Deus
290 3128 308 3161 ε
343 3125 558 3163 manum
587 3125 761 3176 suam,
795 3130 814 3164 ι
846 3112 900 3166 id
924 3120 1009 3167 est
1049 3111 1339 3167 vindictam
1383 3126 1546 3181 super
1577 3128 1670 3167 eos

94 3218 114 3250 ι
155 3199 216 3253 in
245 3201 610 3256 retribuendo.
639 3222 658 3254 ι

1775 1922 1826 1976 ίη
1856 1921 2083 1977 inferno.

1850 2012 2011 2066 «Viri.
2027 2031 2044 2063 ι
2067 2011 2195 2066 Dico
2215 2011 2436 2065 deducis
2465 2011 2516 2064 in
2541 2021 2782 2081 puteum,
2799 2019 2855 2066 et
2875 2012 3034 2066 citius
3055 2028 3217 2081 quam
3247 2012 3347 2079 ipsi

1773 2112 1984 2173 putent,
2014 2111 2068 2158 et
2093 2104 2194 2157 hoc
2213 2112 2298 2157 est
2327 2122 2344 2154 ι
2377 2103 2478 2157 viri
2507 2103 2850 2173 sanguinum,
2887 2125 2905 2156 ›
2943 2104 2993 2157 id
3025 2113 3107 2157 est
3139 2103 3230 2172 qui
3265 2104 3347 2156 in-

1774 2203 2056 2248 nocentem
2098 2193 2452 2262 corporaliter
2486 2194 2838 2257 interficiunt,
2891 2210 2996 2247 non
3026 2193 3169 2248 enim
3211 2192 3352 2262 judi-

1773 2299 1866 2338 ces
1913 2284 2107 2338 debent
2150 2283 2254 2338 diei
2289 2283 2570 2337 homicidae
2622 2291 2676 2336 et
2712 2283 2908 2347 dolosi,
2937 2284 3029 2353 qui
3074 2283 3344 2337 viventem

1774 2374 2132 2443 spiritualiter
2154 2374 2424 2438 occidunt,
2452 2389 2555 2428 non
2589 2392 2608 2423 ι
2629 2373 2983 2427 dimidiabunt
3011 2375 3126 2428 dies
3155 2389 3300 2439 suos,
3323 2393 3341 2425 ι
3385 2426 3398 2438 _

1775 2464 2000 2527 scilicet,
2041 2478 2177 2531 quos
2214 2478 2272 2516 se
2321 2462 2602 2517 habituros
2631 2463 2939 2531 opinantur.
2974 2483 2990 2514 ι
3023 2463 3133 2534 Ego
3166 2472 3346 2516 autem

1774 2553 2001 2622 sperabo
2038 2553 2090 2605 in
2138 2560 2212 2614 te,
2245 2550 2494 2604 Domine.
2526 2570 2544 2601 ι
2585 2551 2676 2606 Vel
2701 2566 2804 2604 non
2835 2552 3193 2605 dimidiahunt
3235 2551 3350 2606 dies

1775 2659 1920 2708 suos,
1952 2645 2095 2714 quod
2135 2644 2392 2697 deberent
2429 2641 2632 2706 facere,
2684 2651 2744 2695 ut
2783 2642 2826 2697 si
2859 2643 2912 2696 in
2955 2644 3128 2712 prima
3168 2650 3222 2695 et
3263 2657 3348 2696 se-

1774 2735 1948 2789 cunda
1977 2743 2137 2788 :etate
2164 2733 2303 2788 mala
2343 2732 2606 2798 fecerunt,
2638 2733 2824 2788 saltem
2870 2733 2922 2787 in
2963 2733 3150 2787 ultima
3173 2748 3351 2788 cessa-

1775 2833 1914 2879 rent.
1946 2824 2042 2879 Vel
2089 2840 2195 2878 non
2228 2823 2603 2886 dimidiahunt,
2655 2824 2709 2878 id
2750 2832 2833 2878 est
2876 2838 2984 2878 nou
3015 2823 3142 2877 licet
3163 2825 3241 2878 eis
3264 2823 3348 2878 di-

1775 2919 2022 2985 midiare,
2073 2918 2272 2988 partim
2327 2918 2437 2973 Deo
2494 2918 2797 2982 serviendo,
2853 2917 3052 2986 partim
3115 2917 3346 2972 diabolo.

1777 3009 1926 3064 Unde
1958 3009 2011 3063 in
2053 3008 2384 3079 Evangelio:
2417 3026 2435 3059 ι
2474 3007 2590 3063 Non
2624 3009 2852 3078 potestis
2897 3007 3009 3064 Deo
3048 3009 3255 3064 servire
3295 3019 3350 3063 et

1778 3113 2095 3152 mammona:
2116 3097 2329 3168 (Matth.
2354 3098 2450 3169 vt).
2487 3117 2501 3148 ι

2266 3206 2334 3260 ΙΝ
2371 3206 2702 3262 PSALMUM
2740 3206 2829 3261 LV

167 3290 307 3356 Quia
347 3309 366 3342 ι
409 3293 910 3347 contaminaverunt
962 3302 1365 3359 rastamentum,
1415 3315 1432 3346 ι
1488 3295 1542 3349 id
1589 3303 1670 3350 est
1770 3297 2028 3378 Tnuws.
2063 3296 2136 3378 ¹1η
2175 3297 2332 3378 ﬁnem
2359 3296 2590 3378 psalmus
2615 3297 2786 3378 David
2820 3315 2912 3378 pro
2943 3298 3153 3378 populo,
3187 3301 3276 3370 qui
3313 3318 3344 3352 α

88 3379 269 3448 legem
297 3398 315 3429 ι
345 3380 476 3449 ejus,
510 3399 527 3430 ι
556 3381 692 3434 male
713 3382 1112 3450 interpretando
1139 3383 1465 3452 Scripturas,
1494 3385 1670 3448 idest,

87 3482 350 3537 perverse
372 3469 599 3536 agendo,
630 3482 734 3521 non
768 3469 910 3536 quod
935 3469 1022 3522 lex
1061 3469 1157 3524 Dei
1203 3480 1384 3539 posset
1413 3480 1673 3541 quantum

89 3559 168 3611 ad
199 3558 567 3626 semctipsam,
611 3559 1000 3622 contaminari,
1044 3560 1139 3614 sed
1183 3570 1443 3629 quantum
1488 3562 1555 3614 ad
1584 3577 1677 3615 eos

91 3649 194 3717 qui
243 3663 301 3703 se
345 3648 678 3716 polluebant,
726 3649 866 3702 sicut
917 3650 1090 3704 malus
1159 3650 1417 3705 diaconus
1481 3651 1678 3705 dicitur

90 3738 346 3807 polluere
395 3737 743 3807 Evangelium
788 3738 903 3803 Dei,
931 3747 986 3792 et
1010 3740 1131 3794 ideo
1166 3758 1183 3789 ι
1215 3747 1342 3792 sunt
1380 3739 1535 3793 divisi
1567 3760 1584 3789 ι
1618 3740 1674 3792 ἱη

89 3825 391 3894 prtesentia
417 3840 446 3878 a
471 3839 634 3895 regno
665 3826 948 3894 imperiali,
979 3836 1033 3882 et
1055 3827 1108 3880 in
1134 3827 1317 3881 futuro
1344 3843 1375 3881 a
1405 3828 1679 3883 consortio

87 3914 370 3984 justorum
403 3930 416 3966 :
454 3921 508 3967 et
543 3932 560 3962 ‹
589 3914 656 3968 ab
691 3915 771 3968 ira
813 3915 993 3970 vultus
1033 3916 1150 3984 ejus
1178 3935 1197 3968 ι
1245 3915 1298 3970 id
1328 3925 1434 3980 est,
1461 3926 1680 3986 propter

95 4007 208 4061 hoc
237 4005 381 4074 quod
422 4005 522 4074 ipsi
553 4014 868 4060 meruerunt
915 4008 1052 4060 iram
1091 4007 1241 4076 ejus;
1293 4023 1312 4057 ι
1346 4014 1400 4061 et
1439 4021 1534 4062 cor
1569 4028 1587 4059 ι
1624 4008 1679 4062 id

93 4107 208 4161 est,
235 4098 504 4162 voluntas,
528 4113 648 4167 quae
676 4099 835 4153 modo
872 4107 955 4154 est
991 4099 1200 4154 occulta
1237 4118 1253 4149 ι
1289 4098 1449 4161 illius,
1489 4119 1506 4149 ι
1561 4099 1675 4163 Dei,

101 4207 121 4240 ι
159 4188 632 4258 appr0pinquabit,
671 4208 689 4239 ι
721 4189 775 4244 id
800 4196 903 4252 est,
935 4189 1384 4253 manifestabitur,
1413 4189 1538 4257 quia
1564 4199 1680 4243 tan-

95 4279 228 4333 dem
259 4285 603 4346 cognoscent,
629 4291 796 4346 quare
827 4277 967 4333 Deus
1007 4279 1153 4333 hunc
1191 4278 1372 4347 elegit,
1416 4277 1565 4331 illum
1594 4292 1680 4332 re—

94 4366 374 4440 probavit.

179 4478 199 4509 ι
231 4457 354 4511 ideo
389 4457 546 4511 divisi
574 4466 722 4520 sunt,
758 4459 883 4526 quia
915 4459 1013 4529 ipsi
1051 4457 1357 4514 mollierunt
1393 4476 1674 4517 sermones

97 4562 236 4605 suos
265 4568 282 4600 ι
319 4547 483 4601 multa
522 4549 912 4616 compositione
950 4548 1254 4606 locutionis.
1307 4551 1401 4606 Vel
1437 4571 1455 4602 σ
1489 4554 1675 4608 molliti

100 4644 236 4692 sunt
297 4650 591 4700 sermones,
626 4657 644 4688 ι
701 4637 906 4693 scilicet
975 4638 1182 4694 Judaiei
1236 4642 1418 4709 populi
1473 4663 1489 4692 ε
1520 4659 1680 4711 super

100 4727 284 4782 oleum
333 4745 347 4779 :
403 4746 422 4778 ι
467 4725 590 4794 quia
638 4727 801 4780 verba
850 4741 1036 4781 eorum
1082 4729 1254 4799 magis
1302 4739 1583 4800 penetrant
1623 4733 1676 4786 in

104 4816 273 4871 corda
319 4814 592 4868 hominum
641 4831 776 4884 quos
839 4816 1134 4885 decipiunt.
1167 4833 1326 4886 quam
1386 4818 1564 4874 oleum
1623 4821 1675 4874 in

105 4918 351 4967 carnem,
389 4924 406 4953 ι
435 4911 488 4957 et
515 4905 614 4974 ipsi
649 4923 666 4955 ι
705 4919 1000 4969 sermones,
1023 4908 1270 4976 quamvis
1297 4909 1368 4961 ita
1413 4911 1522 4964 sint
1549 4911 1679 4965 mol-

104 4995 211 5058 liti,
247 5003 424 5048 tamen
462 5013 478 5044 ι
509 4993 827 5063 suntj-acula
870 5015 918 5061 ›,
957 4995 1012 5051 id
1058 5005 1142 5052 est
1167 4997 1468 5054 occidentia
1513 5001 1676 5056 corda

106 5086 411 5140 hominum.

190 5177 256 5231 Et
291 5191 414 5229 cum
456 5175 582 5231 mali
617 5176 694 5231 ita
729 5177 1036 5233 dividantur
1067 5179 1136 5234 ab
1176 5179 1254 5234 ira
1293 5179 1407 5245 Dei,
1441 5190 1515 5247 tu,
1543 5182 1681 5237 bone

108 5263 296 5329 homo,
327 5279 396 5319 ne
433 5265 640 5331 timeas,
672 5268 766 5322 sed
797 5289 815 5319 ε
841 5269 989 5340 jacta
1018 5272 1312 5342 cogitatum
1342 5280 1681 5343 tuum‘super

112 5355 422 5413 Dominum.
453 5379 472 5411 ι
526 5359 699 5417 Habet
743 5362 849 5417 alia
886 5364 1064 5418 littera
1108 5383 1120 5418 ε
1167 5363 1351 5418 Molliti
1397 5372 1523 5419 sunt
1566 5379 1682 5420 ser-

112 5461 304 5501 mones
335 5447 476 5518 ejus,
502 5458 558 5503 et
585 5459 711 5506 tunc
751 5451 829 5506 sic
864 5452 1057 5520 legitur
1085 5471 1097 5507 :
1124 5453 1230 5523 Ipsi
1269 5463 1395 5508 sunt
1421 5454 1579 5509 divisi
1610 5454 1680 5509 ab

114 5540 194 5592 ira
224 5538 343 5603 Dei,
372 5541 468 5596 sed
513 5551 590 5608 tu,
620 5543 758 5599 bone
788 5545 968 5610 homo,
1005 5563 1023 5595 ι
1049 5543 1199 5613 jacta
1226 5566 1245 5596 ι
1275 5547 1591 5616 cogitatum,
1628 5547 1681 5602 id

114 5636 199 5680 est
234 5644 458 5684 «curam
496 5639 640 5685 tuam
683 5646 844 5701 super
871 5633 1173 5699 Dominum,
1207 5655 1226 5687 ›
1263 5634 1316 5688 id
1355 5644 1439 5690 est
1460 5634 1527 5689 ab
1565 5635 1682 5705 ipso

113 5722 294 5775 omnia
339 5732 610 5792 exspecta,
645 5733 698 5778 et
727 5741 754 5778 a
785 5734 835 5780 te
874 5725 1025 5781 nihil.
1059 5725 1254 5782 Curam
1285 5726 1538 5782 Salomon
1564 5742 1683 5782 ver-

1839 3369 2031 3421 sanctis
2057 3366 2205 3436 longe
2235 3366 2402 3437 factus
2443 3377 2526 3437 est
2557 3368 2611 3419 in
2647 3367 2787 3437 tituli
2823 3366 3344 3437 inscriptione,'cum

1842 3446 2114 3490 tenuerunt
2138 3434 2255 3489 eum
2279 3434 2528 3506 Allopliili
2556 3437 2610 3490 in
2636 3435 2788 3490 (ἰείη.

1850 3569 1867 3600 ς
1899 3549 2154 3603 Miserere
2179 3549 2306 3612 mei,
2347 3548 2510 3612 Deus,
2561 3549 2834 3617 quoniam.
2870 3569 2887 3601 ι
2918 3550 3111 3620 Tangit
3143 3551 3231 3605 hic
3281 3551 3347 3604 de

1775 3638 1924 3692 Novo
1956 3639 2300 3692 Testamento
2325 3647 2379 3690 et
2408 3635 2586 3691 Veteri
2613 3639 2915 3700 historiam,
2949 3639 3015 3692 de
3055 3638 3222 3701 Novo,
3255 3641 3346 3694 ubi

1777 3729 1924 3790 dicit,
1960 3729 2011 3780 in
2045 3725 2586 3794 tituliinscriptione.
2616 3724 2731 3778 Non
2759 3726 2905 3778 enim
2932 3726 3124 3796 legitur
3159 3728 3210 3779 in
3249 3727 3350 3780 Ve-

1780 3819 1879 3872 teri
1913 3817 2154 3876 historia,
2197 3815 2338 3884 quod
2381 3814 2549 3868 David
2585 3815 2866 3869 habuisset
2897 3815 3130 3883 aliquam
3151 3816 3352 3869 inscri-

1777 3910 2034 3980 ptionem.
2060 3908 2134 3963 De
2166 3907 2362 3971 Veteri,
2401 3907 2491 3961 ubi
2522 3907 2670 3971 dicit,
2704 3924 2722 3957 ε
2745 3915 3031 3962 tenuerunt
3056 3921 3176 3960 eum
3206 3907 3353 3961 Allo-

1777 4001 1905 4071 phili
1942 4003 1994 4055 in
2045 4001 2204 4056 Gcth.
2239 4020 2256 4050 ι
2293 4001 2526 4069 Fugiens
2555 4001 2699 4054 enim
2748 4000 2913 4055 David
2939 4001 3178 4056 furorem
3207 4001 3348 4082 sau-

1779 4091 1862 4154 lis,
1895 4092 2042 4145 venit
2066 4092 2228 4155 Geth,
2260 4091 2314 4144 in
2346 4097 2545 4144 terram
2578 4089 2995 4160 Allophilorum,
3023 4092 3231 4161 ipsique
3271 4101 3350 4146 te-

1778 4190 2011 4235 nuerunt
2048 4195 2191 4245 eum,
2219 4189 2276 4234 et
2324 4180 2776 4236 conculcaverunt
2819 4196 2941 4236 eum
2973 4181 3023 4253 (Ι
3049 4181 3176 4253 Reg.
3205 4184 3344 4253 χχι).

1778 4272 1836 4328 In
1869 4275 1968 4328 hac
1988 4290 2082 4328 sua
2113 4289 2364 4344 pressura
2410 4274 2679 4328 intellexit
2706 4274 2874 4329 David
2908 4290 3214 4344 pressuram
3244 4276 3347 4332 Ec-

1780 4363 1974 4418 clesize.
2019 4363 2268 4432 Allophili
2315 4365 2740 4432 interpretantur
2792 4363 3105 4432 alienigenae
3151 4379 3346 4419 secun-

1780 4453 1904 4508 dum
1931 4469 2166 4517 sensum,
2196 4454 2446 4509 similiter
2485 4455 2905 4523 interpretantur
2933 4454 3210 4520 Philistzei,
3250 4471 3346 4526 po«

1781 4543 1924 4598 tione
1949 4543 2204 4598 cadentes
2224 4561 2237 4597 :
2254 4542 2417 4609 Geth,
2446 4544 2684 4598 torcular
2703 4545 3110 4614 interpretatur.
3137 4545 3347 4600 Titulus

1780 4635 1853 4693 ita
1886 4629 2082 4703 legitur
2107 4651 2118 4687 :
2143 4632 2381 4702 psalmus
2409 4634 2510 4688 iste
2559 4633 2872 4688 attribuitur
2917 4635 3104 4698 David,
3145 4635 3350 4690 scilicet

1781 4732 1839 4777 ut
1888 4723 2000 4791 ipsa
2040 4722 2284 4776 Ecclesia
2334 4722 2594 4777 liberetur
2645 4737 2678 4775 a
2720 4722 2938 4792 populo,
2991 4724 3080 4791 qui
3121 4723 3350 4793 populus

1779 4813 1935 4884 longe
1961 4813 2134 4868 factus
2155 4822 2240 4868 est
2265 4830 2296 4867 a
2323 4814 2527 4869 sanctis
2552 4815 2605 4867 in
2649 4814 2790 4868 tituli
2825 4815 3194 4885 inscriptione,
3221 4817 3348 4885 quia

1779 4923 1902 4962 cum
1934 4907 2293 4962 conﬁteantur
2340 4907 2510 4961 sancti
2552 4906 2824 4961 Christum
2869 4923 3051 4979 regem
3091 4923 3210 4963 esse
3253 4907 3348 4964 Ju-

1783 5000 2042 5064 daeorum,
2065 4999 2204 5054 sicut
2225 4997 2409 5052 titulus
2433 4997 2563 5052 dicit
2589 5015 2602 5050 :
2625 4998 2852 5067 populus
2879 4999 2979 5053 iste
3006 4999 3347 5064 contradicit,

1784 5091 1950 5160 aliqui
1989 5092 2032 5146 si
2056 5106 2164 5146 non
2211 5089 2390 5154 dictis,
2418 5097 2595 5144 tamen
2642 5089 2818 5155 factis,
2867 5091 3005 5145 sicut
3032 5090 3156 5143 mali
3187 5088 3349 5144 Chri-

1784 5181 1964 5243 stiani,
1997 5195 2096 5250 per
2117 5181 2218 5234 hoc
2244 5177 2399 5248 longe
2424 5177 2622 5243 factus,
2646 5195 2790 5244 cum,
2819 5178 2872 5232 id
2901 5187 2985 5234 est
3017 5177 3143 5247 quia
3163 5187 3351 5234 tenue-

1784 5281 1909 5326 runt
1937 5286 2062 5326 eum
2099 5268 2288 5333 David,
2322 5268 2375 5322 id
2419 5277 2502 5323 est
2529 5267 2802 5323 Christum
2823 5277 2879 5322 et
2907 5267 3226 5323 Ecclesiam.
3258 5267 3350 5320 Al-

1783 5361 1994 5432 lophili,
2034 5361 2087 5415 id
2112 5367 2195 5415 est
2222 5358 2450 5430 populus
2478 5359 2584 5413 iste
2631 5359 2839 5413 alienus
2879 5374 2910 5412 a
2941 5359 3074 5423 Deo,
3103 5359 3156 5412 in
3182 5356 3349 5422 Geth,

1779 5453 1835 5508 id
1873 5461 1958 5506 est
2001 5451 2055 5505 in
2098 5449 2375 5514 torculari,
2406 5449 2614 5504 scilicct
2644 5449 2696 5502 in
2737 5463 2991 5518 pressura
3021 5447 3179 5516 hujus
3203 5447 3348 5500 vitae.

1785 5540 2001 5596 Materia
2029 5548 2114 5595 est
2143 5539 2401 5600 Ecclesia,
2426 5545 2480 5591 et
2505 5537 2615 5606 ipsa
2639 5536 2876 5606 loquitur
2897 5535 2964 5592 de
3007 5551 3084 5589 se.
3117 5533 3304 5588 Modus
3332 5550 3348 5586 :

1779 5632 1837 5686 ln
1877 5632 2046 5702 prima
2097 5641 2250 5701 parte
2296 5630 2432 5699 petit
2474 5628 2691 5682 liberari
2742 5643 2772 5682 a
2801 5627 3154 5689 daemonibus,
3209 5632 3265 5678 et
3315 5639 3348 5678 ει

1783 5725 2039 5780 membris
2069 5725 2204 5792 ejus,
2241 5737 2446 5793 ponens
2493 5719 2742 5776 ﬁduciam
2789 5736 2898 5776 suae
2929 5718 3258 5774 liberationis
3292 5718 3349 5771 in
