3940 6468
152 400 266 459 385

1329 397 1763 456 EXPLANATIO
1799 397 1866 452 ΙΝ
1905 397 2239 456 PSALMOS.

152 513 387 572 nitatem
409 514 631 580 Christi,
658 515 710 569 in
738 529 844 585 qua
870 514 1026 570 latuit
1046 512 1329 570 divinitas:
1357 528 1388 567 a
1410 511 1548 567 facie
1577 508 1724 575 Saul,
1753 511 1807 571 Α
1836 525 1855 559 ε
1891 508 2054 563 Misit.
2081 528 2100 562 ι
2132 509 2464 568 Determinat
2492 513 2620 583 quid
2648 512 2877 579 miserit,
2904 522 2959 569 et
2982 530 3013 569 a
3041 516 3236 585 quibus
3262 519 3396 579 libe—

156 607 217 663 id
256 615 342 663 est
378 621 409 664 a
459 606 762 675 cognitione
796 604 1017 670 diaboli,
1046 603 1132 659 vel
1155 604 1479 667 Judaeorum,
1511 601 1602 672 qui
1630 615 1728 669 per

155 692 433 749 diabolum
456 691 731 748 Christum
754 690 1159 763 impugnabant.
1187 690 1282 747 Vel
1302 706 1399 761 per
1419 688 1727 759 speluncam

152 798 449 854 possumus
495 782 741 853 accipere
775 781 1080 851 sepulcrum
1105 821 1122 847 ,
1166 780 1219 835 in
1245 795 1352 851 quo
1394 779 1550 834 latuit
1573 778 1727 833 (ibri—

156 881 297 929 stus.
333 871 673 943 Cognoscens
699 871 898 927 Esdras
929 872 1247 941 prophetam
1273 871 1377 925 hoc
1404 870 1471 924 de
1511 867 1728 923 Christo

155 961 511 1028 intellexisse,
540 961 661 1017 ideo
695 962 774 1017 sic
802 961 1111 1027 intitulavit,
1137 961 1230 1031 qui
1263 960 1449 1015 titulus
1483 960 1564 1016 sic
1590 958 1727 1030 legi-

158 1063 252 1107 tur
275 1070 288 1107 :
309 1051 552 1107 Psalmus
572 1052 673 1107 iste
696 1052 867 1107 tendit
885 1052 941 1106 in
960 1052 1145 1117 linem,
1167 1051 1222 1107 id
1248 1059 1332 1108 est
1348 1050 1404 1105 in
1430 1050 1726 1117 Christum,

156 1143 457 1197 admonens
476 1157 605 1197 nos:
633 1140 677 1197 Ο
700 1148 755 1195 ιιι
777 1142 961 1206 homo,
983 1141 1096 1196 sive
1116 1141 1330 1196 Judaeus
1352 1141 1449 1205 sis,
1471 1141 1583 1195 sive
1603 1157 1731 1212 gen-

158 1229 296 1290 tilis,
314 1244 381 1283 ne
407 1229 688 1298 disperdas
706 1228 896 1293 David,
924 1230 975 1283 id
994 1237 1097 1293 est,
1126 1229 1426 1284 dehonores
1451 1227 1729 1284 Christum

156 1320 219 1374 in
247 1319 385 1374 tituli
411 1319 781 1387 inscriptione,
813 1327 1018 1373 mutata
1050 1336 1080 1375 a
1113 1330 1185 1385 te,
1208 1320 1263 1373 id
1287 1319 1732 1384 est,subtrahen-

156 1410 233 1464 do
253 1418 305 1464 te
326 1424 357 1464 a
377 1424 542 1480 regno
560 1409 779 1473 Christi,
805 1408 1032 1474 scilicet,
1046 1410 1293 1480 negando
1310 1409 1583 1465 Christum
1612 1423 1731 1463 esse

155 1516 343 1573 regem
372 1498 677 1556 Judaeorum
718 1517 731 1554 :
779 1500 1126 1570 inscriptione
1177 1501 1315 1556 tituli
1361 1501 1483 1556 dico
1522 1507 1730 1555 mutata

153 1605 190 1644 a
228 1589 564 1660 quibusdam;
594 1598 723 1645 tunc
749 1590 971 1652 scilicet,
1006 1606 1127 1646 cum
1162 1589 1371 1662 fugeret
1400 1590 1565 1646 David
1588 1606 1619 1644 a
1644 1589 1729 1644 fa-

153 1681 243 1737 cie
268 1680 416 1747 Saul,
442 1680 497 1736 id
525 1688 611 1737 est
639 1697 669 1737 a
696 1682 1000 1752 cognitione
1021 1684 1214 1739 diaboli
1241 1695 1295 1739 et
1320 1683 1646 1749 Iudaeorum,
1676 1683 1731 1738 in

152 1771 492 1842 speluncam,
542 1769 598 1825 id
638 1778 723 1826 est
768 1773 823 1825 in
862 1772 1284 1839 humanitatem,
1323 1772 1407 1827 vel
1446 1774 1501 1827 in
1551 1771 1727 1843 sepul-

1828 598 1985 662 ravit,
2024 614 2146 653 cum
2170 599 2302 655 dicit
2331 619 2351 652 ι
2388 603 2533 657 misit
2554 603 2693 658 Deus
2710 604 3134 662 misericordiam
3160 623 3335 678 suam,
3372 631 3395 666 ι

1828 687 1881 741 id
1925 694 2008 741 est
2029 686 2221 742 Filium
2260 704 2416 744 suum
2442 707 2539 760 per
2571 709 2731 762 quem
2770 694 3024 751 misertus
3057 706 3142 752 est
3175 700 3403 760 humani

1825 778 2061 847 generis,
2097 798 2114 829 ι
2134 787 2189 833 et
2217 781 2499 835 veritatem
2526 797 2698 849 suam,
2736 801 2755 835 ι
2786 784 2839 839 id
2862 794 2945 839 est
2973 801 3072 854 per
3106 787 3279 857 ipsum
3307 791 3398 846 Fio

1826 865 1978 930 lium,
2025 867 2118 937 qui
2160 868 2363 923 veritas
2391 870 2608 937 dicitur,
2632 873 2760 941 quia
2790 889 2888 942 per
2917 874 3093 945 ipsum
3119 879 3399 949 completa:

1827 965 2183 1012 sunt‘omnes
2232 959 2617 1028 promissiones
2669 962 2763 1016 Dei
2815 981 2834 1013 ι
2890 971 2943 1018 et
2996 982 3015 1016 ι
3076 980 3173 1035 per
3223 968 3397 1036 ipsam

1826 1048 2253 1103 misericordiam
2287 1066 2306 1099 ι
2343 1050 2541 1119 eripuit
2568 1052 2802 1106 animam
2833 1068 3009 1109 meam
3040 1056 3107 1111 de
3133 1057 3334 1124 medio,
3371 1078 3392 1111 ι
3490 1074 3509 1085 κ

1827 1138 1881 1193 id
1906 1146 1988 1193 est
2006 1137 2073 1192 de
2100 1139 2394 1205 communi,
2425 1140 2552 1208 quia
2577 1154 2696 1194 eam
2728 1157 2794 1196 ex
2819 1146 2963 1198 omni
2997 1153 3151 1213 parte
3181 1146 3400 1203 invade-

1827 1227 1978 1291 bant,
2006 1226 2071 1280 de
2091 1227 2267 1281 medio
2295 1226 2417 1282 dico
2450 1247 2467 1279 ‹
2502 1228 2828 1295 catulorum,
2864 1250 2882 1281 ι
2917 1231 2971 1284 id
2997 1241 3078 1287 est
3100 1233 3270 1301 plebis
3304 1234 3399 1290 Ju-

1828 1316 2087 1378 dmorum,
2118 1314 2209 1385 qui
2232 1324 2358 1369 sunt
2389 1315 2483 1371 lilii
2516 1336 2535 1368 ‹
2564 1316 2779 1372 leonum
2799 1358 2813 1382 ,
2854 1339 2871 1370 ι
2920 1320 2973 1373 id
3014 1330 3097 1374 est
3130 1323 3395 1379 malorum

1827 1404 2152 1476 principum,
2199 1419 2229 1459 a
2271 1405 2467 1475 quibus
2511 1407 2750 1463 minores
2809 1408 3196 1477 incitabantur,
3237 1414 3393 1481 quasi

1829 1493 2012 1559 catuli,
2039 1495 2107 1549 ad
2155 1493 2357 1550 Christi
2405 1495 2863 1567 impugnationem
2911 1498 3108 1568 eripuit
3148 1499 3291 1565 dico,
3343 1510 3399 1555 et

1829 1597 2050 1639 necesse
2091 1592 2227 1650 erat,
2260 1585 2386 1653 quia
2431 1600 2531 1656 ego
2569 1603 2587 1636 ‹
2628 1586 2979 1642 conturbatus
3015 1608 3033 1639 ι
3073 1587 3149 1641 fui
3190 1588 3394 1644 abillis

1826 1688 1925 1744 per
1965 1674 2131 1740 mala,
2175 1689 2296 1744 qua:
2332 1674 2467 1729 mihi
2508 1675 2805 1731 intulerunt
2844 1684 2899 1731 et
2941 1677 2995 1730 in
3047 1676 3134 1731 illa
3182 1686 3400 1732 contur-

1828 1765 2045 1821 batione
2074 1765 2382 1833 «dormivi,»
2420 1766 2473 1821 id
2493 1775 2579 1822 est
2602 1777 2849 1824 mortuus
2869 1766 2967 1822 fui.
2992 1767 3220 1824 Mortem
3242 1784 3399 1823 suam

152 1875 333 1915 cruin.
358 1858 587 1929 Propter
620 1860 723 1915 hoc
762 1875 884 1916 cum
914 1861 1055 1930 quod
1101 1860 1269 1916 solam
1301 1860 1505 1917 Christi
1540 1842 1731 1917 burna;
1757 1849 1805 1909 B
1832 1855 1968 1912 bene
1989 1865 2267 1927 comparat
2293 1857 2632 1923 dormitioni,
2663 1857 2789 1927 quia
2811 1873 2971 1928 quam
2997 1858 3185 1914 leviter
3208 1859 3403 1929 aliquis

149 1949 382 2004 nitatem
406 1958 794 2020 cognoverunt,
839 1958 895 2004 et
935 1966 1057 2005 eum
1092 1950 1145 2005 in
1182 1951 1429 2021 sepulcro
1458 1961 1728 2007 mortuum

149 2040 431 2107 viderunt,
469 2041 613 2096 nullo
655 2042 814 2097 modo
862 2042 1200 2099 attendentes
1240 2058 1360 2100 esse
1387 2060 1508 2100 eum
1537 2045 1727 2110 Deum,

152 2130 382 2200 quidam
415 2139 755 2187 mutaverunt
798 2132 1206 2203 inscriptionem
1244 2134 1407 2200 tituli,
1471 2144 1733 2206 negantes

151 2220 437 2276 Christum
456 2235 576 2277 esse
588 2238 766 2293 regem
787 2220 1115 2277 Iudaeorum.
1129 2222 1349 2277 Materia
1369 2224 1729 2291 estChristus,

154 2308 354 2364 Modus
385 2318 486 2375 est,
514 2309 657 2379 quod
699 2310 753 2365 in
796 2311 969 2380 prima
998 2319 1152 2381 parte
1192 2313 1333 2367 sicut
1358 2313 1412 2367 in
1438 2312 1558 2368 aliis
1585 2314 1733 2383 psal-

158 2399 293 2464 mis,
334 2398 389 2453 in
428 2398 623 2469 quibus
668 2399 778 2469 agit
823 2400 888 2455 de
915 2400 1187 2471 passione,
1226 2401 1505 2469 prmmittit
1532 2402 1734 2456 oratio—

159 2505 316 2545 nem.
365 2490 423 2544 ln
463 2491 697 2546 secunda
740 2499 914 2561 parte,
958 2508 1077 2562 quae
1105 2492 1294 2563 incipit
1321 2511 1334 2547 :
1362 2493 1615 2549 Paratum
1639 2509 1733 2550 cor

155 2593 369 2643 meum,
391 2579 553 2643 Deus,
577 2580 814 2635 ostendit
833 2595 893 2636 se
912 2596 1158 2651 magnam
1180 2580 1390 2637 laudem
1412 2582 1521 2637 Deo
1542 2598 1608 2637 ex
1636 2597 1733 2638 sua

157 2668 559 2740 gloriﬁcatione
592 2668 790 2725 facere.
828 2671 1059 2726 Intentio
1087 2679 1188 2737 est,
1228 2687 1296 2726 ne
1326 2672 1607 2743 disperdas
1628 2672 1735 2727 Da-

154 2760 275 2827 vid,
319 2761 371 2817 id
395 2769 501 2827 est,
546 2775 759 2831 semper
796 2756 1069 2818 Christum
1099 2777 1278 2834 regem
1308 2761 1635 2828 conﬁtearis,
1666 2763 1735 2817 ad

157 2852 313 2922 quod
352 2851 489 2907 bene
510 2859 714 2919 monet,
741 2867 863 2906 cum
887 2852 1123 2907 ostendit
1148 2851 1447 2920 Christum,
1482 2852 1610 2908 licet
1637 2853 1736 2906 ali-

150 2942 379 3012 quando
400 2956 642 3013 passum,
669 2950 847 2997 tamen
892 2942 1045 2998 valde
1068 2943 1444 3015 gloriﬁcatum,
1471 2954 1523 2999 et
1548 2959 1617 2999 ex
1639 2960 1736 2999 sua

154 3031 552 3104 gloriﬁcatione
576 3033 631 3087 in
650 3033 797 3088 omni
820 3042 978 3105 gente
1000 3034 1110 3089 Deo
1134 3033 1342 3090 laudem
1361 3034 1732 3105 acquisivisse.

234 3118 482 3175 Christus
526 3121 828 3192 praevidens
880 3137 1033 3178 suam
1076 3124 1403 3193 passionem,
1449 3124 1529 3179 sic
1563 3132 1732 3179 orat:

1830 1947 2100 2002 excitatur
2123 1962 2155 2002 a
2176 1962 2274 2003 sua
2300 1947 2649 2013 dormitione,
2676 1949 2751 2003 ita
2787 1948 2982 2004 leviter
3010 1948 3280 2004 excitatus
3298 1947 3405 2005 fuit

1829 2037 2076 2094 Christus
2103 2053 2135 2093 a
2164 2054 2261 2094 sua
2295 2047 2490 2095 morte.

1906 2148 1923 2180 ι
1944 2129 2086 2183 Filii.
2111 2148 2131 2180 ι
2154 2129 2298 2184 Bene
2314 2129 2434 2185 dico
2448 2128 2800 2185 conturbatus
2812 2138 2868 2185 et
2886 2128 3120 2184 ostendit
3140 2143 3170 2182 a
3183 2127 3401 2197 quibus,
3417 2124 3425 2131 ’

1831 2217 2045 2273 scilicet
2065 2215 2254 2272 Judazi.
2283 2216 2449 2284 Quasi
2478 2217 2682 2272 diceret
2713 2235 2726 2271 :
2757 2216 2896 2272 Vere
2917 2216 2992 2271 fui
3028 2216 3404 2281 conturbatus,

1830 2308 1956 2377 quia
1987 2324 2005 2358 ι
2043 2306 2136 2360 ﬁlii
2183 2307 2485 2372 hominum,
2520 2324 2539 2357 ι
2582 2306 2637 2361 id
2679 2315 2763 2363 est
2810 2303 2979 2362 Judtei
3022 2306 3115 2375 qui
3153 2314 3279 2360 sunt
3310 2305 3405 2360 lilii

1831 2391 2228 2452 rationabilium
2254 2396 2555 2462 hominum,
2580 2395 2631 2450 id
2653 2404 2738 2451 est
2787 2396 3026 2466 generati
3053 2410 3083 2449 a
3106 2394 3417 2467 prophetis,

1831 2497 1888 2543 et
1916 2488 2038 2542 ideo
2066 2487 2168 2557 ipsi
2233 2487 2493 2542 deberent
2541 2487 2619 2542 uti
2666 2488 2875 2542 ratione
2913 2507 2932 2538 ι
2979 2488 3225 2556 laqueum
3251 2500 3411 2555 para-

1830 2586 2042 2642 verunt,
2080 2596 2099 2629 ›
2132 2576 2185 2631 id
2228 2584 2312 2631 est
2351 2574 2584 2646 aliquem
2624 2564 2803 2632 dolum
2830 2596 2849 2628 ι
2890 2577 3137 2647 pedibus,
3170 2595 3189 2628 ι
3234 2577 3288 2631 id
3325 2585 3411 2632 est

1831 2666 2199 2736 prmdicationi
2251 2680 2385 2720 mea:
2435 2683 2447 2718 :
2506 2683 2525 2716 ι
2582 2673 2638 2719 et
2695 2666 3113 2720 incurvaverunt
3166 2666 3406 2720 animam

1841 2774 1860 2807 ι
1897 2772 2093 2822 meam,
2134 2776 2152 2807 ι
2183 2755 2308 2824 quia
2351 2756 2644 2810 secundum
2684 2756 2992 2824 opinionem
3020 2754 3259 2824 ipsorum
3285 2761 3405 2809 erat

1834 2847 2011 2901 anima
2046 2861 2165 2901 mea
2195 2845 2454 2915 depressa
2481 2854 2537 2899 et
2582 2845 2866 2901 incurvata
2912 2844 3097 2899 multis
3142 2845 3402 2914 peccatis.

1836 2935 1932 2992 Vel
1972 2935 2390 2990 incurvaverunt
2416 2935 2651 2988 animam
2683 2950 2879 2999 meam,
2905 2935 3031 3003 quia
3052 2933 3299 2987 fecerunt
3323 2946 3412 2987 me

1834 3024 2144 3081 contristari
2188 3025 2253 3080 de
2286 3024 2482 3080 duritia
2519 3040 2727 3080 eorum.
2770 3024 2925 3080 Unde
2972 3024 3026 3078 in
3064 3024 3170 3081 alio
3196 3023 3406 3092 psalmo

1835 3115 1968 3171 dicit
1998 3132 2012 3169 :
2055 3114 2413 3170 llumiliabam
2445 3115 2500 3169 in
2535 3114 2742 3185 jejunio
2783 3114 3017 3169 animam
3047 3127 3245 3168 meam.
3273 3113 3412 3180 Quia

161 3230 184 3264 ι
210 3210 468 3268 Miserere
486 3213 613 3279 mei,
646 3212 810 3278 Deus,
839 3216 1095 3268 miserere
1122 3215 1224 3269 mei
1254 3232 1267 3268 ;
1306 3234 1325 3267 ι
1353 3229 1476 3270 cum
1505 3214 1732 3285 ingemi-
1760 3196 1807 3261 C
1836 3205 2032 3276 aliquis
2069 3204 2276 3260 diceret
2302 3223 2314 3258 :
2345 3204 2462 3259 Non
2490 3212 2836 3275 paraverunt,
2869 3204 2963 3259 sed
3006 3204 3186 3273 potius
3214 3202 3413 3258 Roma—

156 3308 261 3356 nat
303 3301 605 3359 orationem
631 3341 647 3369 ,
702 3302 879 3357 innuit
925 3302 1083 3359 nobis
1139 3318 1387 3374 magnam
1442 3304 1737 3358 necessita-

159 3399 299 3456 tem,
328 3398 384 3444 et
415 3389 536 3445 ideo
562 3390 731 3446 debes
766 3389 1024 3445 miserere
1053 3408 1071 3441 σ
1110 3391 1365 3459 quoniam
1404 3391 1457 3444 in
1482 3400 1535 3445 te
1570 3391 1734 3446 conli-

160 3480 246 3534 dit
268 3480 449 3534 anima
478 3494 618 3535 mea.
655 3498 674 3532 ι

244 3587 263 3618 ι
300 3567 369 3620 Et
388 3567 444 3620 in
470 3569 659 3621 umbra
686 3567 913 3621 alarum.
966 3587 984 3619 ι
1017 3567 1176 3622 Ponit
1204 3569 1438 3632 modum,
1473 3570 1739 3639 quomodo

166 3653 322 3719 velit,
352 3656 495 3723 quod
534 3655 676 3711 Deus
699 3656 785 3710 sui
814 3656 1152 3711 misereatur.
1180 3656 1457 3725 Miserere,
1503 3667 1558 3713 et
1579 3659 1742 3714 debes

165 3742 373 3808 facere,
398 3742 521 3813 quia
554 3760 576 3794 ‹
610 3745 838 3813 sperabo
880 3745 933 3799 in
979 3746 1190 3811 umbra,
1226 3764 1246 3798 ›
1283 3745 1335 3799 id
1381 3755 1465 3801 est
1495 3748 1550 3801 in
1586 3747 1742 3802 refri-

164 3832 320 3903 gerio
354 3848 373 3882 ι
425 3832 632 3886 alarum
682 3840 915 3898 tuarum,
956 3852 975 3885 ι
1028 3834 1083 3889 id
1119 3848 1202 3890 est
1248 3835 1631 3892 misericordiae
1686 3848 1742 3894 et

163 3923 424 3992 potentiae
454 3934 574 3979 tute.
609 3926 709 3981 Per
736 3926 911 3980 simile
933 3926 1189 3995 loquitur,
1214 3928 1341 3996 quia
1369 3928 1510 3982 sicut
1538 3929 1738 3999 gallina

165 4012 459 4067 adumbrat
476 4013 651 4082 pullos
676 4014 798 4081 alis,
826 4016 1061 4086 protegit
1087 4016 1155 4071 ab
1176 4025 1332 4081 aestu,
1362 4016 1442 4072 sic
1468 4017 1612 4074 Deus
1644 4035 1742 4089 per

118 4112 121 4115 '
165 4100 596 4157 misericordiam
611 4118 764 4159 suam
779 4112 835 4159 et
846 4104 1136 4174 potentiam
1147 4105 1431 4160 obumbrat
1444 4108 1742 4179 etprotegit

164 4199 453 4261 sperantes
476 4192 531 4247 in
555 4206 634 4247 se:
650 4194 877 4262 sperabo
896 4194 1016 4249 dico
1049 4195 1250 4251 «donec
1277 4204 1519 4251 transeat
1538 4197 1739 4267 iniqui-

166 4290 279 4345 tas,
302 4301 320 4334 ι
347 4282 399 4336 id
413 4292 517 4349 est,
536 4283 1073 4353 impleverintomnes
1092 4285 1405 4355 iniquitates
1419 4302 1543 4342 suas
1555 4286 1608 4341 in
1631 4302 1737 4342 me.

247 4391 266 4424 ι
300 4371 575 4441 Clamabo,
606 4376 854 4445 sperabo,
902 4397 922 4427 ν
975 4383 1031 4431 et
1057 4391 1162 4430 non
1189 4376 1420 4442 otiosus,
1443 4377 1538 4432 sed
1574 4395 1592 4427 ι
1632 4377 1742 4432 cla-

1836 3296 1893 3352 ni
1917 3304 1968 3351 te
1993 3295 2404 3363 interfecerunt,
2449 3298 2515 3351 ad
2542 3296 2646 3352 hoc
2685 3296 2963 3366 respondit
2992 3314 3005 3349 :
3036 3296 3145 3351 imo
3189 3310 3413 3366 parave-

1836 3394 1982 3451 runt,
2012 3386 2161 3455 quia,
2207 3386 2333 3441 licet
2374 3387 2623 3441 manibus
2653 3402 2757 3442 non
2811 3385 3200 3453 interﬁcerent,
3232 3394 3413 3443 tamen

1836 3477 2018 3548 lingua
2053 3476 2461 3543 interfecerunt,
2504 3487 2560 3532 et
2609 3478 2711 3533 hoc
2735 3486 2820 3533 est
2852 3495 2871 3529 ι
2900 3477 3109 3544 dentes,
3147 3496 3166 3529 ι
3226 3478 3283 3532 id
3326 3484 3414 3532 est

1838 3567 2179 3622 corrosiones
2207 3585 2225 3617 ι
2256 3581 2446 3621 eorum
2476 3587 2494 3618 ι
2529 3566 2746 3621 fuerunt
2776 3586 2794 3619 ι
2843 3582 3015 3633 arma,
3052 3586 3071 3619 ι
3103 3567 3158 3622 id
3186 3575 3271 3622 est
3294 3582 3410 3622 ma-

1839 3656 2051 3711 nifestae
2081 3657 2513 3726 impugnationes
2547 3676 2564 3707 ι
2594 3666 2650 3711 et
2677 3659 2908 3728 sagittae,
2945 3676 2964 3707 ι
2996 3658 3051 3712 id
3074 3667 3177 3721 est,
3205 3657 3336 3723 doli,
3357 3666 3414 3713 et

1841 3747 2087 3812 consilia,
2118 3746 2314 3816 quibus
2358 3762 2444 3802 me
2473 3746 2682 3801 occulte
2719 3747 2946 3801 ferirent
2989 3765 3009 3797 ι
3036 3755 3091 3801 et
3112 3746 3294 3817 lingua
3318 3763 3412 3804 eo-

1841 3854 1963 3892 rum
1991 3858 2009 3890 ο
2059 3838 2160 3892 fuit
2190 3855 2208 3888 ι
2237 3835 2444 3908 gladius
2485 3844 2699 3899 acutus,
2722 3856 2743 3890 ι
2770 3836 2976 3891 scilicet
3011 3834 3249 3891 elliciens
3272 3850 3415 3890 mor-

1843 3942 1971 3996 tem,
2028 3929 2167 3984 sicut
2208 3928 2464 3998 gladius:
2521 3936 2582 3982 ut
2635 3942 2758 3981 cum
2790 3925 3074 3981 dicerent:
3126 3924 3414 3996 Crucilige,

1840 4020 2097 4091 cruciﬁge
2131 4036 2275 4075 eum.

1916 4129 1934 4160 ι
1964 4108 2235 4163 Exaltare.
2270 4127 2288 4159 ›
2320 4107 2482 4163 Facta
2511 4107 2938 4178 interposilione,
2954 4107 3221 4178 quomodo
3244 4105 3419 4164 Judaei

1841 4200 2216 4270 impugnarent
2245 4214 2365 4253 eum
2390 4212 2486 4267 per
2506 4199 2690 4264 verba,
2714 4198 2844 4254 facit
2866 4197 3025 4252 aliam
3050 4196 3419 4267 interpositio-

1842 4302 1965 4342 nem
2002 4288 2069 4342 de
2111 4301 2207 4341 sua
2245 4285 2585 4342 liberatione.
2629 4286 2974 4342 Continuatio
3008 4304 3021 4340 :
3065 4286 3169 4356 Ipsi
3210 4301 3296 4341 me
3340 4286 3418 4341 ita

1841 4379 2175 4448 impugnant,
2199 4377 2292 4432 sed
2316 4386 2391 4442 tu,
2416 4379 2580 4443 Deus,
2600 4380 2690 4447 qui
2724 4378 2941 4433 humilis
2961 4378 3417 4448 apparuisti,dum

167 4467 334 4520 maho
368 4466 436 4520 ad
463 4466 632 4521 Deum
680 4465 1021 4532 altissimum,
1066 4486 1085 4518 ι
1113 4468 1205 4536 qui
1238 4468 1401 4522 etiam
1435 4467 1744 4522 dominatur
1844 4481 1931 4522 me
1951 4466 2210 4522 tribulare
2234 4467 2545 4536 permisisti,
2576 4486 2595 4518 ‹
2628 4467 2923 4533 exsultare,
2942 4485 2965 4520 ι
2994 4468 3047 4529 id
3075 4476 3179 4532 cst,
3209 4467 3385 4523 exalta
3412 4505 3416 4509 ς

168 4554 414 4625 angelis;
438 4567 490 4610 et
520 4569 587 4609 ne
614 4555 811 4624 aliquis
831 4556 1065 4611 diceret:
1093 4555 1226 4613 Cum
1256 4558 1327 4611 sit
1353 4557 1425 4610 ita
1453 4556 1608 4620 alius,
1637 4572 1744 4611 non
1770 4536 1822 4596 D
1848 4568 1934 4613 tus
1970 4571 2191 4626 appare,
2235 4558 2501 4611 resnscita
2538 4572 2644 4623 me,
2678 4558 2920 4613 ducendo
2953 4575 2971 4608 ι
3006 4572 3170 4627 super
3191 4556 3359 4613 caelos
3390 4575 3410 4609 ι

170 4646 428 4715 respiciet
462 4655 535 4711 te,
572 4646 745 4701 dicit:
790 4646 925 4701 Cum
978 4647 1051 4700 ita
1096 4647 1166 4702 sit
1196 4647 1521 4710 altissimus,
1568 4655 1745 4705 tamen

173 4735 432 4805 respiciet
468 4750 575 4799 me,
624 4736 751 4806 quia
808 4736 1114 4790 humiliavit
1137 4750 1196 4791 se
1241 4737 1393 4799 mihi,
1438 4745 1495 4791 et
1528 4737 1631 4792 hoc
1666 4743 1750 4792 est

172 4828 320 4897 quod
343 4827 511 4882 dicit:
546 4845 566 4877 ί
595 4827 663 4882 ad
687 4828 855 4883 Deum
886 4828 979 4897 qui
1005 4827 1145 4882 bene
1172 4827 1301 4884 fecit
1324 4828 1477 4882 mihi.
1514 4848 1533 4881 ι

254 4936 274 4968 1
307 4916 451 4972 Misit
472 4917 538 4971 de
558 4916 716 4972 caelo.
765 4937 785 4969 ι
821 4916 935 4972 Hoc
962 4917 1168 4973 scilicet
1195 4918 1393 4973 bonum
1427 4917 1552 4972 fecit
1591 4916 1745 4983 mihi,

182 5024 202 5058 ι
235 5006 383 5061 misit
406 5005 474 5061 de
489 5006 631 5062 etelo
658 5026 678 5060 ι
698 5008 921 5063 verbum
944 5008 1089 5078 quod
1109 5008 1280 5062 univit
1302 5022 1434 5063 mea:
1461 5007 1753 5063 humilitati

183 5118 203 5150 ι
238 5105 295 5152 et
324 5115 344 5149 ι
374 5111 475 5167 per
501 5099 603 5153 hoc
629 5099 854 5153 verbum
890 5118 910 5150 ι
957 5099 1205 5154 liberavit
1239 5115 1345 5165 me,
1379 5119 1399 5153 ›
1433 5100 1486 5154 id
1523 5108 1606 5155 est
1632 5100 1752 5154 ani-

178 5204 328 5245 mam
348 5203 545 5255 meam,
582 5191 993 5257 humanitatem,
1020 5192 1343 5247 removendo
1367 5192 1547 5247 omnia
1587 5192 1753 5258 mala,

178 5286 239 5332 et
274 5276 600 5333 conferendo
623 5279 1096 5350 gloriﬁcationem,
1126 5289 1183 5336 et
1226 5295 1324 5351 per
1370 5281 1511 5336 idem
1534 5283 1753 5337 verbum

187 5389 207 5419 ι
231 5368 378 5423 dedit
397 5368 452 5422 in
478 5387 497 5419 ι
526 5370 872 5439 opprobrium
894 5370 1271 5426 conculcantes
1298 5386 1402 5435 me,
1440 5389 1459 5422 ι
1493 5370 1546 5426 id
1567 5380 1672 5436 est,
1696 5378 1757 5425 ut

181 5472 375 5514 omnes
409 5470 595 5531 gentes
642 5460 877 5515 habeant
902 5462 1213 5531 opprobrio,
1252 5460 1629 5516 conculcantes
1672 5476 1758 5516 me

181 5547 402 5605 Judeos.
452 5550 511 5606 ln
562 5553 666 5608 hoc
733 5567 893 5608 versu
946 5554 1136 5623 incipit
1171 5555 1237 5608 de
1295 5553 1527 5608 secunda
1579 5561 1755 5623 parte,

184 5650 242 5695 et
264 5643 418 5712 ponit
435 5644 672 5700 breviter
699 5645 1168 5713 gloriﬁcationem,
1199 5659 1320 5699 cum
1354 5644 1485 5701 dicit
1506 5645 1757 5700 liberavit

186 5745 304 5798 me,
357 5741 414 5788 et
466 5735 771 5805 passionem
842 5736 931 5791 ubi
995 5736 1144 5800 dicit,
1209 5735 1615 5792 conculcantes
1646 5751 1750 5791 me.

1847 4645 2174 4700 materiales.
2218 4643 2316 4701 Vel
2364 4665 2382 4697 ι
2419 4645 2607 4712 εωιοε,
2645 4666 2665 4700 ι
2710 4647 2764 4701 id
2803 4655 2888 4702 est
2923 4661 3085 4717 super
3123 4646 3420 4716 angelicam

1849 4749 2176 4807 creaturam,
2209 4758 2228 4791 ι
2264 4749 2321 4795 et
2352 4759 2370 4792 ι
2406 4754 2504 4810 per
2532 4742 2655 4807 hoc,
2684 4740 2730 4794 si
2760 4755 2847 4795 me
2873 4740 3218 4807 exaltaveris,
3256 4758 3274 4791 ι
3306 4739 3421 4810 glo-

1808 4892 1811 4893 ν
1851 4835 1929 4889 ria
1982 4843 2071 4888 tua
2121 4853 2141 4886 ι
2186 4832 2491 4888 eii'undetur
2532 4853 2550 4885 ι
2584 4834 2639 4888 in
2691 4849 2907 4890 omnem
2949 4844 3171 4901 terram,
3207 4854 3226 4887 ι
3257 4835 3421 4891 idest

1851 4924 1994 4979 fama
2023 4925 2257 4980 nominis
2278 4924 2373 4978 tui.
2392 4923 2556 4980 Facta
2584 4926 3014 4997 interpositione,
3034 4929 3185 4999 ponit
3214 4914 3360 4981 illam
3389 4942 3424 4983 a

1857 5030 1960 5085 qua
1979 5015 2250 5084 pendebat
2274 5016 2622 5072 constructio.
2647 5018 2770 5072 Filii
2790 5017 3066 5072 hominum
3096 5024 3425 5086 paraverunt

1856 5106 2127 5174 laqueum.
2163 5123 2181 5154 ε
2212 5103 2506 5161 Foderunt.
2540 5128 2558 5158 ι
2592 5107 2721 5163 Dico
2747 5108 3163 5163 incurvaverunt
3186 5106 3425 5161 animam

1857 5195 2293 5261 meam,ctetiam
2317 5212 2335 5244 ι
2358 5194 2627 5263 foderunt,
2667 5217 2685 5250 ι
2724 5197 2778 5252 id
2811 5205 2914 5262 est,
2953 5194 3162 5251 foveam
3195 5209 3423 5265 parave-

1862 5298 2005 5354 runt,
2038 5289 2089 5343 id
2111 5296 2195 5343 est
2216 5296 2468 5354 mortem,
2495 5288 2552 5342 in
2578 5304 2684 5359 qua
2709 5301 2796 5343 me
2820 5287 3242 5358 praecipitarent,
3266 5299 3296 5338 a
3320 5298 3426 5354 qua

1862 5378 2005 5433 nullo
2051 5378 2210 5433 modo
2259 5377 2443 5447 egredi
2504 5392 2741 5448 possem,
2787 5385 2844 5432 et
2886 5378 2989 5433 hoc
3019 5395 3039 5429 ι
3072 5384 3196 5432 ante
3229 5373 3427 5429 faciem

1857 5485 2053 5536 meam,
2087 5489 2106 5522 ι
2141 5469 2193 5523 id
2238 5477 2321 5524 est
2364 5470 2417 5523 in
2448 5478 2739 5539 conspectu
2782 5483 2925 5535 meo,
2961 5484 3084 5524 cum
3125 5467 3369 5524 dicerent
3411 5482 3425 5519 :

1859 5558 2002 5614 Reus
2026 5564 2110 5613 est
2134 5558 2324 5613 mortis
2350 5558 2564 5628 (Matth.
2600 5558 2770 5630 xxvn),
2815 5579 2833 5611 ι
2870 5568 2926 5614 et
2953 5580 2972 5611 ι
3030 5556 3129 5629 ipsi
3155 5577 3175 5611 ε
3222 5556 3430 5629 incide:

1857 5659 1983 5703 runt
2026 5649 2080 5703 in
2131 5662 2273 5715 eam,
2330 5667 2348 5699 ι
2400 5650 2525 5719 quia
2571 5650 2660 5704 ubi
2707 5660 2933 5706 mortem
2974 5649 3103 5704 mihi
3142 5646 3433 5705 machinati

1860 5749 2006 5806 sunt,
2030 5741 2236 5813 seipsos
2257 5742 2593 5797 occiderunt.

3288 404 3399 466 586
3492 396 3497 399 .
