3940 6452
591 364 695 420 δεῖ

664 475 841 529 Tertia
882 492 1030 547 pars.
1073 478 1416 535 Continuatio
1465 501 1490 537 ε·
1517 483 1621 554 Ipsi
1652 495 1730 542 tot
1764 489 1902 542 mala
1931 493 2060 546 mihi
2093 495 2172 548 in-

591 563 846 630 tulerunt,
883 575 1064 621 tamen
1094 587 1113 619 ‹
1157 585 1253 623 cor
1300 586 1480 626 meum
1520 593 1538 624 ι
1571 591 1790 647 semper
1822 579 1922 634 fuit
1955 601 1973 632 ‹
2009 601 2167 653 para-

587 665 699 709 tum
734 677 751 710 ι
797 668 1018 714 cantare
1074 661 1194 726 tibi,
1244 672 1299 716 et
1361 666 1525 719 etiam
1563 687 1581 716 ι
1617 685 1711 722 cor
1740 687 1919 727 meum
1961 694 1979 726 ι
2027 692 2168 732 sem-

586 763 682 816 per
707 747 807 802 fuit
837 769 855 801 ‹
886 759 1132 819 paratum
1165 772 1184 803 ι
1213 754 1444 822 psallere
1473 757 1590 819 tibi,
1617 769 1668 812 et
1691 761 1756 814 ad
1781 765 1923 830 quod
1948 763 2049 820 fuit
2075 784 2167 837 pa-

588 848 784 903 ratum,
829 841 928 894 hoc
952 841 1197 908 explebo,
1228 845 1350 912 quia
1388 864 1407 896 ‹
1446 850 1677 904 cantabo
1711 870 1729 901 ι
1765 854 1973 910 scilicet
1999 861 2164 916 corde

581 934 638 978 et
671 942 764 980 ore
809 927 1034 983 laudabo
1090 949 1109 981 ‹
1164 941 1219 986 et
1264 935 1531 1002 psalmum
1581 939 1757 995 dicam
1790 961 1809 994 ι
1852 944 1989 1001 bene
2036 964 2164 1019 ope-

583 1015 772 1068 rando.

647 1103 798 1168 Dico,
823 1107 1089 1176 psalmum
1117 1112 1290 1177 dicam
1314 1125 1368 1172 et
1390 1122 1638 1186 cantabo,
1671 1133 1726 1180 et
1745 1135 1804 1180 ut
1829 1129 1932 1183 hoc
1957 1133 2157 1199 possim

572 1195 810 1263 explere,
835 1216 853 1248 ‹
877 1214 1131 1273 exsurge,
1165 1225 1182 1256 ι
1214 1207 1267 1260 id
1294 1219 1396 1274 est,
1422 1227 1640 1282 appare,
1669 1232 1702 1271 ο
1728 1238 1747 1269 ‹
1769 1219 1938 1289 gloria
1962 1239 2101 1291 mea,
2132 1247 2151 1278 ι

575 1301 695 1355 quae
725 1289 936 1344 scilicet
959 1292 1439 1356 hactenuslatuisti
1469 1315 1543 1370 et,
1567 1322 1600 1360 o
1629 1317 1683 1361 tu
1713 1327 1732 1359 ι
1765 1313 2078 1380 psalterium
2102 1327 2157 1374 et

569 1571 694 1610 caro
716 1558 940 1627 Christi,
959 1575 1177 1634 propter
1197 1585 1359 1640 opera
1383 1589 1502 1642 quae
1524 1593 1736 1650 semper
1757 1581 1903 1640 fecit.
1931 1585 2150 1646 Cithara

567 1645 783 1713 dicitur,
831 1665 1051 1723 propter
1098 1662 1588 1733 mortificationem,
1637 1645 1762 1740 quia
1811 1677 1863 1731 in
1900 1667 2149 1748 passione

567 1747 816 1796 extentus
843 1741 943 1798 fuit
970 1747 1023 1800 in
1061 1747 1226 1818 ligno,
1259 1754 1397 1809 sicut
1426 1759 1632 1814 corium
1657 1767 1856 1820 mortui
1878 1770 2142 1828 animalis.

1040 363 1409 435 THAYMONIS
1448 368 1924 429 IIALBERSTAT.
1963 376 2174 435 EPISC.
2215 383 2363 439 OPP.
2407 386 2585 445 PARS
2628 391 2668 443 I.
2712 421 2779 432 —
2813 392 3177 454 COMMENT.
3217 403 3388 462 BIBL.

3776 417 3866 475 583

2197 515 2246 574 Α
2276 502 2494 557 natione
2533 520 2718 561 eorum
2760 512 3008 582 castigati
3040 527 3185 583 sunt,
3230 536 3351 576 cum
3379 528 3626 581 ostendit
3658 527 3866 593 ludatis

2267 592 2534 660 damnari,
2568 599 2657 666 qui
2689 601 3122 670 disperdiderunt
3151 609 3336 680 David,
3369 619 3619 674 maxime
3648 638 3758 678 nos
3781 592 3860 681 ad

2265 693 2469 750 monet,
2496 702 2562 740 ne
2606 689 2958 759 desperamus
2979 695 3166 753 David.
3202 702 3309 756 Vox
3353 710 3648 776 prophetae
3679 714 3761 768 sic
3784 717 3853 770 in-

2264 773 2511 842 cipientis
2547 779 2616 832 ad
2642 780 3059 851 increpationem
3095 807 3107 841 :
3138 790 3182 846 0
3205 807 3298 848 vos
3336 795 3431 850 ﬁlii
3466 800 3795 858 «hominum
3836 829 3850 859 ι

2263 863 2487 931 scilicet,
2529 869 2937 940 prophetarum,
2969 892 3197 944 quorum
3228 884 3495 941 rationem
3526 890 3752 946 imitari
3780 897 3852 950 de

2261 951 2463 1010 berctis
2490 975 2507 1005 ι
2537 973 2632 1013 vos
2659 962 2842 1032 utique
2871 965 2914 1019 si
2939 982 3066 1023 vere
3100 971 3367 1040 justitiam
3405 997 3424 1029 ε
3479 979 3801 1052 loquimini,
3829 1009 3842 1039 ι

2261 1039 2313 1095 id
2354 1051 2438 1097 cst
2463 1061 2593 1101 vero
2637 1049 2893 1122 ﬁdelique
2934 1039 3113 1114 corde
3148 1066 3446 1122 secundum
3499 1039 3711 1139 Deum,
3750 1086 3842 1132 tum

2265 1147 2284 1180 ‹
2318 1143 2464 1187 recte
2499 1133 2737 1203 judicate
2782 1161 2800 1192 ι
2834 1153 3211 1214 cognoscendo
3247 1153 3522 1214 Christum
3572 1162 3706 1231 jam
3739 1183 3842 1225 esse

2256 1223 2580 1290 promissum
2613 1227 3036 1303 Redemptorem
3069 1253 3335 1312 nostrum,
3357 1249 3558 1305 Filium
3590 1255 3721 1321 Dei,
3747 1270 3836 1315 etc.

2254 1311 2380 1368 Ideo
2403 1316 2526 1373 dico
2557 1329 2702 1376 recte
2743 1323 3004 1395 judicate,
3041 1351 3059 1382 ι
3099 1338 3299 1392 etenim
3324 1311 3352 1390 ν»
3385 1358 3495 1397 non
3527 1357 3689 1402 recte
3708 1349 3838 1416 judi-

2255 1406 2408 1472 catis,
2456 1410 2550 1464 sed
2580 1414 2760 1481 potius
2791 1433 2886 1473 vos
2933 1423 3092 1490 positi
3130 1446 3147 1478 ι
3197 1429 3250 1483 in
3295 1441 3462 1501 terra,
3502 1456 3522 1488 ι
3557 1439 3613 1494 id
3645 1452 3754 1508 est,
3790 1448 3832 1501 in

2253 1503 2488 1570 appetitu
2520 1515 2878 1579 terrenorum,
2907 1535 2926 1567 ε
2956 1517 3009 1572 in
3041 1523 3202 1577 corde
3225 1545 3243 1577 ι
3273 1536 3452 1587 vestro
3478 1552 3499 1584 ε
3531 1544 3829 1606 operamini

2253 1592 2583 1665 iniquitates,
2635 1621 2653 1652 ι
2690 1602 2742 1656 id
2783 1615 2867 1660 est
2920 1609 3101 1680 iniqua
3152 1619 3400 1689 cogitatis
3440 1634 3499 1679 et
3542 1592 3697 1683 sicut
3724 1648 3825 1688 ma-

2250 1683 2299 1738 la
2334 1689 2601 1758 cogitatis,
2649 1693 2728 1749 sic
2752 1695 2954 1766 facitis,
2985 1712 3041 1756 et
3081 1705 3184 1762 hoc
3214 1719 3315 1778 est,
3357 1731 3375 1764 ι
3413 1731 3615 1774 manus
3641 1733 3824 1781 vestra:

2048 1823 2140 1828 νη-
2253 1823 2594 1850 νυ..ν.........ι,
2628 1823 2647 1838 1
2678 1823 2730 1844 ιιι
2771 1823 2855 1847 cal.
2907 1823 3200 1856 concordes
3247 1823 3625 1878 exsequuntur
3652 1835 3671 1866 σ
3693 1823 3819 1886 inju-

571 1823 719 1882 Unde
747 1839 800 1883 et
836 1832 961 1887 alibi
997 1853 1009 1888 :
1049 1855 1066 1886 ι
1099 1839 1587 1902 Dinumeraverunt
1617 1854 1798 1908 omnia
1826 1871 1944 1912 ossa
1973 1876 2146 1916 mea.»
2167 1859 2227 1917 Β
2257 1870 2454 1926 stitias.
2478 1891 2496 1924 ι
2538 1873 2648 1930 Hoc
2675 1878 2796 1933 ideo
2825 1880 3030 1939 faciunt
3054 1892 3176 1957 quia
3201 1893 3339 1963 ipsir
3361 1910 3689 1966 peccatores
3709 1918 3819 1962 sunt

633 1915 766 1966 Dico
789 1936 1020 1966 p‘gnrgn
1073 1937 1123 1966 nl
1157 1948 1258 1966 nnn
1282 1936 1466 1966 Αι-Ιιῖσιι
1485 1939 1548 1966 ’³η
1575 1957 1786 1966 -”ν-···““--
1803 1948 1864 1966 ⁴¹⁹
1882 1964 1893 1966 λ
2097 1955 2109 1966 ³
2285 1960 2316 1966 ”
2453 1963 2463 1966 ’

633 1915 766 1972 Dico
789 1936 1040 1996 exsurge,
1073 1937 1128 1983 et
1153 1948 1260 1987 non
1281 1936 1468 1992 dubito
1483 1939 1549 1993 de
1575 1948 1993 2015 resurrectione,
2020 1955 2145 2022 quia

558 2021 658 2076 ego
702 2027 720 2058 ε
750 2027 1060 2085 exsurgam,
1103 2040 1120 2071 ι
1161 2031 1216 2076 et
1257 2033 1315 2078 ut
1341 2028 1642 2086 certissime
1668 2036 1828 2092 etiam
1854 2044 2142 2100 terminum

559 2097 758 2166 dicam,
790 2105 912 2160 dico
943 2127 961 2159 ι
999 2110 1256 2181 diluculo,
1288 2136 1306 2167 ι
1343 2118 1394 2172 id
1415 2131 1498 2175 est
1521 2138 1730 2180 summo
1762 2144 1938 2196 mane,
1967 2136 2140 2202 prima

555 2190 784 2246 sabbati.
821 2195 1034 2252 Etcum
1069 2216 1442 2273 resurrexero,
1481 2230 1499 2261 ‹
1535 2214 1836 2272 conﬁtebor
1875 2190 1992 2287 tibi,
2033 2244 2050 2276 ι
2085 2226 2137 2282 id

552 2287 638 2332 est
663 2279 888 2339 laudabo
919 2296 971 2341 te
991 2303 1088 2357 per
1114 2295 1494 2360 praedicatores
1527 2321 1545 2352 ε
1576 2303 1630 2358 in
1659 2308 1888 2376 populis,
1920 2331 1938 2363 ι
1974 2313 2023 2368 id
2053 2328 2138 2374 est

550 2366 693 2422 inter
709 2369 941 2441 Judmos,
976 2395 995 2428 ‹
1027 2389 1081 2434 et
1107 2382 1160 2436 in
1197 2388 1448 2454 gentibus
1473 2366 1766 2451 dicam-tibi
1790 2401 2077 2472 psalmum,
2107 2427 2127 2460 ι

548 2455 603 2510 id
627 2469 710 2513 est
728 2465 1002 2531 acquiram
1036 2471 1130 2524 tibi
1156 2473 1324 2530 bonos
1359 2491 1698 2548 operatores.

621 2565 640 2597 ι
675 2547 957 2614 Quoniam.
995 2577 1012 2608 ι
1050 2547 1417 2633 Ostenditper
1452 2585 1587 2637 quos
1610 2574 1956 2642 conﬁteatur.
1984 2583 2131 2640 scili-

545 2646 658 2703 cet,
680 2656 776 2708 per
803 2645 968 2700 caelos
995 2657 1048 2702 et
1077 2666 1172 2717 per
1198 2655 1390 2720 nubes,
1423 2669 1477 2713 et
1508 2664 1746 2718 ostendit
1770 2682 1871 2737 per
1899 2674 2025 2741 quid
2051 2676 2127 2733 illi

543 2726 652 2780 sint
667 2727 796 2784 facti
811 2735 934 2787 C(Bli
953 2740 1211 2806 etnubes,
1228 2745 1547 2819 scilicetper
1562 2753 1989 2817 miscricordiam
2009 2766 2124 2833 Dei,

543 2830 663 2884 quae
698 2824 1038 2890 magniﬁcata
1081 2841 1182 2886 est.
1210 2834 1554 2898 Continuatio
1585 2864 1598 2899 :
1634 2847 1766 2904 Dico
1801 2857 2118 2928 conﬁtebor,

541 2923 663 2976 qua:
682 2914 950 2972 confessio
971 2935 1067 2988 per
1088 2923 1188 2979 hoc
1216 2931 1446 2994 eveniet,
1477 2952 1496 2984 ι
1532 2940 1788 3003 quoniam
1815 2946 2120 3004 misericor-

539 2999 627 3053 dia
663 3010 749 3057 tua
781 3010 1123 3076 magniﬁcata
1157 3027 1261 3082 est,
1291 3038 1308 3069 ι
1329 3021 1377 3074 id
1405 2999 1694 3090 esl,P;ilius
1719 3041 1841 3089 tuus
1864 3041 2117 3110 magniﬁ-

541 3097 696 3145 catus
709 3102 791 3146 est
812 3113 830 3144 ι
852 3112 1019 3166 usque
1041 3103 1107 3155 ad
1129 3105 1292 3161 caelos
1322 3128 1340 3160 ›
1363 3115 1785 3187 constituendos,
1804 3126 1927 3192 quia
1953 3142 2114 3197 quos-

536 3185 658 3240 dam
679 3192 961 3249 constituit
989 3199 1176 3265 ctelos,
1209 3203 1260 3256 id
1285 3214 1368 3260 est
1391 3221 1608 3269 sanctos
1631 3221 1901 3284 apostolos
1925 3223 1978 3276 in
2007 3225 2107 3281 Ec-
2138 3203 2184 3266 θ

534 3276 721 3347 clesia,
762 3301 783 3332 ι
830 3292 886 3338 et
907 3288 1106 3344 veritas
1137 3300 1243 3356 tua,
1282 3316 1300 3348 ι
1346 3298 1398 3352 id
1430 3310 1514 3355 est
1539 3276 1867 3376 ipse-Filius,
1898 3315 1988 3382 qui
2019 3315 2112 3372 be-

531 3381 601 3422 ne
626 3371 826 3427 veritas
856 3375 1070 3444 dicitur,
1099 3383 1225 3450 quia
1252 3400 1347 3454 per
1369 3402 1490 3444 eum
1522 3393 1615 3448 Dei
1639 3395 1818 3454 Patris
1842 3405 2109 3470 promissa

529 3459 792 3529 completa
821 3475 965 3531 sunt,
1015 3481 1100 3524 est
1125 3477 1460 3544 magniﬁcata
1505 3501 1523 3532 ι
1566 3499 1734 3554 usque
1759 3491 1824 3544 ad
1880 3494 2051 3550 nubes
2083 3516 2102 3549 ι

529 3553 954 3623 constituendas,
1009 3562 1253 3629 scilicet,
1304 3581 1521 3627 sanctos
1560 3578 1960 3647 praedicatores,
2010 3588 2104 3657 qui

525 3643 837 3711 compluunt
850 3647 1146 3708 Ecclesiam
1164 3671 1286 3711 rore
1302 3660 1536 3718 caelestis
1551 3643 1825 3725 doctrinm.
1846 3670 1940 3728 Vel
1962 3695 1980 3727 ι
2003 3679 2104 3734 mi-

524 3730 817 3788 sericordia
869 3746 954 3792 est
1008 3743 1370 3813 magniﬁcata,
1403 3769 1421 3799 ι
1456 3750 1508 3805 id
1539 3763 1621 3808 est
1659 3755 1826 3814 Filius
1858 3765 2102 3820 ascendit

524 3837 686 3891 supra
714 3826 901 3883 caalos.
925 3828 1081 3888 Aliud
1101 3837 1240 3903 quod
1269 3841 1513 3908 sequitur
1533 3859 1638 3900 non
1661 3858 1918 3904 mutatur.
1949 3853 2015 3907 Et
2039 3863 2098 3909 ut

521 3917 921 3972 constituantur
976 3922 1068 3976 alii
1106 3926 1251 3990 cali,
1290 3930 1379 3983 alii
1414 3933 1606 4000 nubes,
1647 3956 1665 3987 ί
1694 3939 1954 4008 exaltare,
2003 3963 2022 3995 ι
2063 3961 2097 4000 o

525 4020 544 4054 α
585 4004 745 4069 Deus,
798 4023 962 4078 super
998 4013 1183 4078 cmlos,
1213 4025 1266 4070 et
1305 4033 1466 4089 super
1508 4038 1722 4079 omnem
1752 4036 1951 4084 terram
1982 4031 2096 4101 glo-

517 4093 596 4147 ria
627 4104 738 4149 tua.
770 4117 790 4149 ›
841 4099 966 4155 Ideo
1001 4118 1188 4160 versus
1219 4107 1337 4175 iste,
1363 4112 1454 4181 qui
1505 4113 1844 4174 intercalaris
1873 4123 2089 4191 dicitur,

517 4188 754 4244 maxime
797 4197 1081 4264 reperitur,
1135 4201 1262 4269 quia
1308 4204 1362 4257 in
1418 4220 1483 4261 eo
1510 4210 1705 4276 pendet
1737 4215 1970 4270 maxima
2009 4217 2090 4273 vis

515 4277 681 4333 totius
714 4279 1043 4353 intentionis,
1071 4289 1281 4372 scilicet
1309 4309 1376 4348 ne
1422 4296 1797 4366 disperdamus
1826 4304 2013 4360 David.

991 4426 1060 4480 IN
1092 4428 1426 4490 PSALMUM
1461 4434 1615 4491 LVII.

2248 1960 2488 2028 alienati,
2519 1984 2538 2016 ι
2579 1965 2632 2020 id
2672 1977 2755 2022 est
2787 1976 3055 2041 reprobati
3085 1995 3114 2033 a
3153 1960 3264 2038 Deo
3300 2004 3320 2036 ι
3401 1990 3587 2057 vulva,
3618 2014 3640 2046 ι
3673 1997 3724 2051 id
3748 2009 3815 2053 est

2250 2064 2280 2103 a
2313 2054 2667 2125 conceptione
2717 2062 2854 2130 ipsa.
2884 2063 2978 2120 Vel
3023 2087 3041 2119 ι
3071 2074 3291 2142 avulva,
3326 2098 3344 2130 ι
3375 2080 3427 2134 id
3475 2094 3565 2138 est
3594 2101 3623 2139 a
3653 2093 3810 2146 nutri-

2245 2153 2432 2199 mento
2480 2145 2755 2217 Ecclesiae,
2781 2164 2836 2209 et
2889 2173 2994 2213 non
3043 2169 3249 2220 tantum
3296 2181 3422 2226 sunt
3449 2174 3700 2242 alienati,
3729 2185 3809 2238 sed

2239 2232 2401 2287 etiam
2429 2253 2448 2285 ς
2477 2251 2818 2310 erraverunt,
2850 2265 2869 2298 ι
2907 2247 2961 2302 iu
2984 2263 3068 2304 est
3092 2257 3370 2315 erroribus
3416 2263 3667 2335 deputati
3696 2282 3806 2327 suat

2243 2339 2262 2372 ‹
2295 2322 2363 2377 ab
2385 2332 2559 2393 utero,
2594 2348 2615 2381 ι
2644 2330 2696 2385 id
2725 2342 2808 2388 est
2836 2351 2866 2390 a
2897 2344 3272 2413 conceptione,
3313 2351 3398 2405 vel
3429 2322 3504 2409 ab
3527 2366 3686 2414 utero
3719 2362 3805 2418 Ee-

2235 2409 2431 2480 clesize,
2465 2415 2520 2471 in
2547 2433 2654 2488 quo
2696 2409 3294 2504 nutriuntur'quidam,
3325 2449 3383 2494 ut
3407 2443 3475 2497 ad
3504 2444 3670 2502 ﬁdem
3698 2466 3800 2520 per-

2237 2497 2426 2520 ,___”.
2456 2519 2461 2520 ν
2606 2515 2617 2520 Α

2232 2497 2518 2569 ducantur,
2569 2515 2624 2561 et
2665 2524 2772 2565 non
2812 2521 3022 2572 tantum
3065 2497 3119 2575 in
3162 2497 3356 2594 seipsis
3385 2532 3515 2587 mali
3573 2497 3796 2607 fuerunt,

2231 2589 2325 2645 sed
2369 2594 2535 2649 etiam
2569 2616 2588 2650 ι
2633 2599 2798 2656 locuti
2829 2615 2955 2662 sunt
2981 2609 3114 2666 falsa
3158 2635 3176 2666 ι
3213 2589 3272 2670 ut
3300 2621 3435 2677 alios
3473 2627 3791 2698 deciperent.

2303 2699 2323 2732 ί
2373 2683 2549 2741 Furor
2586 2708 2605 2740 ι
2659 2691 2818 2748 etiam
2849 2707 2932 2752 est
2965 2718 2984 2751 ‹
3017 2702 3121 2759 illis
3163 2713 3461 2769 secundum
3507 2719 3790 2779 similitudi-

2293 3067 2314 3101 ι
2350 3050 2479 3118 Qum
2524 3072 2633 3111 non
2676 3064 2925 3120 exaudiet
2978 3085 3162 3128 vocem
3218 3079 3637 3153 incantantium,
3683 3113 3701 3144 ι
3739 3107 3782 3150 et

2216 3154 2322 3193 non
2361 3157 2808 3220 quorumcunque
2862 3156 3284 3236 incantantium,
3316 3175 3410 3230 sed
3457 3197 3477 3228 ε
3527 3184 3782 3250 sapienter

2223 3247 2242 3280 ι
2277 3233 2460 3300 etiam,
2490 3235 2884 3300 incantantium
2919 3269 2938 3301 ι
2980 3271 2998 3302 ‹
3031 3264 3085 3309 et
3120 3278 3138 3309 ι
3170 3260 3272 3317 hoc
3296 3276 3382 3321 est
3423 3287 3443 3320 ¢
3485 3275 3726 3340 veneﬁci,
3759 3297 3776 3329 ι

2223 3320 2268 3340 ,_,
2537 3327 2547 3337 .
2633 3331 2661 3340 ,.
2748 3333 2798 3340 η.

3341 3319 3378 3321 η
3430 3319 3437 3320 ,
3498 3319 3726 3340 --..-..-.,
3759 3319 3776 3329 .

2215 3319 2268 3375 id
2309 3331 2392 3377 est
2435 3327 2713 3396 sapientis.
2745 3333 2898 3391 Sicut
2923 3343 3064 3398 enim
3098 3347 3148 3402 in
3173 3365 3404 3411 caverna
3432 3375 3536 3415 sua
3566 3379 3681 3419 cum
3707 3369 3779 3422 in-

2212 3422 2486 3483 cantatur,
2511 3435 2673 3476 unam
2710 3440 2896 3483 aurem
2927 3433 3090 3504 atligit
3121 3447 3297 3510 terrm,
3322 3457 3380 3502 et
3405 3450 3636 3510 alteram
3661 3474 3777 3512 cau-

2210 3502 2278 3558 da
2317 3507 2565 3573 obstruit,
2603 3529 2671 3568 ne
2697 3519 2923 3584 prodeat
2949 3502 3222 3597 inluceat,
3250 3502 3308 3588 et
3333 3539 3402 3593 ab
3425 3554 3494 3594 ea
3523 3559 3776 3603 venenum

2207 3598 2547 3667 extrahatur,
2569 3604 2648 3658 sic
2668 3605 2834 3664 Jud:ei
2849 3615 3170 3676 exsistentes
3193 3624 3511 3692 infcavernis
3533 3637 3773 3707 ignoran-

2207 3685 2295 3740 tiae
2315 3695 2370 3742 et
2387 3702 2752 3762 peccatorum,
2775 3716 2934 3757 unam
2959 3716 3136 3764 autem
3153 3688 3414 3787 afﬁngunt
3438 3685 3616 3792 terrae,
3632 3730 3774 3787 idest

2204 3775 2545 3836 delectationi
2564 3790 2906 3853 prtesentium
2928 3795 3210 3867 bonorum,
3234 3775 3469 3864 etvaliam
3487 3775 3776 3875 obstruunt

2202 3867 2391 3933 cauda,
2434 3870 2487 3924 id
2545 3882 2628 3927 est
2662 3877 2830 3945 priori
2883 3883 2964 3938 vel
3012 3891 3184 3944 veteri
3220 3900 3588 3956 consuetudini
3630 3905 3772 3976 legis

2199 3973 2328 4026 suae,
2377 3979 2447 4018 ne
2499 3969 2710 4035 possint
2753 3972 3029 4046 Evangelii
3074 3983 3360 4042 veritatem
3383 3969 3768 4064 perciperejet

2196 4066 2264 4105 ne
2301 4056 2580 4124 prodeant,
2635 4063 2861 4129 scilicet,
2900 4069 2953 4123 in
2999 4088 3181 4130 veram
3207 4083 3598 4154 cognitionem,
3627 4099 3766 4148 etne

2195 4145 2538 4204 abstrahatur
2567 4167 2831 4212 venenum
2883 4163 2952 4217 ab
2993 4165 3092 4232 eis,
3137 4169 3194 4226 id
3231 4145 3315 4229 est
3353 4177 3558 4246 odium,
3592 4193 3647 4238 et
3667 4186 3758 4240 alia

2267 4346 2284 4378 ι
2316 4330 2456 4386 Deus
2493 4345 2755 4395 conteret.
2808 4363 2828 4396 ι
2891 4345 3137 4408 Secunda
3179 4371 3324 4426 pars,
3362 4360 3709 4425 Continuatio
3741 4390 3753 4422 ;

2188 4416 2256 4470 Et
2276 4421 2399 4489 quia
2443 4422 2515 4478 ita
2555 4430 2682 4485 mali
2723 4445 2867 4500 sunt,
2906 4457 2924 4490 ‹
2969 4441 3114 4500 Deus
3141 4416 3402 4518 conteret,
3439 4475 3459 4508 ι
3491 4459 3546 4513 id
3569 4471 3654 4516 est
3674 4463 3756 4518 de-

533 4522 788 4584 ijws.
830 4530 898 4586 In
951 4533 1107 4602 ﬁnem
1133 4555 1222 4613 ﬂe
1266 4541 1537 4613 dispar“:
1592 4546 1764 4602 David
1813 4552 1866 4605 in
1921 4553 2060 4607 “mu
2109 4550 2164 4610 Β
2189 4519 2461 4613 struet_et
2497 4516 2661 4576 falsas
2699 4530 2948 4585 ostendet
2990 4552 3009 4584 c
3058 4536 3249 4595 dentes
3272 4557 3482 4609 eorum,
3549 4569 3566 4601 ι
3603 4552 3652 4605 Id
3682 4563 3753 4608 est

1125 4609 1482 4680 inscriptione.

579 4749 598 4783 ι
634 4732 692 4788 Si
716 4750 844 4790 vere
885 4739 1088 4810 utique.
1120 4763 1139 4797 ι
1165 4743 1412 4804 Psalmus
1433 4751 1536 4807 iste
1562 4752 1866 4810 intenditin
1892 4757 2072 4823 tinem,

500 4822 552 4876 id
582 4833 684 4890 est,
716 4827 766 4880 in
792 4826 1085 4900 Christum,
1116 4851 1341 4895 monens
1365 4857 1433 4897 ne
1465 4851 1520 4898 tu
1541 4845 1849 4916 quicunque
1877 4849 2076 4918 disper-

497 4912 594 4967 das
638 4915 825 4983 David,
882 4921 935 4974 id
970 4933 1054 4978 est
1083 4926 1315 4984 honores
1356 4912 1653 5002 Christum,
1688 4936 1827 4992 tituli
1878 4940 2069 4996 inscri-

494 5003 678 5070 ptione
711 5017 938 5076 mutata,
966 5028 1180 5085 semper
1214 5035 1393 5090 regem
1419 5021 1726 5080 Iudaeorum
1763 5029 2068 5088 conﬁtearis

491 5107 637 5158 eum,
667 5104 720 5150 et
759 5099 870 5155 haec
899 5111 984 5158 est
1015 5105 1243 5162 intentio
1283 5112 1421 5166 sicut
1451 5114 1502 5168 in
1539 5116 1644 5171 alio
1671 5120 1900 5188 psalmo,
1924 5125 2069 5178 scili-

491 5189 592 5240 cet.
625 5198 695 5238 ne
717 5185 995 5256 disperdas
1044 5195 1231 5250 David.
1263 5199 1485 5256 Materia
1510 5216 1633 5260 sunt
1655 5185 1823 5266 .Iudmi
1850 5185 1948 5282 per
1970 5229 2066 5285 op-

488 5273 740 5341 positum,
767 5281 890 5347 quia
914 5281 1162 5342 Christus
1184 5289 1339 5345 debet
1355 5307 1473 5348 esse
1488 5296 1818 5368 principalis.
1838 5273 2055 5360 Ilodus:

487 5359 544 5414 In
569 5364 737 5432 prima
767 5380 919 5436 parte
959 5375 1232 5448 redarguit
1263 5359 1503 5451 Judmos,
1525 5396 1892 5449 enumerando
1915 5412 2057 5465 quze-

485 5455 607 5510 dam
632 5473 818 5516 eorum
863 5467 1022 5524 mala.
1076 5471 1399 5531 In’secunda
1441 5489 1614 5548 parte,
1657 5501 1775 5555 qua:
1825 5489 2011 5561 incipit
2039 5512 2068 5548 :-

483 5544 626 5602 Deus
667 5565 908 5611 conteret
934 5559 1122 5618 dentes
1166 5581 1374 5630 eorum,
1408 5575 1640 5628 ostendit
1681 5577 2054 5641 damnationes

480 5630 805 5696 Iudaeorum.
834 5644 892 5699 In
921 5650 1076 5704 tertia
1125 5663 1298 5722 parte,
1325 5674 1444 5728 quae
1487 5663 1675 5734 incipit
1706 5685 1718 5721 :
1759 5669 2051 5731 Ltetabitur

480 5731 672 5796 iustus,
701 5735 938 5790 ostendit
959 5738 1136 5807 justos
1166 5743 1330 5801 lactari
1353 5761 1408 5804 et
1432 5766 1494 5806 ex
1523 5731 1622 5809 hoc
1647 5760 1790 5826 quod
1813 5777 1876 5816 ex
1895 5765 2046 5818 dam-

2187 4605 2547 4674 corrosioncs,
2603 4627 2790 4670 eorum
2838 4636 2858 4669 ι
2905 4621 2958 4676 in
2982 4638 3077 4680 ore
3114 4628 3373 4699 ipsorum,
3409 4655 3428 4687 ι
3457 4637 3514 4692 id
3537 4650 3622 4695 est
3641 4657 3752 4712 pro-

2184 4690 2300 4758 pria
2347 4696 2511 4750 verba
2567 4698 2839 4770 ipsorum,
2898 4711 3025 4778 quia
3082 4690 3222 4787 δέρε
3284 4725 3558 4796 contingit
3607 4690 3670 4785 ut
3703 4734 3749 4787 in

2183 4781 2360 4836 verbis
2399 4788 2631 4856 propriis
2673 4789 2794 4847 falsi
2817 4808 2936 4853 esse
2971 4781 3376 4877 convin-cantur,
3407 4781 3749 4891 utuAugusti-

2181 4883 2282 4923 nus
2302 4882 2489 4926 contra
2528 4878 2746 4947 milites,
2795 4886 2888 4954 qui
2915 4889 3182 4961 dixerunt,
3209 4897 3338 4968 ipsis
3356 4878 3746 4969 dormientibus

2176 4970 2372 5025 corpus
2431 4960 2630 5021 Christi
2687 4968 2872 5028 furtim
2917 4960 3175 5038 ablatum
3211 4960 3400 5056 fuisse,
3446 4960 3744 5058 dicite";

2174 5043 2527 5120 dormierunt,
2567 5061 2838 5124 quomodo
2866 5066 3140 5127 sciverunt
3169 5075 3193 5128 ?
3219 5085 3273 5132 et
3301 5079 3348 5134 si
3374 5095 3483 5138 non
3513 5085 3744 5144 dormie-

2172 5144 2316 5200 runt,
2351 5153 2518 5206 quare
2558 5159 2662 5200 non
2696 5155 3069 5215 custodierunt
3098 5162 3121 5215 ?
3151 5163 3215 5218 Et
3252 5169 3416 5224 etiam
3438 5192 3458 5223 ς
3497 5177 3688 5240 molas,
3717 5199 3735 5231 ι

2170 5228 2330 5285 idest
2361 5237 2642 5304 magniﬁca
2683 5245 2868 5312 verba,
2895 5251 3022 5319 quia
3063 5257 3218 5312 mola:
3240 5261 3492 5320 dicuntur
3519 5268 3595 5323 illi
3626 5286 3738 5326 ma-

2158 5316 2306 5385 jores
2334 5324 2539 5394 dentes,
2565 5331 2734 5387 molas
2763 5335 2885 5392 dico
2916 5316 2937 5390 i
2966 5341 3204 5412 leonum,
3237 5369 3255 5400 ›
3289 5316 3340 5406 id

2163 5410 2462 5481 principum
2496 5433 2514 5465 ι
2567 5420 2887 5496 confringet,
2922 5448 2939 5480 ι
2990 5431 3044 5487 id
3083 5445 3166 5490 est
3191 5410 3465 5509 destruet,
3491 5410 3739 5506 et'l'alsas

2161 5504 2404 5558 ostendet
2431 5526 2448 5556 α
2475 5508 2750 5580 Dominus,
2775 5535 2793 5569 ι
2819 5535 2917 5574 nec
2936 5533 3189 5591 poterunt
3209 5533 3391 5589 venire
3410 5538 3477 5591 ad
3499 5539 3735 5610 aliquem

2164 5587 2398 5610 ,αιημη
2458 5595 2518 5610 η-
2596 5599 2628 5610 ..
2689 5603 2703 5610 -
2820 5606 2832 5610 -

2159 5587 2427 5672 effectum.
2457 5595 2523 5650 Et
2561 5599 2704 5657 aliud
2729 5587 2952 5674 malum,
2983 5631 3001 5662 ι
3034 5615 3100 5669 ad
3127 5617 3352 5675 nihilum
3382 5587 3670 5683 deveniEnt
3711 5650 3728 5681 ι

2157 5678 2223 5733 de
2245 5679 2412 5750 gloria
2443 5689 2590 5757 regni
2621 5693 2723 5758 sui,
2744 5714 2762 5746 ι
2786 5703 3039 5768 tanquam
3069 5699 3210 5775 aqua
3245 5707 3560 5770 decurrens.
3583 5739 3602 5767 ι
3623 5719 3735 5773 Sic-

2155 5779 2212 5822 ut
2247 5773 2388 5827 enim
2433 5785 2644 5836 torrens
2673 5784 2739 5839 de
2763 5787 2957 5856 pluviis
3000 5794 3107 5850 cito
3121 5773 3350 5868 crescit,
3374 5813 3428 5858 et
3461 5807 3571 5861 cito
3604 5809 3728 5862 deti
