3940 6470
199 363 313 420 589

1370 371 1803 428 EXPLANATIO
1841 371 1907 426 ΙΝ
1943 371 2279 429 PSALMOS.

3345 379 3449 436 390

198 487 300 550 cit,
340 482 420 538 sic
462 481 537 536 illi
566 481 676 536 cito
721 481 991 547 deﬁcient,
1042 491 1096 537 et
1140 496 1237 553 per
1295 483 1400 538 hoc
1449 485 1514 538 ad
1554 485 1781 538 nihilum
1810 487 1855 543 A
1885 496 1988 550 que
2012 481 2289 550 disperdas
2320 484 2507 546 David.
2536 500 2848 555 corrumpas
2888 501 3108 555 regnum
3147 487 3364 553 Christi,
3394 491 3448 545 id

195 574 439 637 devient,
473 573 597 641 quia
643 571 784 626 Deus
819 590 837 623 ι
880 573 1106 626 intendit
1143 588 1329 628 arcum
1355 589 1532 640 suum,
1571 596 1589 627 ι
1623 576 1674 630 id
1697 583 1779 629 est

194 664 414 734 paravit
436 663 722 716 vindictam
749 678 900 716 suam
931 682 948 712 ι
984 663 1153 717 donec
1177 664 1535 730 inﬁrmcutur,
1573 683 1591 716 ι
1621 666 1672 719 id
1693 673 1777 720 est

195 761 591 809 convertantur
613 753 680 806 ad
706 754 896 806 Deum.

280 842 810 898 «Auferenturetiam
838 843 978 897 sicut
998 859 1121 898 cera
1148 859 1266 914 quce
1287 843 1454 906 ﬁuit,»
1488 845 1613 912 quia
1639 844 1778 900 sicut

198 950 330 990 cera
354 933 807 996 aduibilabuntur,
831 933 956 1002 quia
986 934 1039 987 in
1066 935 1242 1004 ignem
1275 943 1534 988 aeternum
1561 935 1777 988 descen-

200 1027 349 1092 dent,
395 1026 514 1080 ideo
547 1023 876 1090 auferentur,
929 1025 1054 1094 quia
1105 1044 1124 1074 ι
1182 1027 1340 1096 ignis,
1379 1045 1396 1075 ι
1427 1027 1479 1079 id
1503 1034 1587 1080 est
1614 1027 1776 1080 ardor

199 1117 651 1187 concupiscentiae
680 1131 867 1171 eorum
900 1134 917 1166 ι
964 1116 1156 1170 cecidit
1196 1135 1215 1168 ι
1247 1131 1406 1185 super
1439 1130 1551 1177 eos,
1599 1133 1617 1165 ι
1663 1124 1719 1170 ει
1749 1135 1767 1166 ι

199 1209 324 1265 ideo
351 1229 369 1259 ι
399 1222 506 1262 non
533 1207 778 1261 viderunt
807 1205 1003 1269 solum,
1033 1225 1050 1257 ι
1083 1205 1136 1259 id
1157 1213 1238 1258 est
1259 1203 1532 1259 Christum
1553 1220 1660 1258 non
1683 1220 1775 1260 co-

198 1305 521 1370 gnoverunt.
554 1297 651 1351 llic
670 1297 935 1352 convertit
961 1312 1019 1351 se
1041 1297 1107 1350 ad
1132 1312 1244 1351 eos.
1272 1295 1649 1350 Continuatio:
1680 1296 1775 1349 Su-

200 1403 300 1458 per
325 1402 420 1441 eos
443 1387 638 1442 cecidit
665 1387 801 1458 ignis
821 1427 834 1451 ,
862 1396 916 1441 et
943 1387 1042 1441 hoc
1063 1385 1376 1456 priusquam
1402 1385 1773 1455 intelligeretis

198 1494 298 1550 per
325 1487 545 1547 peccata
572 1487 752 1533 vestra
791 1493 887 1533 vos
923 1492 1040 1533 esse
1075 1477 1396 1546 puniendos,
1422 1475 1602 1532 ethoc
1633 1484 1716 1529 est
1754 1493 1767 1529 :

199 1571 514 1640 priusquam
572 1589 589 1619 ι
635 1571 800 1637 spina:
836 1553 1046 1631 vestrrc,
1103 1589 1120 1618 ι
1165 1569 1218 1622 id
1243 1577 1325 1623 est
1347 1577 1563 1637 peccata
1591 1577 1770 1622 vestra

207 1678 224 1709 ι
265 1659 620 1730 intelligerent
653 1680 670 1710 ι
702 1675 760 1714 εε
797 1673 916 1712 εεεε
943 1677 962 1708 ι
995 1673 1262 1721 ramnum,
1299 1677 1317 1708 ι
1349 1656 1399 1710 id
1427 1666 1508 1711 est
1533 1673 1771 1728 pungen-

201 1750 295 1802 tia.
331 1749 573 1804 Ramnus
593 1759 675 1804 est
699 1749 883 1813 herba,
908 1748 1057 1818 prius
1091 1747 1286 1812 mollis,
1325 1748 1518 1803 deinde
1557 1748 1769 1817 quando

1880 578 1963 626 est
1991 571 2262 625 Christum
2290 591 2302 625 :
2335 574 2386 626 in
2425 575 2562 628 tituli
2602 575 2967 645 inscriptione,
3013 586 3214 632 mutata
3258 595 3287 632 a
3331 580 3448 648 qui-

1878 661 2125 726 busdam,
2161 671 2289 718 tunc
2328 665 2540 732 quando
2581 665 2727 730 Saul,
2771 666 2824 720 id
2863 676 2947 722 est
2996 668 3258 734 diabolus,
3302 670 3450 725 misit

1878 751 2098 816 milites,
2128 763 2184 807 et
2218 755 2507 809 custodivit
2534 757 2773 821 domum,
2803 758 2855 812 id
2903 767 2986 813 est
3027 759 3226 815 Christi
3272 761 3449 830 sepul-

1876 856 2053 906 crum,
2076 852 2133 896 ut
2160 843 2492 899 interﬁceret
2514 861 2658 912 eum,
2681 848 2733 902 id
2762 857 2843 903 est
2856 850 3220 919 exstingueret
3247 851 3444 905 famam

1876 935 2009 1001 ejus.
2037 935 2184 990 lianc
2215 952 2433 991 causam
2463 939 2768 996 habuerunt
2794 943 3035 1011 quidam,
3066 959 3233 1012 quare
3271 953 3446 998 muta-

1875 1034 2070 1078 verunt
2101 1025 2334 1089 titulum,
2379 1028 2504 1096 quia
2537 1028 2789 1084 videbant
2815 1048 2937 1086 eum
2978 1043 3267 1098 mortuum,
3299 1043 3354 1090 et
3389 1035 3441 1089 in

1875 1117 2123 1186 sepulcro
2162 1118 2417 1187 positum.
2451 1119 2672 1175 Materia
2702 1121 2949 1179 Christus
2994 1133 3096 1189 est,
3127 1125 3193 1178 de
3229 1141 3332 1194 qua
3366 1124 3446 1181 sic

1875 1207 1984 1275 agit
2008 1222 2022 1260 :
2046 1207 2101 1260 ln
2130 1209 2300 1276 prima
2327 1218 2480 1276 parte
2509 1212 2640 1280 petit
2671 1211 3040 1268 liberationem
3079 1223 3132 1269 ει
3163 1216 3444 1272 exaltatio—

1873 1314 2018 1353 nem.
2053 1298 2108 1352 In
2138 1302 2370 1354 secunda
2413 1311 2568 1370 parte
2602 1305 3008 1359 conversionem
3037 1308 3299 1375 gentium,
3323 1323 3443 1376 quae

1873 1403 1938 1442 ex
1971 1389 2057 1442 illa
2086 1389 2412 1446 exaltatione
2453 1400 2508 1447 et
2550 1393 2868 1448 liberatione
2898 1396 3162 1464 procedit,
3209 1411 3327 1464 qua:
3367 1397 3440 1450 ibi

1873 1479 2074 1547 incipit.
2104 1480 2527 1536 «Convertentur
2549 1484 2614 1536 ad
2641 1499 2973 1552 vesperum.»
3001 1485 3056 1538 ln
3081 1487 3234 1540 tertia
3263 1494 3440 1554 parte,

1872 1569 2333 1622 conversationem
2365 1569 2692 1632 Judaeorum,
2724 1589 2843 1642 quas
2873 1582 2954 1626 cst
2988 1573 3084 1637 ibi,
3111 1582 3166 1626 et
3193 1575 3258 1626 de
3286 1588 3444 1628 exse-

1871 1660 2111 1712 cratione
2156 1669 2210 1714 et
2266 1661 2563 1714 mendacio.
2615 1661 2671 1714 ln
2733 1670 2923 1731 quarta
2975 1670 3144 1731 parte,
3204 1662 3443 1726 laudem,

1871 1762 2031 1815 quam
2059 1757 2202 1803 totus
2231 1749 2479 1804 Christus
2522 1751 2631 1805 Deo
2662 1752 2782 1805 inde
2815 1751 2978 1807 faciat
3004 1768 3101 1821 pro
3123 1768 3217 1806 sua
3249 1753 3440 1810 libera-

199 1841 533 1903 maturescit,
583 1841 745 1895 habet
786 1838 1126 1894 acutissi’mos
1163 1839 1396 1902 aculeos,
1433 1839 1512 1894 sic
1549 1847 1768 1910 peccata
1803 1824 1844 1883 Β
1877 1839 2040 1903 tione,
2068 1850 2124 1894 et
2146 1839 2451 1895 Judazorum
2477 1850 2532 1896 et
2554 1845 2791 1912 gentium
2823 1846 3192 1908 conversione,
3221 1862 3340 1913 qua:
3369 1846 3443 1902 ibi

197 1935 350 2004 prius
385 1944 510 1989 sunt
533 1935 728 1997 mollia,
768 1948 824 1990 et
842 1935 1132 2000 delectant,
1168 1942 1222 1989 et
1245 1933 1434 1989 deinde
1453 1934 1767 2003 gravissime

198 2033 462 2093 pungunt.
501 2024 619 2078 Alia
647 2025 925 2080 translatio
948 2026 1088 2079 hanc
1125 2025 1446 2079 sententiam
1483 2024 1767 2079 manifeste

198 2117 502 2180 conﬁrmat,
533 2133 652 2188 quae
695 2127 796 2179 est,
829 2118 1142 2186 priusquam
1165 2117 1331 2184 spinae
1359 2124 1549 2170 vestrae
1571 2117 1768 2186 produ-

196 2214 329 2261 cant
376 2222 641 2260 ramnum.
692 2206 785 2262 Vel
810 2208 965 2261 aliter
990 2223 1003 2236 ο
1045 2206 1174 2261 Dico
1205 2204 1532 2268 auferentur,
1559 2214 1614 2260 et
1641 2220 1771 2259 vero

197 2313 295 2352 vos
347 2297 661 2351 auferemiui
714 2299 872 2353 citius
927 2313 1088 2368 quam
1141 2297 1361 2368 putetis,
1420 2307 1474 2350 et
1514 2297 1616 2353 hoc
1659 2305 1762 2360 est,

209 2408 227 2439 ι
266 2391 416 2460 prius
445 2389 784 2456 auferemini,
812 2405 975 2461 quam
1026 2390 1192 2460 spina:
1243 2398 1438 2444 vestra:
1472 2389 1766 2457 producant

197 2493 468 2544 ramnum,
495 2497 512 2530 ι
531 2479 582 2532 id
610 2487 693 2532 est
716 2479 931 2533 veniant
956 2477 1022 2532 ad
1044 2475 1506 2540 maturitatem,ad
1520 2490 1768 2530 consum-

197 2568 490 2623 mationem
538 2569 807 2638 nequitize,
851 2568 970 2624 dico
1006 2567 1336 2631 auferentur,
1361 2582 1460 2635 per
1481 2568 1582 2620 hoc
1617 2565 1762 2620 scili-

197 2667 306 2721 cet,
332 2659 473 2727 quod
505 2677 524 2710 ι
557 2660 810 2714 absorbet
832 2674 946 2723 eos,
977 2679 994 2709 ι
1023 2658 1076 2712 id
1103 2665 1185 2711 est
1208 2657 1450 2712 destruet
1468 2671 1582 2721 eos,
1606 2657 1761 2726 quasi

196 2747 436 2818 absorpti
469 2750 627 2803 sinta
671 2757 834 2812 terra,
865 2749 1114 2805 absorbet
1139 2747 1260 2802 dico
1302 2766 1320 2798 ι
1366 2746 1506 2802 sicut
1534 2746 1586 2800 in
1610 2746 1709 2810 ira,
1739 2765 1757 2798 ι

195 2838 250 2893 id
269 2848 351 2893 est
371 2839 561 2894 similis
591 2841 747 2905 irato,
765 2841 968 2894 etbene
982 2839 1130 2903 dicit,
1155 2839 1310 2900 sicut,
1331 2837 1455 2906 quia
1469 2837 1610 2892 Deus
1630 2851 1766 2889 nun-

191 2945 354 3000 quam
377 2931 547 2985 iratus
573 2943 675 2996 est,
700 2932 844 3001 ipsos
875 2931 1003 2986 dicit
1024 2945 1130 2986 non
1154 2929 1416 2994 viventes,
1447 2928 1539 2984 sed
1575 2947 1593 2979 ι
1625 2927 1764 2982 sicut

190 3021 433 3076 viventes
465 3040 484 3073 ι
512 3023 634 3090 quia
671 3038 774 3075 non
815 3037 941 3076 vere
974 3021 1178 3085 vivunt,
1205 3021 1298 3074 sed
1323 3019 1482 3073 etiam
1507 3019 1550 3073 si
1585 3018 1766 3070 viven-

192 3119 277 3164 tes
298 3111 535 3166 exterius
572 3111 872 3176 videantur,
918 3121 1095 3166 tamen
1140 3110 1366 3165 interius
1391 3107 1588 3163 mortui
1616 3113 1760 3169 sunt,

189 3201 318 3270 quia
351 3211 536 3257 carent
559 3204 686 3268 vita,
717 3219 837 3273 qua:
862 3202 1002 3257 Deus
1023 3208 1125 3256 est.

270 3310 288 3342 ι
317 3291 627 3359 Lzetabitur,
659 3316 676 3346 ι
725 3294 880 3348 tertia
908 3308 1051 3361 pars.
1080 3292 1221 3346 Deus
1245 3291 1320 3345 ita
1360 3289 1656 3345 vindicabit
1703 3303 1762 3343 se

188 3382 258 3436 de
295 3383 391 3446 eis,
433 3402 450 3434 ι
474 3385 651 3454 justus
677 3405 693 3434 ι
731 3391 910 3437 autem
960 3402 977 3431 ι
1002 3397 1123 3436 cum
1164 3380 1358 3435 viderit
1405 3380 1544 3434 hanc
1585 3379 1759 3432 vindi-

192 3481 357 3533 ctam,
409 3471 679 3527 lzctabitur
707 3491 726 3522 ι
764 3470 1126 3534 consentiens,
1178 3468 1372 3521 divinae
1428 3465 1670 3535 justitia},
1709 3472 1763 3519 et

204 3581 222 3612 ι
263 3561 484 3625 lavabit,
517 3581 534 3612 ι
576 3561 630 3615 id
663 3571 748 3614 est
780 3559 1031 3630 purgabit
1062 3576 1080 3610 ι
1113 3573 1302 3613 manus
1339 3573 1483 3620 suas,
1517 3577 1538 3610 ι
1588 3557 1641 3612 id
1679 3564 1762 3612 est

195 3653 534 3721 operationes
569 3667 692 3705 suas
727 3669 744 3701 ι
781 3651 835 3704 in
881 3650 1139 3718 sanguine
1173 3648 1496 3718 peccatoris,
1527 3667 1545 3700 ι
1590 3648 1644 3702 id
1679 3657 1764 3702 est

195 3742 248 3794 in
292 3741 720 3796 consideratione
758 3740 1055 3811 sanguinis,
1092 3740 1145 3794 id
1183 3746 1267 3794 est
1311 3739 1561 3794 vindictae
1599 3753 1760 3808 quam

194 3832 334 3885 Deus
367 3840 541 3886 sumet
576 3833 640 3886 de
665 3840 971 3901 peccatore,
1002 3849 1021 3881 ι
1054 3838 1108 3886 ει
1137 3830 1280 3884 dicet
1304 3829 1464 3883 homo
1498 3849 1516 3880 ι
1547 3828 1636 3882 ille
1663 3847 1682 3879 ι
1715 3829 1760 3882 si

195 3942 213 3972 ι
244 3919 445 3975 ιἰ·ιιειιιε
473 3931 556 3974 est
569 3920 717 3990 justo
751 3941 768 3971 ι
797 3921 861 3975 de
883 3920 1090 3989 justitia
1121 3928 1232 3983 tua,
1263 3917 1402 3988 quod
1427 3919 1612 3988 utique
1655 3926 1758 3982 est,

189 4020 316 4065 tunc
352 4030 369 4062 ι
395 4011 580 4079 utique
610 4011 750 4066 Deus
794 4019 878 4065 est
905 4009 1154 4079 judicans
1193 4025 1288 4065 eos
1315 4029 1333 4060 ι
1367 4009 1557 4073 malos,
1598 4009 1649 4063 id
1675 4014 1759 4062 est

185 4111 444 4172 reputans
490 4103 680 4174 dignos
719 4103 1059 4157 damnatione
1100 4118 1114 4156 :
1149 4119 1168 4152 ι
1201 4102 1256 4155 in
1307 4110 1471 4166 terra,
1502 4120 1520 4153 ι
1573 4100 1625 4154 id
1677 4106 1760 4153 est

183 4192 314 4246 dum
336 4192 522 4247 vivunt
547 4193 600 4246 in
630 4191 734 4246 hoc
763 4190 979 4246 saeculo.

639 4299 707 4355 IN
742 4297 1071 4354 PSALMUM
1109 4296 1286 4352 LVlll.

182 4392 442 4471 Tt'ruws.
476 4391 540 4445 In
565 4393 729 4471 ﬂuenta
742 4389 1097 4471 neldisperdus
1119 4387 1289 4471 David
1323 4389 1383 4471 in
1403 4386 1547 4471 ¹ιίιιιιὶ
1572 4388 1757 4468 inscri-

253 4457 673 4532 ptione,qtta'ndo
692 4460 820 4515 Saul
850 4457 989 4513 misit
1015 4469 1060 4512 et
1083 4458 1355 4512 custodiuit
1381 4458 1593 4510 domum
1614 4457 1752 4526 ejus,

254 4531 312 4585 ιιι
340 4531 647 4599 interficeret
676 4547 812 4584 eum.

261 4661 279 4692 ι
313 4642 472 4711 Eripe
491 4656 596 4696 me.
630 4662 647 4692 ι
683 4641 942 4711 Tangitur
971 4639 1059 4694 hic
1095 4638 1295 4708 aliquid
1323 4639 1389 4693 de
1417 4653 1554 4692 nova
1585 4645 1640 4693 et
1663 4653 1755 4692 ve-

180 4733 287 4787 teri
320 4733 567 4786 historia.
601 4730 818 4801 Legitur
844 4731 988 4786 enim
1017 4731 1070 4784 in
1100 4731 1267 4785 veteri
1297 4729 1524 4785 historia
1551 4728 1603 4800 (I
1626 4728 1750 4799 Reg.

176 4821 295 4891 xu)
349 4822 491 4890 quod
531 4821 696 4875 David
736 4820 947 4892 fugiens
988 4820 1153 4886 Saul,
1193 4820 1430 4890 perrexit
1463 4819 1530 4874 ad
1560 4819 1752 4874 Michol

177 4927 404 4968 uxorem
430 4927 603 4976 suam,
623 4913 674 4966 in
699 4913 985 4983 quamdam
1011 4912 1226 4967 domum
1253 4929 1434 4979 suam;
1459 4913 1601 4984 quod
1627 4929 1748 4969 cum

178 5002 309 5057 Saul
352 5003 712 5072 cognovisset,
739 5002 867 5057 fecit
903 5003 1118 5057 domum
1161 5005 1439 5070 custodiri,
1471 5020 1537 5059 ne
1583 5005 1749 5060 David

175 5099 361 5161 posset
395 5092 643 5156 evadere,
675 5101 729 5146 et
762 5091 1094 5146 interﬁceret
1116 5108 1259 5146 eum.
1303 5092 1453 5148 Uxor
1489 5109 1583 5148 sua
1621 5108 1750 5147 vero

176 5179 281 5234 hoc
309 5181 662 5249 perpendens,
685 5181 862 5236 emisit
883 5196 1006 5236 eum
1031 5197 1126 5252 per
1153 5181 1464 5250 fenestram,
1488 5193 1543 5239 et
1573 5185 1651 5257 sic
1681 5183 1747 5237 li-

175 5270 397 5324 beratus
424 5285 566 5324 eum.
595 5271 699 5325 Per
733 5273 832 5327 hoc
856 5274 997 5342 quod
1035 5272 1208 5329 David
1239 5274 1311 5328 ita
1339 5273 1438 5329 fuit
1463 5274 1752 5330 circumse»

174 5371 301 5428 plus
325 5361 378 5415 in
410 5363 566 5416 domo
592 5376 704 5425 sua,
740 5363 1023 5428 intellexit,
1054 5365 1196 5433 quod
1232 5364 1480 5420 Christus
1522 5365 1751 5421 custodi-

173 5460 326 5506 retur
371 5469 400 5505 a
441 5454 705 5508 ministris
741 5453 889 5520 Saul,
935 5455 988 5509 id
1019 5465 1102 5510 est
1144 5455 1362 5519 diaboli,
1398 5458 1451 5512 in
1506 5458 1751 5528 sepulcro

174 5553 290 5602 suo,
321 5549 381 5594 ut
405 5541 716 5596 occiderent
737 5557 882 5607 cum,
913 5543 965 5597 id
994 5553 1078 5597 est
1104 5553 1162 5598 ut
1184 5543 1381 5599 famam
1408 5544 1522 5612 ejus
1550 5547 1752 5600 exstin-

173 5638 420 5695 guerent.
466 5627 672 5684 Titulus
704 5630 776 5684 ita
805 5631 999 5702 legitur
1023 5652 1034 5686 :
1058 5633 1302 5688 Psalmus
1341 5634 1441 5690 iste
1483 5637 1652 5690 tendit
1698 5637 1749 5691 in

174 5718 354 5785 ﬁnem,
385 5720 437 5776 id
479 5729 562 5775 est
591 5722 646 5776 in
675 5720 950 5780 Christum
979 5724 1295 5790 admonens,
1326 5741 1393 5781 ne
1435 5734 1488 5781 tu
1524 5727 1751 5795 quicun-

1871 1927 2093 1997 incipit:
2127 1948 2144 1979 ι
2171 1929 2281 1997 Ego
2320 1940 2499 1985 autem
2537 1934 2766 1989 cantabo
2795 1933 3178 1989 fortitudinem.
3207 1954 3226 1986 ι
3265 1937 3444 1992 Inten-

1871 2017 1943 2070 tio
1972 2025 2076 2079 est,
2107 2033 2174 2072 ne
2195 2018 2476 2087 disperdas
2500 2021 2685 2075 David.
2725 2023 2839 2077 Vox
2871 2023 3080 2092 capitis,
3112 2024 3189 2078 sic
3212 2040 3309 2092 pro
3330 2041 3426 2080 sua

1869 2103 2184 2160 liberatione
2228 2109 2436 2163 orantis
2469 2127 2481 2162 :
2513 2129 2531 2160 ‹
2571 2111 2711 2166 Deus
2761 2126 2933 2176 meus,
2982 2113 3131 2181 eripe
3160 2129 3246 2168 me
3274 2134 3292 2165 ι
3347 2130 3444 2182 ρει·

1870 2201 2014 2247 tuam
2055 2211 2302 2265 magnam
2333 2200 2652 2266 potentiam,
2685 2215 2752 2256 ne
2793 2201 2883 2255 isti
2919 2202 3042 2255 mali
3068 2204 3276 2270 possint
3313 2220 3444 2260 con-

1868 2281 2102 2340 foz-mare
2124 2285 2224 2339 sibi
2251 2303 2264 2339 :
2296 2305 2314 2337 ι
2347 2287 2412 2342 de
2436 2288 2667 2344 inimicis
2693 2291 2920 2354 meis,et
2948 2293 3015 2346 ab
3038 2293 3438 2362 insurgentibus

1867 2373 1919 2426 in
1951 2389 2037 2426 me
2064 2375 2231 2430 libera
2261 2391 2366 2430 me.
2401 2396 2419 2427 ι

1941 2479 1959 2510 ι
1987 2461 2144 2529 Eripe
2171 2478 2257 2517 me
2285 2464 2355 2517 de
2377 2466 2726 2533 operantibus
2754 2467 3110 2536 iniquitatem,
3138 2480 3193 2524 et
3219 2471 3284 2526 de
3310 2472 3442 2526 viris

1863 2549 2181 2619 sanguinum
2229 2552 2375 2606 salva
2423 2569 2525 2606 me.
2561 2574 2577 2604 ι
2607 2555 2812 2609 Inimici
2844 2567 2988 2620 sunt,
3017 2557 3109 2625 qui
3134 2557 3304 2612 solam
3347 2575 3438 2614 vo-

1865 2636 2122 2691 luntatem
2148 2640 2348 2694 habent
2377 2643 2604 2696 nocendi
2651 2658 2776 2714 erga
2804 2646 3124 2714 proximum.
3153 2646 3439 2717 lns'urgen-

1866 2733 1967 2789 tes,
1993 2728 2082 2796 qui
2120 2729 2230 2797 jam
2268 2731 2520 2784 commoti
2571 2741 2697 2786 sunt
2723 2732 2907 2801 furpre
2948 2744 3002 2788 et
3049 2736 3150 2800 ira,
3205 2746 3263 2789 ut
3303 2738 3439 2791 mala

1867 2817 2084 2884 faciant,
2123 2834 2222 2874 nec
2267 2830 2446 2876 tamen
2478 2821 2682 2877 faciunt
2722 2841 2734 2876 :
2775 2825 3206 2882 contradicentes
3244 2828 3429 2892 verbo,

1867 2911 2203 2980 iniquitatem
2231 2922 2536 2982 operantes,
2571 2915 2661 2983 qui
2695 2914 2978 2969 actualiter
3006 2917 3144 2969 mala
3178 2916 3433 2982 inferunt,

1865 3005 1966 3060 viri
1998 3007 2317 3075 sanguinum
2341 3016 2488 3071 sunt,
2516 3008 2605 3076 qui
2631 3006 2868 3061 furorem
2899 3023 3052 3061 suum
3083 3009 3226 3065 circa
3263 3011 3438 3064 homi-

1866 3110 1993 3148 num
2024 3093 2453 3150 interfectionem
2498 3098 2818 3165 perducunt.
2864 3096 2931 3150 Et
2967 3112 3102 3166 opus
3128 3107 3210 3152 est
3240 3109 3299 3154 ut
3329 3101 3436 3154 eri-

1789 3175 1833 3236 C
1864 3184 2000 3254 pias,
2040 3202 2057 3234 ι
2089 3185 2212 3254 quia
2248 3201 2374 3240 ecce
2407 3205 2425 3237 ι
2470 3185 2522 3239 in
2565 3185 2847 3240 manifesto
2877 3194 2961 3240 est
2991 3205 3009 3237 ι
3044 3197 3300 3256 ceperunt
3327 3190 3439 3242 ani-

1864 3287 2007 3325 mam
2043 3286 2216 3326 meam
2260 3273 2427 3328 fortes
2455 3293 2499 3338 ι,
2541 3274 2592 3328 id
2628 3283 2707 3328 est
2739 3275 3027 3338 daemones,
3067 3284 3121 3329 et
3166 3277 3436 3348 principes

1862 3361 2168 3418 Judzeorum
2196 3384 2212 3415 ι
2243 3366 2518 3420 irruerunt
2544 3366 2596 3420 in
2623 3381 2731 3431 me,
2761 3387 2777 3418 ι
2805 3366 2858 3420 id
2891 3374 2976 3420 est
3012 3366 3269 3435 impetum
3293 3369 3437 3424 fece-

1864 3461 1990 3507 runt
2018 3454 2133 3508 sine
2159 3456 2306 3510 omni
2331 3456 2560 3512 ratione.

1938 3572 1955 3602 ‹
1987 3552 2168 3623 Neque
2205 3556 2482 3624 iniquitas.
2515 3577 2534 3608 ι
2589 3558 2816 3614 Ostensa
2854 3559 3178 3613 necessitate
3225 3574 3334 3613 suae
3373 3559 3437 3612 li-

1861 3640 2176 3707 berationis,
2209 3645 2447 3698 ostendit
2498 3647 2768 3710 meritum,
2800 3663 2965 3714 quare
2995 3648 3213 3716 dignum
3259 3649 3330 3702 sit
3375 3659 3433 3702 ut

1863 3732 2141 3800 eripiatur.
2175 3733 2516 3786 Cuntinuatio
2544 3751 2554 3784 :
2584 3733 2714 3787 Dico
2754 3734 2922 3802 eripe,
2963 3735 3149 3796 libera,
3176 3736 3301 3802 quia
3333 3736 3436 3789 hoc

1862 3821 2005 3891 quod
2053 3821 2182 3875 mihi
2227 3821 2452 3884 faciunt,
2487 3841 2505 3871 ‹
2535 3837 2706 3890 neque
2735 3834 2867 3885 ›,εει
2893 3841 2910 3873 ‹
2949 3822 3202 3890 iniquitas
3235 3838 3375 3887 mea,
3408 3844 3427 3875 ι

1863 3913 1913 3968 id
1941 3924 2024 3968 est
2052 3929 2226 3983 neque
2253 3914 2471 3983 peccavi
2520 3915 2575 3967 in
2618 3914 2698 3968 eis
2745 3914 3037 3979 voluntate,
3068 3930 3242 3983 neque
3283 3923 3428 3978 actu,

1859 4014 1913 4060 et
1939 4007 2037 4059 hoc
2068 4012 2170 4070 est,
2209 4025 2227 4055 ι
2264 4019 2440 4074 neque
2468 4015 2748 4074 peccatum
2773 4020 2970 4069 meum,
3001 4005 3261 4063 Domine:
3298 4024 3317 4055 ›
3346 4007 3430 4059 vel

1860 4095 2118 4164 iniquitas
2155 4104 2415 4165 quantum
2455 4095 2522 4149 ad
2568 4096 2890 4165 proximum,
2941 4111 3114 4167 neque
3151 4106 3430 4165 peccatum

1859 4189 1925 4243 ad
1957 4205 2042 4244 me
2069 4189 2262 4258 ipsum,
2291 4188 2516 4253 scilicet,
2549 4204 2721 4258 neque
2745 4189 2961 4257 peccavi
2989 4198 3177 4244 contra
3201 4204 3312 4255 eos,
3336 4203 3430 4242 ne-

1857 4295 1962 4349 que
1995 4279 2049 4334 in
2079 4295 2165 4333 me
2194 4280 2342 4349 ipso,
2373 4295 2544 4350 quare
2588 4280 2686 4350 ipsi
2727 4280 2956 4335 debeant
2983 4281 3110 4334 mihi
3146 4281 3258 4335 haec
3288 4281 3429 4337 mala

1857 4367 2055 4432 facere,
2087 4367 2178 4423 sed
2203 4369 2380 4437 potius
2409 4389 2427 4419 ι
2457 4369 2692 4435 cucurri,
2725 4389 2743 4421 ι
2774 4369 2825 4424 id
2849 4379 2950 4434 est,
2982 4371 3226 4424 militiam
3253 4387 3428 4426 meam

1856 4455 2064 4524 explevi
2099 4474 2116 4507 ι
2143 4456 2257 4510 sine
2288 4456 2572 4525 iniquitate
2601 4477 2619 4508 ι
2657 4457 2881 4522 scilicet,
2921 4459 3052 4512 nihil
3086 4459 3213 4513 mali
3243 4461 3322 4515 eis
3349 4460 3430 4514 in-

1783 4525 1832 4586 D
1861 4545 1979 4610 tuli,
2007 4555 2061 4600 et
2087 4561 2194 4599 non
2225 4553 2434 4600 tantum
2482 4546 2622 4600 mala
2653 4562 2758 4602 non
2788 4547 2967 4612 intuli,
3010 4550 3100 4604 sed
3133 4549 3270 4604 bona
3303 4551 3426 4616 feci,

1856 4646 1909 4692 et
1935 4638 2036 4691 hoc
2075 4646 2194 4700 est,.
2229 4655 2248 4688 ι
2281 4647 2337 4692 ει
2364 4639 2536 4693 direxi
2569 4658 2586 4689 ι
2636 4639 2846 4710 aliquos
2887 4640 3133 4711 exemplo
3167 4651 3221 4696 et
3263 4644 3427 4697 docu-

1856 4738 2058 4794 mento,
2089 4735 2148 4782 ut
2178 4729 2245 4782 ad
2276 4729 2417 4784 viam
2446 4744 2570 4784 vere
2603 4729 2926 4800 cognitionis
2960 4733 3331 4787 ascenderent.
3363 4734 3428 4788 Et

1855 4818 1978 4886 quia
2017 4817 2097 4871 sic
2138 4818 2372 4881 cucurri,
2416 4832 2450 4872 ο
2495 4819 2736 4884 Domine,
2791 4820 2882 4889 qui
2915 4829 3043 4876 tunc
3069 4821 3267 4877 videris
3307 4814 3430 4878 dor-

1855 4909 2038 4972 misse,
2067 4909 2292 4962 Domino
2313 4924 2397 4963 me
2425 4911 2762 4978 permitteres
2792 4912 3053 4976 trihulari,
3081 4934 3098 4964 ι
3119 4931 3346 4984 exsurge
3371 4917 3424 4972 in

1855 5014 2138 5054 occursum
2191 5014 2393 5064 meum,
2438 5020 2456 5051 ι
2493 5001 2546 5055 id
2598 5011 2683 5057 est
2724 5018 2950 5059 occurre
2987 5007 3115 5060 mihi
3170 5007 3305 5060 bene
3348 5022 3430 5061 re-

1857 5091 2208 5146 munerando.
2262 5091 2508 5148 Occurrit
2546 5095 2686 5153 Deus
2717 5097 2879 5152 Pater
2906 5099 3142 5162 Christo,
3189 5100 3422 5153 resusci-

1859 5182 2019 5236 tando
2057 5196 2197 5246 eum,
2225 5182 2289 5236 de
2324 5183 2515 5245 militia
2551 5185 2688 5242 bene
2726 5187 3149 5242 remunerando:
3179 5187 3425 5242 Christus

1855 5271 2023 5336 Patri,
2046 5271 2182 5326 bene
2203 5276 2556 5342 promerendo
2580 5295 2593 5330 :
2621 5291 2848 5346 exsurgo
2876 5275 2996 5330 dico
3023 5295 3041 5326 ι
3071 5286 3125 5331 ει
3149 5278 3289 5340 vide,
3324 5297 3342 5327 ι
3370 5275 3424 5330 id

1854 5369 1935 5433 est
1969 5361 2055 5416 fac
2089 5361 2222 5416 alios
2250 5362 2432 5419 videre
2455 5371 2509 5419 et
2537 5379 2867 5435 cognoscere
2907 5379 3080 5419 meam
3107 5365 3420 5421 exsultatio-

1854 5465 1998 5516 nem,
2022 5460 2078 5505 ut
2111 5450 2238 5506 licet
2278 5452 2564 5524 aliquando
2585 5455 2845 5508 vidissent
2870 5470 2955 5509 me
2979 5456 3314 5524 depressum,
3343 5463 3422 5509 ta-

1855 5555 1976 5595 men
2012 5541 2169 5596 modo
2195 5552 2520 5612 cognoscant
2549 5558 2634 5598 me
2663 5557 2844 5613 regem
2870 5541 3196 5608 Judaeorum,
3234 5561 3254 5596 ι
3286 5553 3341 5599 ει
3367 5553 3421 5599 tu

1851 5635 2093 5700 Domine,
2129 5627 2368 5702 iutehde,
2405 5657 2422 5688 ι
2461 5637 2514 5691 id
2561 5645 2646 5692 est
2683 5637 2949 5691 intentum
2993 5644 3046 5689 te
3085 5637 3268 5705 praebe
3300 5656 3319 5687 ι
3354 5637 3424 5691 ad

1851 5727 2145 5781 visitandas
2191 5743 2378 5782 omnes
2423 5735 2633 5797 gent-es,
2674 5747 2691 5778 ι
2725 5740 2846 5796 quae
2875 5722 3100 5781 inﬁrmae
3132 5737 3258 5783 sunt
3286 5741 3421 5783 one-
