3940 6516
456 418 555 475 591

917 406 1270 465 ΗΑῩΜΟΝΙΞ
1306 402 1785 462 IIALBERSTAT.
1826 399 2039 454 EPISC.
2082 397 2235 452 OPP.
2277 395 2455 451 PARS
2495 394 2536 449 l.
2575 426 2645 435 --
2681 392 3035 450 COMMENT.
3076 395 3248 450 BIBL.

3619 389 3753 446 533

459 537 591 585 rata:
628 523 881 596 peccatis,
929 529 984 575 et
1014 519 1132 574 ideo
1180 532 1316 588 Opus
1368 525 1453 570 est
1500 522 1562 568 ut
1600 512 1847 568 intendas
1888 507 2033 578 aspi—
2059 512 2102 571 Α
2134 522 2351 577 possum
2380 508 2605 577 perdere
2632 504 2867 569 Judaeos,
2900 524 2918 556 ι
2949 505 3248 572 custodiam
3279 520 3382 577 ego
3415 504 3487 560 ad
3516 514 3596 569 te,
3628 525 3649 554 ι
3688 504 3757 558 id

461 615 650 679 rando,
681 621 736 667 et
756 612 838 667 eis
866 608 1160 665 emittendo
1192 605 1592 676 praedicatores,
1618 611 1676 656 tu
1701 600 1822 655 dico
1846 617 1865 648 ι
1897 598 2040 652 Deus

462 708 746 769 virtutum,
781 722 800 756 ι
853 700 905 756 id
943 711 1024 755 est
1069 698 1403 768 angelorum,
1457 714 1476 747 ι
1514 703 1570 750 et
1607 694 1747 748 Deus
1788 690 1983 754 lsrael,
2016 708 2035 741 ι

452 797 521 851 id
547 804 633 851 est
667 792 947 850 lsraelitici
978 789 1181 861 populi,
1232 787 1458 852 scilicet,
1490 786 1677 841 visites
1707 798 1802 838 eos
1847 783 1944 845 sic,
1986 789 2045 835 ut

467 886 638 942 facias
673 880 1053 951 concorporari
1100 885 1286 947 gentes
1327 891 1449 932 cum
1497 873 1737 943 angelis,
1776 880 1832 926 et
1880 870 2043 925 etiam

469 991 593 1031 cum
618 972 919 1028 Israelitico
956 968 1152 1039 populo
1179 968 1341 1022 visita
1365 973 1573 1037 gentes,
1610 971 1664 1019 et
1696 982 1715 1014 ι
1751 976 1858 1016 non
1889 960 2049 1015 mise-

470 1052 611 1121 raris
653 1063 925 1127 omnibus,
960 1080 979 1113 ι
1014 1076 1121 1116 non
1162 1059 1287 1114 dico
1338 1058 1468 1126 quin
1500 1055 1787 1124 aliquibus,
1832 1052 1923 1120 qui
1961 1065 2051 1105 vo-

471 1155 587 1209 lunt
609 1151 872 1217 converti,
904 1150 997 1207 sed
1040 1164 1150 1203 non
1174 1147 1448 1209 omnibus,
1481 1143 1709 1207 scilicet,
1748 1155 1857 1195 non
1883 1139 2051 1194 obsti-

470 1242 615 1297 natis
645 1240 946 1306 miseraris,
993 1256 1013 1290 ι
1044 1238 1138 1308 qui
1166 1242 1463 1307 operantur
1492 1252 1511 1286 ι
1568 1231 1842 1302 egregiam
1889 1247 1907 1280 ι
1943 1228 2051 1282 ini-

472 1333 738 1404 quitatem
792 1331 1031 1394 scilicet,
1088 1337 1321 1384 mortem
1360 1340 1558 1381 meam.
1591 1344 1608 1374 ι
1642 1322 1740 1378 Vel
1779 1338 1799 1372 ι
1825 1334 2055 1390 operan-

474 1433 566 1479 tur
590 1423 955 1494 iniquitatem,
983 1441 1001 1473 ι
1034 1421 1089 1476 id
1134 1429 1217 1475 est
1252 1420 1305 1473 in
1334 1434 1430 1474 sua
1450 1416 1653 1472 malitia
1682 1418 2054 1485 perseverant.

473 1516 780 1574 Obstinatio
815 1514 1122 1570 Iudaeorum
1157 1496 1334 1567 valuit
1380 1511 1449 1565 ad
1481 1507 1889 1564 conversionem
1929 1517 2059 1573 gen-

458 1594 634 1660 tium.
664 1604 818 1660 Unde
844 1603 1041 1659 dicitur
1066 1620 1078 1655 :
1118 1618 1136 1651 ι
1169 1600 1396 1655 Caecitas
1424 1596 1652 1666 contigit
1694 1595 1748 1649 in
1778 1593 1905 1649 lsra-
1928 1592 1965 1658 l,
1999 1593 2060 1645 nit

478 1696 756 1765 plenitudo
799 1691 1038 1764 gentium
1082 1690 1313 1745 intraret
1342 1686 1520 1758 (Rom.
1546 1685 1647 1757 χι).
1674 1704 1692 1737 ι
1725 1683 1905 1738 Posita
1936 1695 2059 1736 ora-

481 1789 626 1840 tione
651 1798 752 1855 pro
796 1780 1171 1846 conversione,
1206 1778 1361 1850 ponit
1399 1776 1807 1832 allirmationem
1827 1788 2058 1828 conver—

2143 606 2226 651 est
2258 595 2411 665 juxta
2441 595 2768 650 voluntatem
2808 603 3001 649 tuam:
3041 595 3162 650 ideo
3195 595 3350 665 juxta
3390 595 3756 649 voluntatem

2140 686 2259 751 Dei,
2287 686 2411 755 quia
2458 705 2476 736 ‹
2509 686 2650 740 Deus
2717 684 2954 739 ostendit
2995 685 3125 740 mihi
3161 705 3179 737 ι
3244 685 3541 740 cxsisteuti
3604 685 3759 738 mihi

2155 793 2173 826 ι
2197 791 2360 847 super
2387 776 2636 830 inimicos
2665 790 2836 840 meos,
2861 794 2880 828 ι
2909 775 3034 843 quia
3057 776 3304 845 superior
3333 775 3444 830 illis
3474 775 3757 829 omnibus

2140 868 2316 930 "eram,
2342 873 2396 919 et
2426 879 2638 935 possem
2663 878 2748 919 me
2770 862 2838 917 ad
2859 863 3070 918 libitum
3092 880 3271 920 meum
3314 865 3382 918 de
3433 864 3522 919 eis
3567 863 3751 918 vindi-

2149 969 2292 1019 care,
2318 955 2420 1009 hoc
2441 970 2546 1009 non
2572 954 2726 1024 punit
2750 953 2893 1022 quod
2911 952 3258 1019 ostendisset,
3290 954 3385 1008 sed
3406 969 3476 1009 ex
3501 968 3753 1022 sequen-

2149 1044 2294 1098 tibus
2323 1052 2502 1113 potest
2531 1042 2779 1113 intelligi,
2804 1042 3010 1098 scilicet
3035 1045 3179 1113 quod
3194 1043 3344 1099 utilis
3364 1052 3517 1100 esset
3548 1059 3752 1098 eorum

2151 1133 2513 1196 conservatio,
2545 1132 2667 1187 dico
2695 1132 2837 1187 Deus
2862 1133 3123 1200 ostendit,
3151 1141 3207 1188 et
3229 1134 3372 1203 quod
3404 1134 3529 1203 ipse
3554 1143 3755 1188 osten-

2157 1223 2261 1291 dit,
2282 1224 2453 1280 debeo
2487 1224 2689 1290 facere,
2725 1242 2743 1274 ι
2774 1224 2901 1295 quia
2928 1243 2947 1276 ι
2983 1224 3097 1293 ipse
3121 1243 3141 1276 ι
3172 1223 3314 1279 Deus
3339 1233 3424 1280 est
3450 1235 3755 1294 susceptor

2154 1331 2309 1372 meus
2337 1335 2356 1368 ι
2407 1331 2531 1371 cum
2603 1329 2780 1371 meam
2843 1315 3233 1371 humanitatem
3296 1330 3407 1371 sua:
3461 1315 3752 1375 d'winitati

2160 1406 2445 1476 conjunxit
2479 1426 2497 1459 ι
2531 1415 2586 1463 et
2614 1407 2781 1462 etiam
2828 1407 2972 1462 Deus
3017 1422 3188 1474 meus,
3225 1426 3244 1459 ι
3299 1406 3355 1461 id
3392 1416 3481 1462 est
3522 1417 3755 1462 creator

2158 1512 2311 1553 meus
2347 1516 2365 1549 ι
2400 1496 2773 1552 misericordia
2814 1497 2933 1567 ejus
2979 1496 3273 1566 praeveniet
3312 1511 3419 1551 me.
3458 1515 3477 1548 ι
3507 1495 3753 1566 Semper

2158 1589 2305 1643 enim
2328 1588 2574 1643 Christus
2603 1587 2703 1642 fuit
2728 1595 3034 1658 prazventus
3060 1602 3090 1641 a
3112 1587 3487 1642 misericordia
3534 1587 3664 1652 Dei,
3692 1597 3755 1642 et

2160 1681 2214 1736 in
2239 1681 2353 1750 ipsa
2377 1680 2749 1748 conceptione,
2777 1688 2832 1735 et
2857 1694 3073 1750 semper
3104 1689 3293 1750 postea
3322 1680 3569 1735 ostendit
3614 1680 3752 1734 mihi

2161 1774 2324 1838 Deus,
2356 1780 2411 1827 et
2447 1781 2523 1836 tu,
2558 1772 2804 1838 Domine,
2842 1790 2859 1823 ι
2890 1787 2960 1827 ne
2993 1772 3207 1827 occidas
3243 1785 3357 1836 eos,
3392 1790 3410 1823 ι
3446 1771 3506 1825 id
3560 1779 3653 1826 est
3682 1785 3753 1825 ne

482 1849 671 1931 sionis.
698 1872 1080 1929 Continuatio:
1111 1849 1245 1925 Dico
1279 1868 1520 1933 intende,
1554 1875 1610 1921 et
1637 1880 1765 1920 vere
1786 1864 2054 1929 intendes,
2086 1849 2131 1910 Β
2157 1877 2381 1933 prorsus
2405 1863 2687 1933 disperdas
2719 1878 2814 1918 eos
2858 1862 3108 1918 inimicos
3131 1877 3300 1930 meos,
3344 1862 3471 1917 ideo
3484 1861 3602 1918 hoc
3624 1878 3753 1933 pre~

481 1965 609 2035 quia
634 1972 822 2033 gentes
854 1979 874 2013 ι
901 1967 1349 2016 converterentur
1380 1976 1398 2008 ι
1433 1972 1465 2012 a
1512 1971 1610 2010 sua
1639 1953 1962 2019 idololatria,
1992 1950 2060 2006 ad

482 2055 685 2111 cultum
712 2053 832 2118 Dei,
862 2060 920 2107 et
941 2051 1049 2107 hoc
1074 2069 1093 2102 ι
1140 2050 1208 2104 ad
1232 2061 1518 2118 vesperum
1547 2065 1593 2111 ι,
1622 2044 1677 2100 id
1713 2051 1797 2099 est
1841 2043 1895 2097 in
1928 2050 2063 2097 tem-

483 2158 616 2214 pore
653 2142 859 2213 gratim,
915 2159 934 2193 ι
977 2147 1033 2194 et
1064 2138 1339 2209 patientur
1368 2135 1562 2190 famem
1594 2153 1614 2186 ι
1666 2130 2063 2200 incorporando

484 2237 590 2292 sibi
616 2235 751 2290 alios
774 2254 794 2285 ‹
826 2241 887 2288 ιιι
920 2247 1082 2288 canes
1110 2251 1128 2282 ›
1158 2231 1418 2284 latrantes
1461 2228 1515 2282 in
1544 2226 1923 2297 praedicatione
1945 2225 2061 2288 Dei,

492 2345 511 2377 ι
542 2335 599 2382 et
623 2324 932 2382 circuibunt
965 2322 1239 2377 civitatem
1271 2339 1315 2383 ι,
1357 2319 1410 2373 id
1440 2324 1523 2372 est
1561 2315 1857 2371 Eeclesiam
1886 2323 2065 2369 custo-

487 2415 684 2472 diendo
726 2427 1001 2484 magnam,
1052 2427 1124 2467 ne
1176 2412 1300 2481 quis
1342 2408 1629 2464 Inereticus
1680 2406 1857 2462 locum
1894 2406 2066 2476 impu-

485 2504 686 2579 gnandi
720 2503 976 2559 inveniat.

560 2596 690 2649 Dico
713 2593 911 2649 famem
944 2591 1239 2663 patientur,
1271 2598 1326 2645 et
1359 2609 1377 2641 ι
1407 2603 1536 2644 ecce
1565 2607 1583 2639 ι
1625 2586 1853 2651 scilicet,
1895 2584 2069 2656 malui-

489 2684 685 2740 festum
719 2689 821 2746 est,
861 2698 881 2732 ι
911 2681 1199 2749 loquentur
1229 2697 1246 2730 ι
1281 2677 1664 2747 praedicatione
1693 2676 1789 2731 Dei
1839 2695 1858 2727 ‹
1888 2674 1942 2729 in
1972 2688 2067 2729 ore

491 2788 626 2839 suo,
661 2790 680 2822 ι
730 2770 784 2825 id
822 2777 910 2826 est
955 2769 1056 2824 sibi
1106 2767 1479 2833 convenienti,
1538 2767 1663 2836 quia
1713 2766 1855 2837 quod
1902 2767 2069 2821 verbo

490 2863 809 2938 praedicant,
853 2859 1100 2929 exemplo
1141 2867 1198 2914 et
1241 2872 1403 2927 opere
1421 2856 1774 2929 confirmant,
1810 2874 1827 2905 ι
1865 2864 1920 2910 et
1956 2855 2071 2924 gla-

495 2953 636 3019 dius,
665 2972 686 3005 »
727 2951 782 3005 id
830 2958 915 3007 est
943 2950 1166 3005 verbum
1200 2949 1327 3013 Dei,
1366 2963 1462 3019 per
1491 2946 1633 3017 quod
1663 2946 1914 3003 occidunt
1935 2960 2071 3016 prae-

496 3043 768 3099 dicatores
818 3041 1068 3097 inimicos
1111 3039 1315 3096 Christi
1363 3038 1883 3104 excommunicando
1942 3052 2068 3101 eos,

495 3133 843 3189 defendentes
889 3132 1027 3188 ﬁlios
1070 3131 1328 3187 Ecclesia:
1375 3132 1443 3187 ab
1480 3130 1851 3185 haereticorum
1897 3129 2070 3198 impn-

496 3222 874 3294 gnationibus,
923 3221 1018 3291 qui
1062 3220 1306 3276 incidunt
1348 3234 1415 3275 ex
1463 3227 1693 3289 utraque
1734 3226 1889 3288 parte
1918 3214 2070 3289 (Gal.

494 3311 606 3383 ιιι),
638 3311 786 3365 Novo
826 3310 1054 3376 scilicet,
1097 3317 1155 3364 et
1192 3308 1373 3365 Veteri
1418 3309 1782 3375 Testamento,
1815 3308 1921 3364 erit
1974 3325 1991 3358 ι
2022 3308 2077 3362 in

499 3401 655 3457 labiis
708 3415 937 3456 eorum:
970 3420 989 3453 ι
1022 3400 1144 3457 ideo
1191 3400 1298 3456 erit
1325 3401 1533 3472 gladius
1581 3403 1634 3455 in
1671 3401 1829 3457 labiis
1865 3416 2074 3467 eorum,

504 3514 523 3546 ι
554 3493 809 3563 quoniam
838 3493 961 3563 quis
989 3492 1192 3548 audivit
1221 3512 1239 3544 ι
1280 3508 1394 3558 eos,
1423 3494 1476 3549 id
1509 3501 1590 3548 est
1622 3492 1817 3562 aliquis
1850 3492 2075 3559 audivit,

502 3582 557 3638 id
587 3590 671 3637 est
687 3582 927 3638 obedivit
950 3582 1030 3639 eis
1050 3583 1489 3653 praedicantibus,
1517 3584 1711 3653 aliquis
1739 3599 1845 3639 non
1872 3584 2081 3639 audivit

501 3674 641 3742 illos,
676 3661 769 3745 qui
818 3675 1129 3741 audierunt,
1159 3674 1452 3732 defendunt
1482 3675 1677 3746 gladio,
1721 3692 1826 3730 non
1857 3676 2081 3731 audien-

500 3776 583 3823 tes
617 3768 950 3838 impugn'ant.
979 3766 1076 3822 Vel
1103 3768 1226 3839 quis
1260 3769 1467 3824 audivit
1487 3768 1950 3838 prmdieatiouem,
1981 3783 2081 3822 an-

503 3866 720 3928 tequam
744 3865 931 3929 gentes
959 3858 1224 3914 haberent
1253 3860 1487 3924 gladium
1511 3859 1639 3913 Dei?
1668 3859 1822 3929 qua‘si
1854 3858 2079 3925 diceret,

505 3946 619 4003 fere
648 3948 856 4013 nullus;
889 3958 946 4003 et
993 3950 1114 4005 ideo
1154 3951 1521 4006 necessarium
1556 3959 1695 4017 erat,
1724 3949 1866 4019 quod
1895 3961 2083 4020 gentes

504 4039 861 4109 praedicarent
884 4039 1107 4093 verbum
1140 4040 1256 4094 Dei.

577 4128 781 4183 Gentes
813 4137 1216 4194 convertentur,
1254 4148 1272 4181 ι
1312 4139 1369 4185 et
1391 4130 1512 4186 illos
1539 4150 1557 4181 ι
1599 4132 1690 4201 qui
1719 4146 1825 4187 non
1853 4147 2082 4188 conver-

508 4226 691 4273 tentur
722 4236 741 4268 ι
770 4218 1041 4274 deridebis
1070 4238 1116 4285 ι,
1141 4220 1195 4274 id
1230 4229 1314 4276 est
1353 4221 1652 4279 derisibiles
1680 4225 1950 4280 ostendes.
1983 4224 2083 4280 Le-

405 4302 413 4309 ’
511 4307 656 4378 gitur
682 4309 844 4362 etiam
887 4309 942 4364 iu
986 4310 1127 4365 bono
1172 4310 1284 4376 sic;
1315 4320 1502 4382 gentes
1528 4322 1928 4381 convertentur,
1976 4335 1995 4367 ¢
2029 4323 2085 4370 et

513 4407 592 4462 tu,
640 4398 890 4465 Domine,
939 4415 1033 4457 eos
1061 4420 1080 4453 ι
1144 4416 1455 4469 conversos,
1508 4423 1526 4456 ι
1556 4405 1824 4460 deridebis
1861 4425 1879 4458 ι
1914 4406 1966 4460 id
2000 4414 2086 4460 est

512 4492 814 4548 derisibiles
860 4494 1111 4551 ostendes
1146 4495 1248 4550 sibi
1303 4496 1456 4567 ipsis,
1498 4498 1633 4567 quia
1663 4507 1989 4569 cognoscent
2026 4513 2084 4553 se

513 4582 808 4637 secundum
835 4583 1070 4652 priorem
1091 4584 1255 4639 vitam
1285 4585 1591 4641 derisibiles
1616 4602 1737 4642 esse
1766 4595 1821 4641 et
1842 4595 2085 4641 contem-

512 4672 728 4743 ptibiles
760 4691 778 4724 ι
810 4680 865 4727 et
890 4674 958 4728 ad
985 4674 1213 4730 nihilum
1237 4676 1470 4731 dedoces
1496 4692 1686 4732 omnes
1712 4684 1901 4747 gentes
1929 4695 1947 4727 ι
1976 4686 2086 4731 tam

515 4765 707 4829 honos,
738 4779 900 4834 quam
938 4765 1127 4820 malos.
1178 4766 1309 4821 Boni
1355 4767 1433 4822 ad'
1453 4768 1680 4822 nihilum
1728 4766 2087 4831 deducuntur,

516 4853 732 4921 quando
754 4854 989 4923 priorem
1020 4856 1183 4911 vitam
1213 4857 1488 4924 deserunt,
1521 4865 1577 4912 et
1612 4856 1746 4912 nihil
1776 4872 1895 4911 eam
1934 4870 2093 4925 repu-

518 4953 655 4999 tant.
688 4945 832 5011 Mali,
861 4950 1075 5018 quando
1114 4958 1338 5021 prOpter
1374 4951 1607 5021 priorem
1636 4950 1828 5015 vitam,
1863 4949 2088 5004 damna-

519 5035 738 5090 buntur.

597 5144 613 5174 I
638 5123 1051 5183 Fortitudinem.
1075 5146 1094 5179 ι
1117 5128 1409 5197 Postquam
1432 5128 1668 5183 ostendit
1688 5126 2092 5184 conversionem

521 5216 783 5285 gentium,
809 5219 1048 5273 ostendit
1084 5234 1252 5287 quare
1284 5234 1389 5273 non
1421 5220 1662 5273 destruet
1697 5218 1945 5275 inimicos
1971 5234 2097 5274 suos

521 5301 754 5372 Judaaos,
770 5322 890 5361 cum
905 5306 1298 5376 possetfacere,
1312 5307 1438 5376 quia
1455 5309 1747 5363 secundum
1766 5306 2097 5363 voluntatem

520 5390 617 5449 Dei
642 5396 893 5464 cognovit
920 5396 1132 5451 illorum
1172 5396 1599 5462 conversionem,
1630 5405 1684 5453 et
1709 5397 2097 5467 dispersionem

520 5482 707 5539 utilem
722 5483 838 5541 fore
860 5486 927 5540 ad
943 5487 1348 5542 conversionem
1364 5489 1621 5559 gentium,
1636 5498 1690 5544 et
1706 5490 1773 5543 ad
1789 5488 2096 5545 Judaiorum

522 5577 956 5642 conversionem,
977 5591 1098 5646 quae
1120 5577 1174 5630 in
1190 5579 1495 5633 novissimis
1519 5580 1847 5653 temporibus
1865 5587 1950 5635 est
1961 5579 2101 5634 futu-

522 5677 606 5718 ra.
619 5663 884 5722 Continua
892 5667 965 5722 tio
981 5686 993 5721 :
1009 5664 1209 5722 Omnes
1223 5677 1409 5738 gentes
1421 5670 1489 5725 ad
1503 5670 1730 5725 nihilum
1749 5672 2099 5737 deducentur,

517 5756 619 5810 Oed
637 5776 654 5807 ι
680 5756 1044 5813 fortitudinem
1068 5772 1266 5825 meam,
1285 5759 1335 5813 id
1351 5768 1433 5815 est
1444 5761 1755 5831 patientiam
1774 5776 1976 5826 meam,
1991 5777 2096 5832 qua

2115 4549 2164 4609 D

2161 1969 2277 2021 cor,
2316 1973 2335 2005 ι
2377 1969 2445 2009 ne
2484 1955 2687 2026 populi,
2720 1973 2739 2006 ι
2798 1955 2851 2009 id
2877 1961 2961 2010 est
2993 1953 3241 2025 gentiles,
3288 1973 3308 2005 ‹
3350 1954 3753 2010 obliviscantur

2161 2046 2291 2112 mei,
2339 2046 2586 2115 quando,
2622 2064 2640 2096 ι
2684 2044 2738 2100 id
2792 2053 2876 2101 est
2918 2045 3097 2114 aliquo
3146 2053 3419 2115 tempore,
3464 2045 3602 2114 quia
3653 2046 3750 2100 etsi

2163 2137 2345 2192 statim
2368 2151 2474 2190 non
2503 2136 2972 2199 obliviscerentur,
2998 2143 3311 2204 tamenpost
3328 2150 3592 2206 magnum
3618 2143 3750 2187 tem-

2162 2243 2264 2299 pus
2278 2228 2725 2284 obliviscerentur
2745 2228 2847 2283 nisi
2869 2227 3133 2282 haberent
3156 2226 3389 2289 Judaeos,
3406 2227 3502 2298 qui
3519 2236 3749 2280 mortem

2163 2319 2366 2375 Christi
2409 2319 2787 2390 Redemptoris
2841 2334 2935 2374 sua
2968 2318 3302 2389 dispersione
3336 2316 3746 2378 conﬁrmarent,

2163 2417 2221 2465 et
2247 2409 2334 2464 lex
2364 2425 2458 2464 sua
2488 2425 2651 2479 quam
2702 2409 2924 2474 habent,
2976 2407 3346 2463 testimonium
3390 2405 3597 2461 Christi
3648 2414 3747 2459 est.

2169 2500 2286 2567 Vel,
2312 2515 2377 2556 ne
2403 2501 2584 2572 populi
2616 2500 2722 2555 mei
2747 2500 3137 2555 obliviscantur
3157 2499 3285 2553 mei.

2238 2591 2318 2646 Ne
2344 2592 2577 2656 occidas,
2609 2591 2701 2645 sed
2727 2590 2905 2661 potius
2960 2609 2979 2640 ι
3011 2589 3291 2659 dispergas
3316 2586 3438 2641 illos
3474 2605 3493 2637 ι
3540 2600 3640 2654 per
3667 2585 3745 2637 di-

2168 2696 2327 2738 versa
2350 2697 2537 2755 regna,
2567 2690 2622 2737 et
2647 2681 2752 2737 hoc
2787 2701 2804 2732 (
2843 2680 2896 2735 in
2924 2680 3121 2735 virtute
3151 2686 3265 2743 tua,
3305 2695 3324 2729 ι
3365 2676 3423 2731 id
3451 2686 3539 2731 est
3567 2677 3619 2729 in
3658 2691 3748 2744 po-

2170 2774 2340 2829 tentia
2358 2780 2473 2840 tua,
2501 2788 2622 2843 qua:
2648 2772 2839 2843 petitio
2875 2770 3076 2825 Christi
3118 2768 3337 2839 impleta
3380 2766 3506 2831 fuit,
3539 2766 3747 2837 quando

2172 2883 2267 2925 eos
2302 2867 2456 2922 Titus
2506 2874 2562 2922 et
2598 2865 2963 2936 Vespasianus
3008 2865 3404 2934 disperserunt,
3460 2870 3520 2917 et
3566 2860 3752 2929 incipit

2175 2947 2333 3016 orare
2353 2973 2453 3031 pro
2472 2957 2826 3014 conversione
2855 2969 3061 3021 eorum,
3080 2954 3268 3009 dicens
3296 2951 3413 3007 Deo
3439 2969 3453 3005 :
3487 2969 3507 3002 ι
3539 2951 3751 3020 Depone

2174 3066 2287 3117 eos,
2314 3057 2592 3121 protector
2617 3063 2770 3102 meus
2797 3045 3021 3101 Domine
3056 3063 3075 3097 ι
3112 3044 3178 3099 de
3207 3042 3462 3113 superbia
3489 3057 3608 3096 sua.

2252 3159 2270 3192 ι
2301 3139 2588 3195 Delictum.
2623 3156 2642 3188 ι
2678 3138 2895 3206 Depone
2919 3133 3247 3205 superbiam,
3271 3140 3327 3186 et
3355 3131 3524 3187 etiam
3551 3131 3751 3199 depone

2183 3250 2202 3283 ι
2232 3228 2485 3285 delictum
2513 3227 2625 3282 oris
2653 3240 2860 3290 eorum,
2892 3244 2911 3276 ι
2945 3224 2999 3279 id
3050 3232 3132 3278 est
3172 3222 3354 3278 cordis
3397 3236 3589 3276 eorum
3618 3239 3632 3273 :
3661 3235 3751 3274 eor

2177 3318 2301 3376 ideo
2330 3319 2526 3374 dicitur
2552 3332 2637 3383 os,
2668 3315 2796 3386 quia
2825 3314 2942 3370 hiat
2963 3314 3017 3369 in
3046 3312 3329 3369 desideriis
3357 3313 3500 3369 sicut
3528 3327 3590 3368 os
3617 3300 3709 3364 «ἐι
3727 3328 3747 3361 ι

2176 3409 2342 3464 etiam
2373 3426 2391 3459 ‹
2421 3421 2728 3463 sermonem
2757 3404 3022 3459 labiorum
3051 3403 3288 3473 ipsorum
3311 3422 3329 3454 ι
3362 3410 3425 3455 ιιι
3456 3417 3580 3457 cum
3609 3400 3753 3455 dice—

2179 3510 2305 3558 rent
2336 3519 2348 3555 :
2387 3518 2407 3551 ι
2442 3498 2774 3554 Πτειιιοηίιιιιι
2804 3495 2971 3551 habes
3016 3493 3197 3566 (Joan.
3229 3494 3260 3546 7
3288 3502 3346 3548 et
3367 3491 3446 3563 8),
3488 3512 3508 3545 ›
3541 3501 3595 3548 et
3613 3491 3753 3546 simi-

2178 3592 2250 3648 lia
2282 3609 2296 3646 :
2336 3609 2355 3642 ι
2401 3598 2457 3645 et
2506 3587 3053 3659 comprehendantur,
3094 3605 3114 3639 ι
3146 3584 3198 3640 id
3230 3592 3316 3639 est
3363 3584 3753 3639 eonvincantur

2185 3704 2205 3738 ι
2243 3685 2299 3740 ἰιι
2328 3681 2581 3753 superbia
2608 3696 2703 3736 sua
2731 3699 2750 3731 ι
2772 3687 2831 3734 ut
2858 3685 3186 3751 cognoscant
3204 3685 3431 3749 propter
3450 3674 3753 3746 superbiam

2179 3789 2331 3831 suam
2358 3773 2412 3828 in
2438 3772 2538 3827 has
2566 3770 2813 3827 miserias
2838 3784 2896 3826 se
2921 3770 3196 3837 incidisse.

2252 3864 2384 3920 Dico
2406 3860 2952 3934 comprehendantur.
2971 3859 3152 3914 Tertia
3173 3874 3321 3930 pars.
3344 3857 3478 3914 Vere
3502 3871 3761 3926 compre-

2183 3955 2508 4022 hendantur,
2548 3954 2675 4023 quia
2708 3970 2728 4004 ι
2758 3953 2824 4008 de
2849 3952 3239 4018 exsecratione,
3275 3969 3293 4002 ι
3341 3948 3393 4004 id
3428 3957 3509 4004 est
3545 3948 3618 4002 de
3651 3948 3763 4002 hoc

2182 4046 2324 4116 quod
2346 4060 2535 4100 omnes
2561 4045 2764 4100 habent
2781 4057 2876 4098 eos
2902 4040 3284 4106 exsecrabiles,
3313 4057 3333 4091 ι
3364 4048 3418 4095 et
3446 4040 3513 4094 de
3538 4038 3761 4093 menda—

2183 4136 2288 4191 cio.
2321 4155 2339 4188 ι
2398 4134 2681 4188 Meudaces
2738 4132 2882 4187 enim
2942 4138 3101 4185 erant
3160 4130 3302 4185 male
3352 4126 3760 4198 interpretando

2186 4227 2515 4297 Scripturas,
2545 4232 2601 4279 et
2624 4224 2787 4279 etiam
2815 4222 3139 4278 mentientes
3165 4222 3230 4277 de
3251 4219 3491 4283 Christo,
3523 4234 3652 4274 cum
3686 4217 3759 4271 di-

2184 4323 2373 4371 cerent
2420 4332 2433 4367 :
2481 4314 2756 4370 Venerunt
2810 4311 3060 4381 discipuli
3110 4309 3228 4378 ejus
3286 4318 3469 4375 nocte,
3507 4317 3565 4363 et
3606 4305 3760 4361 furati

2186 4415 2313 4460 sunt
2337 4419 2535 4475 corpus
2561 4401 2699 4471 ejus,
2725 4410 2781 4457 et
2807 4401 2874 4456 de
2905 4402 3037 4472 ipsis
3061 4401 3237 4456 edocti
3283 4406 3441 4454 erant
3485 4417 3506 4449 ι
3546 4399 3603 4453 in
3644 4412 3762 4452 corr

2188 4497 2565 4561 summatione,
2612 4515 2630 4547 ι
2677 4496 2729 4551 id
2778 4503 2862 4550 est
2905 4495 2958 4549 in
2997 4493 3331 4565 perfectione
3383 4491 3767 4546 virtutum:et

2191 4586 2288 4651 ita,
2313 4585 2457 4655 quod
2483 4604 2501 4637 ι
2544 4585 2940 4640 annuntiabunt
2965 4603 2982 4635 ι
3019 4584 3108 4638 alii
3140 4583 3366 4647 scilicet,
3393 4581 3547 4651 quod
3566 4582 3768 4637 dicetur

2190 4674 2358 4731 Judtei
2383 4676 2476 4744 qui
2506 4676 2710 4730 inimici
2743 4683 2900 4730 erant
2933 4674 3152 4739 Christi,
3201 4675 3270 4730 ad
3306 4674 3484 4744 ipsum
3524 4670 3769 4728 conversi

2193 4774 2327 4822 sunt
2344 4774 2400 4820 et
2418 4766 2811 4821 annuntiabunt
2834 4765 2995 4820 etiam
3024 4783 3041 4816 ι
3067 4765 3121 4819 in
3152 4765 3230 4818 ira
3264 4783 3282 4816 ι
3323 4760 3447 4818 esse
3484 4780 3505 4813 ι
3529 4776 3770 4817 consum-

2192 4857 2473 4923 mationis,
2511 4877 2529 4909 ›
2580 4857 2635 4912 id
2675 4865 2758 4911 est
2803 4854 3028 4927 perfecti
3082 4855 3439 4911 consummati
3462 4894 3479 4919 ,
3528 4851 3773 4909 conside-

2192 4946 2367 5001 rando
2395 4946 2531 5000 iram
2558 4955 2611 5000 et
2637 4946 2930 5000 vindictam
2953 4944 3151 5015 judicis
3197 4944 3251 4999 in
3302 4942 3486 4997 futuro
3527 4940 3773 5010 judicio:

2201 5057 2221 5090 ι
2260 5045 2317 5092 et
2342 5055 2360 5088 ι
2391 5036 2554 5091 etiam
2587 5054 2606 5087 ι
2641 5052 2749 5092 non
2780 5044 2987 5091 erunt-i
3020 5034 3203 5105 quales
3230 5033 3380 5104 prius
3428 5041 3614 5096 erant,
3636 5030 3775 5087 scili—

2196 5138 2283 5185 cet
2306 5128 2607 5199 blasphemi
2631 5141 2685 5182 et
2705 5137 3033 5198 peccatores.
3070 5127 3165 5182 Vel
3194 5146 3213 5177 ‹
3242 5125 3732 5187 annuntiabuntur,
3753 5142 3770 5174 ι

2199 5218 2254 5274 id
2278 5228 2364 5274 est
2382 5233 2483 5289 per
2504 5219 2888 5273 annuntiantes
2908 5225 3067 5273 erunt
3103 5236 3121 5269 ι
3148 5217 3202 5271 in
3236 5215 3733 5271 consummatione.
3754 5233 3771 5265 ι

2197 5309 2315 5365 Alia
2346 5307 2629 5364 translatio
2657 5309 2818 5363 habet
2849 5306 3144 5377 planiorem
3173 5306 3428 5369 litteram,
3462 5312 3519 5359 et
3534 5306 3602 5360 de
3624 5318 3776 5360 exse-

2204 5401 2471 5466 cratione,
2508 5407 2565 5453 et
2592 5398 2874 5454 mendacio
2901 5397 3200 5453 evellentur
3228 5395 3284 5451 in
3314 5396 3395 5450 ira
3433 5409 3781 5451 consumma-

2206 5492 2388 5547 tionis.

2284 5598 2303 5629 ι
2330 5580 2397 5633 Ει
2433 5598 2452 5631 ι
2487 5588 2615 5634 tunc
2641 5579 2743 5649 ipsi
2763 5578 2932 5634 Judaei
2964 5599 2982 5631 ι
3011 5579 3202 5646 scient,
3224 5577 3351 5649 quia
3374 5578 3516 5633 Deus
3537 5577 3783 5632 domina-

2206 5673 2352 5729 bitur
2406 5671 2592 5739 Jacob,
2625 5692 2644 5725 ι
2688 5672 2740 5726 id
2787 5682 2871 5729 est
2910 5671 3119 5727 Judaiei
3160 5672 3340 5744 populi
3381 5692 3400 5723 α
3445 5681 3500 5727 et
3548 5689 3568 5722 ι
3615 5671 3782 5724 etiam

2211 5763 2396 5816 finium
2448 5772 2630 5830 terraz,
2664 5763 2718 5819 id
2746 5774 2828 5819 est
2880 5763 3178 5833 gentilium,
3222 5779 3318 5831 per
3351 5778 3543 5818 omnes
3594 5769 3783 5831 gentes
