3940 6446
798 377 821 387 ινα
896 374 991 387 ι’..

663 399 795 450 irata
830 382 1055 450 sese!"

1289 408 1733 475 EXPLANATIO
1771 405 1840 466 ΙΝ
1879 406 2215 467 PSALMOS.

3311 410 3420 468 394

157 547 317 593 terra;
342 529 574 601 scilicet,
596 538 922 605 cognoscent
945 529 1116 588 Judrci
1140 530 1389 586 eumdem
1414 527 1584 582 Deum
1614 537 1735 580 esse
1761 522 1813 583 Δ
1837 520 2133 575 secundum
2155 535 2276 576 eam
2299 518 2471 592 legem
2494 528 2768 591 operetur,
2793 519 2919 592 quia
2952 539 2969 572 ι
3001 520 3135 578 ﬁdes
3154 523 3275 581 sine
3293 539 3424 597 ope-

153 625 466 682 Iudaeorum
494 631 549 680 ct
572 622 833 693 gentium.
872 620 973 677 ilic
998 619 1151 691 ponit
1168 627 1410 691 apertam
1438 614 1743 672 conversio~

154 731 302 772 nem.
339 712 693 770 Continuatio
722 730 736 766 :
770 708 1081 767 Evellentur
1115 708 1183 765 de
1212 707 1585 763 exsecratione
1614 704 1741 775 quia

158 827 179 859 ι
211 812 602 862 convertentur
636 802 704 857 ad
736 808 1043 871 vesperam,
1078 820 1100 854 ν
1147 799 1207 855 id
1252 807 1339 854 est
1380 798 1533 853 circa
1579 792 1741 850 linem

153 895 361 959 mundi,
402 912 426 946 ‹
476 904 533 949 et
556 892 758 948 famem
790 893 1062 963 patientur
1092 901 1157 947 ut
1183 904 1375 955 canes,
1409 896 1466 944 et
1500 888 1737 943 circum-

151 984 308 1042 ibunt
326 984 621 1047 civitatem,
660 1000 682 1035 ι
714 991 776 1038 ut
801 991 985 1052 supra.

218 1076 290 1132 Et
317 1095 338 1128 ι
365 1075 470 1146 ipsi
520 1094 541 1127 ι
578 1074 843 1139 conversi,
888 1073 981 1143 qui
1029 1071 1180 1144 prius
1230 1071 1385 1127 inviti
1427 1079 1583 1127 erant
1628 1070 1741 1125 dis-

146 1168 322 1239 persi,
358 1176 551 1237 sponte
583 1185 603 1218 ι
641 1165 1021 1237 disperguntur
1064 1162 1584 1219 admanducandum
1623 1181 1643 1215 ι
1682 1169 1741 1215 ut

151 1262 291 1317 alios
316 1260 517 1317 faciant
552 1259 732 1314 cibum
770 1273 926 1313 suum
952 1297 968 1322 ,
1006 1256 1062 1311 id
1091 1264 1175 1311 est
1205 1253 1606 1325 incorporando
1644 1267 1740 1309 eos

145 1351 289 1415 sibi;
313 1371 332 1403 ι
358 1351 403 1407 si
418 1365 549 1406 vero
563 1364 669 1404 non
698 1347 898 1403 iuerint
917 1347 1162 1413 saturati,
1188 1346 1696 1411 etmurmurabunt,
1714 1359 1733 1396 ι

146 1441 209 1496 id
234 1450 341 1508 est,
357 1441 401 1496 si
425 1455 532 1495 non
559 1447 787 1510 possunt
805 1438 907 1493 sibi
937 1437 1072 1493 alios
1097 1439 1450 1508 incorporare
1471 1446 1530 1491 ut
1555 1436 1741 1491 voluc-

70 1527 75 1541 '
150 1532 283 1598 rint,
314 1541 373 1587 et
396 1539 759 1596 murmurant,
799 1531 941 1586 sicut
969 1530 1102 1585 olim
1148 1531 1202 1585 in
1240 1531 1454 1586 deserto
1490 1546 1590 1601 pro
1617 1530 1739 1585 cibo

146 1621 435 1693 corporali.
461 1630 965 1688 murmuraverunt,
1008 1623 1089 1679 sic
1138 1623 1300 1680 modo
1335 1638 1435 1696 pro
1470 1622 1738 1696 spirituali

150 1714 601 1769 murmurabunt.

228 1822 249 1855 ‹
277 1804 389 1874 Ego
415 1812 618 1859 autem.
650 1822 669 1857 ι
706 1804 908 1873 Quarta
937 1820 1084 1876 pars.
1116 1806 1220 1878 ipsi
1242 1806 1317 1863 ita
1339 1807 1735 1880 dispergentur,

1843 611 1995 667 ribus
2024 624 2237 667 mortua
2274 622 2358 668 est
2397 611 2540 683 (Jac.
2567 613 2667 684 tt),
2705 631 2726 665 ι
2756 614 3231 671 committabuntur
3277 616 3423 686 dico,

1842 719 1968 760 cum
1994 705 2296 771 succendit,
2313 704 2366 759 id
2388 714 2471 760 est
2490 721 2589 775 per
2608 707 2711 762 hoc
2730 706 2871 777 quod
2890 708 3169 763 succendit
3185 707 3307 779 igne
3324 710 3421 768 Dei

1841 794 2288 864 Mesopotamiam
2316 795 2511 867 Syriae,
2551 796 2603 851 id
2627 805 2711 852 est
2736 794 2974 863 iudaeos,
3013 812 3152 868 quos
3180 800 3422 856 vocando

1838 883 2090 951 elevavit,
2105 885 2367 941 elevando
2397 886 2614 941 sustulit
2628 887 2682 941 in
2717 887 2945 943 alteram
2968 887 3310 959 dignitatem,
3328 892 3422 961 qui

1839 974 1991 1044 prius
2029 984 2189 1030 erant
2213 975 2490 1043 sublimes,
2528 976 2580 1031 id
2607 985 2693 1034 est
2728 977 3077 1049 singulariter
3110 981 3330 1050 superbi
3354 980 3427 1038 de

1839 1065 2150 1134 cognitione
2201 1065 2338 1120 Dei:
2370 1065 2755 1135 Mesopotamia
2815 1067 2959 1122 enim
3023 1069 3134 1124 alta
3188 1071 3421 1129 vocatio.

1841 1154 2000 1228 Syria
2042 1171 2173 1212 vero
2210 1156 2449 1211 sublimis
2493 1157 2915 1226 interpretatur,
2963 1159 3016 1214 id
3057 1170 3141 1216 est
3175 1161 3426 1219 Christus

1840 1246 2122 1301 succendit
2154 1245 2368 1318 Syriam
2398 1246 2583 1313 Sobal,
2616 1247 2669 1302 id
2703 1257 2786 1303 est
2816 1250 2961 1318 ipsos
2993 1249 3226 1318 Iudaeos,
3261 1253 3429 1310 subli-

1839 1349 1958 1391 mes
1986 1344 2042 1389 et
2075 1336 2337 1407 superbos
2365 1336 2434 1391 de
2457 1351 2597 1392 vana
2624 1345 2893 1394 vetustate
2910 1379 2925 1403 ,
2958 1339 3010 1393 id
3037 1349 3122 1397 est
3142 1341 3212 1397 de
3233 1358 3427 1399 carna-

1839 1425 1982 1483 libus
1999 1428 2360 1484 observantiis
2380 1428 2535 1502 legis.
2566 1429 2732 1486 Sobai
2762 1447 2997 1504 namque
3030 1450 3163 1491 vana
3200 1446 3427 1494 vetustas

1842 1518 2252 1591 interpretatur,
2265 1531 2323 1577 et
2348 1523 2621 1578 convertit
2641 1523 2711 1578 ad
2736 1523 2897 1579 iidem
2919 1539 3074 1580 suam
3097 1526 3172 1582 ab
3200 1526 3428 1585 idolola-

1844 1610 1948 1667 tria
1983 1610 2142 1679 Joah,
2188 1613 2242 1667 id
2272 1622 2365 1668 est
2396 1614 2677 1670 inimicum
2717 1630 2897 1682 suum,
2934 1615 3145 1672 scilicet
3165 1619 3426 1689 gentiiem

1842 1703 2121 1775 populum,
2172 1704 2298 1775 quia
2344 1705 2549 1763 nullam
2588 1706 2950 1780 cognitionem
2988 1708 3056 1764 de
3113 1708 3428 1767 Dco~habe-

1842 1799 1999 1865 bant,
2026 1807 2085 1854 et
2101 1799 2389 1868 percussit,
2418 1800 2473 1855 id
2492 1808 2578 1857 est
2597 1800 2892 1858 commovit
2931 1800 2999 1857 de
3018 1799 3337 1859 inﬁdelitate
3357 1805 3429 1858 ad

155 1914 179 1946 ι
218 1911 319 1965 ego
346 1903 529 1951 autem
567 1914 585 1947 ι
618 1903 764 1950 tutus
787 1904 1013 1967 propter
1040 1876 1156 1953 haec
1177 1899 1360 1953 omnia
1386 1918 1406 1952 ι
1426 1876 1687 1966 cantabo,
1712 1918 1730 1952 ι
1767 1876 1816 1939 Β
1842 1892 2024 1949 iidem.
2052 1892 2242 1960 Edom,
2264 1895 2318 1950 id
2344 1904 2428 1951 est
2455 1896 2709 1966 gentiiem
2739 1895 2996 1967 populum
3020 1897 3252 1953 terrenis
3273 1897 3427 1954 dedi-

148 1987 211 2043 id
233 1995 318 2044 est
356 1988 585 2043 laudabo
616 1989 781 2044 corde
811 1997 865 2043 et
897 2005 993 2046 ore
1022 2010 1040 2042 ‹
1085 1990 1451 2047 fortitudinem
1488 2000 1658 2057 tuam,
1709 2012 1729 2045 ι

151 2078 212 2133 id
243 2086 328 2134 est
362 2077 687 2149 potentiam,
733 2093 840 2149 qua
888 2079 1134 2135 liberasti
1179 2096 1296 2145 me,
1345 2093 1401 2136 et
1439 2080 1655 2138 Iudaeos
1675 2092 1738 2139 et

146 2179 346 2239 gentes
384 2169 697 2225 convenisti
727 2187 748 2220 ι
784 2181 840 2226 et
869 2170 1177 2238 exsultabo,
1204 2190 1228 2225 ι
1264 2172 1317 2226 id
1357 2181 1443 2228 est
1462 2173 1739 2230 exsultans

147 2252 491 2319 annuntiabo
529 2283 551 2315 ‹
601 2265 888 2320 veritatem
938 2273 1086 2319 tuam
1123 2284 1142 2318 ι
1200 2266 1268 2321 de
1318 2269 1735 2332 resurrectione,

150 2357 298 2412 facta
332 2376 352 2409 ι
383 2373 541 2413 mane
568 2378 588 2411 ι
618 2368 674 2413 et
690 2359 745 2413 in
765 2373 851 2414 me
875 2358 1008 2413 etin
1031 2358 1167 2413 meis
1188 2359 1441 2414 maxime.
1461 2358 1739 2430 Hocjuste

142 2447 343 2505 facio:
380 2448 508 2517 quia
536 2457 592 2502 tu
618 2448 796 2505 factus
836 2463 896 2504 es
925 2458 1211 2517 susceptor
1250 2463 1402 2504 meus
1438 2468 1465 2501 ἰ
1507 2457 1562 2503 et
1585 2460 1736 2505 meo-

138 2551 275 2591 rum
293 2539 368 2592 ad
390 2539 681 2592 maximam
711 2538 1029 2610 dignitatem
1054 2545 1082 2589 ἡ
1124 2547 1180 2594 et
1203 2538 1471 2610 refugium
1499 2555 1678 2595 meum
1712 2560 1730 2593 ι

144 2630 372 2697 quando
405 2631 639 2685 maxime
674 2646 896 2686 necesse
918 2641 1030 2694 est,
1065 2631 1275 2686 scilicet
1300 2649 1322 2683 ι
1358 2632 1414 2687 in
1451 2631 1537 2687 die
1569 2632 1738 2687 tribu-

136 2719 373 2774 lationis
397 2734 534 2775 mem
565 2741 585 2771 ι
608 2728 672 2774 et
693 2735 938 2775 meorum
971 2723 1025 2775 in
1051 2721 1156 2775 hac
1191 2721 1322 2775 vita.
1361 2739 1378 2771 ‹
1407 2720 1670 2785 Cantabo,
1712 2740 1732 2773 ι

138 2811 392 2865 et-etiam
426 2828 447 2862 ι
478 2810 703 2881 psallam
743 2830 763 2864 ι
802 2812 942 2867 bene
965 2810 1241 2881 operando
1274 2831 1292 2864 ε
1326 2810 1455 2877 tibi,
1500 2831 1518 2864 ι
1553 2812 1645 2882 qui
1680 2826 1741 2867 es

145 2921 175 2955 ι
214 2903 432 2973 adjutor
466 2919 620 2959 meus
659 2924 678 2957 ι
714 2904 771 2960 in
809 2905 968 2960 bonis
998 2904 1252 2976 operibus
1282 2922 1296 2958 :
1328 2904 1553 2975 psallam
1595 2905 1737 2971 ideo,

145 3011 174 3046 ι
210 2994 341 3064 quia
374 3012 393 3046 ι
430 3002 486 3051 ιιι
527 3013 545 3047 ι
576 3010 637 3051 es
670 3003 952 3067 susceptor
994 3010 1150 3051 meus
1184 2995 1327 3051 Deus
1369 3016 1389 3048 ι
1428 3010 1534 3050 non
1577 2994 1740 3053 homo

139 3093 457 3155 susceptor,
483 3087 581 3142 sed
596 3096 877 3157 susceptor
898 3086 1061 3153 Deus,
1089 3086 1143 3141 id
1169 3097 1253 3142 est
1278 3086 1405 3157 quia
1428 3095 1739 3156 susceptum

142 3175 394 3245 deificas,
421 3185 479 3235 et
495 3178 661 3234 etiam
687 3195 707 3231 ι
736 3177 878 3234 Deus
900 3191 1053 3233 meus
1071 3216 1087 3243 ,
1123 3195 1142 3229 ι
1167 3176 1221 3232 id
1246 3185 1330 3232 est
1351 3184 1567 3231 creator
1587 3190 1739 3231 meus

149 3291 173 3326 ο
208 3281 268 3328 et
294 3273 458 3328 etiam
497 3273 869 3330 misericordia
899 3286 1049 3337 mea,
1087 3290 1106 3324 ι
1139 3270 1211 3325 οὶά
1239 3277 1332 3325 est
1367 3267 1579 3326 iaciens
1606 3268 1741 3324 mihi

143 3370 208 3419 et
228 3363 367 3420 meis
393 3363 577 3419 omnia
602 3376 704 3432 per
728 3359 1183 3416 misericordiam.

645 3496 712 3553 ΙΝ
740 3488 1074 3553 ΡδΑωιωι
1113 3494 1252 3550 LIX.

147 3614 415 3692 Ttrunos.
469 3612 538 3667 In
775 3628 873 3692 pro
897 3611 998 3692 his.
1024 3608 1117 3692 qui
1141 3607 1619 3692 .commutabuutur
1662 3608 1746 3662 in-

220 3687 506 3755 scriptione
540 3679 681 3736 tituli
707 3679 803 3751 ipsi
832 3679 998 3733 David
1029 3679 1084 3733 in
1117 3679 1435 3742 doctrinam,
1468 3694 1587 3731 cum
1623 3694 1746 3732 διιε-

225 3756 401 3804 cendit
434 3752 868 3804 Mesonotamiam
899 3747 1088 3804 Suriaz.
1122 3759 1169 3803 et
1213 3745 1425 3804 Suriam
1465 3747 1648 3804 Sobal.
1693 3757 1742 3801 et

225 3753 401 3810 cendit
434 3753 868 3816 Mesopotamiam
899 3753 1088 3820 Syrica,
1122 3759 1169 3803 et
1213 3753 1425 3817 Syriam
1465 3753 1648 3812 δοῦσι,
1693 3757 1742 3801 et

216 3824 472 3878 convertit
488 3822 647 3892 Joub,
670 3834 716 3875 et
730 3822 983 3892 percussit
1004 3819 1179 3875 Edam
1200 3818 1256 3872 in
1275 3816 1410 3872 valle
1431 3816 1744 3874 Salium

219 3894 502 3950 duodecim
533 3891 724 3948 millia.

222 4025 248 4058 ς
281 4006 424 4060 Deus
451 4002 715 4074 repulisti.
746 4021 764 4053 ο
795 4001 1009 4057 Mortuo
1030 3997 1195 4057 Saule
1213 4041 1229 4065 ,
1252 4007 1541 4072 postquam
1570 3998 1745 4056 David

137 4099 389 4157 obtinuit
414 4111 662 4168 regnum,
697 4095 979 4151 succendit
1006 4093 1451 4164 Mesopotamiam
1476 4132 1493 4159 ,
1536 4091 1746 4148 scilicet

143 4197 365 4262 partem
413 4184 604 4257 Syriae,
655 4193 712 4240 et
757 4185 968 4257 Syriam
1013 4184 1199 4250 Sebai,
1238 4190 1296 4239 et
1321 4183 1485 4239 aliam
1528 4192 1741 4253 partem

144 4283 347 4355 Syriae,
385 4288 440 4335 et
462 4278 735 4333 convertit
770 4293 829 4332 se
874 4278 942 4333 ad
978 4276 1118 4332 inab
1170 4276 1447 4331 inimicum
1484 4291 1644 4331 suum
1686 4287 1745 4332 et

141 4370 423 4444 percussit
440 4369 610 4424 Edom
628 4367 719 4439 (II
744 4366 872 4439 Reg.
890 4383 984 4422 vni
1015 4377 1065 4421 et
1080 4378 1148 4434 ιζ
1174 4366 1199 4420 l
1221 4366 1355 4420 Par.
1379 4367 1558 4437 XVI“),
1577 4367 1639 4423 id
1658 4376 1744 4424 est

141 4465 447 4521 idumaeum
491 4460 746 4532 populum
767 4499 782 4524 ,
812 4460 939 4528 quia
971 4466 1095 4513 erat
1117 4458 1349 4529 populus
1369 4457 1465 4512 ille
1499 4458 1566 4514 de
1594 4467 1740 4513 terra

1840 1996 1977 2052 tum,
2004 1986 2089 2043 vel
2112 1987 2164 2043 in
2197 1989 2436 2058 peccatis
2463 1992 2840 2059 sanguineum.
2868 1988 3038 2044 Edom
3065 2004 3303 2061 namque
3336 1990 3427 2046 vel

1838 2088 2074 2135 terrenus
2096 2080 2180 2135 vel
2212 2081 2529 2152 sanguineus
2556 2081 2972 2151 interpretatur,
2998 2081 3125 2152 quia
3157 2082 3426 2151 percussit

1838 2173 2216 2229 terrenitatem
2243 2174 2504 2245 gentium,
2530 2174 2740 2230 scilicet
2759 2174 2903 2244 quod
2923 2174 3037 2246 jam
3066 2184 3285 2232 terrena
3314 2192 3425 2232 non

1838 2273 2169 2335 quaererent,
2206 2279 2304 2336 per
2329 2266 2432 2321 hoc
2457 2266 2726 2322 convertit
2753 2266 2933 2333 Joab,
2976 2266 3035 2322 id
3058 2275 3148 2324 est
3169 2268 3426 2339 gentiiem

1838 2353 2119 2423 populum,
2148 2362 2207 2411 et
2243 2354 2316 2410 ita
2342 2355 2613 2425 percussit
2639 2369 2756 2422 eos,
2786 2355 2933 2427 quod
2966 2354 3153 2413 essent
3193 2358 3248 2412 in
3285 2355 3428 2415 valle

1841 2444 2170 2506 Salinarum.
2214 2447 2273 2502 in
2313 2446 2453 2504 valle
2492 2446 2750 2514 luerunt,
2789 2447 2845 2503 id
2888 2456 2975 2504 est
3006 2449 3062 2503 in
3097 2450 3427 2518 humilitate,

1839 2550 1960 2605 qua:
2007 2545 2095 2591 est
2122 2544 2299 2592 mater
2325 2537 2568 2592 omnium
2604 2539 2901 2609 virtutmn,
2936 2549 2994 2595 et
3020 2523 3429 2598 condimentum

1838 2627 2081 2683 omnium
2110 2628 2396 2693 bonorum,
2429 2627 2572 2684 sicut
2606 2628 2689 2683 sal
2711 2627 2981 2695 ciborum,
3023 2630 3150 2700 quia
3187 2631 3282 2701 qui
3308 2631 3431 2689 sine

1840 2720 2145 2777 humilitate
2171 2720 2407 2776 virtutes
2425 2730 2717 2794 congregat
2738 2762 2756 2789 ,
2786 2722 3065 2795 pulverem
3105 2725 3163 2781 in
3204 2731 3427 2783 ventum

1839 2820 2037 2882 portat,
2073 2812 2347 2883 percussit
2372 2813 2497 2869 dico
2525 2815 2808 2870 duodecim
2830 2813 3025 2883 millia,
3055 2817 3109 2873 id
3129 2826 3213 2873 est
3239 2832 3430 2875 omnes

1840 2903 1896 2958 in
1925 2914 2159 2975 quatuor
2184 2905 2430 2975 partibus
2468 2906 2686 2973 mundi,
2719 2906 2882 2963 ﬁdem
2912 2917 3114 2966 sancta:
3142 2910 3429 2967 Trinitatis

1837 2993 2184 3050 conﬁtentes.
2219 2994 2328 3049 Per
2360 2996 2511 3052 mille
2537 2992 2806 3067 perfectio
2835 2999 3172 3071 intelligitur.
3204 3001 3428 3060 Materia

1837 3094 1925 3142 est
1954 3083 2128 3141 Judaei
2176 3093 2233 3141 et
2279 3097 2468 3158 gentes
2498 3089 2566 3143 ad
2621 3086 2783 3145 ﬁdem
2815 3092 3064 3148 conversi
3098 3108 3198 3164 per
3226 3085 3431 3151 Christi

1839 3177 2269 3248 percusssiones.
2311 3178 2501 3235 Modus
2531 3195 2545 3233 :
2578 3180 2638 3234 in
2684 3181 2859 3251 prima
2894 3191 3051 3254 parte
3096 3198 3195 3255 per
3233 3184 3432 3241 multas

1843 3268 2082 3324 rationes
2139 3276 2196 3324 et
2231 3283 2333 3339 per
2372 3269 2754 3325 auctoritatem
2801 3271 2971 3343 ipsius
3029 3273 3126 3329 Dei
3173 3290 3270 3330 eos
3312 3289 3434 3331 esse

1842 3357 2276 3424 commutandos,
2322 3359 2531 3414 scilicet
2568 3359 2638 3416 de
2666 3371 2892 3433 peccato
2934 3362 3004 3419 ad
3039 3363 3332 3434 justitiam.
3374 3364 3430 3423 in

1841 3450 2080 3505 secunda
2099 3456 2277 3520 parte,
2305 3463 2425 3519 qua:
2446 3449 2672 3521 incipit:
2705 3471 2723 3504 ‹
2754 3452 2974 3509 Salvum
2998 3454 3083 3510 fac
3104 3457 3331 3512 dextera
3356 3474 3369 3510 :
3404 3475 3425 3510 ι

1838 3540 2085 3596 ostendit
2108 3554 2205 3596 eos
2225 3556 2323 3610 per
2355 3542 2604 3597 eamdem
2631 3548 3109 3601 commutationem
3139 3547 3428 3618 pervenire

1843 3631 1914 3685 ad
1962 3629 2125 3684 aliam
2167 3633 2647 3690 cornmutationem
2673 3675 2689 3702 ,
2733 3635 2942 3691 scilicet
2986 3638 3055 3692 de
3102 3639 3434 3695 mortalitate

1843 3723 1916 3778 ad
1940 3721 2428 3779 immortalitatem.
2452 3723 2685 3781 intentio
2716 3735 2819 3793 est,
2847 3735 2906 3781 ut
2932 3742 3093 3784 nemo
3122 3738 3438 3787 contemnat

1842 3815 1981 3871 istas
2015 3815 2431 3886 percussiones,
2471 3817 2599 3887 quia
2632 3833 2732 3888 per
2771 3833 2864 3874 eas
2901 3819 3105 3875 habent
3144 3828 3434 3894 utramque

1837 3907 2347 3965 commutationem.
2402 3909 2515 3964 Vox
2559 3908 2629 3964 ad
2672 3908 2835 3965 iidem
2886 3925 3275 3969 conversorum
3335 3930 3435 3987 per

1840 4000 2097 4056 Victimas
2121 3998 2347 4063 Christi,
2376 4010 2430 4054 et
2455 3999 2582 4071 quia
2611 4000 2808 4056 dicturi
2828 4011 2987 4057 erant
3008 4017 3069 4060 se
3089 3996 3435 4064 commutan-

1843 4089 1963 4158 dos,
2002 4090 2241 4146 ostendit
2271 4089 2423 4161 prius
2456 4091 2600 4145 unde
2625 4100 3049 4161 commutentur,
3092 4109 3216 4151 cum
3249 4097 3380 4155 dicit
3414 4118 3430 4158 :

1916 4200 1941 4235 ι
1978 4181 2124 4238 Deus
2146 4180 2391 4251 repulisti
2415 4196 2537 4236 nos.
2566 4201 2587 4233 ι
2616 4180 2701 4236 Ab
2720 4197 2937 4239 ammno
2966 4184 3089 4241 loco
3109 4185 3223 4253 illo,
3246 4187 3298 4243 in
3323 4204 3433 4261 quo

1843 4273 2082 4345 primum
2103 4281 2313 4343 patrem
2333 4281 2580 4329 nostrum
2600 4274 2964 4331 constitueras
2993 4290 3009 4331 :
3036 4296 3055 4329 ‹
3085 4287 3140 4333 et
3160 4278 3433 4337 destruxi-

1837 4366 1915 4423 Δειί
1962 4380 2061 4421 nos
2112 4384 2131 4417 ι
2194 4363 2443 4421 faciendo
2484 4365 2767 4422 mortales
2800 4375 2858 4423 et
2909 4367 3228 4438 passibiles,
3284 4374 3432 4443 quod

1845 4465 2138 4527 antequam
2181 4463 2463 4527 peccasset
2506 4455 2701 4524 Adam,
2744 4472 2852 4513 non
2892 4467 3011 4515 erat
3038 4473 3055 4514 :
3085 4470 3142 4517 et
3174 4462 3280 4518 hoc
3322 4479 3433 4520 non

142 4558 411 4621 idumzca,
440 4570 561 4626 quae
582 4555 662 4609 sic
688 4560 878 4609 vocata
902 4551 1004 4606 fuit
1030 4553 1098 4606 ab
1117 4551 1263 4606 Esau
1288 4550 1614 4615 habitatore,
1644 4551 1738 4622 qui
1766 4583 1820 4644 Β
1846 4555 1937 4603 tua
1978 4545 2158 4616 culpa,
2189 4545 2285 4601 sed
2319 4553 2529 4610 nostra,
2569 4560 2677 4626 qua
2706 4565 2726 4599 ι
2760 4546 2932 4605 iratus
2960 4564 3022 4606 es
3058 4570 3078 4605 ι
3112 4554 3271 4609 nobis
3304 4568 3434 4625 pro-

142 4649 231 4704 sic
260 4653 488 4701 vocatus
528 4643 632 4699 fuit
660 4643 851 4708 Edom,
879 4642 1008 4712 quia
1034 4640 1222 4697 dilexit
1245 4647 1482 4695 terrena.
1510 4639 1616 4695 Per
1642 4641 1741 4696 has
1768 4636 1809 4644 "
1843 4646 1966 4707 pter
1997 4646 2279 4708 peccatum
2310 4636 2624 4706 prtecedens
2650 4655 2664 4691 :
2697 4655 2718 4689 ι
2755 4648 2813 4694 et
2849 4658 2871 4692 ι
2907 4648 3088 4697 tamen
3120 4660 3139 4694 ι
3174 4644 3434 4705 misertus

143 4739 304 4796 enim
364 4736 623 4792 victorias
672 4734 938 4790 intellexit
982 4732 1153 4788 David
1207 4731 1467 4787 victorias
1513 4730 1741 4798 Christi,

142 4846 295 4903 quas
327 4829 571 4884 facturus
595 4837 716 4882 erat
746 4828 801 4881 in
841 4825 1054 4881 Judmos
1083 4833 1138 4880 et
1178 4833 1386 4896 gentes.
1411 4824 1625 4881 Titulus
1665 4826 1745 4880 sic

140 4919 447 4993 exponitur
487 4935 501 4972 :
542 4917 650 4973 iste
688 4916 928 4988 psalmus
958 4915 1176 4970 habitus
1216 4930 1316 4986 pro
1342 4914 1455 4977 bis,
1489 4915 1544 4971 id
1564 4923 1649 4971 est
1674 4915 1745 4971 ad

144 5015 418 5069 honorem
440 5009 695 5075 illorum,
735 5008 828 5078 qui
865 5006 1348 5063 cemmutabuntur
1375 5006 1430 5061 in
1470 5006 1657 5072 linem,
1688 5007 1743 5063 id

143 5113 231 5161 est
290 5104 343 5157 in
386 5102 688 5170 Christum,
736 5100 822 5155 vel
855 5101 911 5155 in
954 5101 1458 5170 perseverantiam,
1505 5101 1746 5156 ostendit

145 5200 304 5254 enim
333 5197 575 5270 psalmus
608 5196 710 5252 iste
739 5195 1194 5252 commutationes
1221 5193 1358 5249 duas
1379 5192 1536 5262 justi,
1576 5210 1743 5249 unam

146 5293 207 5347 in
235 5292 346 5347 hac
371 5290 514 5355 vita,
551 5303 672 5359 qua:
697 5286 757 5342 lit
787 5287 854 5342 de
880 5293 1101 5359 peccato
1132 5284 1198 5340 ad
1231 5284 1520 5355 justitiam,
1550 5290 1744 5339 secun-

151 5384 282 5440 dam
312 5382 366 5436 in
393 5380 499 5436 alia
523 5380 667 5445 vita,
710 5394 830 5448 qua:
855 5377 1029 5433 estde
1057 5376 1390 5431 mortalitate
1414 5376 1482 5431 ad
1519 5376 1744 5431 immor-

151 5475 445 5538 talitatem,
490 5485 611 5541 quae
639 5467 989 5525 commutatio
1017 5466 1140 5531 lict,
1187 5464 1540 5536 inscriptione
1577 5464 1740 5531 tituli,

149 5574 411 5637 suscepta
455 5579 552 5636 per
587 5561 784 5629 iidem,
822 5560 1031 5627 scilicet
1055 5560 1181 5630 quia
1206 5558 1435 5615 credunt
1463 5557 1743 5614 Christum

142 5672 343 5730 regem
371 5656 701 5721 Judaeorum,
729 5653 1082 5726 inscriptione
1102 5653 1224 5709 dico
1249 5650 1390 5708 facta
1415 5653 1516 5722 ipsi
1548 5652 1741 5718 David,

152 5750 213 5806 id
236 5757 326 5803 est
350 5746 568 5803 Christo
588 5786 604 5812 ,
646 5746 824 5801 eundo
849 5746 1014 5802 etiam
1049 5744 1103 5799 in
1140 5744 1467 5810 doctrinam,
1498 5743 1551 5799 id
1574 5754 1662 5801 est
1688 5746 1744 5801 in

151 5849 431 5914 praecepta
468 5840 604 5909 ejus,
640 5853 699 5894 se
725 5838 828 5908 legi
857 5838 1027 5908 ipsius
1054 5836 1253 5894 Christi
1285 5836 1659 5907 conformans,
1688 5849 1745 5895 ut

520 5928 796 5991 Psrnon.
842 5928 1068 5991 CXVI.

1842 4744 1906 4784 es
1957 4727 2114 4783 nobis
2158 4746 2176 4778 ι
2228 4728 2388 4783 modo
2446 4741 2546 4797 per
2598 4727 3031 4788 incarnationem
3077 4732 3220 4792 Filii.
3278 4737 3433 4796 Unde

1847 4821 1975 4876 alibi
2002 4820 2200 4876 dicitur
2214 4818 2443 4893 (Habeo.
2462 4819 2581 4891 tu):
2611 4838 2630 4871 ι
2648 4818 2782 4876 Cum
2804 4821 2978 4879 iratus
3000 4823 3190 4894 fueris,
3214 4829 3432 4886 miseri-

1847 4913 2051 4969 cordia:
2085 4910 2480 4968 recordaberis.
2521 4930 2539 4963 ι
2567 4910 2818 4969 Ostendit
2841 4918 3113 4987 quomodo
3141 4920 3214 4976 sit
3238 4923 3435 4978 miser-

1848 5013 1958 5070 tus,
2002 5004 2130 5074 quia
2176 5021 2195 5055 ι
2254 5003 2595 5059 commovisti
2639 5013 2859 5073 terram,
2898 5026 2918 5061 ι
2955 5008 3011 5064 id
3052 5018 3139 5064 est
3187 5018 3434 5069 terrenos

1850 5099 1920 5155 ab
1940 5113 2166 5164 errore,
2201 5115 2221 5149 ι
2256 5106 2313 5153 et
2345 5097 2682 5155 conturbasti
2714 5114 2833 5156 eam
2876 5121 2896 5154 ι
2939 5102 3008 5157 ad
3032 5103 3431 5172 plenitentiam,

1847 5198 1906 5246 ’et
1932 5191 2074 5246 sicut
2099 5189 2309 5260 cmpisti
2327 5230 2342 5256 ,
2379 5204 2413 5245 ο
2444 5189 2693 5257 Domine,
2722 5189 2795 5245 ita
2825 5192 3050 5260 perlice,
3084 5213 3103 5247 ι
3148 5209 3280 5251 sana
3304 5211 3435 5252 con-

1850 5284 2097 5339 tritiones
2140 5280 2290 5351 ejus,
2333 5300 2352 5335 ι
2410 5282 2467 5338 id
2522 5290 2641 5350 est,
2691 5296 2911 5337 remove
2953 5284 3022 5340 ab
3065 5300 3128 5342 ea
3180 5286 3432 5343 miserias

1848 5374 1966 5444 eius
1984 5389 2121 5446 quas
2148 5375 2399 5439 sustinet,
2423 5373 2490 5430 de
2509 5373 2707 5444 quibus
2734 5371 2871 5427 dixit
2900 5390 2913 5428 :
2943 5370 3266 5430 Destru‘sisti
3307 5391 3431 5443 nos,

1845 5475 1902 5524 et
1927 5468 2043 5523 hmo
2088 5465 2300 5522 sanatio
2340 5464 2435 5521 liet
2474 5465 2529 5520 in
2559 5463 2835 5519 communi
2877 5463 3297 5531 resurrectione,
3345 5466 3434 5522 vel

1847 5577 1981 5618 sana
2003 5559 2387 5624 contritiones,
2416 5558 2471 5614 id
2508 5565 2594 5614 est
2622 5564 2870 5628 peccata,
2907 5571 3008 5629 pro
3033 5557 3233 5628 quibus
3268 5558 3436 5616 habet

1848 5670 1944 5711 cor
1984 5652 2300 5719 contritum,
2333 5659 2388 5708 et
2420 5648 2628 5719 justum
2664 5655 2751 5703 est
2779 5655 2839 5702 nt
2870 5661 3031 5703 sanes
3058 5667 3075 5699 σ
3112 5648 3238 5719 quia
3272 5667 3294 5704 ι
3317 5648 3436 5721 ipsa

1853 5766 1872 5799 ι
1907 5754 2175 5802 commota
2220 5752 2306 5799 est
2363 5760 2381 5795 ι
2443 5739 2614 5812 gratia
2652 5747 3029 5795 commovente
3061 5753 3162 5813 per
3200 5739 3433 5800 liberum

1849 5836 2154 5895 arbitrium.

2876 5921 2952 5982 13
