3940 6452
478 397 584 452 395

554 528 571 558 ‹
605 506 917 562 Ostendisti.
956 525 972 558 ι
1013 506 1077 560 Et
1108 506 1232 560 licet
1259 515 1476 575 peccata
1505 520 1602 575 per
1627 505 2042 560 commotiOnem
2074 507 2122 563 Α

478 602 697 656 dimissa
728 600 858 664 sint,
889 608 1064 654 tamen
1097 615 1199 652 non
1229 599 1412 652 statim
1442 599 1507 652 ad
1532 600 1774 668 requiem
1796 613 1887 653 eos
1911 596 2054 652 colli-

477 693 582 763 gis,
611 691 703 746 sed
739 690 1189 752 tribulationibus,
1224 691 1420 760 quibus
1451 700 1774 761 purgentur,
1805 692 2049 760 exponis.

477 780 850 844 Commovisti,
882 796 978 850 per
1001 781 1103 834 hoc
1128 781 1270 849 quod
1303 797 1410 834 non
1434 782 1606 836 solum
1643 801 1660 832 α
1697 782 1980 837 οειθηόὶειί
2029 801 2047 833 ι

478 874 590 928 sola
627 873 955 944 cognitione,
1001 875 1096 927 sed
1125 873 1238 942 ipsa
1272 874 1349 928 rei
1398 875 1732 943 experientia
1781 893 1798 925 ι
1861 875 2054 944 populo

476 981 570 1027 tuo
613 973 764 1034 dura,
803 990 821 1020 ι
872 970 924 1024 id
955 979 1040 1024 est
1083 970 1435 1040 gravissimas
1484 970 1877 1026 tribulationes.
1932 969 2050 1034 Vel,

472 1061 752 1118 ostendisti
797 1058 1043 1130 exemplo
1085 1069 1139 1115 et
1172 1059 1554 1130 praedicatione
1583 1061 1810 1130 populo,
1842 1061 1934 1130 qui
1960 1063 2052 1115 de-

472 1155 671 1210 bentte
696 1153 920 1217 imitari,
945 1153 1141 1206 debere
1162 1153 1294 1207 dura
1325 1154 1435 1222 pati
1473 1171 1487 1206 :
1517 1173 1535 1204 ι
1569 1161 1623 1207 et
1649 1154 1842 1222 potasti
1873 1167 1992 1217 nos,
2029 1173 2048 1204 ι

472 1245 523 1298 id
535 1253 618 1300 est
633 1244 886 1298 delectari
910 1259 1007 1296 uos
1024 1243 1220 1308 fecisti,
1235 1245 1389 1314 quasi
1406 1246 1458 1298 in
1473 1245 1614 1298 bono
1634 1252 1786 1314 potu,
1817 1265 1834 1295 ι
1857 1244 2000 1311 vino,
2027 1263 2047 1297 ›

471 1335 523 1389 id
571 1343 655 1390 est
707 1333 1162 1398 tribulationibus,
1208 1349 1329 1405 qua:
1377 1335 1635 1390 dicuntur
1676 1335 1880 1398 vinum,
1926 1334 2050 1404 quia

470 1426 608 1479 bene
643 1435 875 1496 purgant
897 1427 1115 1480 vulnera
1147 1437 1493 1496 peccatorum
1514 1467 1530 1491 ,
1560 1427 1698 1481 sicut
1727 1427 1906 1480 vinum
1938 1425 2054 1479 vul-

470 1530 600 1569 nera
640 1516 840 1580 carnis,
875 1517 998 1571 vino
1040 1519 1161 1572 dico
1187 1533 1294 1574 non
1341 1515 1664 1581 dulcedinis,
1709 1517 1802 1571 sed
1845 1534 1863 1568 ε
1899 1531 2051 1570 com-

469 1606 797 1674 rumetionis,
831 1627 850 1658 ›
881 1609 1006 1677 quia
1038 1623 1136 1679 per
1170 1607 1298 1663 illud
1325 1609 1393 1663 ab
1419 1608 1567 1662 omni
1609 1616 1761 1678 parte
1787 1623 2049 1678 compun-

469 1699 666 1768 gimur.

545 1808 563 1839 ι
598 1789 822 1844 Dedisti.
877 1809 896 1843 ι
934 1790 1062 1847 Dico
1091 1791 1288 1860 potasti
1321 1789 1576 1862 papulum
1622 1789 1751 1844 vino
1789 1803 2048 1858 compun-

946 390 1301 448 HAYMONIS
1341 389 1815 444 HALBERSTAT.
1860 390 2076 445 EPiSC.
2116 388 2266 443 OPP.
2308 387 2486 442 PARS
2527 389 2565 442 Ι.
2597 420 2668 430 —-
2703 387 3058 445 COMMENT.
3101 387 3273 441 BlBL.

2379 269 2404 284 I

3650 394 3756 449 596

2224 518 2243 551 ι
2263 499 2411 554 Meus
2437 507 2518 554 est
2535 498 2760 567 Galaad,
2787 521 2804 552 ι
2836 501 2888 556 id
2912 510 2995 555 est
3015 515 3242 556 acervus
3265 502 3586 570 testimonii,
3605 507 3759 562 scili-

2156 598 2243 644 cet
2287 589 2574 644 multitudo
2620 603 2940 662 martyrum.
2991 590 3194 648 Galaad
3248 609 3483 662 namque
3529 613 3756 654 acervus

2155 680 2436 733 testimonii
2483 681 2891 750 interpretatur,
2927 684 3005 738 sic
3028 687 3172 738 enim
3201 695 3426 741 vocatus
3446 696 3537 742 est
3559 705 3756 745 cumn-

2155 769 2240 824 lus
2279 770 2538 838 lapidum,
2587 789 2744 840 quem
2794 773 3040 830 fccrunt
3082 776 3248 833 Jacnb
3277 787 3333 832 et
3365 779 3551 836 Laban
3583 783 3646 836 in
3691 783 3755 838 si-

2153 877 2315 932 gnum
2351 863 2588 918 hederis.
2620 865 2726 920 Per
2749 882 2999 922 acervum
3032 870 3296 926 habemus
3315 874 3748 938 multitudinem.

2155 966 2253 1020 per
2287 951 2653 1007 testimonium
2683 964 2982 1027 martyres,
3014 959 3104 1027 qui
3139 961 3390 1028 passione
3415 979 3516 1017 sua
3544 964 3749 1021 Christi

2156 1046 2459 1114 passionem
2495 1046 2874 1102 testiﬁcantur.
2915 1049 3118 1122 Martyr
3148 1053 3293 1107 enim
3338 1053 3554 1120 Gmce,
3598 1061 3751 1114 testis

2156 1133 2344 1190 Latine
2381 1136 2602 1201 dicitur,
2635 1149 2688 1191 et
2713 1138 2802 1193 ille
2834 1138 3034 1195 Galaad
3065 1151 3147 1196 est
3177 1159 3346 1208 meus,
3393 1146 3446 1200 id
3473 1157 3566 1202 est
3615 1165 3751 1206 mea

2154 1228 2445 1290 societatis,
2463 1230 2554 1298 qui
2583 1244 2792 1284 mecum
2817 1232 2915 1285 ibit
2943 1234 3008 1287 ad
3040 1232 3241 1301 Deum;
3275 1255 3293 1288 ε
3315 1246 3369 1291 et
3397 1239 3706 1307 Manasses,
3726 1261 3746 1297 ι

2156 1319 2210 1374 id
2239 1329 2324 1375 est
2356 1320 2573 1386 oblivio,
2624 1322 2833 1378 scilicet
2861 1325 2952 1393 qui
2995 1326 3196 1382 oblitus
3227 1337 3312 1384 est
3336 1333 3542 1400 prioris
3578 1343 3749 1390 status

2161 1427 2179 1460 ι
2217 1419 2302 1464 est
2346 1426 2520 1466 meus.
2569 1431 2589 1462 ι
2638 1411 2792 1468 Unde
2827 1414 2955 1468 alzbi
2989 1433 3004 1468 :
3038 1436 3056 1469 σ
3109 1417 3440 1476 Obliviscere
3486 1424 3746 1493 populum

2155 1511 2327 1565 tuum,
2375 1513 2428 1558 et
2475 1504 2692 1559 domum
2747 1509 2919 1576 patris
2966 1509 3042 1562 tui
3091 1509 3266 1580 (Psal.
3325 1513 3440 1582 uv)
3483 1533 3497 1568 :
3561 1536 3584 1569 ι
3642 1533 3662 1566 ι
3697 1527 3747 1574 α

2153 1593 2408 1662 Ephraim
2440 1634 2455 1658 ,
2507 1613 2526 1646 ι
2579 1596 2630 1649 id
2669 1605 2753 1650 est
2793 1595 3211 1665 fructiﬁcantes,
3265 1615 3350 1658 est
3409 1605 3748 1664 «fortitudo

2153 1687 2348 1756 capitis
2389 1688 2515 1752 mei,
2566 1707 2584 1740 ι
2634 1689 2686 1742 id
2731 1698 2815 1743 est
2864 1689 3087 1745 Christi.
3121 1691 3226 1746 Per
3261 1693 3383 1749 illos
3409 1697 3564 1751 enim
3599 1698 3744 1753 Chri-

2155 1786 2270 1834 stus
2299 1794 2578 1848 nunquam
2610 1780 2836 1848 debilis,
2863 1783 2957 1838 sed
2992 1783 3147 1838 fotis
3177 1796 3421 1854 apparet.
3466 1789 3570 1842 Vel
3610 1807 3630 1839 ι
3665 1806 3744 1845 ca«

467 1881 663 1938 etionis
690 1903 708 1934 ι
743 1891 798 1937 et
826 1885 1192 1940 metuentibus
1218 1893 1270 1939 te
1295 1883 1492 1938 dedisti
1515 1882 1983 1953 signiﬁcationem,
2024 1899 2042 1932 ι

2155 1868 2282 1938 pitis
2346 1870 2488 1937 mei,
2522 1889 2540 1921 ι
2583 1869 2636 1925 id
2691 1880 2775 1925 est
2811 1874 3134 1928 sustentatio
3174 1877 3370 1930 mentis
3411 1894 3576 1931 meze.
3619 1880 3742 1934 Cum

465 1972 670 2029 scilicet
702 1981 1000 2043 praesentes
1032 1974 1166 2030 istas
1198 1973 1576 2029 tribulationes
1596 2013 1611 2037 ,
1642 1972 1942 2026 indicantes
1991 1979 2047 2026 et

464 2061 832 2133 significantes
860 2064 940 2118 eis
960 2104 972 2125 ,
1012 2084 1030 2116 ε
1061 2075 1120 2118 ut
1150 2064 1356 2135 fugiant
1379 2079 1407 2118 a
1438 2062 1599 2125 facie,
1635 2083 1652 2115 ι
1687 2063 1740 2117 id
1768 2071 1852 2116 est
1877 2077 1905 2116 a
1930 2062 2046 2116 vin-

465 2153 610 2208 dicta
641 2154 759 2218 Dti,
784 2169 944 2222 quam
976 2155 1028 2208 in
1060 2154 1196 2209 facie
1224 2155 1443 2215 habent,
1469 2164 1525 2209 et
1545 2168 1705 2224 quam
1734 2154 1887 2223 quasi
1909 2168 2045 2222 prac-

465 2253 674 2298 sentem
723 2245 1084 2308 considerant,
1118 2261 1149 2298 a
1193 2245 1331 2300 facie
1375 2245 1495 2299 dico
1531 2263 1550 2294 ι
1599 2259 1780 2308 arcus,
1827 2263 1844 2295 ι
1882 2243 1936 2297 id
1961 2249 2046 2297 est

466 2336 660 2392 divinzc
684 2334 997 2406 Scripturae,
1027 2337 1234 2393 scilicet
1261 2352 1422 2406 quam
1446 2336 1740 2390 vindictam
1771 2336 2046 2390 minantur

468 2425 634 2481 Vetus
668 2437 724 2482 et
755 2425 962 2482 Novum
995 2427 1400 2483 Testamentum
1424 2443 1437 2489 ;
1462 2434 1758 2496 prtesentes
1777 2425 1924 2479 enim
1954 2425 2046 2478 tri-

463 2515 784 2580 bulasiones,
816 2532 951 2586 quas
985 2533 1084 2587 pro
1115 2517 1282 2570 veteri
1316 2525 1540 2586 peccato
1564 2515 1912 2578 sustinemus,
1951 2528 2046 2568 no-

463 2606 545 2662 bis
569 2607 894 2680 siguiﬁcant,
916 2607 1060 2677 quod
1075 2609 1120 2662 si
1149 2607 1236 2661 hic
1259 2607 1314 2660 in
1336 2615 1558 2676 peccato
1581 2605 2042 2674 permanebimus,

465 2705 518 2758 in
551 2703 730 2756 futuro
764 2703 969 2772 judicio
1001 2701 1320 2772 gravissime
1356 2701 1661 2769 puniemur.
1701 2698 1794 2754 Vel
1830 2713 1926 2768 per
1973 2697 2044 2752 si-

466 2793 868 2863 gniﬁcationem
908 2792 1142 2851 divinam
1173 2791 1506 2860 Scripturam
1536 2803 1820 2858 possumus
1851 2787 2044 2842 intelli-

465 2900 612 2952 gere,
645 2899 766 2953 qua":
787 2883 1225 2954 nobisproposita
1247 2892 1328 2938 est
1353 2890 1412 2936 ut
1437 2896 1745 2950 sequamur.
1768 2879 1862 2935 Vel
1881 2880 2043 2948 signi-

467 2974 771 3029 ﬁcationem
798 2974 1049 3027 vexillum
1077 2973 1255 3028 crucis
1277 2987 1566 3041 possumus
1597 2972 1866 3041 accipere,
1902 2972 2044 3040 quod

468 3065 623 3119 nobis
656 3064 876 3128 indicat,
911 3074 967 3116 ut
989 3062 1256 3135 fugiamus
1287 3078 1316 3115 a
1340 3062 1477 3118 facie
1509 3076 1708 3117 arcus:
1737 3062 1857 3117 ideo
1877 3062 2042 3116 etiam

467 3156 644 3210 adhuc
681 3163 807 3210 ante
835 3155 1089 3225 populum
1117 3162 1361 3225 portatur
1381 3195 1396 3218 ,
1430 3162 1490 3208 ut
1520 3154 1676 3209 nobis
1709 3155 1920 3224 signum
1951 3154 2040 3218 sit,

2148 1957 2346 2028 Joseph
2376 1967 2520 2013 esset
2555 1959 2607 2013 in
2639 1958 2898 2030 IEgypto,
2928 1971 3060 2018 nato
3089 1962 3333 2019 Manasse
3353 2005 3369 2032 ,
3407 1968 3555 2022 dixit
3591 1988 3604 2020 :
3633 1968 3662 2024 «ι
3697 1985 3742 2023 In

2149 2069 2268 2108 sum
2315 2053 2512 2109 oblitus
2554 2053 2796 2124 priorum
2827 2056 3071 2112 dolorum
3111 2098 3124 2111 .
3157 2067 3214 2113 et
3256 2058 3378 2114 ideo
3421 2060 3615 2116 dictus
3649 2075 3738 2120 est.

2149 2144 2445 2210 Manasses,
2474 2146 2526 2200 id
2555 2153 2640 2200 est
2665 2147 2887 2202 oblivio.
2911 2147 3048 2202 Nato
3074 2147 3331 2218 Ephraim
3357 2151 3501 2204 dixit
3533 2172 3548 2205 ;
3593 2170 3612 2202 σ
3633 2151 3740 2206 Jam

2149 2236 2469 2292 fructiﬁcavi
2498 2237 2551 2291 in
2581 2248 2723 2292 terra
2749 2239 2923 2293 aliena
2941 2239 3094 2310 (Gen.
3115 2240 3247 2311 xu),
3277 2259 3294 2290 ι
3330 2249 3383 2294 et
3411 2242 3541 2297 ideo
3573 2244 3745 2298 dictus

2149 2335 2233 2382 cst
2253 2325 2510 2397 Ephraim
2535 2368 2552 2394 ,
2578 2327 2631 2382 id
2659 2339 2743 2382 est
2769 2327 3131 2384 ft‘uctiﬁcatio.

2225 2436 2242 2468 ι
2274 2416 2411 2472 Juda
2442 2434 2537 2473 rex
2568 2435 2740 2486 meus,
2776 2439 2795 2472 ι
2827 2421 2881 2475 id
2900 2429 2984 2475 est
3004 2421 3274 2487 Christus,
3307 2422 3399 2491 qui
3421 2425 3740 2481 nasciturus

2146 2512 2318 2567 estde
2349 2528 2546 2582 genere
2571 2512 2730 2577 Juda,
2771 2523 2855 2566 est
2896 2529 2990 2567 rex
3018 2529 3170 2569 meus
3204 2532 3218 2567 :
3255 2532 3272 2564 ι
3305 2513 3486 2580 Moab,
3523 2536 3546 2567 ›
3585 2519 3644 2572 id
3666 2529 3742 2573 est

2147 2605 2358 2676 gentilis
2370 2605 2618 2676 populus,
2642 2612 2757 2660 esti
2778 2606 2934 2671 011a,:
2956 2607 3008 2660 id
3030 2617 3110 2660 est
3128 2605 3353 2662 refectio
3371 2625 3387 2657 σ
3413 2609 3531 2678 Spei
3553 2626 3734 2674 mea:

2147 2700 2200 2754 id
2221 2710 2302 2754 est
2328 2701 2378 2754 in
2399 2716 2506 2770 quo
2528 2716 2686 2770 spero
2711 2701 3083 2756 refectionem.
3104 2701 3200 2757 Vel
3228 2722 3246 2753 ι
3265 2702 3371 2756 o‘la
3396 2705 3514 2773 spei
3535 2721 3696 2766 mea,
3718 2726 3735 2758 ι

2145 2790 2198 2844 id
2223 2799 2304 2845 est
2324 2791 2590 2860 probatio,
2617 2792 2671 2846 in
2695 2808 2802 2861 qua
2823 2807 3000 2862 spero,
3031 2793 3172 2861 quod
3191 2808 3470 2861 nunquam
3497 2796 3739 2860 deficiet,

2148 2883 2287 2937 sicut
2313 2883 2420 2937 olla
2437 2881 2592 2939 fortis
2613 2924 2627 2949 ,
2659 2900 2780 2954 qua:
2803 2886 2979 2955 posita
3009 2887 3062 2939 in
3096 2885 3217 2956 igne
3244 2887 3528 2956 probatior
3547 2899 3610 2944 et
3638 2889 3737 2946 for-

2147 2976 2254 3031 tior
2288 2975 2549 3031 redditur.
2604 2977 2758 3031 Moab
2801 2979 3016 3033 abutens
3055 2977 3163 3049 lege
3193 2980 3615 3049 interpretatur,
3661 2983 3739 3038 vel

2146 3083 2208 3122 ex
2243 3079 2396 3136 patre
2422 3109 2433 3133 ,
2464 3069 2694 3138 populus
2729 3081 2910 3127 autem
2939 3073 3264 3127 abutebatur
3291 3073 3431 3144 lege,
3457 3079 3589 3144 quia
3619 3094 3738 3132 con-

2148 3168 2230 3213 tra
2256 3161 2422 3228 legem
2447 3167 2567 3214 erat
2591 3168 2767 3216 natus.
2795 3162 2930 3216 Loth
2951 3164 3095 3217 enim
3119 3178 3150 3216 a
3176 3163 3390 3218 ﬁliabus
3411 3166 3735 3228 inebriatus.

466 3261 533 3303 ne
573 3247 947 3316 Redemptoris
987 3247 1157 3300 nostri
1201 3247 1505 3316 passionem
1561 3244 1832 3317 fugiamus
1866 3262 1880 3297 :
1912 3243 2039 3313 quia
2072 3219 2115 3280 C
2149 3262 2270 3301 cum
2305 3219 2534 3316 utraque
2559 3249 2708 3316 coiit,
2734 3259 2789 3305 et
2819 3253 2886 3306 ab
2918 3269 3022 3306 una
3051 3252 3229 3317 Moab,
3258 3263 3312 3307 et
3341 3255 3410 3309 ab
3437 3255 3541 3308 al.a
3565 3219 3738 3312 Amen

471 3357 491 3389 ι
528 3341 573 3394 si
604 3337 981 3408 compatimur,
1011 3345 1066 3392 et
1095 3337 1554 3407 conregnabimus
1582 3335 1678 3406 (II
1714 3335 1847 3388 Tim.
1878 3335 1982 3406 Ill).
2018 3354 2037 3387 ›

463 3427 814 3484 Ideo-dedisti
857 3427 1329 3496 signiﬁcationem,
1376 3446 1394 3477 ι
1435 3436 1492 3480 ut
1531 3425 1829 3479 liberentur
1863 3426 2044 3480 dilecti

469 3520 548 3574 tui
583 3538 602 3571 ι
637 3517 762 3572 facti
811 3518 878 3572 ab
927 3526 1126 3572 aeterna
1167 3531 1350 3587 poena.
1378 3516 1516 3570 Ecce
1551 3530 1648 3585 per
1674 3515 1921 3570 miserias
1947 3516 2044 3569 ιιιι-

460 3612 552 3681 jus
581 3609 702 3664 vitae
726 3608 985 3664 certiﬁcat
1015 3607 1251 3662 futuram
1278 3607 1772 3668 commutationem,
1815 3620 1933 3673 quce
1965 3605 2046 3660 vi-

468 3699 737 3754 debantur
767 3713 1087 3768 repugnare.
1107 3696 1543 3764 lncipitsecunda
1562 3710 1706 3764 pars.
1731 3695 1862 3749 Dico
1889 3702 1946 3748 ut
1975 3695 2043 3747 li-

467 3794 834 3854 berentur,et,
867 3807 884 3839 ‹
910 3802 942 3841 o
967 3786 1210 3852 Domine,
1237 3786 1427 3851 libera,
1452 3805 1473 3837 ι
1492 3795 1545 3838 ct
1569 3787 1670 3840 hoc
1683 3796 1764 3840 est
1793 3805 1811 3836 α
1838 3786 2044 3839 salvum

467 3878 552 3934 fac
593 3879 847 3951 populum
875 3877 1150 3932 timentem
1183 3886 1252 3939 te,
1303 3897 1321 3926 ι
1358 3875 1412 3929 in
1449 3894 1468 3928 ί
1511 3875 1728 3929 dextera
1782 3884 1890 3937 tua,
1932 3894 1948 3926 ι
1994 3875 2046 3929 id

469 3977 573 4034 est,
608 3969 662 4023 in
696 3969 998 4038 potioribus
1022 3967 1177 4022 bonis
1207 3966 1334 4032 tuis,
1362 3967 1569 4021 scilicet
1609 3966 1660 4019 in
1690 3975 1891 4020 aeterna
1920 3967 2048 4021 bea-

473 4059 698 4115 titudine
753 4077 769 4109 ι
825 4067 878 4114 et
917 4071 953 4110 ‘i
1011 4059 1078 4112 de
1125 4058 1226 4112 hoc
1267 4076 1284 4108 ‹
1326 4058 1517 4112 exaudi
1565 4073 1650 4111 me
1706 4078 1723 4109 ι
1774 4059 1896 4128 quia
1931 4060 2047 4114 sine

470 4150 874 4206 intermissione
904 4164 1020 4216 oro,
1051 4148 1134 4204 vel
1159 4149 1275 4204 ideo
1303 4149 1620 4219 ingeminat,
1651 4149 1776 4218 quia
1814 4163 1902 4204 res
1929 4163 2042 4202 ma-

471 4257 570 4313 gna
595 4251 698 4301 est.

548 4352 746 4406 (Deus.
769 4371 788 4404 ›
823 4351 951 4407 Dico
985 4350 1215 4406 «salvum
1243 4350 1350 4415 fac,
1371 4370 1389 4403 ›
1415 4360 1471 4406 et
1492 4352 1628 4407 bene
1651 4349 1790 4413 dico,
1811 4351 1934 4420 quia
1963 4365 2047 4405 se—

470 4456 635 4497 curus
663 4456 781 4496 sum
806 4441 950 4504 inde,
978 4441 1104 4509 quia
1139 4461 1156 4492 ε
1191 4441 1401 4496 locutus
1421 4453 1500 4497 est
1529 4443 1579 4496 in
1613 4451 1798 4496 sancto
1821 4441 1986 4506 Deus,
2021 4461 2038 4493 ι

472 4532 526 4587 id
550 4540 634 4586 est
655 4529 761 4587 qu
770 4529 858 4584 ilio
887 4545 1003 4592 suo,
1037 4531 1089 4584 in
1109 4546 1216 4598 quo
1239 4531 1482 4599 promisit
1507 4531 1645 4585 hanc
1667 4530 2038 4595 salvatiouem,

473 4627 538 4677 de
563 4637 667 4690 qua
699 4621 900 4675 locutio
933 4631 1036 4674 est.
1077 4621 1186 4691 Ego
1208 4621 1436 4691 populus
1465 4621 1638 4675 ﬁdelis
1669 4641 1686 4672 ι
1737 4620 1959 4674 lzetabor
1987 4631 2042 4675 et

473 4713 716 4784 partibor
769 4710 1107 4776 Sichimam,
1158 4732 1176 4762 ι
1236 4713 1286 4766 id
1341 4721 1456 4777 est,
1511 4713 1788 4780 disponam
1855 4711 2042 4766 hume-

476 4816 587 4867 ros,
616 4802 936 4872 imponendo
965 4817 1127 4856 onera
1153 4843 1167 4866 ,
1209 4804 1505 4857 secundum
1543 4802 1686 4869 quod
1715 4802 1922 4854 humeri
1953 4817 2042 4857 su-

472 4892 677 4948 stinere
700 4903 943 4962 possunt,
968 4893 1103 4947 alios
1126 4895 1490 4963 presbyteros,
1519 4893 1652 4946 alios
1675 4893 1927 4948 diaconos
1967 4893 2044 4947 fa-

475 4984 681 5046 ciendo,
722 4993 774 5038 et
801 4996 1013 5040 caetera.
1048 4985 1320 5040 Sichimus
1343 5000 1572 5053 namque
1604 4987 1849 5038 Iaunterus
1881 4987 2044 5041 inter-

473 5083 716 5142 pretatur
770 5093 788 5126 α
835 5083 888 5129 et
923 5075 1224 5129 convallem
1268 5076 1770 5140 tabernaculorum,
1821 5097 1840 5128 ι
1888 5077 1940 5130 id
1966 5085 2049 5132 est

476 5165 689 5221 Judaaos
725 5167 818 5237 qui
863 5166 981 5222 ideo
1012 5166 1378 5235 intelliguntur
1407 5180 1503 5234 per
1541 5166 1835 5224 convallem
1874 5166 2050 5221 taber-

479 5258 791 5312 naculorum
817 5298 830 5324 ,
880 5257 1005 5326 quia
1042 5255 1208 5310 Jacob
1248 5255 1457 5326 fugiens
1496 5255 1679 5310 Laban
1725 5257 2047 5310 avunculum

479 5365 657 5416 suum,
692 5349 960 5419 requievit
989 5364 1111 5403 cum
1138 5347 1328 5402 ovibus
1357 5349 1468 5402 suis
1505 5348 1560 5402 in
1592 5348 1833 5403 convalle
1874 5350 2052 5406 taber-

480 5441 794 5496 naculorum
823 5439 975 5510 (Gen.
1002 5439 1173 5509 χχιι).
1203 5438 1373 5504 Quem
1397 5441 1572 5493 locum
1601 5441 1814 5494 vocavit
1837 5441 2051 5495 conval-

482 5533 586 5587 lem
619 5531 1110 5594 tabernaculorum,
1139 5532 1267 5600 quia
1301 5531 1416 5601 ipse
1444 5532 1516 5585 ibi
1544 5532 1776 5602 primum
1804 5532 2050 5587 taberna-

485 5623 606 5677 cula
653 5636 748 5677 sua
782 5619 936 5674 ﬁxit:
970 5629 1024 5673 et
1053 5634 1149 5689 per
1176 5619 1342 5676 Jacob
1382 5630 1437 5676 et
1474 5621 1731 5676 familiam
1771 5637 1923 5677 suam
1963 5623 2051 5676 in-

486 5712 797 5784 telliguntur
833 5709 1034 5775 Judaei,
1067 5713 1157 5780 qui
1196 5722 1320 5766 sunt
1350 5712 1461 5766 nati
1491 5728 1556 5767 ex
1585 5713 1749 5768 Jacob
1787 5728 1801 5766 :
1835 5731 1853 5764 ι
1897 5714 2051 5767 meti-

487 5807 638 5868 bur,»
675 5805 725 5858 id
762 5811 865 5869 est,
890 5804 1144 5862 attosdam
1175 5819 1464 5871 assumam,
1491 5803 1747 5875 quosdam
1789 5803 2046 5873 rejiciam.

2144 3337 2350 3408 genuit,
2393 3347 2447 3392 et
2479 3353 2509 3392 a
2541 3338 2693 3396 Moab
2725 3341 2856 3396 dicti
2895 3353 3020 3397 sunt
3044 3343 3225 3412 populi
3258 3343 3538 3409 Moabitm,
3580 3359 3639 3401 et
3672 3348 3743 3400 ab

2143 3426 2338 3489 Anton,
2391 3427 2674 3483 AlllOIllltB.
2734 3429 2980 3486 Ostendit
3031 3433 3266 3501 qualiter
3321 3444 3518 3504 gentes
3571 3445 3742 3491 erunt

2145 3533 2278 3583 suae,
2326 3519 2535 3574 scilicet
2577 3535 2673 3590 per
2703 3523 3136 3591 praedicationem
3175 3525 3454 3596 Evangelii
3489 3538 3585 3581 :et
3638 3532 3743 3583 hoc

2143 3618 2270 3664 est:
2307 3627 2325 3660 ε
2369 3611 2670 3666 Extendam
2715 3612 3140 3668 calceamentum
3197 3631 3413 3683 meum,
3470 3637 3491 3670 ι
3552 3619 3608 3672 id
3656 3631 3738 3674 est

2144 3701 2520 3772 Evangelicam
2564 3703 2900 3770 doctrinam,
2928 3706 3052 3774 quia
3083 3721 3144 3760 ea
3169 3707 3406 3761 calceata
3435 3718 3522 3762 est
3550 3711 3742 3768 Eccle-

2145 3793 2248 3857 sia,
2279 3805 2337 3848 ut
2363 3797 2532 3863 possit
2576 3798 2810 3852 transire
2837 3799 3046 3867 spineta
3069 3807 3124 3853 et
3155 3801 3324 3853 lutosa
3349 3799 3482 3867 loca,
3518 3802 3748 3859 scilicet

2144 3904 2496 3958 quaecunque.
2539 3888 2686 3944 Unde
2733 3891 3024 3959 Apostolus
3063 3909 3077 3944 :
3131 3911 3147 3942 ι
3184 3893 3408 3947 Calceati
3452 3893 3628 3961 pedes
3682 3897 3748 3951 in

2143 3981 2534 4056 praeparatione
2562 3982 2840 4052 Evangelii
2889 3984 3039 4051 pacis
3071 3981 3231 4054 (Eph.
3281 3985 3375 4050 vi),
3411 4005 3429 4036 ι
3467 3985 3600 4052 hoc,
3657 3988 3748 4042 in-

2144 4086 2327 4140 quam,
2356 4071 2783 4126 calceamentum
2808 4075 3094 4128 extendam
3129 4094 3146 4124 ε
3197 4075 3249 4127 in
3277 4074 3590 4139 ldutnzeam,
3633 4097 3657 4128 ι
3688 4079 3744 4133 id

2144 4171 2228 4217 est
2251 4167 2301 4216 in
2329 4164 2698 4218 terrenitatem
2721 4165 3022 4233 gentilium,
3050 4174 3110 4219 ut
3132 4180 3229 4233 per
3251 4167 3354 4220 hoc
3378 4167 3742 4239 Evangelium

2145 4255 2376 4310 contrita
2437 4255 2774 4321 terrenitate,
2830 4256 3022 4311 faciam
3079 4256 3234 4310 Moab
3283 4273 3460 4313 meam
3527 4279 3546 4310 ι
3602 4262 3742 4315 mihi

2144 4345 2306 4400 etiam
2359 4344 2698 4415 alienigente,
2743 4366 2764 4398 ι
2802 4347 2852 4401 id
2891 4355 2973 4402 est
3029 4346 3104 4400 illi
3133 4347 3244 4416 qui,
3277 4347 3406 4402 licet
3435 4351 3576 4404 mihi
3611 4367 3743 4406 cor-

2145 4437 2400 4507 poraliter
2430 4437 2764 4500 adluereant,
2800 4446 2980 4492 tamen
3006 4446 3186 4492 mente
3221 4438 3383 4492 alieni
3415 4451 3572 4505 sunt,
3603 4444 3749 4497 sicut

2147 4528 2462 4598 hypocritiae
2496 4547 2513 4578 ί
2549 4537 2674 4582 sunt
2697 4529 2826 4582 mihi
2855 4531 3076 4584 subditi.
3129 4550 3146 4581 ι
3183 4531 3480 4599 Postquam
3526 4533 3751 4598 ﬁdeles,

2146 4621 2237 4688 qui
2267 4620 2577 4688 loquuntur,
2613 4619 2857 4674 «salvum
2882 4621 2966 4674 fac
2988 4622 3206 4675 dextera
3233 4642 3249 4671 ι
3286 4623 3572 4688 dixerunt,
3603 4627 3755 4680 dixe-

2149 4720 2276 4764 runt
2302 4711 2464 4765 etiam
2489 4710 2632 4779 quod
2662 4725 2844 4766 secum
2876 4711 3071 4767 multos
3098 4722 3479 4781 aggregarent,
3511 4715 3754 4776 addunt,

2149 4803 2292 4872 quod
2315 4801 2523 4870 ab‘ipso
2552 4805 2662 4858 Deo
2692 4805 3032 4858 deducuntur
3059 4806 3110 4859 in
3134 4806 3396 4858 munitam
3433 4806 3759 4866 civitatem.

2150 4891 2241 4945 ubi
2267 4892 2533 4960 accipient
2570 4894 2861 4948 secundam
2906 4895 3405 4948 commutationem.
3439 4892 3761 4950 Continua-

2153 4982 2228 5035 tio
2269 4999 2281 5034 :
2321 4981 2431 5037 Hoc
2477 4981 2618 5037 Deus
2643 4985 2910 5052 promisit,
2943 4985 3036 5038 sed
3073 5004 3090 5034 ι
3140 4985 3262 5053 quis
3313 5002 3332 5034 ι
3367 4993 3452 5038 est
3502 4994 3632 5038 tam
3668 5003 3766 5054 po—

2152 5080 2291 5138 tens,
2324 5083 2384 5127 ut
2427 5094 2445 5124 (
2499 5074 2722 5129 deducet
2753 5089 2838 5128 me
2870 5075 2922 5128 in
2952 5076 3212 5129 munitam
3256 5075 3543 5129 civitatem
3570 5078 3599 5129 ?
3653 5099 3676 5130 ι
3717 5080 3769 5131 id

2150 5172 2235 5218 est
2273 5163 2327 5217 in
2363 5179 2652 5234 supernam
2684 5165 3020 5220 Hierusalem
3059 5174 3115 5220 et
3162 5185 3179 5215 ε
3230 5165 3354 5235 quis
3379 5165 3636 5222 deducet
3680 5186 3770 5222 me

2151 5269 2320 5325 usque
2347 5256 2399 5308 in
2422 5256 2729 5320 ldummam,
2767 5274 2784 5306 ι
2815 5256 2866 5308 id
2893 5257 3050 5310 estin
3079 5254 3460 5326 gentilitatem,
3491 5265 3557 5310 ut
3595 5260 3772 5312 multi

2151 5362 2218 5399 ex
2245 5345 2493 5416 gentibus
2523 5346 2652 5399 mihi
2681 5346 3094 5416 iucorporentur
3117 5387 3131 5412 ,
3159 5356 3212 5402 et
3240 5347 3519 5404 ambietur
3547 5350 3779 5408 civitas

2155 5446 2410 5495 soc4etate
2446 5441 2853 5495 membrorum?

2231 5551 2249 5582 ι
2288 5532 2476 5586 Nonne
2511 5541 2587 5596 tu,
2617 5534 2780 5602 Deus,
2818 5553 2836 5586 ι
2869 5534 3122 5599 deduces,
3159 5553 3178 5586 ‹
3205 5533 3298 5605 qui
3328 5552 3348 5586 ι
3388 5540 3583 5588 tamen
3621 5537 3783 5592 sicut

2158 5624 2367 5678 videtur
2401 5641 2418 5674 ι
2467 5625 2711 5693 repulisti
2759 5647 2776 5677 ι
2821 5626 3182 5694 permittendo
3215 5625 3459 5678 tribulari
3505 5645 3522 5674 ε
3567 5643 3714 5683 nos.
3757 5649 3774 5678 ι

2159 5713 2418 5782 Repulisti
2455 5729 2575 5778 nos,
2619 5733 2636 5765 ι
2671 5726 2725 5768 et
2759 5716 2984 5770 ulterius
3013 5733 3118 5770 non
3158 5716 3452 5786 egredieris
3483 5716 3541 5770 in
3580 5720 3784 5773 virtu-

2163 5807 2304 5859 tibus
2325 5806 2543 5871 uostris,
2582 5827 2598 5858 ι
2628 5821 2660 5858 ο
2687 5827 2702 5856 ι
2742 5805 2904 5870 Deus,
2943 5827 2959 5858 ι
2991 5808 3167 5873 idest,
3197 5808 3247 5860 in
3277 5806 3633 5862 exercitibus
3669 5825 3783 5863 no-
