3940 6450
118 431 230 501 397

1297 439 1732 496 EXPLANATIO
1771 439 1837 494 IN
1875 436 2210 496 PSALMOS.

3271 433 3374 490 3‘33

122 553 276 617 stris,
310 550 436 622 quia
467 563 642 618 neque
671 548 830 602 hodie
855 546 1010 616 jubet
1031 549 1344 618 congregari
1379 548 1697 612 exercitum,
1732 562 1774 617 Α
1804 559 1919 605 tute
1945 551 1998 604 in
2039 552 2325 615 virtutem,
2363 558 2420 604 et
2448 565 2554 604 non
2583 551 2699 604 sine
2735 548 2949 615 merito,
2995 569 3011 601 ι
3043 551 3170 619 quia
3205 549 3379 605 factus

123 657 305 714 neque
365 641 568 711 praebet
627 639 972 695 manifestum
1029 639 1323 706 auxilium,
1386 639 1526 695 sicut
1576 640 1708 694 fecit
1807 656 1868 698 es
1897 657 2021 712 Spes
2064 655 2215 706 mea,
2250 641 2415 695 turris
2437 637 2769 696 fortitudinis
2808 656 2831 694 ι
2874 637 2939 695 ad
2971 657 3130 711 quem
3158 643 3201 696 si
3237 641 3380 698 refu-

123 733 367 804 antiquis
410 732 674 801 patribus.
732 730 810 785 Tu
868 747 975 785 non
1035 730 1361 802 egredieris,
1437 740 1496 784 ut
1557 731 1707 785 vivas

124 823 502 894 corporaliter,
545 837 719 891 neque
759 838 856 876 nos
894 824 1150 892 petimus,
1193 821 1285 876 sed
1339 839 1357 872 ι
1429 822 1494 876 da
1554 821 1710 875 nobis

125 914 389 968 auxilium
430 913 495 968 de
527 912 904 977 tribulatione,
942 932 959 963 ι
991 913 1197 967 scilicet
1237 919 1296 966 ut
1331 911 1710 966 tribulationcs

121 1005 386 1062 immissa:
429 1006 756 1060 auxilicntur
811 1006 990 1068 nobis,
1048 1013 1102 1060 et
1170 1005 1468 1075 perducant
1521 1004 1587 1058 ad
1641 1005 1712 1058 ci-

124 1099 354 1152 vitatem
398 1097 697 1162 munitam;
750 1103 804 1150 et
865 1096 1094 1150 salutem
1147 1096 1422 1150 hominum
1471 1110 1578 1149 non
1621 1110 1714 1163 pe-

125 1190 330 1254 timus,
363 1188 489 1256 quia
529 1206 548 1238 ι
594 1202 732 1241 vana
765 1187 912 1240 salus
945 1187 1201 1249 hominis,
1231 1206 1250 1237 ›
1286 1185 1338 1239 id
1381 1194 1467 1240 est
1516 1185 1712 1240 transi-

129 1279 312 1344 toria,
349 1279 392 1334 si
437 1280 504 1334 sit
529 1287 597 1333 ex
632 1279 870 1333 homine.
911 1279 1041 1332 Dico
1067 1319 1081 1342 ,
1133 1278 1278 1333 salus
1320 1285 1403 1333 est
1440 1293 1576 1331 vana
1604 1317 1620 1343 ,
1663 1287 1718 1332 et

127 1372 258 1427 ideo
299 1390 329 1446 ,ι
381 1371 436 1425 in
480 1371 591 1426 Deo
633 1370 893 1425 faciemus
921 1371 1208 1436 virtutem,
1267 1390 1285 1422 ›
1328 1370 1519 1426 ἰὰιεει
1547 1384 1715 1440 pone-

132 1478 259 1517 mus
295 1478 446 1534 spem
479 1463 694 1517 virtutis
724 1471 924 1517 nostra:
969 1463 1022 1516 in
1056 1461 1185 1527 Deo,
1217 1473 1273 1518 et
1301 1478 1409 1517 non
1453 1463 1504 1516 in
1546 1462 1718 1517 salute

128 1553 438 1616 hominum,
487 1552 573 1605 vel
607 1551 659 1605 in
694 1552 1001 1614 mundanis,
1033 1553 1156 1620 quia
1192 1554 1371 1606 omnia
1405 1553 1473 1615 ei,
1507 1562 1562 1607 et
1587 1552 1719 1606 nihil

131 1641 262 1697 boni
297 1641 452 1697 nobis
493 1642 792 1696 tribuamus
821 1681 836 1706 ,
886 1661 905 1693 ι
940 1651 994 1696 et
1025 1643 1140 1713 ipse
1174 1643 1241 1697 ad
1290 1643 1517 1697 nihilum
1556 1642 1721 1698 dedu-

139 1750 162 1780 ο
197 1739 286 1786 cet
323 1731 644 1786 tribulantes
674 1746 792 1785 nos.
831 1751 848 1783 ι
881 1731 979 1787 Vel
1005 1732 1049 1785 si
1077 1731 1364 1786 inducatur
1389 1733 1458 1786 ab
1484 1732 1720 1788 Ecclesia

134 1821 404 1884 Christus,
453 1821 680 1890 loquens
717 1838 729 1872 :
763 1820 903 1876 Deus
932 1823 1140 1877 locutus
1165 1830 1250 1876 est
1285 1823 1338 1876 in
1374 1830 1561 1876 sancto
1597 1836 1718 1887 suo,

1810 733 1973 803 giam,
2021 732 2289 787 inveniam
2328 730 2720 796 fortitudinem,
2766 751 2784 782 ‹
2833 749 2862 787 a
2903 732 3040 788 facie
3085 733 3309 798 inimici,
3355 753 3376 788 ι

1811 826 1862 880 id
1887 833 1970 879 est
1995 825 2062 878 ab
2083 820 2226 877 omni
2260 823 2658 894 impugnatione
2687 823 2909 880 inimici.

1879 916 2174 987 Postquam
2210 915 2444 969 ostendit
2478 916 2620 986 quod
2648 918 2712 970 de
2763 917 3011 971 universa
3049 926 3189 969 terra
3215 930 3383 986 popu-

1814 1007 1896 1062 lus
1923 1007 2180 1062 clamaret
2205 1006 2271 1060 ad
2295 1004 2482 1068 Deum,
2509 1007 2746 1060 ostendit
2776 1007 2915 1074 quod
2953 1004 3116 1062 faciet
3147 1020 3241 1076 per
3269 1023 3384 1062 om-

1813 1112 1911 1151 nes
1953 1096 2342 1151 successiones.
2389 1092 2734 1149 Continuatio
2765 1113 2777 1148 :
2819 1115 2836 1148 ‹
2866 1096 2945 1150 Tu
2980 1111 3039 1152 es
3087 1112 3210 1167 spes
3242 1111 3397 1165 mea,

1817 1188 1982 1241 turris
2004 1186 2352 1250 fortitudinis,
2381 1205 2399 1238 ι
2431 1193 2484 1242 et
2513 1187 2632 1241 ideo
2663 1206 2680 1238 ‹
2717 1187 3032 1246 inhabitabo
3053 1190 3103 1243 in
3133 1191 3387 1246 taberna-

1815 1275 1936 1332 culo
1961 1285 2072 1340 tuo,
2123 1296 2141 1328 ι
2183 1276 2238 1330 id
2271 1285 2354 1329 est
2384 1277 2437 1329 in
2463 1275 2720 1338 Ecclesia,
2764 1276 2816 1329 in
2852 1292 2957 1346 qua
2998 1278 3260 1332 militatur
3290 1278 3389 1334 tibi

1823 1386 1842 1417 ι
1877 1367 1932 1422 ἱιι
1972 1367 2189 1432 sazcu-la,
2217 1383 2237 1419 ›
2267 1366 2320 1421 id
2347 1376 2432 1421 est
2459 1366 2695 1436 quandiu
2723 1365 2940 1422 durabit
2969 1367 3021 1420 in
3054 1368 3196 1423 istud
3221 1385 3391 1424 saecu-

1813 1457 2021 1525 ium,et
2041 1460 2181 1514 sicut
2203 1459 2360 1514 modo
2381 1467 2648 1530 protegor,
2673 1459 2751 1513 sic
2775 1473 2987 1530 semper
3014 1479 3032 1509 α
3062 1470 3313 1531 protegar
3337 1462 3390 1516 in

1819 1548 2162 1613 velamento,
2217 1568 2236 1601 ι
2305 1549 2357 1603 id
2420 1557 2503 1603 est
2551 1549 2606 1603 in
2650 1548 3060 1605 obumbratione
3115 1570 3135 1602 ι
3185 1551 3391 1606 alarum

1822 1651 2060 1708 tuarum,
2091 1661 2108 1693 ι
2141 1642 2192 1696 id
2219 1649 2302 1697 est
2328 1641 2627 1696 clementiae
2651 1651 2706 1696 ct
2727 1644 2978 1712 potentia:
3006 1651 3146 1700 tuan.

1896 1751 1915 1783 ‹
1944 1732 2226 1799 Quoniam.
2251 1751 2269 1785 ι
2310 1731 2408 1787 Hic
2447 1733 2633 1802 incipit
2662 1733 2893 1788 secunda
2920 1748 3065 1804 pars.
3100 1753 3118 1784 ‹
3142 1733 3240 1789 llic
3271 1749 3396 1804 pro-

1823 1832 1974 1895 tegar
2001 1825 2053 1878 in
2084 1823 2408 1887 velamento,
2429 1843 2450 1874 ι
2483 1832 2536 1876 et
2559 1823 2772 1879 tandem
2801 1823 2953 1878 dabis
2978 1843 2997 1875 ‹
3024 1824 3395 1878 hteredltatem

132 1913 241 1967 hoc
261 1913 467 1966 scilicet
496 1931 508 1965 :
534 1911 784 1967 Lmtabor
810 1913 875 1967 de
895 1913 1298 1968 resurrectione
1319 1929 1414 1984 per
1439 1930 1524 1968 me
1551 1914 1715 1979 facta,
1751 1907 1798 1968 Β
1827 1911 2138 1972 timentibus
2177 1913 2376 1970 'nomeu
2427 1923 2575 1968 tuum
2611 1933 2623 1967 :
2660 1933 2678 1965 ›
2709 1929 2815 1969 ηοη
2852 1915 2973 1970 dico
3001 1915 3174 1980 dabis,
3201 1915 3294 1969 sed
3329 1929 3396 1969 ex

131 2012 194 2058 et
223 2004 466 2074 partibor
505 2003 802 2058 Sichimam
833 2012 887 2058 et
915 2003 1214 2060 convallem
1245 2005 1716 2060 tabernaculorum

133 2093 391 2147 metibor.
439 2091 586 2148 Heus
629 2102 713 2147 est
740 2092 964 2158 Galaad,
1012 2109 1164 2149 meus
1214 2103 1298 2148 est
1325 2094 1618 2160 Manasses,
1665 2103 1719 2149 et

131 2183 415 2252 Ephraim,
463 2185 514 2238 id
561 2193 647 2240 est
693 2183 1050 2250 fructificans,
1103 2194 1190 2240 est
1232 2184 1492 2240 fortitudo
1528 2186 1720 2255 capitis

126 2277 266 2342 mei,
297 2277 351 2331 id
383 2287 466 2332 est
497 2294 630 2332 meae
673 2278 972 2332 divinitatis
1000 2296 1014 2343 ;
1041 2279 1094 2334 in
1126 2279 1232 2334 illis
1264 2295 1369 2334 non
1417 2280 1721 2334 infirmatur

129 2380 297 2438 caput
329 2386 527 2435 meum,
552 2372 644 2426 sed
671 2371 909 2426 suaviter
929 2373 1179 2440 quiescit.
1209 2370 1368 2436 Juda,
1404 2373 1455 2426 id
1485 2381 1568 2428 est
1593 2387 1720 2427 cona-

127 2460 315 2526 fltens,
343 2470 428 2516 est
456 2478 550 2516 rex
575 2478 748 2525 meus,
775 2477 933 2531 quem
955 2476 1055 2532 ego
1081 2462 1406 2522 constituam
1433 2477 1634 2531 regem,
1665 2471 1719 2518 et

128 2553 424 2607 extendam
453 2553 882 2606 calceamentum
913 2567 1112 2616 meum,
1142 2551 1195 2605 id
1223 2560 1305 2606 est
1327 2552 1718 2607 humanitatem

114 2648 334 2708 meam,
362 2660 469 2715 qua
499 2645 601 2699 fuit
633 2645 869 2699 calceata
904 2645 1180 2709 divinitas,
1215 2645 1267 2698 in
1305 2645 1613 2709 Idumaeam,
1646 2645 1721 2698 fa-

129 2735 332 2790 ciendo
372 2750 491 2790 eam
528 2735 601 2789 ibi
647 2735 975 2788 annuntiari.
1010 2733 1144 2801 Quis
1180 2734 1446 2790 deducet?
1487 2735 1721 2804 quando-

127 2826 356 2897 quidem
385 2825 634 2882 Christus
661 2826 778 2880 hazc
803 2826 945 2880 bona
970 2823 1099 2880 facit
1128 2825 1279 2891 mihi,
1307 2841 1408 2896 ego
1441 2826 1532 2896 qui
1556 2825 1722 2880 dedu-

127 2924 228 2973 cet
250 2930 334 2972 me
361 2917 414 2971 in
443 2917 717 2972 civitatem
742 2916 1040 2970 munitam?
1067 2923 1122 2970 et
1149 2925 1369 2973 caetera.

630 3007 697 3062 IN
739 3007 1070 3062 PSALMUM
1111 3008 1222 3064 LX.

240 3097 501 3152 Tlruws.
535 3096 602 3151 In
627 3097 784 3166 linem
816 3099 871 3151 in
901 3097 1107 3168 hymnis
1143 3097 1378 3168 psalmus
1422 3096 1616 3152 David.

217 3218 234 3250 ι
273 3199 502 3264 Exaudi,
532 3200 694 3266 Deus,
728 3199 1163 3270 deprecationem
1193 3217 1388 3257 meam.
1427 3221 1444 3255 ο
1473 3200 1718 3256 Psalmus

1823 2011 1984 2066 nimia
2007 2008 2295 2064 securitate
2316 2007 2436 2063 dico
2464 2025 2484 2057 ‹
2521 2007 2735 2062 dedisti.
2783 2027 2801 2059 ι
2835 2007 2902 2061 Et
2927 2007 3046 2061 ideo
3069 2015 3255 2061 certus
3279 2022 3396 2061 sum

1820 2102 1886 2159 de
1916 2100 2231 2163 securitate,
2267 2117 2286 2148 ι
2319 2098 2574 2168 quoniam
2604 2107 2686 2162 tu,
2717 2097 2877 2162 Deus,
2906 2098 3172 2152 exaudisti
3199 2098 3401 2152 oratio-

1827 2215 1845 2246 ι
1881 2208 2005 2247 nem
2040 2203 2239 2255 meam,
2286 2209 2304 2242 ι
2337 2190 2563 2253 scilicet,
2602 2187 2861 2244 exaudies
2895 2189 3111 2258 quando
3137 2189 3308 2253 dabis,
3349 2197 3402 2244 et

1820 2285 1986 2340 etiam
2024 2282 2312 2345 exaudisti,
2342 2280 2668 2336 conferendo
2705 2279 2838 2334 mihi
2865 2280 3118 2336 virtutes.

1898 2395 1915 2427 ι
1954 2374 2081 2429 Dies
2114 2388 2274 2443 super
2295 2372 2429 2426 dies.
2467 2390 2485 2421 ›
2526 2370 2655 2424 Dico
2684 2370 3058 2425 haereditatem
3097 2370 3268 2435 dabis,
3303 2371 3401 2425 sci-

1821 2467 1944 2522 licet
1978 2485 1997 2516 ι
2037 2465 2152 2520 dies
2190 2478 2355 2533 super
2382 2463 2497 2517 dies
2538 2462 2702 2530 regis,
2750 2481 2770 2514 ι
2818 2462 2871 2516 id
2896 2471 2977 2516 est
3014 2462 3237 2526 Christi,
3267 2477 3406 2532 quos

1823 2559 2084 2615 habemus
2123 2558 2177 2610 in
2228 2556 2329 2610 hac
2375 2555 2507 2618 vita,
2550 2553 2773 2621 adjicies
2815 2554 2969 2608 nobis
3000 2554 3116 2609 dies
3149 2561 3403 2618 aeternos,

1821 2668 1956 2724 quos
1991 2649 2152 2706 modo
2191 2648 2441 2704 Christus
2483 2646 2666 2711 habet,
2713 2655 2768 2702 et
2805 2660 2968 2715 super
3013 2660 3187 2700 annos
3237 2647 3402 2716 regis,

1821 2759 1956 2814 quos
1979 2743 2240 2797 habemus
2266 2739 2320 2793 in
2350 2740 2450 2792 hac
2476 2737 2604 2800 vita,
2655 2755 2673 2786 c
2719 2735 2944 2805 adjicies
2987 2750 3160 2790 annos
3200 2734 3336 2802 ejus,
3378 2755 3396 2786 ι

1823 2835 1876 2890 id
1903 2841 1986 2890 est
2013 2841 2246 2888 :eternos
2271 2843 2463 2893 annos,
2488 2843 2624 2898 quos
2651 2827 2810 2881 modo
2851 2825 3102 2882 Christus
3130 2825 3312 2879 habet.
3343 2824 3401 2878 ln

1823 2926 1926 2981 hac
1955 2924 2066 2977 vita
2100 2921 2263 2976 habet
2297 2919 2434 2984 dies,
2464 2933 2601 2988 quos
2633 2916 2882 2972 Christus
2913 2916 3124 2981 habuit,
3163 2916 3256 2986 qui
3285 2915 3405 2969 imi-

1823 3012 2252 3083 taturjustitiam
2277 3008 2416 3078 ejus,
2453 3009 2553 3062 hos
2583 3015 2763 3062 autem
2787 3007 3011 3070 habent,
3037 3005 3130 3076 qui
3163 3021 3269 3060 non
3299 3005 3399 3059 ha-

1821 3109 1954 3166 bent
1980 3122 2153 3163 aunos
2173 3147 2187 3170 ,
2219 3106 2359 3161 sicut
2396 3102 2736 3174 Hippolytus,
2773 3102 2864 3172 qui
2901 3115 3007 3155 non
3032 3099 3166 3154 vixit
3191 3099 3244 3154 in
3275 3097 3400 3162 fide,

1822 3203 1928 3260 nisi
1955 3211 2066 3258 tres
2093 3201 2230 3265 dies,
2257 3207 2311 3253 et
2337 3197 2500 3266 aliqui
2523 3196 2791 3261 similiter,
2823 3202 2878 3249 et
2905 3203 3125 3265 propter
3146 3193 3250 3250 hoc
3275 3192 3403 3248 sub-

132 3291 244 3346 iste
273 3292 458 3361 dirigit
481 3293 533 3345 in
565 3253 756 3354 finem,
791 3253 1006 3346 habitus
1035 3291 1088 3344 in
1117 3293 1350 3361 hymnis.
1382 3293 1436 3346 in
1467 3293 1718 3348 laudibus
1745 3253 1792 3316 Ο
1825 3295 1904 3349 dit
1931 3307 2102 3350 annos
2134 3309 2148 3345 :
2181 3304 2353 3344 annos
2387 3253 2509 3344 dico
2539 3285 2782 3356 adiicias,
2823 3295 2959 3356 Quos
3001 3285 3117 3354 ipse
3154 3283 3404 3338 Christus

135 3379 368 3444 scilicet,
410 3381 598 3445 David,
639 3381 695 3433 id
730 3390 813 3433 est
844 3379 1067 3433 Christi.
1100 3380 1157 3434 In
1179 3380 1282 3434 hoc
1322 3380 1466 3434 enim
1515 3381 1723 3451 psalmo

136 3481 292 3527 totus
325 3471 630 3525 ostenditur
657 3470 882 3540 populus
925 3485 956 3523 a
988 3471 1196 3524 cunctis
1235 3471 1484 3539 partibus
1514 3473 1719 3536 mundi,

137 3577 243 3632 per
271 3575 462 3614 omnes
486 3559 859 3614 successiones
894 3559 1129 3614 clamare
1165 3559 1231 3613 ad
1263 3560 1546 3615 Dominum
1575 3561 1727 3616 Chrio

142 3657 313 3704 stum.
339 3646 588 3702 Ostendit
608 3648 792 3711 etiam,
815 3649 955 3716 quod
981 3663 1076 3717 per
1093 3646 1365 3704 Christum
1395 3651 1461 3703 ad
1481 3651 1724 3704 eamdem

144 3739 544 3803 hmreditatcm,
576 3753 735 3807 quam
765 3739 878 3808 ipse
903 3738 1150 3793 Christus
1181 3741 1364 3804 habet,
1388 3738 1474 3792 ille
1503 3739 1728 3810 p0pulus

142 3827 418 3897 pervenit.
445 3826 664 3881 Materia
693 3836 775 3880 est
815 3827 986 3881 fidelis
1015 3828 1262 3896 populus,
1294 3829 1405 3897 qui.
1435 3829 1623 3884 Modus
1643 3838 1728 3884 est

134 3919 292 3990 quod
315 3919 367 3972 in
395 3920 566 3989 prima
587 3929 738 3989 parte
759 3919 996 3974 ostendit
1017 3934 1074 3974 se
1094 3919 1330 3975 clamare
1362 3921 1427 3975 ad
1449 3920 1724 3975 Christum

141 4019 208 4064 ut
238 4010 442 4065 dictum
472 4019 573 4064 est.
596 4010 662 4063 Et
689 4011 922 4065 secunda
945 4019 1118 4079 parte,
1147 4025 1265 4080 quae
1295 4011 1500 4080 incipit.
1533 4029 1552 4062 ‹
1583 4012 1726 4078 Quo-

135 4101 296 4154 niam
331 4108 408 4164 tu,
441 4100 581 4153 Deus
611 4114 784 4166 meus,
810 4099 1074 4154 esaudisti
1101 4102 1402 4155 orationem
1442 4117 1616 4156 meam
1652 4119 1665 4155 :
1702 4123 1720 4154 ι

139 4191 388 4246 ostendit
417 4206 475 4245 se
500 4190 698 4246 Christi
727 4192 1096 4246 hatreditatem
1119 4193 1340 4247 habere.
1368 4192 1601 4249 Intentio
1622 4205 1725 4259 est,

136 4291 342 4339 contra
372 4283 490 4338 illos
509 4325 522 4347 ,
557 4285 647 4353 qui
676 4285 925 4339 dicebant
951 4283 1225 4338 Christum
1256 4299 1378 4340 esse
1409 4299 1727 4355 paucorum,

139 4376 439 4430 ostendere
460 4376 735 4431 Christum
761 4391 882 4431 esse
913 4391 1093 4447 regem
1118 4377 1514 4432 universorum.
1541 4377 1732 4448 ln’cipit

143 4467 220 4520 ab
255 4467 501 4522 oratione
540 4467 619 4520 sic
669 4482 684 4520 :
745 4485 763 4518 ι
803 4465 1029 4530 Exaudi,
1075 4466 1237 4530 Deus,
1293 4470 1729 4537 deprecationem

147 4571 332 4610 meam
361 4575 379 4607 ι
403 4557 470 4610 de
495 4557 790 4611 remotione
836 4556 1119 4619 malorum,
1155 4575 1174 4608 ‹
1199 4567 1257 4613 et
1283 4559 1516 4613 orationi
1546 4573 1678 4613 mea:
1707 4580 1722 4610 ι

148 4646 312 4700 facta:
351 4646 417 4700 de
454 4647 830 4716 impetratioue
867 4655 1084 4702 teternaz
1111 4649 1233 4702 vita:
1286 4667 1305 4701 ς
1340 4649 1558 4705 intende
1593 4667 1615 4702 ι
1650 4651 1732 4705 in-

149 4747 365 4791 tentum
387 4746 439 4792 te
462 4739 667 4808 przebe:
689 4739 813 4810 quia
827 4754 916 4794 res
943 4754 1136 4809 magna
1159 4748 1262 4806 est,
1276 4756 1411 4812 opus
1437 4751 1518 4797 est
1540 4758 1730 4814 magna

151 4827 475 4884 intentione.

241 4936 258 4968 ι
291 4918 512 4973 Intende
540 4937 559 4970 ι
584 4919 726 4985 dico,
749 4920 874 4989 quia
898 4937 915 4970 ι
949 4920 1198 4990 clamavi,
1224 4944 1242 4976 ι
1273 4924 1325 4979 id
1351 4935 1435 4979 est
1457 4924 1731 4980 irremisse

152 5007 342 5063 cordis
360 5010 673 5064 extensione
703 5011 885 5081 peregi
906 5029 924 5062 ε
958 5011 1024 5066 ad
1051 5020 1103 5068 te
1132 5032 1150 5065 ι
1179 5014 1483 5070 habendum
1507 5036 1525 5068 σ
1553 5030 1583 5070 a
1615 5015 1733 5069 fini-

155 5099 264 5153 bus
287 5106 464 5164 terrae,
504 5119 523 5152 ι
553 5100 606 5154 id
628 5110 730 5166 est,
761 5102 828 5157 de
849 5103 1100 5160 omnibus
1131 5104 1327 5161 finibus
1347 5113 1526 5171 terrae,
1557 5123 1576 5155 ε
1605 5107 1730 5161 dum

159 5189 479 5244 anxiaretur
503 5205 598 5246 cor
635 5207 813 5247 meum
846 5213 865 5246 ι
901 5193 1015 5250 sive
1053 5197 1466 5261 exteriori,sive
1486 5199 1733 5255 interiori

159 5267 532 5346 tribulatione,
559 5290 614 5335 et
635 5297 720 5337 me
741 5281 1064 5338 clamantem
1094 5300 1160 5341 ex
1183 5287 1506 5343 necessitate
1541 5308 1560 5339 ι
1592 5289 1736 5345 exal-

163 5370 290 5423 tasti
327 5387 346 5422 ι
408 5369 687 5427 liberando
742 5386 773 5424 a
821 5371 1013 5437 malis,
1065 5374 1392 5432 conferendo
1445 5375 1729 5445 justitiam.

165 5456 252 5512 Me
289 5457 412 5514 dico
447 5460 680 5529 positum
721 5477 739 5510 ι
779 5460 831 5514 in
873 5469 1027 5530 petra
1057 5481 1077 5516 ι
1115 5464 1170 5519 in
1203 5464 1421 5523 Christo
1462 5468 1733 5524 firmatum

165 5567 264 5624 per
292 5552 477 5618 fidem,
505 5554 559 5609 in
588 5569 694 5624 quo
719 5569 944 5610 securus
968 5570 1110 5622 sum,
1138 5557 1279 5614 sicut
1307 5559 1503 5632 aliquis
1531 5562 1738 5632 positus

167 5643 223 5698 in
268 5643 629 5698 munitissima
674 5654 847 5714 petra.
880 5643 976 5700 Vel
1025 5662 1043 5696 ι
1091 5645 1145 5700 in
1181 5655 1356 5716 petra,
1397 5669 1415 5702 ι
1452 5651 1506 5706 id
1553 5661 1638 5708 est
1683 5651 1737 5707 in

168 5735 496 5790 constantia.

243 5825 309 5879 Et
347 5840 432 5882 me
484 5827 556 5882 ita
591 5827 910 5896 exaltatum,
954 5849 971 5880 ‹
1021 5831 1285 5887 deduxisti
1335 5849 1419 5888 me
1461 5856 1477 5884 ο
1527 5837 1592 5889 de
1623 5837 1734 5889 vir-

1825 3385 1985 3441 habet
2020 3402 2039 3434 ι
2069 3395 2238 3451 usque
2260 3381 2312 3434 in
2338 3381 2477 3434 diem
2496 3379 2861 3448 generationis
2879 3385 2934 3433 et
2956 3375 3344 3448 generationis,
3377 3395 3396 3428 ι

1827 3477 1882 3532 id
1929 3484 2014 3531 est
2059 3474 2287 3544 iudicii,
2339 3471 2556 3542 quando
2600 3470 2692 3525 fiet
2738 3469 3014 3540 generatio
3061 3469 3304 3539 corporis
3348 3477 3403 3524 et

1827 3566 2038 3620 animae.
2083 3563 2220 3627 Vel,
2261 3561 2624 3630 generationis
2659 3568 2715 3614 et
2764 3561 3162 3630 generationis,
3212 3559 3266 3614 id
3318 3570 3402 3615 est

1829 3653 2184 3724 semper.Alia
2201 3652 2344 3706 enim
2361 3649 2644 3704 translatio
2659 3648 2822 3702 habet
2841 3649 2890 3701 in
2908 3648 3163 3702 saaculum
3195 3648 3399 3703 surculi.

1905 3762 1924 3793 ι
1962 3743 2268 3798 Permanet.
2307 3759 2324 3791 ι
2363 3738 2493 3792 Dico
2523 3737 2665 3807 quod
2695 3737 2808 3791 dies
2840 3736 2979 3806 regis
3003 3735 3243 3804 adjicies,
3269 3751 3406 3804 quos

1830 3837 2033 3891 habere
2061 3848 2166 3888 non
2187 3839 2271 3885 est
2291 3844 2482 3900 parum
2509 3844 2524 3882 :
2551 3828 2676 3896 quia
2705 3842 2798 3881 rex
2836 3826 2923 3881 ille
2954 3841 3074 3881 cum
3105 3833 3216 3880 tota
3247 3825 3405 3880 fami-

1829 3928 1899 3982 lia
1926 3940 2021 3981 sua
2059 3943 2078 3976 ‹
2114 3931 2395 3995 permanet
2445 3920 2497 3974 in
2527 3928 2822 3982 aeternum,
2869 3939 2886 3970 ι
2923 3919 2974 3972 id
3018 3927 3101 3973 est
3142 3919 3260 3973 dies
3287 3917 3404 3986 ejus

1831 4015 2020 4071 aterni
2051 4022 2195 4068 sunt.
2236 4012 2427 4066 Adhuc
2463 4009 2816 4063 aeternitatem
2856 4008 3001 4062 illam
3037 4011 3401 4063 commendat.

1833 4107 1963 4162 Dico
1983 4111 2263 4176 permanet
2287 4102 2339 4156 in
2369 4109 2648 4162 ceternum,
2680 4114 2780 4154 nec
2801 4100 2902 4154 hoc
2925 4099 2980 4153 in
3005 4098 3098 4152 vili
3125 4099 3264 4164 loco,
3297 4098 3404 4154 imo

1835 4217 1855 4250 ‹
1905 4199 1961 4253 in
1989 4204 2281 4266 conspectu
2322 4193 2415 4247 Dei
2469 4211 2488 4244 ι
2547 4191 2671 4260 quia
2719 4205 2932 4260 semper
2972 4191 3258 4260 praesentia
3289 4188 3406 4257 ejus

1833 4291 2046 4355 fruitur,
2083 4299 2138 4344 et
2174 4288 2350 4344 adhuc
2378 4284 2737 4341 aeternitatem
2767 4283 3131 4346 commendat,
3161 4281 3289 4352 quia
3333 4281 3407 4336 ibi

1832 4382 2010 4437 nullus
2040 4379 2280 4450 requiret
2315 4376 2768 4438 misericordiam,
2815 4375 2940 4444 quia
2969 4373 3046 4428 ibi
3074 4373 3250 4428 nullus
3304 4374 3407 4428 mi-

1833 4487 1922 4528 ser
1949 4473 2072 4527 erit.
2110 4471 2305 4525 Iterum
2337 4468 2444 4521 alia
2474 4466 2872 4522 commendatio
2906 4464 3084 4532 :Quia
3120 4466 3193 4520 ibi
3229 4463 3409 4519 nullus

1837 4563 2076 4632 requiret
2125 4559 2438 4622 veritatem,
2475 4558 2603 4626 quia
2637 4571 2827 4611 omnes
2864 4556 2936 4611 ibi
2970 4555 3266 4626 perfectam
3310 4555 3406 4610 ba-

1835 4655 1965 4710 bent
2008 4652 2407 4724 cognitionem,
2441 4659 2495 4702 et
2536 4649 2639 4704 hoc
2672 4657 2758 4704 est
2787 4649 2927 4718 quod
2969 4649 3071 4704 sub
3115 4649 3410 4717 interroga-

1835 4748 1980 4802 tione
2015 4747 2187 4817 ponit,
2227 4762 2245 4793 ι
2292 4742 2716 4799 misericordiam
2754 4749 2808 4798 et
2843 4743 3127 4799 veritatem
3167 4743 3291 4815 quis
3325 4757 3410 4798 re-

1837 4837 2050 4906 quiret?
2085 4856 2104 4887 ο

1909 4927 2008 4983 Hic
2049 4927 2200 4999 ponit
2235 4941 2334 4998 pro
2364 4923 2686 4995 supradictis
2739 4922 2969 4979 laudem.
3011 4923 3400 4980 Continuatio:

1843 5041 1861 5073 ι
1889 5021 1954 5076 Et
1979 5021 2103 5092 quia
2126 5021 2241 5075 hzec
2265 5019 2395 5074 mihi
2423 5017 2828 5082 facies,oDeus,
2849 5037 2869 5070 ι
2893 5017 3014 5073 ideo
3045 5035 3063 5068 ί
3094 5014 3358 5087 psalmum
3382 5035 3401 5068 ι

1840 5113 2013 5170 dicam
2046 5113 2248 5168 nomini
2279 5120 2392 5176 tuo,
2429 5129 2446 5162 ι
2480 5110 2530 5164 id
2575 5120 2657 5165 est
2694 5111 2832 5165 bene
2857 5107 3139 5180 operabor,
3191 5106 3258 5161 ad
3288 5121 3410 5162 ειη-ο

1839 5205 2110 5275 pliandum
2134 5219 2326 5258 nomen
2348 5213 2522 5268 tuum,
2549 5203 2724 5258 ethoc
2750 5222 2768 5254 ι
2789 5203 2840 5256 ἰη
2867 5199 3120 5256 saeculum
3148 5198 3352 5264 saeculi,
3385 5220 3404 5250 ι

1841 5297 1894 5350 id
1924 5306 2009 5350 est
2041 5294 2276 5365 quandiu
2319 5294 2536 5349 durabit
2565 5293 2818 5350 saeculum
2862 5291 3026 5355 istud,
3065 5299 3122 5345 et
3155 5291 3254 5354 sic,
3296 5309 3314 5342 ‹
3353 5301 3412 5346 ut

1843 5385 2063 5441 reddam
2091 5393 2213 5440 vota
2241 5400 2358 5441 mea
2379 5386 2444 5440 de
2467 5385 2554 5440 die
2583 5383 2638 5439 in
2664 5383 2828 5447 diem,
2853 5400 2871 5434 ι
2905 5381 2959 5436 id
2985 5388 3069 5436 est
3089 5380 3323 5444 assidue,
3353 5391 3412 5432 ut

1843 5475 2047 5530 nullum
2090 5475 2232 5530 diem
2274 5475 2658 5537 intermittam,
2701 5473 2828 5542 quin
2863 5471 3151 5542 opererad
3197 5468 3408 5524 laudem

1844 5573 2010 5620 tuam.
2331 5627 2334 5630 ,

2329 5633 2396 5690 IN
2435 5633 2760 5690 PSALMUM
2799 5632 2930 5688 LXI.

1914 5721 2151 5784 TtrnLus
2185 5725 2250 5780 In
2275 5726 2431 5795 ﬁnem
2465 5740 2557 5795 pro
2599 5723 2817 5778 Idimun
2853 5721 3082 5793 psalmus
3123 5719 3318 5776 Dauid.

1921 5852 1938 5883 ι
1975 5832 2159 5887 Nonne
2200 5832 2326 5887 Deo.
2377 5852 2394 5884 ι
2449 5830 2691 5885 Psalmus
2722 5830 2822 5884 iste
2866 5828 3116 5886 convenit
3155 5826 3319 5882 David
3357 5835 3413 5881 et
