3940 6450
499 388 605 444 599

964 386 1322 444 IIAYMONIS
1357 386 1843 443 HALBERSTAT.
1883 388 2096 445 EPISC.
2140 390 2289 446 OPP.
2331 391 2510 447 PARS
2545 391 2584 446 Ι.
2626 422 2694 432 -—
2728 391 3086 449 COMMENT.
3128 392 3301 448 BIBL.

3687 395 3788 450 ιω

497 501 712 558 (veteris
729 498 925 570 justis‘,
954 500 1169 555 habitus
1197 516 1296 571 pro
1335 500 1544 553 ldithun
1565 541 1579 564 ,
1608 501 1661 554 id
1694 509 1771 555 est
1805 515 1902 569 pro
1940 509 2090 554 tran-
2119 509 2166 568 Α
2265 503 2612 558 Continnatio
2643 522 2656 557 :
2686 503 3072 572 Cogitaverunt
3118 504 3411 575 repellere,
3459 503 3538 559 ita
3578 505 3788 560 scilicet

495 591 802 646 amentibus
838 591 1079 662 dirigens
1113 591 1164 643 in
1205 589 1390 652 linem,
1441 590 1492 643 id
1539 599 1623 643 est
1676 589 1731 643 in
1787 590 2084 645 Christum.

495 681 721 738 Materia
758 692 897 736 sunt
940 683 1310 736 transilientes
1350 681 1504 745 tales,
1537 682 1628 750 qui
1670 682 1813 735 nulla
1857 697 2085 752 persua-

497 775 673 840 sione,
700 774 786 850 vel
811 773 1154 828 tribulatione
1177 783 1404 843 possunt
1427 773 1700 842 impediri,
1729 774 1858 842 quin
1890 773 2087 826 saltum

496 884 651 923 suum
677 866 993 938 perﬁciant,
1045 867 1253 921 scilicet
1293 867 1423 935 quin
1455 867 1687 921 terrenis
1723 865 1989 930 dimissis,
2019 865 2085 918 ad

495 959 608 1014 sola
636 957 878 1013 coelestia
897 956 1139 1012 tendant.
1173 956 1401 1011 Modus:
1428 955 1484 1008 ln
1517 959 1687 1024 prima
1721 964 1874 1024 parte
1903 965 2086 1010 osten-

493 1050 573 1104 dit
611 1062 670 1103 se
707 1062 813 1101 non
850 1061 1012 1116 posse
1045 1045 1316 1116 impediri,
1357 1045 1486 1114 quin
1518 1045 1711 1099 saltum
1737 1061 1892 1099 suum
1918 1045 2082 1114 perli-

489 1140 617 1203 ciat,
645 1138 982 1208 increpando
1017 1137 1212 1202 malos,
1256 1137 1347 1205 qui
1395 1136 1583 1190 volunt
1620 1151 1765 1199 cum,
1806 1135 1919 1189 sive
1955 1150 2081 1204 per-

489 1231 876 1294 suasionibus,
923 1230 1038 1282 sive
1089 1211 1529 1282 tribulationibus
1576 1227 1858 1296 impedire.
1895 1226 1952 1279 In
2000 1240 2084 1280 se-

487 1322 665 1377 cunda
693 1331 864 1391 parte,
895 1336 1016 1390 qua:
1039 1319 1231 1388 incipit
1263 1337 1276 1372 ε
1310 1319 1699 1374 Verumtamen
1721 1317 1830 1370 Deo
1859 1334 1872 1369 :
1899 1317 2082 1370 admo-

491 1423 583 1469 net
609 1415 846 1484 seipsum
878 1421 934 1466 et
968 1412 1135 1475 alios,
1166 1421 1225 1465 ut
1257 1413 1365 1465 Deo
1399 1407 1626 1476 subjecti
1656 1409 1782 1463 sint.
1826 1407 1882 1460 in
1922 1407 2080 1461 tertia

490 1516 670 1577 parte,
696 1522 816 1576 quae
844 1505 1033 1575 incipit
1059 1519 1072 1557 :
1103 1503 1482 1559 Verumtamen
1508 1503 1629 1556 vani
1656 1501 1748 1556 ﬁlii
1776 1501 2078 1564 hominum,

491 1600 734 1669 increpat
781 1599 953 1654 malos
1003 1600 1068 1654 de
1115 1598 1353 1668 nequitia
1410 1612 1526 1652 sua.
1581 1595 1814 1651 Intentio
1854 1604 1936 1651 est
1983 1611 2081 1650 nos

492 1691 809 1756 admonere,
845 1700 902 1745 ut
944 1691 1086 1746 nulla
1134 1689 1481 1744 tribulatione
1526 1687 1908 1758 impediantur,
1948 1687 2078 1756 quin

491 1801 520 1837 a
551 1784 783 1839 terrenis
815 1784 881 1837 ad
913 1783 1155 1838 cwlestia
1193 1780 1585 1837 transiliamus.
1618 1781 1696 1834 Ac
1721 1779 1767 1832 si
1798 1779 1964 1842 dicat,
1998 1778 2079 1831 in-

2194 610 2213 640 c
2251 605 2345 644 ore
2367 607 2464 645 suo
2489 593 2898 657 benedicebaut,
2935 613 2954 646 ι
2992 593 3044 648 id
3070 603 3176 658 est,
3200 593 3254 648 in
3281 609 3378 649 ore
3396 595 3601 652 bonum
3635 607 3787 665 opta-

2187 681 2340 745 bant,
2388 699 2406 730 σ
2454 689 2508 734 ει
2548 685 2715 736 corde
2737 699 2833 738 suo
2856 683 3288 749 maledicebant,
3337 703 3357 736 ι
3390 685 3444 738 id
3467 694 3555 739 est
3581 687 3627 740 si
3659 687 3786 756 quid

2186 770 2313 824 boni
2362 771 2632 836 dicebant,
2689 772 3024 843 deccptionis
3066 775 3363 831 intentione
3407 777 3693 831 dicebant.
3735 777 3786 833 la

2186 859 2288 915 hoc
2316 877 2473 916 versu
2502 863 2741 917 ostendit
2769 863 3030 920 latentem
3061 866 3550 937 impugnationem.
3587 868 3694 921 Vel
3719 871 3784 924 sic

2185 954 2536 1010 continua-tur
2579 956 2727 1026 :~lpsi
2752 956 3085 1012 interficiunt
3113 958 3260 1028 ipsos
3281 959 3549 1024 universi,
3583 961 3685 1015 sed
3715 970 3782 1014 ta-

2185 1060 2307 1098 men
2336 1047 2456 1102 ideo
2493 1063 2599 1103 non
2628 1058 2843 1104 cessant
2881 1050 3006 1120 ipsi,
3035 1051 3128 1106 sed
3164 1051 3347 1122 potius
3375 1055 3777 1122 cogitaverunt,

2183 1145 2239 1190 et
2263 1147 2481 1192 caetera.

2256 1246 2274 1278 c
2301 1226 2685 1284 Verumtamen
2709 1231 2834 1284 Deo.
2863 1249 2881 1280 ι
2903 1229 3035 1286 Pars
3050 1232 3304 1287 secunda.
3321 1233 3428 1303 lpsi
3444 1233 3779 1304 pertribulau

2185 1317 2358 1371 tiones
2399 1329 2454 1372 ct
2481 1334 2576 1388 per
2611 1319 2762 1374 dolos
2799 1336 2884 1375 me
2925 1323 3272 1392 impugnant,
3330 1342 3347 1374 ι
3400 1335 3776 1377 verumtamen

2182 1407 2424 1474 subjecta
2471 1419 2608 1474 esto,
2659 1411 2838 1464 anima
2886 1428 3032 1475 mea,
3068 1412 3217 1477 Deo,
3274 1432 3293 1464 ι
3360 1413 3463 1467 hoc
3516 1421 3627 1477 est,
3679 1415 3772 1466 noii

2181 1509 2400 1569 propter
2457 1502 2903 1569 persecutiones,
2960 1501 3224 1569 injurias,
3284 1502 3679 1558 tribulationes
3729 1515 3771 1556 et

2183 1589 2386 1660 reliqua
2435 1591 2572 1645 mala
2617 1593 2712 1646 tibi
2758 1593 2956 1662 injuste
3006 1593 3192 1658 illata,
3241 1594 3498 1656 deiicere,
3546 1605 3605 1648 et
3635 1609 3666 1646 a
3695 1594 3772 1647 Dei

2182 1684 2452 1738 mandatis
2479 1685 2803 1748 desciscere,
2828 1694 2886 1738 ut
2905 1685 2988 1739 vel
3015 1686 3090 1739 sis
3113 1686 3429 1755 impatiens,
3451 1685 3537 1739 vel
3574 1686 3632 1739 in
3661 1686 3772 1738 vitia

2181 1775 2468 1841 relabaris,
2499 1777 2594 1831 sed
2619 1776 2736 1843 eius
2761 1777 2907 1830 dicto
2935 1776 3014 1830 sis
3035 1777 3282 1839 audiens,
3321 1784 3376 1830 et
3405 1777 3607 1838 debes,
3647 1791 3770 1844 quo-

488 1873 761 1957 crepando
782 1873 952 1928 malos
987 1893 998 1927 :
1027 1873 1132 1928 Vos
1167 1872 1331 1927 vultis
1353 1871 1614 1942 impedire
1647 1885 1733 1925 me
1763 1884 1829 1924 ne
1854 1869 2067 1934 saliam,
2101 1867 2145 1920 Β
2178 1865 2322 1919 niam
2361 1882 2465 1921 non
2493 1882 2559 1922 ex
2600 1883 2712 1928 me,
2747 1868 2840 1921 sed
2883 1885 2902 1917 ι
2937 1868 3004 1920 ab
3036 1868 3153 1938 ipso
3183 1877 3268 1921 est
3291 1869 3562 1937 patientia
3588 1883 3726 1932 mea,
3747 1885 3765 1917 I

489 1966 584 2019 sed
612 1966 837 2028 l'rustra,
864 1966 988 2035 quia
1023 1985 1038 2015 ι
1070 1980 1250 2020 nonne
1273 1961 1514 2020 erit'Deo
1542 1961 1781 2031 subjecta
1809 1960 2025 2018 anima?
2055 1981 2073 2013 ι

494 2055 549 2110 id
583 2063 670 2112 est
693 2056 970 2119 obediens,
1005 2065 1058 2109 ει
1080 2055 1196 2125 ejus
1227 2054 1477 2108 mandata
1503 2054 1856 2108 custodiens?
1882 2052 2079 2106 Anima

488 2151 629 2214 dico,
679 2169 696 2202 ι
739 2166 882 2214 mea,
936 2169 952 2202 ι
989 2150 1040 2204 id
1088 2160 1173 2204 est
1204 2165 1338 2203 mea:
1386 2146 1696 2217 potestatis,
1743 2146 1910 2215 quia;
1955 2145 2082 2200 licet

487 2242 812 2310 quandoque
864 2255 1061 2308 corpus
1115 2238 1184 2292 sit
1241 2245 1434 2292 vestrae
1498 2235 1785 2306 potestatis
1817 2275 1831 2299 ,
1897 2242 2077 2287 tamen

487 2331 666 2386 anima
701 2346 974 2401 nunquam
1002 2330 1103 2385 nisi
1140 2343 1274 2383 mea:
1302 2328 1586 2397 potestatis
1609 2327 1735 2381 erit.
1783 2325 1918 2380 Vere
1947 2326 2078 2380 sub-

480 2423 644 2492 jecta,
669 2423 923 2486 etdebet,
959 2442 977 2474 ι
1016 2423 1085 2477 ab
1109 2423 1228 2492 ipso
1256 2421 1434 2486 enim,
1475 2439 1494 2473 ι
1526 2419 1736 2475 scilicet
1759 2418 1869 2473 Deo
1894 2417 2076 2481 Patre,

485 2527 570 2573 est
615 2537 633 2568 ι
678 2518 917 2573 salutare
951 2532 1153 2582 meum,
1211 2535 1229 2567 ι
1271 2515 1324 2569 id
1367 2523 1453 2569 cst
1489 2512 1760 2577 Christus,
1801 2510 1896 2582 qui
1927 2525 2080 2564 meus

488 2607 742 2665 Salvator
769 2618 875 2664 est.

558 2699 693 2755 Nam
720 2709 774 2756 et
798 2702 932 2772 ipse.
961 2701 1027 2755 Et
1049 2701 1185 2756 bene
1211 2699 1371 2756 debet
1399 2696 1639 2768 subjecta
1662 2697 1710 2752 ei
1744 2711 1864 2752 esse
1894 2696 2077 2750 anima

488 2805 610 2848 mea
637 2807 669 2845 a
695 2807 802 2862 quo
826 2793 961 2847 mihi
987 2792 1115 2846 illud
1143 2792 1385 2847 salutare
1407 2799 1515 2854 est,
1543 2809 1560 2840 ι
1593 2805 1716 2845 nam
1751 2790 1839 2844 ille
1867 2810 1885 2841 ι
1918 2805 1948 2843 a
1969 2804 2078 2858 quo

483 2885 753 2958 procedit,
779 2894 834 2940 et
857 2885 945 2940 ille
971 2886 1063 2956 qui
1093 2886 1357 2955 procedit,
1392 2902 1410 2934 ι
1433 2882 1576 2938 Deus
1602 2898 1752 2938 meus
1774 2891 1874 2947 est,
1914 2891 1969 2937 et
1992 2897 2078 2936 sa-

487 2979 676 3034 lutaris
701 2992 856 3034 meus
886 2997 903 3029 ›
931 2977 1057 3048 quia
1080 2991 1177 3048 per
1200 2985 1534 3046 assumptam
1561 2975 1952 3029 humanitatem
1988 2988 2076 3027 me

487 3069 715 3126 salvavit
734 3110 749 3137 ,
778 3088 796 3120 ‹
833 3079 890 3125 ει
911 3077 1191 3139 susceptor
1214 3083 1387 3132 meus,
1430 3087 1448 3119 ι
1484 3065 1609 3135 quia
1637 3080 1723 3119 me
1743 3065 1982 3134 suscepit
2010 3064 2076 3119 de

485 3162 696 3218 vilitate
722 3163 957 3233 peccati,
987 3161 1232 3216 ducendo
1268 3159 1336 3213 ad
1375 3159 1692 3229 dignitatem
1715 3156 1944 3228 iustitia:
1975 3173 1988 3209 :
2022 3163 2077 3209 et

2184 1956 2307 2025 quia
2344 1972 2449 2010 non
2473 1972 2683 2027 possem
2706 1958 2839 2027 pati,
2874 1958 2978 2012 nisi
3011 1958 3127 2027 ipse
3157 1957 3383 2012 faceret.

2249 2037 2320 2104 Et
2348 2050 2570 2105 iterum.
2610 2050 2733 2105 ldeo
2762 2051 2931 2105 debes
2967 2065 3088 2106 esse
3111 2051 3354 2120 subjecta
3397 2052 3615 2112 anima.
3663 2053 3770 2122 quia

2187 2161 2205 2193 ι
2245 2143 2360 2214 ipse
2398 2150 2481 2199 est
2521 2143 2661 2197 Deus
2703 2157 2854 2196 meus
2922 2151 2978 2196 et
3019 2140 3269 2196 Salvator
3301 2157 3459 2196 meus
3495 2162 3512 2193 ι
3560 2145 3661 2212 qui
3699 2158 3770 2200 me

2181 2235 2418 2305 suscepit
2445 2249 2541 2304 per
2568 2233 2965 2290 humanitatem
2999 2232 3317 2288 redimendo
3352 2250 3364 2285 :
3402 2250 3422 2283 ι
3467 2241 3523 2286 ει
3561 2253 3582 2285 ι
3621 2235 3766 2286 eiiam

2187 2347 2204 2378 ι
2241 2325 2455 2395 adjutor
2498 2340 2672 2392 meus,
2712 2344 2730 2377 ι
2787 2324 2855 2378 ad
2905 2324 3043 2386 bene
3091 2323 3449 2395 Operandum,
3498 2332 3558 2378 et
3602 2345 3620 2373 ε
3663 2326 3767 2378 ideo

2181 2433 2289 2471 non
2325 2417 2601 2489 emigrabo
2633 2436 2654 2468 ›
2693 2425 2752 2471 ut
2809 2415 3057 2472 recedam
3102 2416 3171 2471 ab
3195 2431 3282 2482 eo,
3326 2418 3674 2471 transeundo
3712 2418 3767 2470 ad

2180 2508 2414 2562 alienum
2461 2493 2644 2563 deum.

2249 2599 2366 2653 Non
2381 2599 2684 2670 emigrabo,
2697 2600 2822 2670 quia
2843 2600 2894 2654 in
2915 2614 2980 2655 eo
2995 2609 3076 2654 est
3091 2599 3221 2654 mihi
3235 2600 3411 2654 omnis
3426 2598 3764 2661 sufﬁcientia,

2179 2691 2357 2746 ethoc
2389 2699 2472 2746 est
2522 2710 2540 2742 ι
2587 2692 2640 2747 in
2669 2692 2780 2747 Deo
2810 2701 2895 2746 est
2920 2692 3159 2747 salutare
3188 2706 3388 2757 meum,
3434 2712 3454 2744 ι
3487 2692 3539 2745 id
3573 2701 3662 2746 est
3687 2708 3766 2761 per

2179 2767 2346 2836 Deum
2363 2783 2539 2837 habeo
2559 2781 2936 2848 salvationem,
2965 2801 2985 2832 ι
3014 2791 3068 2838 ει
3090 2782 3260 2854 gloria
3276 2798 3416 2848 mea,
3450 2802 3471 2835 ›
3502 2783 3557 2836 id
3575 2793 3663 2837 est
3684 2797 3766 2852 pe:

2179 2873 2353 2944 ipsum
2379 2874 2552 2929 habeo
2575 2874 2800 2945 gloriam
2817 2883 3036 2928 interna:
3060 2875 3184 2927 vita:
3206 2888 3220 2926 :
3246 2874 3445 2944 ct'ipse
3466 2882 3552 2928 est
3584 2891 3606 2924 ι
3637 2873 3765 2927 Deut

2178 2962 2364 3017 auxilii
2409 2964 2548 3026 mei,
2593 2982 2611 3014 ι
2653 2963 2704 3017 id
2751 2973 2835 3017 est
2864 2963 3156 3017 auxiliatur
3187 2963 3319 3017 mihi
3350 2964 3418 3017 ad
3451 2964 3596 3017 bene
3648 2979 3763 3033 ope-

2180 3053 2432 3120 randum,
2455 3062 2510 3110 et
2535 3055 2678 3123 quod
2701 3054 2914 3125 singula
2939 3053 3289 3109 enumerem?
3315 3053 3580 3108 universa
3604 3073 3624 3106 ι
3656 3069 3766 3124 spes

2181 3158 2299 3198 mea
2330 3144 2383 3198 in
2411 3143 2522 3199 Deo
2545 3155 2648 3199 est.
2689 3164 2708 3197 ›

485 3255 655 3312 ideo:
678 3270 785 3310 non
809 3254 1069 3309 movebor
1099 3252 1351 3323 amplius,
1384 3271 1402 3304 ›
1439 3251 1490 3305 id
1517 3259 1600 3306 est
1636 3250 1761 3304 licet
1784 3248 2072 3319 aliquando

2247 3234 2314 3289 Et
2344 3235 2779 3305 quandoquidem
2814 3235 2939 3290 talis
2986 3242 3090 3299 est,
3143 3253 3162 3285 ι
3189 3234 3368 3289 omnis
3419 3233 3766 3305 congregth

483 3356 665 3403 motus
685 3347 904 3411 fuerim,
940 3355 1120 3399 tamen
1154 3343 1381 3398 ulterius
1411 3359 1516 3397 non
1556 3341 1831 3396 movebor.

555 3439 623 3493 Et
651 3439 869 3508 quando
899 3438 1117 3507 quidem
1145 3435 1306 3490 talem
1338 3433 1889 3496 habeo-Salvatorem,
1909 3445 1946 3484 ea
1968 3443 2076 3500 quo

485 3534 724 3604 amplius
765 3550 873 3588 non
903 3533 1182 3597 movebor,
1206 3546 1356 3602 ergo,
1383 3546 1416 3584 o
1457 3530 1629 3596 stulti,
1663 3549 1682 3580 ι
1729 3542 2009 3598 quousque
2051 3545 2070 3578 ι

485 3627 538 3682 id
566 3635 650 3681 est
691 3625 930 3696 quandiu
964 3645 980 3675 ι
1017 3624 1220 3678 irruitis
1260 3624 1311 3677 in
1362 3623 1634 3677 hominem
1673 3642 1692 3675 ι
1726 3621 2074 3685 εχιειίοτεηι,

485 3717 694 3774 scilicet
727 3715 1177 3771 irrationabiliter
1212 3715 1473 3784 impetum
1513 3712 1694 3768 facitis
1724 3754 1738 3779 ,
1779 3713 1906 3782 quia
1951 3711 2077 3765 licet

483 3823 682 3878 corpus
704 3806 924 3878 possitis
951 3804 1189 3875 allligere
1207 3845 1221 3870 ,
1249 3821 1355 3859 non
1384 3803 1608 3874 potestis
1634 3812 1812 3857 tamen
1835 3803 2074 3856 animam

485 3907 726 3968 tangere,
750 3905 935 3950 etnon
965 3897 1142 3948 solum
1177 3895 1250 3948 ita
1285 3895 1514 3958 irruitis,
1543 3903 1601 3948 ut
1630 3895 1770 3948 bona
1801 3893 1958 3949 nobis
1979 3908 2077 3946 ex-

484 3992 688 4047 teriora
741 3988 1044 4053 auferatis,
1095 3989 1188 4042 sed
1244 4003 1341 4042 vos
1399 4007 1416 4037 ι
1464 3987 1704 4042 universi
1765 3989 2076 4044 interlicitis

484 4083 662 4154 ipsos,
699 4099 718 4133 ›
753 4088 808 4135 ει
856 4081 995 4134 hanc
1035 4077 1360 4132 sententiam
1411 4078 1672 4146 approbat
1701 4078 1805 4132 alia
1837 4079 2074 4134 transla-

483 4176 580 4241 tio,
611 4188 731 4244 quze
762 4172 893 4227 dicit
933 4189 946 4225 :
981 4168 1288 4225 interﬁcitis
1325 4167 1626 4223 universos.
1663 4170 1756 4223 Vel
1786 4170 1866 4224 sic
1907 4188 1919 4222 :
1968 4170 2075 4226 Vos

484 4268 695 4323 irruitis
727 4267 780 4322 in
811 4253 1086 4321 hominem
1107 4303 1122 4328 ,
1161 4270 1218 4316 et
1249 4261 1485 4316 universi
1513 4260 1820 4318 interlicitis
1857 4277 1953 4318 vos
1987 4263 2072 4318 in-

485 4359 678 4423 terius,
706 4358 832 4428 quia
856 4371 981 4410 cum
1005 4353 1162 4408 bonis
1184 4350 1386 4406 malum
1416 4351 1618 4417 facitis,
1635 4351 1879 4422 vosipsos
1908 4353 2073 4408 inter-

485 4448 670 4514 ﬁcitis,
704 4446 910 4501 irruitis
946 4445 1088 4508 dico,
1149 4463 1165 4493 ι
1215 4450 1474 4512 tanquam
1505 4442 1698 4510 parieti
1732 4442 2010 4508 inclinato,
2046 4462 2066 4496 ι

485 4541 613 4611 quia
640 4540 780 4595 sicut
808 4537 987 4607 paries
1030 4535 1321 4590 inclinatus
1356 4547 1561 4603 pronus
1602 4543 1683 4588 est
1730 4533 1796 4588 ad
1836 4535 2069 4599 ruinam,

487 4635 568 4689 sic
589 4632 790 4704 putatis
817 4645 916 4685 nos
937 4643 1136 4699 pronos
1162 4627 1228 4682 ad
1256 4630 1492 4692 ruinam,
1520 4636 1776 4697 tanquam
1806 4629 1952 4682 omni
1982 4628 2074 4683 de-

487 4722 776 4777 stituamur
797 4719 1021 4784 auxilio,
1050 4739 1068 4770 ‹
1101 4726 1155 4772 ει
1177 4718 1427 4773 maceria
1451 4718 1706 4790 depulsae,
1732 4737 1750 4768 ι
1779 4718 1905 4788 quia
1933 4719 2079 4775 sicut

487 4811 726 4868 maceria
750 4812 802 4866 in
827 4811 1004 4882 seipsa
1031 4809 1240 4880 fragilis
1261 4818 1364 4875 est,
1392 4810 1518 4879 quia
1541 4810 1657 4864 sine
1683 4818 1946 4864 eminente
1969 4821 2071 4877 est,

487 4907 534 4962 si
564 4905 786 4975 depulsa
819 4912 934 4969 est,
964 4917 1192 4974 prorsus
1220 4901 1275 4955 in
1311 4901 1525 4955 ruinam
1565 4899 1834 4965 imminet,
1865 4901 1945 4956 sic
1975 4918 2074 4958 nos

485 5000 690 5070 putatis
719 4983 838 5054 esse
871 4998 990 5054 sine
1011 4995 1160 5052 omni
1186 4993 1534 5064 colligatione
1567 5000 1624 5047 et
1657 5006 1858 5062 pronos
1893 4993 2070 5050 fundi-

486 5102 576 5146 tus
598 5091 666 5145 ad
693 5091 925 5146 ruinam.

559 5182 670 5239 Nos
691 5183 836 5238 enim
865 5197 975 5238 non
1009 5193 1197 5235 sumus
1234 5176 1527 5233 inclinatus
1556 5177 1754 5248 paries,
1784 5177 1867 5235 vel
1896 5193 2074 5235 mace-

488 5277 592 5331 ria.
621 5291 640 5324 ‹
677 5273 1063 5328 Verumtamen
1103 5287 1122 5320 ι
1157 5281 1265 5322 non
1294 5266 1416 5322 ideo
1437 5275 1652 5322 cessant
1674 5267 1818 5330 mali,
1847 5267 1944 5322 sed
1973 5281 2072 5336 po-

489 5367 598 5421 tius
629 5382 649 5416 ι
685 5362 1057 5434 cogitaverunt
1093 5356 1357 5427 repellere
1393 5375 1412 5409 ι
1447 5371 1478 5410 a
1509 5372 1630 5423 me,
1664 5356 1716 5411 id
1744 5366 1828 5411 est
1862 5356 2076 5412 auferre

490 5457 624 5514 mlhi
658 5474 677 5509 ι
710 5453 946 5527 pretium
976 5464 1181 5516 meum,
1220 5470 1238 5502 ι
1268 5449 1322 5505 id
1347 5457 1433 5505 est
1459 5449 1652 5514 Deum,
1678 5464 1839 5518 quem
1865 5463 1966 5519 ego
1989 5465 2077 5505 so-

489 5550 601 5605 lum
629 5556 775 5618 peto.
811 5543 930 5599 Alia
968 5541 1254 5596 translatio
1296 5541 1482 5606 habet,
1533 5541 1794 5596 honorem
1844 5556 2026 5595 meum
2057 5558 2071 5595 :

488 5640 587 5696 sed
624 5648 805 5695 tamen
835 5651 936 5707 ego
962 5647 1179 5702 semper
1222 5651 1240 5684 ι
1278 5632 1493 5688 cucurri
1530 5652 1548 5684 ι
1580 5647 1677 5702 per
1706 5631 1979 5697 militiam,
2022 5639 2079 5687 et

488 5732 635 5786 viam
671 5729 830 5782 istam
857 5723 1192 5797 propositam
1223 5721 1530 5780 inﬂexibilis
1563 5743 1580 5774 ι
1616 5724 1668 5778 in
1706 5724 1818 5790 siti,
1857 5743 1876 5779 ι
1917 5709 2077 5780 idest

492 5818 679 5878 salutis
705 5836 914 5886 eorum,
951 5816 1077 5890 quia
1109 5831 1228 5872 eam
1257 5815 1480 5871 multum
1514 5816 1785 5874 sitiebam.

2103 4593 2150 4653 D

2176 3324 2359 3395 populi
2401 3333 2616 3396 sperate
2660 3325 2712 3379 in
2762 3340 2846 3390 eo,
2872 3344 2890 3376 ι
2925 3335 2980 3380 ει
3021 3332 3082 3378 ut
3125 3323 3345 3393 possitis
3392 3338 3588 3378 secure
3651 3336 3766 3392 spe-

2179 3431 2324 3481 rare,
2374 3434 2391 3466 ι
2433 3414 2692 3470 effundite
2739 3415 2904 3471 corda
2948 3422 3150 3479 vestra,
3182 3435 3200 3466 ι
3267 3413 3320 3468 id
3374 3422 3462 3468 est
3511 3420 3769 3467 evacuate

2178 3508 2341 3563 corda
2366 3516 2546 3563 vestra
2573 3508 2640 3562 ab
2661 3507 2807 3562 omni
2833 3507 3014 3572 sorde,
3043 3515 3102 3560 ut
3145 3505 3251 3560 sint
3308 3525 3326 3554 ι
3366 3520 3560 3560 coram
3604 3503 3719 3568 illo,
3745 3520 3764 3555 ι

2178 3597 2231 3652 id
2259 3598 2417 3652 estin
2448 3596 2784 3668 beneplacito
2832 3596 3022 3666 ipsius,
3063 3595 3189 3665 quia
3222 3595 3268 3649 si
3297 3609 3407 3649 non
3447 3594 3656 3649 habent
3681 3605 3771 3649 cor

2177 3701 2522 3756 evacuatum,
2568 3699 2625 3746 et
2673 3698 2913 3760 sperant,
2971 3704 3077 3743 non
3136 3695 3222 3742 est
3289 3702 3436 3757 spes,
3487 3687 3584 3741 sed
3637 3698 3774 3756 pra-

2178 3785 2433 3853 sumptio.
2467 3783 2600 3838 Dico
2622 3791 2856 3854 sperate,
2882 3781 3006 3850 quia
3038 3799 3056 3831 (
3097 3779 3237 3834 Deus
3263 3779 3480 3848 adjutor
3501 3787 3721 3840 noster,
3749 3795 3770 3828 ι

2179 3876 2390 3931 scilicet
2412 3875 2619 3930 ducens
2645 3890 2744 3929 nos
2775 3891 2793 3924 ι
2828 3874 2881 3927 in
2913 3882 3196 3927 aeternum.
3227 3890 3246 3922 ι

2254 3991 2274 4025 t
2312 3971 2718 4030 Verumtamen.
2745 3993 2762 4025 ι
2791 3973 2888 4028 ilic
2912 3972 3101 4041 incipit
3124 3971 3285 4026 tertia
3311 3985 3448 4040 pars.
3465 3968 3777 4023 Continua-

2178 4067 2254 4122 tio
2287 4081 2300 4120 :
2337 4066 2478 4120 Deus
2519 4073 2603 4120 est
2651 4063 2864 4133 adjutor
2916 4077 3160 4127 suorum,
3209 4080 3227 4112 ‹
3267 4069 3650 4115 verumtamen
3685 4059 3774 4112 filii

2177 4158 2459 4214 hominum
2493 4175 2510 4208 ι
2544 4157 2647 4211 hoc
2694 4171 2798 4210 non
2837 4154 3142 4218 attendunt,
3190 4151 3284 4207 sed
3327 4160 3455 4206 sunt
3503 4171 3521 4201 ι
3560 4151 3717 4214 vani,
3754 4169 3770 4200 ι

2180 4251 2234 4306 id
2266 4257 2351 4304 est
2381 4247 2549 4304 dediti
2575 4245 2935 4309 vanitatibus;
2961 4252 3090 4298 sunt
3123 4242 3290 4296 etiam
3339 4257 3356 4290 ι
3397 4239 3703 4293 mendaces
3726 4239 3775 4292 in

2175 4339 2416 4403 stateris,
2441 4357 2466 4392 -ι
2504 4338 2557 4392 id
2579 4346 2664 4392 est
2690 4337 2741 4391 in
2778 4335 3132 4405 ponderibus,
3156 4332 3299 4402 quod
3336 4330 3536 4385 falsum
3563 4332 3778 4400 pondus

2175 4431 2417 4486 vendunt
2449 4431 2502 4484 in
2535 4435 2782 4500 argento,
2816 4433 2874 4481 et
2918 4426 2973 4480 in
3017 4426 3222 4495 pipere,
3253 4422 3322 4477 ad
3351 4424 3457 4478 hoc
3515 4443 3535 4474 ‹
3572 4433 3637 4476 ut
3683 4422 3778 4492 ipsi

2176 4521 2449 4591 decipiant
2477 4519 2543 4575 de
2572 4519 2809 4572 vanitate
2831 4532 2948 4582 sua,
2963 4515 3017 4569 id
3039 4525 3123 4568 est
3150 4529 3244 4583 per
3266 4513 3575 4567 vanitatem
3599 4526 3780 4578 suam,

2177 4621 2586 4686 perseverantes
2615 4629 2633 4662 ι
2667 4610 2722 4665 in
2750 4609 2980 4678 idipsum
3005 4626 3027 4660 δ
3057 4606 3334 4670 vanitatis,
3369 4605 3424 4660 id
3449 4613 3540 4660 est
3568 4607 3641 4659 de
3680 4619 3779 4658 va-

2177 4708 2348 4762 nitate
2369 4706 2437 4760 ad
2459 4704 2755 4759 vanitatem
2787 4701 3088 4756 tendentes.
3137 4699 3232 4754 Vel
3259 4699 3560 4753 mendaces
3587 4699 3652 4752 in
3675 4708 3787 4753 sta-

2177 4798 2310 4852 tcris
2337 4805 2486 4860 sunt,
2520 4796 2573 4848 in
2601 4795 2735 4848 libra
2757 4791 3004 4860 iustitiae,
3034 4789 3160 4859 quia
3184 4804 3242 4844 se
3265 4789 3403 4843 tales
3445 4791 3785 4855 ostendunt,

2174 4887 2330 4958 quasi
2361 4885 2542 4939 omnia
2563 4883 2862 4955 ponderent
2877 4895 3053 4951 (eque,
3074 4880 3128 4934 id
3153 4887 3236 4934 est
3259 4880 3311 4932 in
3333 4880 3605 4934 omnibus
3619 4881 3788 4950 acqui-

2176 4987 2344 5034 tatem
2370 4977 2702 5041 custodiant,
2739 4975 2832 5030 sed
2867 4975 2994 5044 quia
3025 4973 3115 5027 alii
3151 4981 3276 5026 sunt
3322 4970 3585 5034 interius,
3621 4988 3790 5042 quam

2173 5085 2233 5124 se
2273 5067 2532 5124 simulent
2579 5066 2837 5130 exterius,
2864 5064 3028 5120 veluti
3075 5062 3318 5128 barbati,
3353 5061 3424 5117 ad
3453 5061 3566 5116 hoc
3596 5074 3667 5116 ut
3693 5062 3795 5133 ipsi

2174 5159 2310 5214 alios
2341 5159 2408 5213 de
2432 5156 2674 5212 vanitate
2709 5155 3003 5224 decipiant,
3049 5152 3282 5217 scilicet,
3329 5167 3427 5223 per
3469 5153 3797 5208 vanitatem

2175 5265 2331 5306 suam
2357 5248 2604 5304 ducendo
2629 5262 2724 5303 eos
2751 5247 2806 5300 in
2848 5245 3084 5316 idipsum
3137 5243 3415 5308 vanitatis,
3471 5252 3540 5298 ut
3597 5259 3797 5301 secum

2177 5356 2270 5398 eos
2301 5341 2471 5396 malos
2493 5339 2844 5396 constituant.

2252 5451 2362 5507 Vos
2391 5450 2487 5504 ﬁlii
2513 5449 2790 5504 hominum
2813 5448 2945 5504 estis
2965 5447 3038 5501 ita
3064 5447 3210 5513 vani,
3230 5445 3324 5502 sed
3348 5446 3632 5504 dimittite
3647 5448 3802 5504 vani-

2180 5552 2345 5598 tatem
2369 5550 2625 5607 vestram,
2647 5543 2826 5597 ethoc
2845 5549 2958 5596 est:
2991 5558 3008 5590 ι
3031 5539 3207 5594 Nolite
3235 5552 3459 5609 sperare
3487 5537 3549 5594 in
3582 5541 3804 5612 iniqui-

2180 5641 2312 5701 tate,
2332 5651 2350 5684 ι
2385 5641 2440 5686 ει
2463 5633 2599 5687 hanc
2644 5632 2986 5701 iniquitatem
3013 5645 3111 5699 per
3142 5639 3328 5699 partes
3349 5631 3729 5699 exsequitur,
3751 5641 3809 5687 et

2180 5724 2343 5780 etiam
2366 5723 2410 5778 si
2440 5737 2705 5794 pauperes
2743 5723 2898 5788 estis,
2933 5739 2952 5772 ι
2982 5720 3148 5776 nolite
3195 5721 3603 5790 concupiscere
3654 5725 3810 5796 rapi-

2182 5831 2279 5871 nas
2315 5835 2333 5868 ι
2368 5831 2468 5872 nec
2494 5814 2713 5870 divitias
2751 5814 3018 5884 diligatis,
3050 5822 3106 5867 et
3139 5814 3239 5868 hoc
3276 5823 3399 5868 est:
3435 5831 3452 5864 ‹
3479 5811 3724 5872 divitia
3765 5818 3812 5870 si
