  <div class='ocr_page' id='page_1' title='image "/cluster/home/n/w/nwhite01/storage/ocr_20150623/116/hvd.32044015466881/207.png"; bbox 0 0 3940 6446; ppageno 0'>
   <div class='ocr_carea' id='block_1_1' title="bbox 499 375 3766 442">
    <p class='ocr_par' dir='ltr' id='par_1_1' title="bbox 499 375 3766 442">
     <span class='ocr_line' id='line_1_1' title="bbox 499 375 3766 442; baseline -0 -4"><span class='ocrx_word' id='word_1_1' title='bbox 499 384 606 442; x_wconf 65' lang='grc' dir='ltr'><strong>ωδ</strong></span> <span class='ocrx_word' id='word_1_2' title='bbox 967 379 1321 436; x_wconf 70' lang='lat' dir='ltr'><strong>llAYMONIS</strong></span> <span class='ocrx_word' id='word_1_3' title='bbox 1361 376 1842 434; x_wconf 76' lang='lat' dir='ltr'><strong>HALBERSTAT.</strong></span> <span class='ocrx_word' id='word_1_4' title='bbox 1883 376 2096 432; x_wconf 78' lang='lat' dir='ltr'><strong>EPISC.</strong></span> <span class='ocrx_word' id='word_1_5' title='bbox 2139 376 2288 432; x_wconf 82' lang='lat' dir='ltr'><strong>OPP.</strong></span> <span class='ocrx_word' id='word_1_6' title='bbox 2330 375 2510 432; x_wconf 76' lang='lat' dir='ltr'><strong>PARS</strong></span> <span class='ocrx_word' id='word_1_7' title='bbox 2550 378 2590 431; x_wconf 89' lang='grc' dir='ltr'><strong>Ι.</strong></span> <span class='ocrx_word' id='word_1_8' title='bbox 2631 408 2701 420; x_wconf 86' lang='lat'><strong>--</strong></span> <span class='ocrx_word' id='word_1_9' title='bbox 2739 378 3093 435; x_wconf 77' lang='lat' dir='ltr'><strong>COMMENT.</strong></span> <span class='ocrx_word' id='word_1_10' title='bbox 3138 380 3305 436; x_wconf 84' lang='lat' dir='ltr'><strong>BiBL.</strong></span> <span class='ocrx_word' id='word_1_11' title='bbox 3666 383 3766 438; x_wconf 65' lang='grc'><strong>404</strong></span> 
     </span>
    </p>
   </div>
   <div class='ocr_carea' id='block_1_2' title="bbox 503 489 3764 566">
    <p class='ocr_par' dir='ltr' id='par_1_2' title="bbox 503 489 3764 566">
     <span class='ocr_line' id='line_1_2' title="bbox 503 489 3764 566; baseline -0.001 -14"><span class='ocrx_word' id='word_1_12' title='bbox 503 497 628 552; x_wconf 85' lang='lat' dir='ltr'><strong>mali</strong></span> <span class='ocrx_word' id='word_1_13' title='bbox 649 495 724 552; x_wconf 91' lang='lat' dir='ltr'><strong>illi</strong></span> <span class='ocrx_word' id='word_1_14' title='bbox 740 505 887 552; x_wconf 88' lang='lat' dir='ltr'><strong>etest</strong></span> <span class='ocrx_word' id='word_1_15' title='bbox 907 495 1052 566; x_wconf 84' lang='lat' dir='ltr'><strong>(ipsi)</strong></span> <span class='ocrx_word' id='word_1_16' title='bbox 1079 495 1310 564; x_wconf 84' lang='lat' dir='ltr'><strong>positum</strong></span> <span class='ocrx_word' id='word_1_17' title='bbox 1337 492 1403 546; x_wconf 91' lang='lat' dir='ltr'><strong>ad</strong></span> <span class='ocrx_word' id='word_1_18' title='bbox 1423 491 1862 562; x_wconf 77' lang='lat' dir='ltr'><strong>signiﬁcantium,</strong></span> <span class='ocrx_word' id='word_1_19' title='bbox 1893 510 1911 542; x_wconf 86' lang='grc'><strong>‹</strong></span> <span class='ocrx_word' id='word_1_20' title='bbox 1933 503 2080 560; x_wconf 72' lang='lat' dir='ltr'><strong>quze-</strong></span> <span class='ocrx_word' id='word_1_21' title='bbox 2106 493 2156 550; x_wconf 81' lang='grc' dir='ltr'><strong>Α</strong></span> <span class='ocrx_word' id='word_1_22' title='bbox 2185 489 2239 545; x_wconf 90' lang='lat' dir='ltr'>id</span> <span class='ocrx_word' id='word_1_23' title='bbox 2286 500 2372 545; x_wconf 90' lang='lat' dir='ltr'><strong>est</strong></span> <span class='ocrx_word' id='word_1_24' title='bbox 2412 491 2644 556; x_wconf 84' lang='lat' dir='ltr'><strong>occulte,</strong></span> <span class='ocrx_word' id='word_1_25' title='bbox 2683 508 2770 548; x_wconf 91' lang='lat' dir='ltr'><strong>me</strong></span> <span class='ocrx_word' id='word_1_26' title='bbox 2810 493 3016 548; x_wconf 91' lang='lat' dir='ltr'><strong>scilicet</strong></span> <span class='ocrx_word' id='word_1_27' title='bbox 3045 494 3335 556; x_wconf 74' lang='lat' dir='ltr'><strong>nesciente,</strong></span> <span class='ocrx_word' id='word_1_28' title='bbox 3378 503 3646 563; x_wconf 82' lang='lat' dir='ltr'><strong>quantum</strong></span> <span class='ocrx_word' id='word_1_29' title='bbox 3701 497 3764 549; x_wconf 81' lang='lat' dir='ltr'><strong>ad</strong></span> 
     </span>
    </p>
   </div>
   <div class='ocr_carea' id='block_1_3' title="bbox 501 581 2076 659">
    <p class='ocr_par' dir='ltr' id='par_1_3' title="bbox 501 581 2076 659">
     <span class='ocr_line' id='line_1_3' title="bbox 501 581 2076 659; baseline -0.007 -14"><span class='ocrx_word' id='word_1_30' title='bbox 501 592 708 646; x_wconf 78' lang='lat' dir='ltr'><strong>sierunt</strong></span> <span class='ocrx_word' id='word_1_31' title='bbox 743 608 761 640; x_wconf 73' lang='grc' dir='ltr'><strong>ι</strong></span> <span class='ocrx_word' id='word_1_32' title='bbox 795 587 1021 659; x_wconf 82' lang='lat' dir='ltr'><strong>perdere</strong></span> <span class='ocrx_word' id='word_1_33' title='bbox 1075 605 1092 637; x_wconf 79' lang='grc' dir='ltr'><strong>ι</strong></span> <span class='ocrx_word' id='word_1_34' title='bbox 1147 585 1378 640; x_wconf 89' lang='lat' dir='ltr'><strong>animam</strong></span> <span class='ocrx_word' id='word_1_35' title='bbox 1428 599 1627 646; x_wconf 91' lang='lat' dir='ltr'><strong>meam,</strong></span> <span class='ocrx_word' id='word_1_36' title='bbox 1665 603 1683 634; x_wconf 75' lang='grc' dir='ltr'><strong>ι</strong></span> <span class='ocrx_word' id='word_1_37' title='bbox 1719 583 1812 636; x_wconf 91' lang='lat' dir='ltr'><strong>sed</strong></span> <span class='ocrx_word' id='word_1_38' title='bbox 1843 583 1946 636; x_wconf 86' lang='lat' dir='ltr'><strong>hoc</strong></span> <span class='ocrx_word' id='word_1_39' title='bbox 1976 600 1994 631; x_wconf 71' lang='grc' dir='ltr'><strong>ι</strong></span> <span class='ocrx_word' id='word_1_40' title='bbox 2024 581 2076 634; x_wconf 93' lang='lat' dir='ltr'><strong>in</strong></span> 
     </span>
    </p>
   </div>
   <div class='ocr_carea' id='block_1_4' title="bbox 502 675 2074 750">
    <p class='ocr_par' dir='ltr' id='par_1_4' title="bbox 502 675 2074 750">
     <span class='ocr_line' id='line_1_4' title="bbox 502 675 2074 750; baseline -0.004 -16"><span class='ocrx_word' id='word_1_41' title='bbox 502 697 700 737; x_wconf 90' lang='lat' dir='ltr'><strong>vanum</strong></span> <span class='ocrx_word' id='word_1_42' title='bbox 737 701 755 733; x_wconf 74' lang='grc' dir='ltr'><strong>ι</strong></span> <span class='ocrx_word' id='word_1_43' title='bbox 791 679 917 750; x_wconf 85' lang='lat' dir='ltr'><strong>quia</strong></span> <span class='ocrx_word' id='word_1_44' title='bbox 950 678 1082 733; x_wconf 84' lang='lat' dir='ltr'>nihil</span> <span class='ocrx_word' id='word_1_45' title='bbox 1131 676 1470 746; x_wconf 82' lang='lat' dir='ltr'><strong>profuerunt,</strong></span> <span class='ocrx_word' id='word_1_46' title='bbox 1503 676 1595 730; x_wconf 93' lang='lat' dir='ltr'><strong>sed</strong></span> <span class='ocrx_word' id='word_1_47' title='bbox 1623 676 1804 746; x_wconf 88' lang='lat' dir='ltr'><strong>potius</strong></span> <span class='ocrx_word' id='word_1_48' title='bbox 1848 675 1949 729; x_wconf 87' lang='lat' dir='ltr'>sibi</span> <span class='ocrx_word' id='word_1_49' title='bbox 1974 689 2074 729; x_wconf 88' lang='lat' dir='ltr'><strong>no-</strong></span> 
     </span>
    </p>
   </div>
   <div class='ocr_carea' id='block_1_5' title="bbox 501 766 2071 840">
    <p class='ocr_par' dir='ltr' id='par_1_5' title="bbox 501 766 2071 840">
     <span class='ocr_line' id='line_1_5' title="bbox 501 766 2071 840; baseline -0.008 -13"><span class='ocrx_word' id='word_1_50' title='bbox 501 781 750 836; x_wconf 86' lang='lat' dir='ltr'><strong>cuerunt,</strong></span> <span class='ocrx_word' id='word_1_51' title='bbox 766 771 888 840; x_wconf 83' lang='lat' dir='ltr'><strong>quia</strong></span> <span class='ocrx_word' id='word_1_52' title='bbox 910 785 1006 839; x_wconf 87' lang='lat' dir='ltr'><strong>per</strong></span> <span class='ocrx_word' id='word_1_53' title='bbox 1021 770 1122 823; x_wconf 82' lang='lat' dir='ltr'><strong>hoc</strong></span> <span class='ocrx_word' id='word_1_54' title='bbox 1143 786 1161 818; x_wconf 87' lang='grc'><em>‹</em></span> <span class='ocrx_word' id='word_1_55' title='bbox 1185 767 1238 821; x_wconf 92' lang='lat' dir='ltr'><strong>in</strong></span> <span class='ocrx_word' id='word_1_56' title='bbox 1256 767 1512 821; x_wconf 84' lang='lat' dir='ltr'><strong>inferiora</strong></span> <span class='ocrx_word' id='word_1_57' title='bbox 1538 776 1694 821; x_wconf 63' lang='lat' dir='ltr'><strong>terra:</strong></span> <span class='ocrx_word' id='word_1_58' title='bbox 1715 766 2033 828; x_wconf 73' lang='lat' dir='ltr'><strong>introibant,</strong></span> <span class='ocrx_word' id='word_1_59' title='bbox 2054 783 2071 814; x_wconf 75' lang='grc' dir='ltr'><strong>ι</strong></span> 
     </span>
    </p>
   </div>
   <div class='ocr_carea' id='block_1_6' title="bbox 501 856 2076 926">
    <p class='ocr_par' dir='ltr' id='par_1_6' title="bbox 501 856 2076 926">
     <span class='ocr_line' id='line_1_6' title="bbox 501 856 2076 926; baseline -0.004 -11"><span class='ocrx_word' id='word_1_60' title='bbox 501 862 729 926; x_wconf 85' lang='lat' dir='ltr'><strong>scilicet,</strong></span> <span class='ocrx_word' id='word_1_61' title='bbox 767 862 824 918; x_wconf 84' lang='lat' dir='ltr'><strong>in</strong></span> <span class='ocrx_word' id='word_1_62' title='bbox 873 859 1164 922; x_wconf 80' lang='lat' dir='ltr'><strong>infernum,</strong></span> <span class='ocrx_word' id='word_1_63' title='bbox 1198 857 1338 912; x_wconf 84' lang='lat' dir='ltr'><strong>sicut</strong></span> <span class='ocrx_word' id='word_1_64' title='bbox 1386 858 1597 912; x_wconf 86' lang='lat' dir='ltr'><strong>Datban</strong></span> <span class='ocrx_word' id='word_1_65' title='bbox 1638 867 1692 913; x_wconf 87' lang='lat' dir='ltr'><strong>et</strong></span> <span class='ocrx_word' id='word_1_66' title='bbox 1720 857 1922 912; x_wconf 81' lang='lat' dir='ltr'><strong>Abiron</strong></span> <span class='ocrx_word' id='word_1_67' title='bbox 1968 856 2076 910; x_wconf 83' lang='lat' dir='ltr'><strong>vivi</strong></span> 
     </span>
    </p>
   </div>
   <div class='ocr_carea' id='block_1_7' title="bbox 502 947 2080 1021">
    <p class='ocr_par' dir='ltr' id='par_1_7' title="bbox 502 947 2080 1021">
     <span class='ocr_line' id='line_1_7' title="bbox 502 947 2080 1021; baseline -0.006 -12"><span class='ocrx_word' id='word_1_68' title='bbox 502 952 741 1021; x_wconf 84' lang='lat' dir='ltr'><strong>absorpti</strong></span> <span class='ocrx_word' id='word_1_69' title='bbox 768 959 894 1004; x_wconf 90' lang='lat' dir='ltr'><strong>sunt</strong></span> <span class='ocrx_word' id='word_1_70' title='bbox 923 948 1112 1019; x_wconf 84' lang='lat' dir='ltr'><strong>(Nunt.</strong></span> <span class='ocrx_word' id='word_1_71' title='bbox 1155 947 1292 1017; x_wconf 75' lang='lat' dir='ltr'><strong>xvr),</strong></span> <span class='ocrx_word' id='word_1_72' title='bbox 1328 965 1346 998; x_wconf 83' lang='grc'><em>‹</em></span> <span class='ocrx_word' id='word_1_73' title='bbox 1375 956 1432 1002; x_wconf 92' lang='lat' dir='ltr'><strong>et</strong></span> <span class='ocrx_word' id='word_1_74' title='bbox 1458 947 1738 1001; x_wconf 79' lang='lat' dir='ltr'><strong>tradentur</strong></span> <span class='ocrx_word' id='word_1_75' title='bbox 1785 947 1840 1002; x_wconf 90' lang='lat' dir='ltr'><strong>in</strong></span> <span class='ocrx_word' id='word_1_76' title='bbox 1885 961 2080 1001; x_wconf 89' lang='lat' dir='ltr'><strong>manus</strong></span> 
     </span>
    </p>
   </div>
   <div class='ocr_carea' id='block_1_8' title="bbox 500 1039 2081 1116">
    <p class='ocr_par' dir='ltr' id='par_1_8' title="bbox 500 1039 2081 1116">
     <span class='ocr_line' id='line_1_8' title="bbox 500 1039 2081 1116; baseline -0.004 -17"><span class='ocrx_word' id='word_1_77' title='bbox 500 1045 685 1116; x_wconf 78' lang='lat' dir='ltr'><strong>gladii,</strong></span> <span class='ocrx_word' id='word_1_78' title='bbox 719 1064 737 1095; x_wconf 72' lang='grc' dir='ltr'><strong>ι</strong></span> <span class='ocrx_word' id='word_1_79' title='bbox 781 1044 834 1098; x_wconf 91' lang='lat' dir='ltr'><strong>id</strong></span> <span class='ocrx_word' id='word_1_80' title='bbox 863 1042 1028 1097; x_wconf 88' lang='lat' dir='ltr'><strong>estin</strong></span> <span class='ocrx_word' id='word_1_81' title='bbox 1058 1048 1380 1110; x_wconf 87' lang='lat' dir='ltr'><strong>potestatem</strong></span> <span class='ocrx_word' id='word_1_82' title='bbox 1418 1039 1693 1104; x_wconf 78' lang='lat' dir='ltr'><strong>vindictze,</strong></span> <span class='ocrx_word' id='word_1_83' title='bbox 1745 1049 1800 1095; x_wconf 89' lang='lat' dir='ltr'><strong>et</strong></span> <span class='ocrx_word' id='word_1_84' title='bbox 1854 1058 1872 1088; x_wconf 73' lang='grc' dir='ltr'><strong>ε</strong></span> <span class='ocrx_word' id='word_1_85' title='bbox 1920 1047 2081 1094; x_wconf 86' lang='lat' dir='ltr'><strong>erunt</strong></span> 
     </span>
    </p>
   </div>
   <div class='ocr_carea' id='block_1_9' title="bbox 498 1131 2087 1206">
    <p class='ocr_par' dir='ltr' id='par_1_9' title="bbox 498 1131 2087 1206">
     <span class='ocr_line' id='line_1_9' title="bbox 498 1131 2087 1206; baseline -0.006 -17"><span class='ocrx_word' id='word_1_86' title='bbox 498 1144 680 1206; x_wconf 85' lang='lat' dir='ltr'><strong>partes</strong></span> <span class='ocrx_word' id='word_1_87' title='bbox 715 1134 976 1204; x_wconf 81' lang='lat' dir='ltr'><strong>vulpium,</strong></span> <span class='ocrx_word' id='word_1_88' title='bbox 1020 1152 1037 1184; x_wconf 77' lang='grc' dir='ltr'><strong>ι</strong></span> <span class='ocrx_word' id='word_1_89' title='bbox 1075 1131 1126 1186; x_wconf 91' lang='lat' dir='ltr'><strong>id</strong></span> <span class='ocrx_word' id='word_1_90' title='bbox 1178 1140 1263 1187; x_wconf 89' lang='lat' dir='ltr'><strong>est</strong></span> <span class='ocrx_word' id='word_1_91' title='bbox 1307 1131 1746 1201; x_wconf 63' lang='lat' dir='ltr'><strong>daemonum,qui</strong></span> <span class='ocrx_word' id='word_1_92' title='bbox 1775 1131 2087 1186; x_wconf 82' lang='lat' dir='ltr'><strong>assimilan-.</strong></span> 
     </span>
    </p>
   </div>
   <div class='ocr_carea' id='block_1_10' title="bbox 499 1219 2082 1295">
    <p class='ocr_par' dir='ltr' id='par_1_10' title="bbox 499 1219 2082 1295">
     <span class='ocr_line' id='line_1_10' title="bbox 499 1219 2082 1295; baseline -0.006 -13"><span class='ocrx_word' id='word_1_93' title='bbox 499 1235 588 1282; x_wconf 87' lang='lat' dir='ltr'><strong>tttr</strong></span> <span class='ocrx_word' id='word_1_94' title='bbox 624 1225 872 1295; x_wconf 80' lang='lat' dir='ltr'><strong>vulpibus</strong></span> <span class='ocrx_word' id='word_1_95' title='bbox 903 1232 1129 1295; x_wconf 82' lang='lat' dir='ltr'><strong>propter</strong></span> <span class='ocrx_word' id='word_1_96' title='bbox 1151 1223 1355 1278; x_wconf 89' lang='lat' dir='ltr'><strong>dolum.</strong></span> <span class='ocrx_word' id='word_1_97' title='bbox 1389 1223 1485 1278; x_wconf 68' lang='grc' dir='ltr'><strong>γει</strong></span> <span class='ocrx_word' id='word_1_98' title='bbox 1518 1242 1535 1273; x_wconf 79' lang='lat' dir='ltr'><strong>t</strong></span> <span class='ocrx_word' id='word_1_99' title='bbox 1568 1231 1726 1278; x_wconf 89' lang='lat' dir='ltr'><strong>erunt</strong></span> <span class='ocrx_word' id='word_1_100' title='bbox 1754 1231 1938 1292; x_wconf 89' lang='lat' dir='ltr'><strong>partes</strong></span> <span class='ocrx_word' id='word_1_101' title='bbox 1964 1219 2082 1274; x_wconf 86' lang='lat' dir='ltr'><strong>vul-</strong></span> 
     </span>
    </p>
   </div>
   <div class='ocr_carea' id='block_1_11' title="bbox 496 1301 2078 1384">
    <p class='ocr_par' dir='ltr' id='par_1_11' title="bbox 496 1301 2078 1384">
     <span class='ocr_line' id='line_1_11' title="bbox 496 1301 2078 1384; baseline -0.001 -16"><span class='ocrx_word' id='word_1_102' title='bbox 496 1315 666 1384; x_wconf 87' lang='lat' dir='ltr'><strong>pium,</strong></span> <span class='ocrx_word' id='word_1_103' title='bbox 703 1335 722 1367; x_wconf 72' lang='grc' dir='ltr'><strong>ι</strong></span> <span class='ocrx_word' id='word_1_104' title='bbox 789 1315 840 1368; x_wconf 95' lang='lat' dir='ltr'><strong>id</strong></span> <span class='ocrx_word' id='word_1_105' title='bbox 890 1323 976 1368; x_wconf 90' lang='lat' dir='ltr'><strong>est</strong></span> <span class='ocrx_word' id='word_1_106' title='bbox 1018 1314 1350 1378; x_wconf 87' lang='lat' dir='ltr'><strong>dolosorum,</strong></span> <span class='ocrx_word' id='word_1_107' title='bbox 1391 1311 1617 1377; x_wconf 90' lang='lat' dir='ltr'><strong>scilicet,</strong></span> <span class='ocrx_word' id='word_1_108' title='bbox 1673 1301 1834 1370; x_wconf 81' lang='lat' dir='ltr'><strong>erunt</strong></span> <span class='ocrx_word' id='word_1_109' title='bbox 1874 1312 1939 1368; x_wconf 89' lang='lat' dir='ltr'><strong>de</strong></span> <span class='ocrx_word' id='word_1_110' title='bbox 1977 1327 2078 1366; x_wconf 91' lang='lat' dir='ltr'><strong>nu-</strong></span> 
     </span>
    </p>
   </div>
   <div class='ocr_carea' id='block_1_12' title="bbox 499 1419 886 1458">
    <p class='ocr_par' dir='ltr' id='par_1_12' title="bbox 499 1419 886 1458">
     <span class='ocr_line' id='line_1_12' title="bbox 499 1419 886 1458; baseline -0.003 -2"><span class='ocrx_word' id='word_1_111' title='bbox 499 1419 650 1458; x_wconf 87' lang='lat' dir='ltr'><strong>mero</strong></span> <span class='ocrx_word' id='word_1_112' title='bbox 673 1419 886 1458; x_wconf 88' lang='lat' dir='ltr'><strong>eorum.</strong></span> 
     </span>
    </p>
   </div>
   <div class='ocr_carea' id='block_1_13' title="bbox 565 1490 2082 1556">
    <p class='ocr_par' dir='ltr' id='par_1_13' title="bbox 565 1490 2082 1556">
     <span class='ocr_line' id='line_1_13' title="bbox 565 1490 2082 1556; baseline -0.001 -8"><span class='ocrx_word' id='word_1_113' title='bbox 565 1493 645 1548; x_wconf 89' lang='lat' dir='ltr'><strong>Illi</strong></span> <span class='ocrx_word' id='word_1_114' title='bbox 672 1495 744 1547; x_wconf 88' lang='lat' dir='ltr'><strong>ita</strong></span> <span class='ocrx_word' id='word_1_115' title='bbox 774 1493 1192 1556; x_wconf 85' lang='lat' dir='ltr'><strong>damnabantur,</strong></span> <span class='ocrx_word' id='word_1_116' title='bbox 1231 1511 1249 1542; x_wconf 86' lang='grc'><strong><em>‹</em></strong></span> <span class='ocrx_word' id='word_1_117' title='bbox 1280 1507 1372 1547; x_wconf 83' lang='lat' dir='ltr'><strong>rex</strong></span> <span class='ocrx_word' id='word_1_118' title='bbox 1397 1507 1526 1547; x_wconf 89' lang='lat' dir='ltr'><strong>vero</strong></span> <span class='ocrx_word' id='word_1_119' title='bbox 1561 1512 1579 1545; x_wconf 73' lang='grc' dir='ltr'><strong>ι</strong></span> <span class='ocrx_word' id='word_1_120' title='bbox 1609 1500 1796 1547; x_wconf 89' lang='lat' dir='ltr'><strong>noster</strong></span> <span class='ocrx_word' id='word_1_121' title='bbox 1818 1505 1942 1546; x_wconf 92' lang='lat' dir='ltr'><strong>cum</strong></span> <span class='ocrx_word' id='word_1_122' title='bbox 1968 1490 2082 1546; x_wconf 87' lang='lat' dir='ltr'><strong>suis</strong></span> 
     </span>
    </p>
   </div>
   <div class='ocr_carea' id='block_1_14' title="bbox 506 1583 2082 1646">
    <p class='ocr_par' dir='ltr' id='par_1_14' title="bbox 506 1583 2082 1646">
     <span class='ocr_line' id='line_1_14' title="bbox 506 1583 2082 1646; baseline 0 -10"><span class='ocrx_word' id='word_1_123' title='bbox 506 1606 524 1636; x_wconf 76' lang='grc' dir='ltr'><strong>ι</strong></span> <span class='ocrx_word' id='word_1_124' title='bbox 573 1587 844 1644; x_wconf 77' lang='lat' dir='ltr'><strong>laetabitur</strong></span> <span class='ocrx_word' id='word_1_125' title='bbox 885 1585 938 1639; x_wconf 94' lang='lat' dir='ltr'><strong>in</strong></span> <span class='ocrx_word' id='word_1_126' title='bbox 983 1585 1094 1639; x_wconf 91' lang='lat' dir='ltr'><strong>Deo</strong></span> <span class='ocrx_word' id='word_1_127' title='bbox 1139 1605 1156 1637; x_wconf 70' lang='grc' dir='ltr'><strong>ι</strong></span> <span class='ocrx_word' id='word_1_128' title='bbox 1199 1599 1426 1644; x_wconf 81' lang='lat' dir='ltr'><strong>securus</strong></span> <span class='ocrx_word' id='word_1_129' title='bbox 1448 1585 1514 1640; x_wconf 91' lang='lat' dir='ltr'><strong>de</strong></span> <span class='ocrx_word' id='word_1_130' title='bbox 1553 1592 1759 1638; x_wconf 73' lang='lat' dir='ltr'><strong>aeterno</strong></span> <span class='ocrx_word' id='word_1_131' title='bbox 1807 1583 1971 1646; x_wconf 89' lang='lat' dir='ltr'><strong>bono,</strong></span> <span class='ocrx_word' id='word_1_132' title='bbox 2025 1589 2082 1637; x_wconf 89' lang='lat' dir='ltr'><strong>et</strong></span> 
     </span>
    </p>
   </div>
   <div class='ocr_carea' id='block_1_15' title="bbox 507 1671 2081 1743">
    <p class='ocr_par' dir='ltr' id='par_1_15' title="bbox 507 1671 2081 1743">
     <span class='ocr_line' id='line_1_15' title="bbox 507 1671 2081 1743; baseline -0.001 -18"><span class='ocrx_word' id='word_1_133' title='bbox 507 1699 524 1725; x_wconf 74' lang='grc' dir='ltr'><strong>ι</strong></span> <span class='ocrx_word' id='word_1_134' title='bbox 576 1690 767 1730; x_wconf 90' lang='lat' dir='ltr'><strong>omnes</strong></span> <span class='ocrx_word' id='word_1_135' title='bbox 805 1675 894 1743; x_wconf 90' lang='lat' dir='ltr'><strong>qui</strong></span> <span class='ocrx_word' id='word_1_136' title='bbox 919 1673 1109 1743; x_wconf 89' lang='lat' dir='ltr'><strong>jurant</strong></span> <span class='ocrx_word' id='word_1_137' title='bbox 1145 1674 1303 1737; x_wconf 89' lang='lat' dir='ltr'><strong>ineo,</strong></span> <span class='ocrx_word' id='word_1_138' title='bbox 1345 1692 1363 1724; x_wconf 75' lang='grc' dir='ltr'><strong>ι</strong></span> <span class='ocrx_word' id='word_1_139' title='bbox 1402 1673 1453 1726; x_wconf 87' lang='lat' dir='ltr'><strong>id</strong></span> <span class='ocrx_word' id='word_1_140' title='bbox 1481 1682 1564 1728; x_wconf 93' lang='lat' dir='ltr'><strong>est</strong></span> <span class='ocrx_word' id='word_1_141' title='bbox 1591 1673 1683 1742; x_wconf 90' lang='lat' dir='ltr'><strong>qui</strong></span> <span class='ocrx_word' id='word_1_142' title='bbox 1703 1671 2081 1730; x_wconf 77' lang='lat' dir='ltr'><strong>firmissimum</strong></span> 
     </span>
    </p>
   </div>
   <div class='ocr_carea' id='block_1_16' title="bbox 500 1761 2082 1838">
    <p class='ocr_par' dir='ltr' id='par_1_16' title="bbox 500 1761 2082 1838">
     <span class='ocr_line' id='line_1_16' title="bbox 500 1761 2082 1838; baseline -0.004 -16"><span class='ocrx_word' id='word_1_143' title='bbox 500 1767 603 1822; x_wconf 84' lang='lat' dir='ltr'><strong>sibi</strong></span> <span class='ocrx_word' id='word_1_144' title='bbox 634 1766 954 1838; x_wconf 89' lang='lat' dir='ltr'><strong>promittunt</strong></span> <span class='ocrx_word' id='word_1_145' title='bbox 990 1775 1044 1821; x_wconf 91' lang='lat' dir='ltr'><strong>et</strong></span> <span class='ocrx_word' id='word_1_146' title='bbox 1082 1764 1397 1835; x_wconf 88' lang='lat' dir='ltr'><strong>persolvunt</strong></span> <span class='ocrx_word' id='word_1_147' title='bbox 1438 1765 1780 1833; x_wconf 89' lang='lat' dir='ltr'><strong>obsequium,</strong></span> <span class='ocrx_word' id='word_1_148' title='bbox 1831 1783 1849 1814; x_wconf 72' lang='grc' dir='ltr'><strong>ι</strong></span> <span class='ocrx_word' id='word_1_149' title='bbox 1894 1761 2082 1816; x_wconf 81' lang='lat' dir='ltr'><strong>lauda-</strong></span> 
     </span>
    </p>
   </div>
   <div class='ocr_carea' id='block_1_17' title="bbox 2181 583 3766 654">
    <p class='ocr_par' dir='ltr' id='par_1_17' title="bbox 2181 583 3766 654">
     <span class='ocr_line' id='line_1_17' title="bbox 2181 583 3766 654; baseline 0.004 -19"><span class='ocrx_word' id='word_1_150' title='bbox 2181 583 2400 638; x_wconf 90' lang='lat' dir='ltr'><strong>stultam</strong></span> <span class='ocrx_word' id='word_1_151' title='bbox 2427 584 2732 654; x_wconf 84' lang='lat' dir='ltr'><strong>opinionem</strong></span> <span class='ocrx_word' id='word_1_152' title='bbox 2763 599 2974 649; x_wconf 91' lang='lat' dir='ltr'><strong>eorum,</strong></span> <span class='ocrx_word' id='word_1_153' title='bbox 3009 604 3026 634; x_wconf 76' lang='grc' dir='ltr'><strong>ι</strong></span> <span class='ocrx_word' id='word_1_154' title='bbox 3055 593 3109 638; x_wconf 90' lang='lat' dir='ltr'><strong>et</strong></span> <span class='ocrx_word' id='word_1_155' title='bbox 3141 605 3158 636; x_wconf 74' lang='grc' dir='ltr'><strong>ι</strong></span> <span class='ocrx_word' id='word_1_156' title='bbox 3191 601 3276 639; x_wconf 90' lang='lat' dir='ltr'><strong>me</strong></span> <span class='ocrx_word' id='word_1_157' title='bbox 3319 595 3537 640; x_wconf 89' lang='lat' dir='ltr'><strong>mortuo</strong></span> <span class='ocrx_word' id='word_1_158' title='bbox 3583 605 3600 636; x_wconf 78' lang='grc' dir='ltr'>σ</span> <span class='ocrx_word' id='word_1_159' title='bbox 3661 603 3766 642; x_wconf 88' lang='lat' dir='ltr'><strong>non</strong></span> 
     </span>
    </p>
   </div>
   <div class='ocr_carea' id='block_1_18' title="bbox 2181 675 3764 746">
    <p class='ocr_par' dir='ltr' id='par_1_18' title="bbox 2181 675 3764 746">
     <span class='ocr_line' id='line_1_18' title="bbox 2181 675 3764 746; baseline 0.003 -18"><span class='ocrx_word' id='word_1_160' title='bbox 2181 675 2450 729; x_wconf 88' lang='lat' dir='ltr'><strong>timebunt</strong></span> <span class='ocrx_word' id='word_1_161' title='bbox 2483 695 2500 726; x_wconf 73' lang='grc' dir='ltr'><strong>ι</strong></span> <span class='ocrx_word' id='word_1_162' title='bbox 2531 690 2747 745; x_wconf 74' lang='grc' dir='ltr'>ρωηιιιιι</span> <span class='ocrx_word' id='word_1_163' title='bbox 2787 691 2885 745; x_wconf 91' lang='lat' dir='ltr'><strong>pro</strong></span> <span class='ocrx_word' id='word_1_164' title='bbox 2927 677 3166 746; x_wconf 85' lang='lat' dir='ltr'><strong>nequitia</strong></span> <span class='ocrx_word' id='word_1_165' title='bbox 3196 677 3306 740; x_wconf 91' lang='lat' dir='ltr'><strong>illa,</strong></span> <span class='ocrx_word' id='word_1_166' title='bbox 3339 685 3393 729; x_wconf 94' lang='lat' dir='ltr'><strong>et</strong></span> <span class='ocrx_word' id='word_1_167' title='bbox 3442 686 3657 730; x_wconf 87' lang='lat' dir='ltr'><strong>certum</strong></span> <span class='ocrx_word' id='word_1_168' title='bbox 3682 688 3764 732; x_wconf 84' lang='lat' dir='ltr'><strong>est</strong></span> 
     </span>
    </p>
   </div>
   <div class='ocr_carea' id='block_1_19' title="bbox 2180 767 3765 838">
    <p class='ocr_par' dir='ltr' id='par_1_19' title="bbox 2180 767 3765 838">
     <span class='ocr_line' id='line_1_19' title="bbox 2180 767 3765 838; baseline 0.001 -18"><span class='ocrx_word' id='word_1_169' title='bbox 2180 767 2323 838; x_wconf 91' lang='lat' dir='ltr'><strong>quod</strong></span> <span class='ocrx_word' id='word_1_170' title='bbox 2363 768 2712 837; x_wconf 86' lang='lat' dir='ltr'><strong>sagittabunt,</strong></span> <span class='ocrx_word' id='word_1_171' title='bbox 2741 769 2867 838; x_wconf 82' lang='lat' dir='ltr'><strong>quia</strong></span> <span class='ocrx_word' id='word_1_172' title='bbox 2903 788 2920 818; x_wconf 73' lang='grc' dir='ltr'><strong>ε</strong></span> <span class='ocrx_word' id='word_1_173' title='bbox 2956 769 3309 823; x_wconf 81' lang='lat' dir='ltr'><strong>firmaverunt</strong></span> <span class='ocrx_word' id='word_1_174' title='bbox 3338 769 3465 831; x_wconf 89' lang='lat' dir='ltr'><strong>sibi,</strong></span> <span class='ocrx_word' id='word_1_175' title='bbox 3512 785 3531 818; x_wconf 67' lang='grc' dir='ltr'><strong><em>ο</em></strong></span> <span class='ocrx_word' id='word_1_176' title='bbox 3587 768 3641 822; x_wconf 91' lang='lat' dir='ltr'><strong>id</strong></span> <span class='ocrx_word' id='word_1_177' title='bbox 3685 776 3765 822; x_wconf 83' lang='lat' dir='ltr'><strong>est</strong></span> 
     </span>
    </p>
   </div>
   <div class='ocr_carea' id='block_1_20' title="bbox 2179 858 3758 928">
    <p class='ocr_par' dir='ltr' id='par_1_20' title="bbox 2179 858 3758 928">
     <span class='ocr_line' id='line_1_20' title="bbox 2179 858 3758 928; baseline 0.001 -17"><span class='ocrx_word' id='word_1_178' title='bbox 2179 858 2321 927; x_wconf 86' lang='lat' dir='ltr'><strong>apud</strong></span> <span class='ocrx_word' id='word_1_179' title='bbox 2373 873 2432 912; x_wconf 92' lang='lat' dir='ltr'><strong>se</strong></span> <span class='ocrx_word' id='word_1_180' title='bbox 2483 878 2501 908; x_wconf 74' lang='grc' dir='ltr'>ί</span> <span class='ocrx_word' id='word_1_181' title='bbox 2550 873 2854 913; x_wconf 89' lang='lat' dir='ltr'><strong>sermonem</strong></span> <span class='ocrx_word' id='word_1_182' title='bbox 2895 875 3131 928; x_wconf 84' lang='lat' dir='ltr'><strong>nequam</strong></span> <span class='ocrx_word' id='word_1_183' title='bbox 3191 879 3210 911; x_wconf 74' lang='grc' dir='ltr'><strong>ι</strong></span> <span class='ocrx_word' id='word_1_184' title='bbox 3266 860 3332 913; x_wconf 89' lang='lat' dir='ltr'><strong>de</strong></span> <span class='ocrx_word' id='word_1_185' title='bbox 3364 871 3542 912; x_wconf 87' lang='lat' dir='ltr'><strong>morte</strong></span> <span class='ocrx_word' id='word_1_186' title='bbox 3588 875 3708 912; x_wconf 83' lang='lat' dir='ltr'><strong>mea</strong></span> <span class='ocrx_word' id='word_1_187' title='bbox 3748 879 3758 912; x_wconf 95' lang='lat'>:</span> 
     </span>
    </p>
   </div>
   <div class='ocr_carea' id='block_1_21' title="bbox 2181 949 3764 1018">
    <p class='ocr_par' dir='ltr' id='par_1_21' title="bbox 2181 949 3764 1018">
     <span class='ocr_line' id='line_1_21' title="bbox 2181 949 3764 1018; baseline 0.001 -16"><span class='ocrx_word' id='word_1_188' title='bbox 2181 958 2238 1002; x_wconf 92' lang='lat' dir='ltr'><strong>ut</strong></span> <span class='ocrx_word' id='word_1_189' title='bbox 2264 964 2387 1003; x_wconf 90' lang='lat' dir='ltr'><strong>cum</strong></span> <span class='ocrx_word' id='word_1_190' title='bbox 2412 949 3002 1018; x_wconf 85' lang='lat' dir='ltr'><strong>prophetansCaiphas,</strong></span> <span class='ocrx_word' id='word_1_191' title='bbox 3031 950 3166 1002; x_wconf 75' lang='lat' dir='ltr'><strong>dixit</strong></span> <span class='ocrx_word' id='word_1_192' title='bbox 3190 966 3204 1002; x_wconf 89' lang='lat'>:</span> <span class='ocrx_word' id='word_1_193' title='bbox 3239 969 3256 1000; x_wconf 77' lang='grc' dir='ltr'><strong>ι</strong></span> <span class='ocrx_word' id='word_1_194' title='bbox 3279 949 3509 1018; x_wconf 81' lang='lat' dir='ltr'><strong>Expedit</strong></span> <span class='ocrx_word' id='word_1_195' title='bbox 3539 959 3600 1003; x_wconf 89' lang='lat' dir='ltr'><strong>ut</strong></span> <span class='ocrx_word' id='word_1_196' title='bbox 3628 966 3764 1004; x_wconf 86' lang='lat' dir='ltr'><strong>unus</strong></span> 
     </span>
    </p>
   </div>
   <div class='ocr_carea' id='block_1_22' title="bbox 2179 1043 3377 1114">
    <p class='ocr_par' dir='ltr' id='par_1_22' title="bbox 2179 1043 3377 1114">
     <span class='ocr_line' id='line_1_22' title="bbox 2179 1043 3377 1114; baseline -0.001 -18"><span class='ocrx_word' id='word_1_197' title='bbox 2179 1043 2444 1096; x_wconf 85' lang='lat' dir='ltr'><strong>moriatur</strong></span> <span class='ocrx_word' id='word_1_198' title='bbox 2471 1043 2635 1097; x_wconf 86' lang='lat' dir='ltr'><strong>homo</strong></span> <span class='ocrx_word' id='word_1_199' title='bbox 2660 1059 2760 1112; x_wconf 89' lang='lat' dir='ltr'><strong>pro</strong></span> <span class='ocrx_word' id='word_1_200' title='bbox 2785 1045 2980 1114; x_wconf 88' lang='lat' dir='ltr'><strong>p0pulo</strong></span> <span class='ocrx_word' id='word_1_201' title='bbox 3011 1043 3190 1114; x_wconf 84' lang='lat' dir='ltr'><strong>(Joan.</strong></span> <span class='ocrx_word' id='word_1_202' title='bbox 3222 1044 3322 1114; x_wconf 75' lang='lat' dir='ltr'><strong>xu).</strong></span> <span class='ocrx_word' id='word_1_203' title='bbox 3359 1065 3377 1095; x_wconf 76' lang='grc' dir='ltr'><strong>ι</strong></span> 
     </span>
    </p>
   </div>
   <div class='ocr_carea' id='block_1_23' title="bbox 2256 1131 3762 1188">
    <p class='ocr_par' dir='ltr' id='par_1_23' title="bbox 2256 1131 3762 1188">
     <span class='ocr_line' id='line_1_23' title="bbox 2256 1131 3762 1188; baseline 0.004 -6"><span class='ocrx_word' id='word_1_204' title='bbox 2256 1149 2275 1182; x_wconf 73' lang='grc' dir='ltr'><strong>ι</strong></span> <span class='ocrx_word' id='word_1_205' title='bbox 2341 1131 2732 1186; x_wconf 79' lang='lat' dir='ltr'><strong>Narraverunt.</strong></span> <span class='ocrx_word' id='word_1_206' title='bbox 2792 1152 2810 1184; x_wconf 76' lang='grc' dir='ltr'><strong>ι</strong></span> <span class='ocrx_word' id='word_1_207' title='bbox 2870 1132 3249 1187; x_wconf 84' lang='lat' dir='ltr'><strong>Firmaverunt</strong></span> <span class='ocrx_word' id='word_1_208' title='bbox 3302 1133 3405 1187; x_wconf 88' lang='lat' dir='ltr'><strong>sibi</strong></span> <span class='ocrx_word' id='word_1_209' title='bbox 3455 1148 3762 1188; x_wconf 81' lang='lat' dir='ltr'><strong>sermonem</strong></span> 
     </span>
    </p>
   </div>
   <div class='ocr_carea' id='block_1_24' title="bbox 2183 1225 3763 1295">
    <p class='ocr_par' dir='ltr' id='par_1_24' title="bbox 2183 1225 3763 1295">
     <span class='ocr_line' id='line_1_24' title="bbox 2183 1225 3763 1295; baseline 0.001 -17"><span class='ocrx_word' id='word_1_210' title='bbox 2183 1240 2439 1294; x_wconf 89' lang='lat' dir='ltr'><strong>nequam,</strong></span> <span class='ocrx_word' id='word_1_211' title='bbox 2480 1232 2535 1279; x_wconf 89' lang='lat' dir='ltr'><strong>et</strong></span> <span class='ocrx_word' id='word_1_212' title='bbox 2561 1234 2748 1295; x_wconf 89' lang='lat' dir='ltr'><strong>postea</strong></span> <span class='ocrx_word' id='word_1_213' title='bbox 2790 1245 2808 1276; x_wconf 72' lang='grc' dir='ltr'>ς</span> <span class='ocrx_word' id='word_1_214' title='bbox 2854 1233 3240 1287; x_wconf 86' lang='lat' dir='ltr'><strong>narraverunt,</strong></span> <span class='ocrx_word' id='word_1_215' title='bbox 3274 1245 3292 1275; x_wconf 74' lang='grc' dir='ltr'><strong>ι</strong></span> <span class='ocrx_word' id='word_1_216' title='bbox 3319 1225 3371 1277; x_wconf 89' lang='lat' dir='ltr'><strong>id</strong></span> <span class='ocrx_word' id='word_1_217' title='bbox 3405 1232 3488 1278; x_wconf 90' lang='lat' dir='ltr'><strong>est</strong></span> <span class='ocrx_word' id='word_1_218' title='bbox 3523 1225 3670 1293; x_wconf 86' lang='lat' dir='ltr'><strong>apud</strong></span> <span class='ocrx_word' id='word_1_219' title='bbox 3710 1240 3763 1279; x_wconf 75' lang='lat' dir='ltr'><strong>se</strong></span> 
     </span>
    </p>
   </div>
   <div class='ocr_carea' id='block_1_25' title="bbox 2179 1316 3768 1387">
    <p class='ocr_par' dir='ltr' id='par_1_25' title="bbox 2179 1316 3768 1387">
     <span class='ocr_line' id='line_1_25' title="bbox 2179 1316 3768 1387; baseline -0.001 -16"><span class='ocrx_word' id='word_1_220' title='bbox 2179 1325 2654 1387; x_wconf 73' lang='lat' dir='ltr'><strong>pertractaverunt</strong></span> <span class='ocrx_word' id='word_1_221' title='bbox 2709 1336 2727 1368; x_wconf 85' lang='grc'><strong><em>‹</em></strong></span> <span class='ocrx_word' id='word_1_222' title='bbox 2793 1325 2855 1371; x_wconf 83' lang='grc' dir='ltr'><strong>ιιι</strong></span> <span class='ocrx_word' id='word_1_223' title='bbox 2904 1316 3296 1371; x_wconf 78' lang='lat' dir='ltr'><strong>absconderem</strong></span> <span class='ocrx_word' id='word_1_224' title='bbox 3347 1316 3606 1384; x_wconf 82' lang='lat' dir='ltr'><strong>laqueos,</strong></span> <span class='ocrx_word' id='word_1_225' title='bbox 3658 1324 3768 1370; x_wconf 56' lang='lat' dir='ltr'><strong>aut</strong></span> 
     </span>
    </p>
   </div>
   <div class='ocr_carea' id='block_1_26' title="bbox 2181 1404 3763 1475">
    <p class='ocr_par' dir='ltr' id='par_1_26' title="bbox 2181 1404 3763 1475">
     <span class='ocr_line' id='line_1_26' title="bbox 2181 1404 3763 1475; baseline -0.003 -13"><span class='ocrx_word' id='word_1_226' title='bbox 2181 1423 2304 1462; x_wconf 91' lang='lat' dir='ltr'><strong>cum</strong></span> <span class='ocrx_word' id='word_1_227' title='bbox 2353 1405 2602 1462; x_wconf 81' lang='lat' dir='ltr'><strong>fecerunt</strong></span> <span class='ocrx_word' id='word_1_228' title='bbox 2634 1421 2756 1461; x_wconf 92' lang='lat' dir='ltr'><strong>eum</strong></span> <span class='ocrx_word' id='word_1_229' title='bbox 2788 1420 2819 1460; x_wconf 88' lang='lat' dir='ltr'><strong>a</strong></span> <span class='ocrx_word' id='word_1_230' title='bbox 2846 1405 3108 1475; x_wconf 80' lang='lat' dir='ltr'><strong>discipulo</strong></span> <span class='ocrx_word' id='word_1_231' title='bbox 3136 1405 3300 1468; x_wconf 90' lang='lat' dir='ltr'><strong>tradi,</strong></span> <span class='ocrx_word' id='word_1_232' title='bbox 3327 1413 3382 1459; x_wconf 90' lang='lat' dir='ltr'><strong>et</strong></span> <span class='ocrx_word' id='word_1_233' title='bbox 3410 1421 3442 1458; x_wconf 85' lang='lat' dir='ltr'><strong>a</strong></span> <span class='ocrx_word' id='word_1_234' title='bbox 3470 1404 3655 1460; x_wconf 86' lang='lat' dir='ltr'><strong>Pilato</strong></span> <span class='ocrx_word' id='word_1_235' title='bbox 3678 1405 3763 1472; x_wconf 83' lang='lat' dir='ltr'><strong>ja-</strong></span> 
     </span>
    </p>
   </div>
   <div class='ocr_carea' id='block_1_27' title="bbox 2181 1497 3768 1568">
    <p class='ocr_par' dir='ltr' id='par_1_27' title="bbox 2181 1497 3768 1568">
     <span class='ocr_line' id='line_1_27' title="bbox 2181 1497 3768 1568; baseline -0.001 -15"><span class='ocrx_word' id='word_1_236' title='bbox 2181 1499 2349 1554; x_wconf 92' lang='lat' dir='ltr'><strong>dicari</strong></span> <span class='ocrx_word' id='word_1_237' title='bbox 2391 1507 2446 1554; x_wconf 91' lang='lat' dir='ltr'><strong>et</strong></span> <span class='ocrx_word' id='word_1_238' title='bbox 2484 1498 2683 1554; x_wconf 87' lang='lat' dir='ltr'><strong>similia</strong></span> <span class='ocrx_word' id='word_1_239' title='bbox 2716 1513 2731 1551; x_wconf 90' lang='lat'><strong>:</strong></span> <span class='ocrx_word' id='word_1_240' title='bbox 2771 1517 2788 1549; x_wconf 74' lang='grc'><strong>(</strong></span> <span class='ocrx_word' id='word_1_241' title='bbox 2834 1506 2890 1552; x_wconf 91' lang='lat' dir='ltr'><strong>et</strong></span> <span class='ocrx_word' id='word_1_242' title='bbox 2925 1517 2941 1548; x_wconf 69' lang='grc' dir='ltr'><strong>ι</strong></span> <span class='ocrx_word' id='word_1_243' title='bbox 2975 1506 3159 1568; x_wconf 88' lang='lat' dir='ltr'><strong>postea</strong></span> <span class='ocrx_word' id='word_1_244' title='bbox 3210 1516 3228 1546; x_wconf 75' lang='grc' dir='ltr'><strong>ι</strong></span> <span class='ocrx_word' id='word_1_245' title='bbox 3268 1497 3526 1552; x_wconf 81' lang='lat' dir='ltr'><strong>dixerunt</strong></span> <span class='ocrx_word' id='word_1_246' title='bbox 3563 1516 3584 1548; x_wconf 69' lang='grc' dir='ltr'><strong>ι</strong></span> <span class='ocrx_word' id='word_1_247' title='bbox 3630 1498 3768 1566; x_wconf 80' lang='lat' dir='ltr'><strong>apud</strong></span> 
     </span>
    </p>
   </div>
   <div class='ocr_carea' id='block_1_28' title="bbox 2181 1585 3764 1658">
    <p class='ocr_par' dir='ltr' id='par_1_28' title="bbox 2181 1585 3764 1658">
     <span class='ocr_line' id='line_1_28' title="bbox 2181 1585 3764 1658; baseline -0.003 -15"><span class='ocrx_word' id='word_1_248' title='bbox 2181 1590 2424 1658; x_wconf 86' lang='lat' dir='ltr'><strong>seipsos:</strong></span> <span class='ocrx_word' id='word_1_249' title='bbox 2458 1587 2629 1655; x_wconf 86' lang='lat' dir='ltr'><strong>Quam</strong></span> <span class='ocrx_word' id='word_1_250' title='bbox 2660 1587 2799 1642; x_wconf 87' lang='lat' dir='ltr'><strong>bene</strong></span> <span class='ocrx_word' id='word_1_251' title='bbox 2819 1586 3270 1658; x_wconf 79' lang='lat' dir='ltr'><strong>excogitavimus,</strong></span> <span class='ocrx_word' id='word_1_252' title='bbox 3301 1604 3318 1636; x_wconf 75' lang='grc' dir='ltr'><strong>ε</strong></span> <span class='ocrx_word' id='word_1_253' title='bbox 3354 1585 3480 1656; x_wconf 92' lang='lat' dir='ltr'><strong>quis</strong></span> <span class='ocrx_word' id='word_1_254' title='bbox 3512 1585 3722 1640; x_wconf 79' lang='lat' dir='ltr'><strong>videbit</strong></span> <span class='ocrx_word' id='word_1_255' title='bbox 3745 1605 3764 1638; x_wconf 77' lang='grc' dir='ltr'><strong>ι</strong></span> 
     </span>
    </p>
   </div>
   <div class='ocr_carea' id='block_1_29' title="bbox 2183 1659 3396 1750">
    <p class='ocr_par' dir='ltr' id='par_1_29' title="bbox 2183 1659 3396 1750">
     <span class='ocr_line' id='line_1_29' title="bbox 2183 1659 3396 1750; baseline -0.002 -17"><span class='ocrx_word' id='word_1_256' title='bbox 2183 1680 2404 1750; x_wconf 84' lang='lat' dir='ltr'><strong>laqueos</strong></span> <span class='ocrx_word' id='word_1_257' title='bbox 2438 1698 2456 1729; x_wconf 71' lang='grc' dir='ltr'><strong>ι</strong></span> <span class='ocrx_word' id='word_1_258' title='bbox 2498 1679 2664 1733; x_wconf 87' lang='lat' dir='ltr'><strong>istos?</strong></span> <span class='ocrx_word' id='word_1_259' title='bbox 2697 1698 2715 1730; x_wconf 69' lang='grc' dir='ltr'><strong><em>υ</em></strong></span> <span class='ocrx_word' id='word_1_260' title='bbox 3387 1659 3396 1663; x_wconf 44' lang='grc'><strong><em>’</em></strong></span> 
     </span>
    </p>
   </div>
   <div class='ocr_carea' id='block_1_30' title="bbox 2259 1768 3774 1838">
    <p class='ocr_par' dir='ltr' id='par_1_30' title="bbox 2259 1768 3774 1838">
     <span class='ocr_line' id='line_1_30' title="bbox 2259 1768 3774 1838; baseline -0.001 -15"><span class='ocrx_word' id='word_1_261' title='bbox 2259 1792 2277 1823; x_wconf 76' lang='grc' dir='ltr'><strong>ι</strong></span> <span class='ocrx_word' id='word_1_262' title='bbox 2311 1771 2548 1828; x_wconf 87' lang='lat' dir='ltr'><strong>Scrutati</strong></span> <span class='ocrx_word' id='word_1_263' title='bbox 2575 1778 2722 1836; x_wconf 86' lang='lat' dir='ltr'><strong>sunt,</strong></span> <span class='ocrx_word' id='word_1_264' title='bbox 2754 1789 2772 1822; x_wconf 72' lang='grc' dir='ltr'><strong>ι</strong></span> <span class='ocrx_word' id='word_1_265' title='bbox 2808 1769 2860 1824; x_wconf 89' lang='lat' dir='ltr'><strong>id</strong></span> <span class='ocrx_word' id='word_1_266' title='bbox 2889 1777 2973 1824; x_wconf 90' lang='lat' dir='ltr'><strong>est</strong></span> <span class='ocrx_word' id='word_1_267' title='bbox 2998 1768 3165 1823; x_wconf 91' lang='lat' dir='ltr'><strong>multo</strong></span> <span class='ocrx_word' id='word_1_268' title='bbox 3189 1769 3369 1823; x_wconf 89' lang='lat' dir='ltr'><strong>studio</strong></span> <span class='ocrx_word' id='word_1_269' title='bbox 3400 1769 3774 1838; x_wconf 82' lang='lat' dir='ltr'><strong>inquisierunt</strong></span> 
     </span>
    </p>
   </div>
   <div class='ocr_carea' id='block_1_31' title="bbox 502 1845 3768 1937">
    <p class='ocr_par' dir='ltr' id='par_1_31' title="bbox 502 1845 3768 1937">
     <span class='ocr_line' id='line_1_31' title="bbox 502 1845 3768 1937; baseline -0.002 -22"><span class='ocrx_word' id='word_1_270' title='bbox 502 1861 721 1924; x_wconf 86' lang='lat' dir='ltr'><strong>buntur,</strong></span> <span class='ocrx_word' id='word_1_271' title='bbox 753 1878 772 1910; x_wconf 75' lang='grc' dir='ltr'><strong>ι</strong></span> <span class='ocrx_word' id='word_1_272' title='bbox 807 1859 858 1914; x_wconf 92' lang='lat' dir='ltr'><strong>id</strong></span> <span class='ocrx_word' id='word_1_273' title='bbox 904 1866 988 1912; x_wconf 91' lang='lat' dir='ltr'><strong>est</strong></span> <span class='ocrx_word' id='word_1_274' title='bbox 1021 1856 1320 1912; x_wconf 85' lang='lat' dir='ltr'><strong>laudabiles</strong></span> <span class='ocrx_word' id='word_1_275' title='bbox 1354 1865 1513 1911; x_wconf 91' lang='lat' dir='ltr'><strong>erunt</strong></span> <span class='ocrx_word' id='word_1_276' title='bbox 1549 1856 1689 1924; x_wconf 90' lang='lat' dir='ltr'><strong>apud</strong></span> <span class='ocrx_word' id='word_1_277' title='bbox 1718 1869 1928 1937; x_wconf 75' lang='lat' dir='ltr'><strong>omnes,</strong></span> <span class='ocrx_word' id='word_1_278' title='bbox 1957 1853 2080 1908; x_wconf 87' lang='lat' dir='ltr'><strong>ideo</strong></span> <span class='ocrx_word' id='word_1_279' title='bbox 2107 1845 2156 1906; x_wconf 87' lang='lat' dir='ltr'><strong>B</strong></span> <span class='ocrx_word' id='word_1_280' title='bbox 2189 1879 2208 1913; x_wconf 71' lang='grc' dir='ltr'><strong>ι</strong></span> <span class='ocrx_word' id='word_1_281' title='bbox 2253 1861 2566 1930; x_wconf 72' lang='lat' dir='ltr'><strong>iniquitates</strong></span> <span class='ocrx_word' id='word_1_282' title='bbox 2601 1879 2620 1910; x_wconf 76' lang='grc' dir='ltr'><strong>ι</strong></span> <span class='ocrx_word' id='word_1_283' title='bbox 2659 1868 2716 1913; x_wconf 85' lang='grc' dir='ltr'><strong>ιιι</strong></span> <span class='ocrx_word' id='word_1_284' title='bbox 2759 1859 3030 1928; x_wconf 91' lang='lat' dir='ltr'><strong>quomodo</strong></span> <span class='ocrx_word' id='word_1_285' title='bbox 3078 1867 3297 1928; x_wconf 91' lang='lat' dir='ltr'><strong>possent</strong></span> <span class='ocrx_word' id='word_1_286' title='bbox 3337 1872 3427 1912; x_wconf 91' lang='lat' dir='ltr'><strong>me</strong></span> <span class='ocrx_word' id='word_1_287' title='bbox 3485 1859 3542 1912; x_wconf 92' lang='lat' dir='ltr'><strong>in</strong></span> <span class='ocrx_word' id='word_1_288' title='bbox 3603 1866 3768 1912; x_wconf 85' lang='lat' dir='ltr'><strong>morte</strong></span> 
     </span>
    </p>
   </div>
   <div class='ocr_carea' id='block_1_32' title="bbox 506 1949 2081 2023">
    <p class='ocr_par' dir='ltr' id='par_1_32' title="bbox 506 1949 2081 2023">
     <span class='ocr_line' id='line_1_32' title="bbox 506 1949 2081 2023; baseline -0.001 -19"><span class='ocrx_word' id='word_1_289' title='bbox 506 1973 523 2004; x_wconf 73' lang='grc' dir='ltr'><strong>ι</strong></span> <span class='ocrx_word' id='word_1_290' title='bbox 571 1953 694 2023; x_wconf 88' lang='lat' dir='ltr'><strong>quia</strong></span> <span class='ocrx_word' id='word_1_291' title='bbox 743 1968 804 2008; x_wconf 96' lang='lat' dir='ltr'><strong>os</strong></span> <span class='ocrx_word' id='word_1_292' title='bbox 846 1951 1182 2022; x_wconf 89' lang='lat' dir='ltr'><strong>loquentium</strong></span> <span class='ocrx_word' id='word_1_293' title='bbox 1241 1969 1259 2002; x_wconf 72' lang='grc' dir='ltr'><strong>ι</strong></span> <span class='ocrx_word' id='word_1_294' title='bbox 1307 1959 1496 2004; x_wconf 91' lang='lat' dir='ltr'><strong>contra</strong></span> <span class='ocrx_word' id='word_1_295' title='bbox 1553 1965 1648 2004; x_wconf 89' lang='lat' dir='ltr'><strong>eos</strong></span> <span class='ocrx_word' id='word_1_296' title='bbox 1695 1950 1748 2004; x_wconf 92' lang='lat' dir='ltr'><strong>in</strong></span> <span class='ocrx_word' id='word_1_297' title='bbox 1809 1949 1911 2004; x_wconf 89' lang='lat' dir='ltr'><strong>bac</strong></span> <span class='ocrx_word' id='word_1_298' title='bbox 1969 1949 2081 2002; x_wconf 88' lang='lat' dir='ltr'><strong>vita</strong></span> 
     </span>
    </p>
   </div>
   <div class='ocr_carea' id='block_1_33' title="bbox 505 2039 2083 2114">
    <p class='ocr_par' dir='ltr' id='par_1_33' title="bbox 505 2039 2083 2114">
     <span class='ocr_line' id='line_1_33' title="bbox 505 2039 2083 2114; baseline -0.005 -14"><span class='ocrx_word' id='word_1_299' title='bbox 505 2065 522 2094; x_wconf 76' lang='grc' dir='ltr'><strong>ι</strong></span> <span class='ocrx_word' id='word_1_300' title='bbox 571 2045 776 2114; x_wconf 81' lang='lat' dir='ltr'><strong>iniqua,</strong></span> <span class='ocrx_word' id='word_1_301' title='bbox 802 2043 1140 2100; x_wconf 85' lang='lat' dir='ltr'><strong>obstructum</strong></span> <span class='ocrx_word' id='word_1_302' title='bbox 1170 2050 1253 2096; x_wconf 90' lang='lat' dir='ltr'><strong>cst</strong></span> <span class='ocrx_word' id='word_1_303' title='bbox 1298 2060 1315 2092; x_wconf 85' lang='grc'>›</span> <span class='ocrx_word' id='word_1_304' title='bbox 1350 2041 1476 2112; x_wconf 88' lang='lat' dir='ltr'><strong>quia</strong></span> <span class='ocrx_word' id='word_1_305' title='bbox 1493 2039 1605 2109; x_wconf 90' lang='lat' dir='ltr'><strong>jam</strong></span> <span class='ocrx_word' id='word_1_306' title='bbox 1631 2039 1768 2107; x_wconf 82' lang='lat' dir='ltr'><strong>nihil</strong></span> <span class='ocrx_word' id='word_1_307' title='bbox 1791 2046 2083 2110; x_wconf 83' lang='lat' dir='ltr'><strong>potuerunt</strong></span> 
     </span>
    </p>
   </div>
   <div class='ocr_carea' id='block_1_34' title="bbox 504 2133 1612 2256">
    <p class='ocr_par' dir='ltr' id='par_1_34' title="bbox 504 2133 1612 2256">
     <span class='ocr_line' id='line_1_34' title="bbox 504 2133 1612 2256; baseline -0.003 1"><span class='ocrx_word' id='word_1_308' title='bbox 504 2133 647 2202; x_wconf 59' lang='lat' dir='ltr'><strong>loqm</strong></span> <span class='ocrx_word' id='word_1_309' title='bbox 967 2199 1036 2255; x_wconf 77' lang='lat' dir='ltr'><strong>1N</strong></span> <span class='ocrx_word' id='word_1_310' title='bbox 1073 2199 1405 2256; x_wconf 74' lang='lat' dir='ltr'><strong>PSALMUM</strong></span> <span class='ocrx_word' id='word_1_311' title='bbox 1433 2199 1612 2254; x_wconf 80' lang='lat' dir='ltr'><strong>LXIII.</strong></span> 
     </span>
    </p>
   </div>
   <div class='ocr_carea' id='block_1_35' title="bbox 758 2291 1834 2364">
    <p class='ocr_par' dir='ltr' id='par_1_35' title="bbox 758 2291 1834 2364">
     <span class='ocr_line' id='line_1_35' title="bbox 758 2291 1834 2364; baseline -0.007 -13"><span class='ocrx_word' id='word_1_312' title='bbox 758 2297 1016 2352; x_wconf 73' lang='lat' dir='ltr'><strong>TITUHJS.</strong></span> <span class='ocrx_word' id='word_1_313' title='bbox 1068 2293 1136 2349; x_wconf 83' lang='lat' dir='ltr'><strong>In</strong></span> <span class='ocrx_word' id='word_1_314' title='bbox 1174 2295 1334 2363; x_wconf 82' lang='lat' dir='ltr'><strong>linem</strong></span> <span class='ocrx_word' id='word_1_315' title='bbox 1371 2293 1604 2364; x_wconf 78' lang='lat' dir='ltr'><strong>psalmus</strong></span> <span class='ocrx_word' id='word_1_316' title='bbox 1646 2291 1834 2346; x_wconf 80' lang='lat' dir='ltr'><strong>David.</strong></span> 
     </span>
    </p>
   </div>
   <div class='ocr_carea' id='block_1_36' title="bbox 578 2401 2086 2471">
    <p class='ocr_par' dir='ltr' id='par_1_36' title="bbox 578 2401 2086 2471">
     <span class='ocr_line' id='line_1_36' title="bbox 578 2401 2086 2471; baseline -0.003 -12"><span class='ocrx_word' id='word_1_317' title='bbox 578 2427 596 2459; x_wconf 77' lang='grc' dir='ltr'><strong>ι</strong></span> <span class='ocrx_word' id='word_1_318' title='bbox 642 2407 868 2470; x_wconf 79' lang='lat' dir='ltr'><strong>Exaudi,</strong></span> <span class='ocrx_word' id='word_1_319' title='bbox 903 2407 1061 2471; x_wconf 89' lang='lat' dir='ltr'><strong>Deus,</strong></span> <span class='ocrx_word' id='word_1_320' title='bbox 1097 2406 1397 2466; x_wconf 80' lang='lat' dir='ltr'><strong>oralionem</strong></span> <span class='ocrx_word' id='word_1_321' title='bbox 1428 2419 1628 2460; x_wconf 83' lang='lat' dir='ltr'><strong>meam.</strong></span> <span class='ocrx_word' id='word_1_322' title='bbox 1664 2422 1682 2454; x_wconf 76' lang='grc' dir='ltr'><strong>ι</strong></span> <span class='ocrx_word' id='word_1_323' title='bbox 1711 2402 1818 2458; x_wconf 85' lang='lat' dir='ltr'><strong>Iste</strong></span> <span class='ocrx_word' id='word_1_324' title='bbox 1842 2401 2086 2471; x_wconf 84' lang='lat' dir='ltr'><strong>psalmus.</strong></span> 
     </span>
    </p>
   </div>
   <div class='ocr_carea' id='block_1_37' title="bbox 501 2492 2078 2564">
    <p class='ocr_par' dir='ltr' id='par_1_37' title="bbox 501 2492 2078 2564">
     <span class='ocr_line' id='line_1_37' title="bbox 501 2492 2078 2564; baseline -0.006 -10"><span class='ocrx_word' id='word_1_325' title='bbox 501 2499 752 2554; x_wconf 78' lang='lat' dir='ltr'><strong>convenit</strong></span> <span class='ocrx_word' id='word_1_326' title='bbox 789 2497 979 2560; x_wconf 85' lang='lat' dir='ltr'><strong>David,</strong></span> <span class='ocrx_word' id='word_1_327' title='bbox 1037 2497 1090 2551; x_wconf 93' lang='lat' dir='ltr'><strong>id</strong></span> <span class='ocrx_word' id='word_1_328' title='bbox 1135 2505 1222 2551; x_wconf 90' lang='lat' dir='ltr'><strong>est</strong></span> <span class='ocrx_word' id='word_1_329' title='bbox 1257 2495 1494 2559; x_wconf 80' lang='lat' dir='ltr'><strong>Christo,</strong></span> <span class='ocrx_word' id='word_1_330' title='bbox 1535 2495 1628 2564; x_wconf 90' lang='lat' dir='ltr'><strong>qui</strong></span> <span class='ocrx_word' id='word_1_331' title='bbox 1671 2493 1762 2548; x_wconf 85' lang='lat' dir='ltr'><strong>bic</strong></span> <span class='ocrx_word' id='word_1_332' title='bbox 1803 2492 2078 2562; x_wconf 90' lang='lat' dir='ltr'><strong>loquitur:</strong></span> 
     </span>
    </p>
   </div>
   <div class='ocr_carea' id='block_1_38' title="bbox 499 2587 2083 2662">
    <p class='ocr_par' dir='ltr' id='par_1_38' title="bbox 499 2587 2083 2662">
     <span class='ocr_line' id='line_1_38' title="bbox 499 2587 2083 2662; baseline -0.006 -15"><span class='ocrx_word' id='word_1_333' title='bbox 499 2593 741 2662; x_wconf 79' lang='lat' dir='ltr'><strong>dirigens</strong></span> <span class='ocrx_word' id='word_1_334' title='bbox 775 2591 827 2646; x_wconf 91' lang='lat' dir='ltr'><strong>in</strong></span> <span class='ocrx_word' id='word_1_335' title='bbox 871 2590 1054 2644; x_wconf 76' lang='lat' dir='ltr'><strong>linem.</strong></span> <span class='ocrx_word' id='word_1_336' title='bbox 1101 2587 1351 2642; x_wconf 86' lang='lat' dir='ltr'><strong>Christus</strong></span> <span class='ocrx_word' id='word_1_337' title='bbox 1402 2595 1486 2642; x_wconf 63' lang='lat' dir='ltr'><strong>est</strong></span> <span class='ocrx_word' id='word_1_338' title='bbox 1527 2587 1753 2641; x_wconf 87' lang='lat' dir='ltr'><strong>materia</strong></span> <span class='ocrx_word' id='word_1_339' title='bbox 1802 2601 1996 2655; x_wconf 87' lang='lat' dir='ltr'><strong>passus</strong></span> <span class='ocrx_word' id='word_1_340' title='bbox 2027 2591 2083 2639; x_wconf 89' lang='lat' dir='ltr'><strong>et</strong></span> 
     </span>
    </p>
   </div>
   <div class='ocr_carea' id='block_1_39' title="bbox 500 2675 2082 2752">
    <p class='ocr_par' dir='ltr' id='par_1_39' title="bbox 500 2675 2082 2752">
     <span class='ocr_line' id='line_1_39' title="bbox 500 2675 2082 2752; baseline -0.003 -18"><span class='ocrx_word' id='word_1_341' title='bbox 500 2680 835 2752; x_wconf 82' lang='lat' dir='ltr'><strong>gloriﬁcatus</strong></span> <span class='ocrx_word' id='word_1_342' title='bbox 867 2694 882 2732; x_wconf 87' lang='lat'><strong>:</strong></span> <span class='ocrx_word' id='word_1_343' title='bbox 918 2678 1157 2732; x_wconf 86' lang='lat' dir='ltr'><strong>breviter</strong></span> <span class='ocrx_word' id='word_1_344' title='bbox 1197 2677 1342 2730; x_wconf 89' lang='lat' dir='ltr'><strong>enim</strong></span> <span class='ocrx_word' id='word_1_345' title='bbox 1390 2677 1561 2746; x_wconf 82' lang='lat' dir='ltr'><strong>tangit</strong></span> <span class='ocrx_word' id='word_1_346' title='bbox 1605 2676 1671 2730; x_wconf 91' lang='lat' dir='ltr'><strong>de</strong></span> <span class='ocrx_word' id='word_1_347' title='bbox 1721 2675 1975 2745; x_wconf 89' lang='lat' dir='ltr'><strong>passione</strong></span> <span class='ocrx_word' id='word_1_348' title='bbox 2028 2685 2082 2731; x_wconf 90' lang='lat' dir='ltr'><strong>et</strong></span> 
     </span>
    </p>
   </div>
   <div class='ocr_carea' id='block_1_40' title="bbox 500 2766 2083 2841">
    <p class='ocr_par' dir='ltr' id='par_1_40' title="bbox 500 2766 2083 2841">
     <span class='ocr_line' id='line_1_40' title="bbox 500 2766 2083 2841; baseline -0.006 -17"><span class='ocrx_word' id='word_1_349' title='bbox 500 2770 912 2841; x_wconf 86' lang='lat' dir='ltr'><strong>gloriﬁcatione.</strong></span> <span class='ocrx_word' id='word_1_350' title='bbox 941 2768 1161 2823; x_wconf 84' lang='lat' dir='ltr'><strong>Modus:</strong></span> <span class='ocrx_word' id='word_1_351' title='bbox 1196 2766 1253 2826; x_wconf 83' lang='lat' dir='ltr'><strong>In</strong></span> <span class='ocrx_word' id='word_1_352' title='bbox 1284 2767 1455 2836; x_wconf 90' lang='lat' dir='ltr'><strong>prima</strong></span> <span class='ocrx_word' id='word_1_353' title='bbox 1489 2776 1642 2836; x_wconf 87' lang='lat' dir='ltr'><strong>parte</strong></span> <span class='ocrx_word' id='word_1_354' title='bbox 1669 2767 1928 2822; x_wconf 88' lang='lat' dir='ltr'><strong>describit</strong></span> <span class='ocrx_word' id='word_1_355' title='bbox 1963 2782 2083 2820; x_wconf 82' lang='lat' dir='ltr'><strong>ma-.</strong></span> 
     </span>
    </p>
   </div>
   <div class='ocr_carea' id='block_1_41' title="bbox 499 2858 2079 2924">
    <p class='ocr_par' dir='ltr' id='par_1_41' title="bbox 499 2858 2079 2924">
     <span class='ocr_line' id='line_1_41' title="bbox 499 2858 2079 2924; baseline -0.001 -8"><span class='ocrx_word' id='word_1_356' title='bbox 499 2863 672 2917; x_wconf 84' lang='lat' dir='ltr'><strong>litiam</strong></span> <span class='ocrx_word' id='word_1_357' title='bbox 703 2859 1044 2924; x_wconf 68' lang='lat' dir='ltr'><strong>Judmorum,</strong></span> <span class='ocrx_word' id='word_1_358' title='bbox 1061 2867 1116 2914; x_wconf 93' lang='lat' dir='ltr'><strong>et</strong></span> <span class='ocrx_word' id='word_1_359' title='bbox 1136 2867 1258 2914; x_wconf 91' lang='lat' dir='ltr'><strong>orat</strong></span> <span class='ocrx_word' id='word_1_360' title='bbox 1278 2858 1501 2919; x_wconf 87' lang='lat' dir='ltr'><strong>liberari</strong></span> <span class='ocrx_word' id='word_1_361' title='bbox 1536 2859 1605 2912; x_wconf 87' lang='lat' dir='ltr'><strong>ab</strong></span> <span class='ocrx_word' id='word_1_362' title='bbox 1639 2860 1738 2924; x_wconf 91' lang='lat' dir='ltr'><strong>eis,</strong></span> <span class='ocrx_word' id='word_1_363' title='bbox 1765 2868 1822 2914; x_wconf 92' lang='lat' dir='ltr'><strong>et</strong></span> <span class='ocrx_word' id='word_1_364' title='bbox 1847 2858 2079 2914; x_wconf 80' lang='lat' dir='ltr'><strong>atlirinat</strong></span> 
     </span>
    </p>
   </div>
   <div class='ocr_carea' id='block_1_42' title="bbox 499 2948 2076 3022">
    <p class='ocr_par' dir='ltr' id='par_1_42' title="bbox 499 2948 2076 3022">
     <span class='ocr_line' id='line_1_42' title="bbox 499 2948 2076 3022; baseline -0.003 -16"><span class='ocrx_word' id='word_1_365' title='bbox 499 2954 644 3022; x_wconf 90' lang='lat' dir='ltr'><strong>quod</strong></span> <span class='ocrx_word' id='word_1_366' title='bbox 675 2951 1012 3010; x_wconf 86' lang='lat' dir='ltr'><strong>liberabitur.</strong></span> <span class='ocrx_word' id='word_1_367' title='bbox 1048 2949 1106 3004; x_wconf 92' lang='lat' dir='ltr'><strong>ln</strong></span> <span class='ocrx_word' id='word_1_368' title='bbox 1148 2949 1387 3004; x_wconf 88' lang='lat' dir='ltr'><strong>secunda</strong></span> <span class='ocrx_word' id='word_1_369' title='bbox 1432 2957 1605 3018; x_wconf 89' lang='lat' dir='ltr'><strong>parte,</strong></span> <span class='ocrx_word' id='word_1_370' title='bbox 1661 2963 1780 3017; x_wconf 68' lang='lat' dir='ltr'><strong>qua:</strong></span> <span class='ocrx_word' id='word_1_371' title='bbox 1831 2948 2019 3018; x_wconf 86' lang='lat' dir='ltr'><strong>incipit</strong></span> <span class='ocrx_word' id='word_1_372' title='bbox 2064 2966 2076 3002; x_wconf 93' lang='lat'><strong>:</strong></span> 
     </span>
    </p>
   </div>
   <div class='ocr_carea' id='block_1_43' title="bbox 501 3042 2076 3119">
    <p class='ocr_par' dir='ltr' id='par_1_43' title="bbox 501 3042 2076 3119">
     <span class='ocr_line' id='line_1_43' title="bbox 501 3042 2076 3119; baseline -0.004 -16"><span class='ocrx_word' id='word_1_373' title='bbox 501 3049 722 3119; x_wconf 80' lang='lat' dir='ltr'><strong>Sagitta:</strong></span> <span class='ocrx_word' id='word_1_374' title='bbox 743 3062 868 3117; x_wconf 76' lang='lat' dir='ltr'><strong>parv</strong></span> <span class='ocrx_word' id='word_1_375' title='bbox 880 3045 1113 3110; x_wconf 91' lang='lat' dir='ltr'><strong>ulorum,</strong></span> <span class='ocrx_word' id='word_1_376' title='bbox 1127 3044 1276 3113; x_wconf 90' lang='lat' dir='ltr'><strong>ponit</strong></span> <span class='ocrx_word' id='word_1_377' title='bbox 1290 3043 1595 3099; x_wconf 90' lang='lat' dir='ltr'><strong>irrisionem</strong></span> <span class='ocrx_word' id='word_1_378' title='bbox 1611 3042 1854 3099; x_wconf 74' lang='lat' dir='ltr'><strong>stultitia:</strong></span> <span class='ocrx_word' id='word_1_379' title='bbox 1869 3057 2076 3097; x_wconf 89' lang='lat' dir='ltr'><strong>eorum.</strong></span> 
     </span>
    </p>
   </div>
   <div class='ocr_carea' id='block_1_44' title="bbox 498 3133 2075 3202">
    <p class='ocr_par' dir='ltr' id='par_1_44' title="bbox 498 3133 2075 3202">
     <span class='ocr_line' id='line_1_44' title="bbox 498 3133 2075 3202; baseline -0.004 -9"><span class='ocrx_word' id='word_1_380' title='bbox 498 3139 730 3194; x_wconf 79' lang='lat' dir='ltr'><strong>Intentio</strong></span> <span class='ocrx_word' id='word_1_381' title='bbox 751 3145 855 3201; x_wconf 82' lang='lat' dir='ltr'><strong>est,</strong></span> <span class='ocrx_word' id='word_1_382' title='bbox 878 3135 1170 3191; x_wconf 86' lang='lat' dir='ltr'><strong>admonere</strong></span> <span class='ocrx_word' id='word_1_383' title='bbox 1181 3133 1409 3196; x_wconf 62' lang='lat' dir='ltr'><strong>Juda‘os,</strong></span> <span class='ocrx_word' id='word_1_384' title='bbox 1435 3142 1495 3188; x_wconf 91' lang='lat' dir='ltr'><strong>ut</strong></span> <span class='ocrx_word' id='word_1_385' title='bbox 1516 3143 1730 3189; x_wconf 90' lang='lat' dir='ltr'><strong>cessent</strong></span> <span class='ocrx_word' id='word_1_386' title='bbox 1755 3149 1785 3186; x_wconf 91' lang='lat' dir='ltr'><strong>a</strong></span> <span class='ocrx_word' id='word_1_387' title='bbox 1815 3133 2075 3202; x_wconf 87' lang='lat' dir='ltr'><strong>nequitia,</strong></span> 
     </span>
    </p>
   </div>
   <div class='ocr_carea' id='block_1_45' title="bbox 499 3216 2153 3299">
    <p class='ocr_par' dir='ltr' id='par_1_45' title="bbox 499 3216 2153 3299">
     <span class='ocr_line' id='line_1_45' title="bbox 499 3216 2153 3299; baseline -0.004 -12"><span class='ocrx_word' id='word_1_388' title='bbox 499 3242 553 3287; x_wconf 90' lang='lat' dir='ltr'><strong>et</strong></span> <span class='ocrx_word' id='word_1_389' title='bbox 589 3233 731 3287; x_wconf 90' lang='lat' dir='ltr'><strong>sicut</strong></span> <span class='ocrx_word' id='word_1_390' title='bbox 760 3231 813 3286; x_wconf 92' lang='lat' dir='ltr'><strong>in</strong></span> <span class='ocrx_word' id='word_1_391' title='bbox 839 3230 1054 3285; x_wconf 83' lang='lat' dir='ltr'><strong>caeteris</strong></span> <span class='ocrx_word' id='word_1_392' title='bbox 1081 3228 1321 3299; x_wconf 87' lang='lat' dir='ltr'><strong>psalmis,</strong></span> <span class='ocrx_word' id='word_1_393' title='bbox 1354 3227 1446 3282; x_wconf 90' lang='lat' dir='ltr'><strong>ubi</strong></span> <span class='ocrx_word' id='word_1_394' title='bbox 1481 3228 1548 3282; x_wconf 92' lang='lat' dir='ltr'><strong>de</strong></span> <span class='ocrx_word' id='word_1_395' title='bbox 1569 3227 1824 3296; x_wconf 89' lang='lat' dir='ltr'><strong>passione</strong></span> <span class='ocrx_word' id='word_1_396' title='bbox 1849 3233 1981 3297; x_wconf 79' lang='lat' dir='ltr'><strong>agit,</strong></span> <span class='ocrx_word' id='word_1_397' title='bbox 2011 3227 2079 3280; x_wconf 87' lang='lat' dir='ltr'><strong>ab</strong></span> <span class='ocrx_word' id='word_1_398' title='bbox 2105 3216 2153 3281; x_wconf 87' lang='lat' dir='ltr'><strong><em>C</em></strong></span> 
     </span>
    </p>
   </div>
   <div class='ocr_carea' id='block_1_46' title="bbox 510 3322 1586 3394">
    <p class='ocr_par' dir='ltr' id='par_1_46' title="bbox 510 3322 1586 3394">
     <span class='ocr_line' id='line_1_46' title="bbox 510 3322 1586 3394; baseline -0.002 -14"><span class='ocrx_word' id='word_1_399' title='bbox 510 3327 760 3381; x_wconf 86' lang='lat' dir='ltr'><strong>oratione</strong></span> <span class='ocrx_word' id='word_1_400' title='bbox 785 3323 994 3394; x_wconf 88' lang='lat' dir='ltr'><strong>incipit,</strong></span> <span class='ocrx_word' id='word_1_401' title='bbox 1023 3322 1103 3377; x_wconf 88' lang='lat' dir='ltr'><strong>sic</strong></span> <span class='ocrx_word' id='word_1_402' title='bbox 1132 3322 1219 3378; x_wconf 87' lang='lat' dir='ltr'><strong>hic</strong></span> <span class='ocrx_word' id='word_1_403' title='bbox 1248 3337 1372 3376; x_wconf 93' lang='lat' dir='ltr'><strong>cum</strong></span> <span class='ocrx_word' id='word_1_404' title='bbox 1405 3322 1534 3376; x_wconf 83' lang='lat' dir='ltr'><strong>dicit</strong></span> <span class='ocrx_word' id='word_1_405' title='bbox 1572 3339 1586 3378; x_wconf 90' lang='lat'><strong>:</strong></span> 
     </span>
    </p>
   </div>
   <div class='ocr_carea' id='block_1_47' title="bbox 577 3411 2081 3480">
    <p class='ocr_par' dir='ltr' id='par_1_47' title="bbox 577 3411 2081 3480">
     <span class='ocr_line' id='line_1_47' title="bbox 577 3411 2081 3480; baseline 0.001 -16"><span class='ocrx_word' id='word_1_406' title='bbox 577 3435 595 3464; x_wconf 71' lang='grc' dir='ltr'><strong>ε</strong></span> <span class='ocrx_word' id='word_1_407' title='bbox 633 3415 868 3480; x_wconf 78' lang='lat' dir='ltr'><strong>Exaudi,</strong></span> <span class='ocrx_word' id='word_1_408' title='bbox 900 3414 1063 3479; x_wconf 91' lang='lat' dir='ltr'><strong>Deus,</strong></span> <span class='ocrx_word' id='word_1_409' title='bbox 1090 3412 1389 3468; x_wconf 91' lang='lat' dir='ltr'><strong>orationem</strong></span> <span class='ocrx_word' id='word_1_410' title='bbox 1421 3425 1596 3466; x_wconf 89' lang='lat' dir='ltr'><strong>meam</strong></span> <span class='ocrx_word' id='word_1_411' title='bbox 1632 3431 1650 3462; x_wconf 82' lang='grc'><strong>›</strong></span> <span class='ocrx_word' id='word_1_412' title='bbox 1679 3412 1743 3466; x_wconf 89' lang='lat' dir='ltr'><strong>de</strong></span> <span class='ocrx_word' id='word_1_413' title='bbox 1762 3411 1918 3466; x_wconf 87' lang='lat' dir='ltr'><strong>bonis</strong></span> <span class='ocrx_word' id='word_1_414' title='bbox 1944 3411 2081 3466; x_wconf 81' lang='lat' dir='ltr'><strong>obti-</strong></span> 
     </span>
    </p>
   </div>
   <div class='ocr_carea' id='block_1_48' title="bbox 502 3501 2082 3573">
    <p class='ocr_par' dir='ltr' id='par_1_48' title="bbox 502 3501 2082 3573">
     <span class='ocr_line' id='line_1_48' title="bbox 502 3501 2082 3573; baseline -0.004 -13"><span class='ocrx_word' id='word_1_415' title='bbox 502 3507 715 3573; x_wconf 90' lang='lat' dir='ltr'><strong>nendis,</strong></span> <span class='ocrx_word' id='word_1_416' title='bbox 767 3514 823 3561; x_wconf 89' lang='lat' dir='ltr'><strong>et</strong></span> <span class='ocrx_word' id='word_1_417' title='bbox 875 3524 893 3556; x_wconf 74' lang='grc' dir='ltr'><strong>ι</strong></span> <span class='ocrx_word' id='word_1_418' title='bbox 929 3519 1050 3559; x_wconf 90' lang='lat' dir='ltr'><strong>cum</strong></span> <span class='ocrx_word' id='word_1_419' title='bbox 1092 3524 1110 3556; x_wconf 83' lang='grc'><strong>›</strong></span> <span class='ocrx_word' id='word_1_420' title='bbox 1142 3518 1243 3573; x_wconf 88' lang='lat' dir='ltr'><strong>ego</strong></span> <span class='ocrx_word' id='word_1_421' title='bbox 1277 3521 1295 3553; x_wconf 76' lang='grc' dir='ltr'><strong>ι</strong></span> <span class='ocrx_word' id='word_1_422' title='bbox 1333 3501 1614 3570; x_wconf 87' lang='lat' dir='ltr'><strong>deprecor,</strong></span> <span class='ocrx_word' id='word_1_423' title='bbox 1667 3503 1816 3570; x_wconf 90' lang='lat' dir='ltr'><strong>eripe</strong></span> <span class='ocrx_word' id='word_1_424' title='bbox 1845 3501 2082 3556; x_wconf 89' lang='lat' dir='ltr'><strong>animam</strong></span> 
     </span>
    </p>
   </div>
   <div class='ocr_carea' id='block_1_49' title="bbox 500 3593 2092 3659">
    <p class='ocr_par' dir='ltr' id='par_1_49' title="bbox 500 3593 2092 3659">
     <span class='ocr_line' id='line_1_49' title="bbox 500 3593 2092 3659; baseline -0.004 -4"><span class='ocrx_word' id='word_1_425' title='bbox 500 3615 698 3655; x_wconf 88' lang='lat' dir='ltr'><strong>meam.</strong></span> <span class='ocrx_word' id='word_1_426' title='bbox 737 3620 754 3649; x_wconf 74' lang='grc' dir='ltr'><strong>ι</strong></span> <span class='ocrx_word' id='word_1_427' title='bbox 789 3598 906 3652; x_wconf 83' lang='lat' dir='ltr'><strong>Non</strong></span> <span class='ocrx_word' id='word_1_428' title='bbox 947 3598 1069 3652; x_wconf 90' lang='lat' dir='ltr'><strong>dico</strong></span> <span class='ocrx_word' id='word_1_429' title='bbox 1097 3613 1128 3652; x_wconf 91' lang='lat' dir='ltr'><strong>a</strong></span> <span class='ocrx_word' id='word_1_430' title='bbox 1169 3595 1361 3650; x_wconf 89' lang='lat' dir='ltr'><strong>timore</strong></span> <span class='ocrx_word' id='word_1_431' title='bbox 1391 3594 1602 3659; x_wconf 90' lang='lat' dir='ltr'><strong>mortis,</strong></span> <span class='ocrx_word' id='word_1_432' title='bbox 1647 3594 1740 3648; x_wconf 92' lang='lat' dir='ltr'><strong>sed</strong></span> <span class='ocrx_word' id='word_1_433' title='bbox 1765 3610 1797 3647; x_wconf 91' lang='lat' dir='ltr'><strong>a</strong></span> <span class='ocrx_word' id='word_1_434' title='bbox 1832 3611 1849 3644; x_wconf 72' lang='grc' dir='ltr'><strong>ι</strong></span> <span class='ocrx_word' id='word_1_435' title='bbox 1889 3593 2092 3649; x_wconf 81' lang='lat' dir='ltr'><strong>timore</strong></span> 
     </span>
    </p>
   </div>
   <div class='ocr_carea' id='block_1_50' title="bbox 502 3679 2082 3757">
    <p class='ocr_par' dir='ltr' id='par_1_50' title="bbox 502 3679 2082 3757">
     <span class='ocr_line' id='line_1_50' title="bbox 502 3679 2082 3757; baseline -0.004 -12"><span class='ocrx_word' id='word_1_436' title='bbox 502 3692 730 3756; x_wconf 85' lang='lat' dir='ltr'><strong>inimici,</strong></span> <span class='ocrx_word' id='word_1_437' title='bbox 774 3711 791 3739; x_wconf 83' lang='lat' dir='ltr'><strong>I</strong></span> <span class='ocrx_word' id='word_1_438' title='bbox 830 3691 884 3746; x_wconf 88' lang='lat' dir='ltr'><strong>id</strong></span> <span class='ocrx_word' id='word_1_439' title='bbox 924 3698 1026 3754; x_wconf 86' lang='lat' dir='ltr'><strong>est,</strong></span> <span class='ocrx_word' id='word_1_440' title='bbox 1075 3690 1148 3743; x_wconf 88' lang='lat' dir='ltr'><strong>ita</strong></span> <span class='ocrx_word' id='word_1_441' title='bbox 1182 3679 1508 3751; x_wconf 73' lang='lat' dir='ltr'><strong>libera&#39;me,</strong></span> <span class='ocrx_word' id='word_1_442' title='bbox 1540 3702 1608 3741; x_wconf 92' lang='lat' dir='ltr'><strong>ne</strong></span> <span class='ocrx_word' id='word_1_443' title='bbox 1637 3701 1736 3757; x_wconf 85' lang='lat' dir='ltr'><strong>ego</strong></span> <span class='ocrx_word' id='word_1_444' title='bbox 1770 3685 1958 3742; x_wconf 89' lang='lat' dir='ltr'><strong>cedam</strong></span> <span class='ocrx_word' id='word_1_445' title='bbox 1981 3685 2082 3739; x_wconf 87' lang='lat' dir='ltr'><strong>ini-</strong></span> 
     </span>
    </p>
   </div>
   <div class='ocr_carea' id='block_1_51' title="bbox 502 3783 1200 3854">
    <p class='ocr_par' dir='ltr' id='par_1_51' title="bbox 502 3783 1200 3854">
     <span class='ocr_line' id='line_1_51' title="bbox 502 3783 1200 3854; baseline -0.006 -15"><span class='ocrx_word' id='word_1_446' title='bbox 502 3785 656 3840; x_wconf 83' lang='lat' dir='ltr'><strong>micis</strong></span> <span class='ocrx_word' id='word_1_447' title='bbox 683 3793 904 3854; x_wconf 89' lang='lat' dir='ltr'><strong>propter</strong></span> <span class='ocrx_word' id='word_1_448' title='bbox 930 3783 1200 3837; x_wconf 90' lang='lat' dir='ltr'><strong>timorem.</strong></span> 
     </span>
    </p>
   </div>
   <div class='ocr_carea' id='block_1_52' title="bbox 575 3867 2086 3939">
    <p class='ocr_par' dir='ltr' id='par_1_52' title="bbox 575 3867 2086 3939">
     <span class='ocr_line' id='line_1_52' title="bbox 575 3867 2086 3939; baseline -0.002 -10"><span class='ocrx_word' id='word_1_449' title='bbox 575 3897 593 3929; x_wconf 70' lang='grc' dir='ltr'><strong>ι</strong></span> <span class='ocrx_word' id='word_1_450' title='bbox 638 3874 926 3933; x_wconf 76' lang='lat' dir='ltr'><strong>Protexisti</strong></span> <span class='ocrx_word' id='word_1_451' title='bbox 988 3888 1072 3927; x_wconf 88' lang='lat' dir='ltr'><strong>me</strong></span> <span class='ocrx_word' id='word_1_452' title='bbox 1118 3888 1147 3925; x_wconf 91' lang='lat' dir='ltr'><strong>a</strong></span> <span class='ocrx_word' id='word_1_453' title='bbox 1209 3877 1472 3925; x_wconf 90' lang='lat' dir='ltr'><strong>conventu</strong></span> <span class='ocrx_word' id='word_1_454' title='bbox 1521 3867 1932 3939; x_wconf 86' lang='lat' dir='ltr'><strong>malignantium</strong></span> <span class='ocrx_word' id='word_1_455' title='bbox 1968 3887 1987 3918; x_wconf 69' lang='grc' dir='ltr'><strong>ι</strong></span> <span class='ocrx_word' id='word_1_456' title='bbox 2029 3876 2086 3926; x_wconf 80' lang='lat' dir='ltr'><strong>et</strong></span> 
     </span>
    </p>
   </div>
   <div class='ocr_carea' id='block_1_53' title="bbox 498 3956 2081 4032">
    <p class='ocr_par' dir='ltr' id='par_1_53' title="bbox 498 3956 2081 4032">
     <span class='ocr_line' id='line_1_53' title="bbox 498 3956 2081 4032; baseline -0.008 -10"><span class='ocrx_word' id='word_1_457' title='bbox 498 3958 679 4022; x_wconf 86' lang='lat' dir='ltr'><strong>certus</strong></span> <span class='ocrx_word' id='word_1_458' title='bbox 727 3980 848 4020; x_wconf 91' lang='lat' dir='ltr'><strong>sum</strong></span> <span class='ocrx_word' id='word_1_459' title='bbox 901 3962 1042 4032; x_wconf 89' lang='lat' dir='ltr'><strong>quod</strong></span> <span class='ocrx_word' id='word_1_460' title='bbox 1098 3961 1322 4032; x_wconf 87' lang='lat' dir='ltr'><strong>eripies,</strong></span> <span class='ocrx_word' id='word_1_461' title='bbox 1353 3961 1477 4031; x_wconf 89' lang='lat' dir='ltr'><strong>quia</strong></span> <span class='ocrx_word' id='word_1_462' title='bbox 1515 3978 1533 4011; x_wconf 85' lang='grc'>‹</span> <span class='ocrx_word' id='word_1_463' title='bbox 1582 3959 1871 4029; x_wconf 76' lang='lat' dir='ltr'><strong>protexisti</strong></span> <span class='ocrx_word' id='word_1_464' title='bbox 1919 3971 2008 4012; x_wconf 91' lang='lat' dir='ltr'><strong>me</strong></span> <span class='ocrx_word' id='word_1_465' title='bbox 2051 3956 2081 4010; x_wconf 69' lang='grc' dir='ltr'>ἐι</span> 
     </span>
    </p>
   </div>
   <div class='ocr_carea' id='block_1_54' title="bbox 499 4048 2084 4122">
    <p class='ocr_par' dir='ltr' id='par_1_54' title="bbox 499 4048 2084 4122">
     <span class='ocr_line' id='line_1_54' title="bbox 499 4048 2084 4122; baseline -0.005 -10"><span class='ocrx_word' id='word_1_466' title='bbox 499 4062 766 4112; x_wconf 90' lang='lat' dir='ltr'><strong>conventu</strong></span> <span class='ocrx_word' id='word_1_467' title='bbox 795 4053 1166 4122; x_wconf 86' lang='lat' dir='ltr'><strong>maligantium</strong></span> <span class='ocrx_word' id='word_1_468' title='bbox 1201 4071 1218 4103; x_wconf 77' lang='grc' dir='ltr'><strong>ι</strong></span> <span class='ocrx_word' id='word_1_469' title='bbox 1271 4051 1324 4105; x_wconf 90' lang='lat' dir='ltr'><strong>id</strong></span> <span class='ocrx_word' id='word_1_470' title='bbox 1373 4059 1458 4106; x_wconf 91' lang='lat' dir='ltr'><strong>est</strong></span> <span class='ocrx_word' id='word_1_471' title='bbox 1498 4065 1528 4104; x_wconf 93' lang='lat' dir='ltr'><strong>a</strong></span> <span class='ocrx_word' id='word_1_472' title='bbox 1557 4049 1874 4104; x_wconf 88' lang='lat' dir='ltr'><strong>collectione</strong></span> <span class='ocrx_word' id='word_1_473' title='bbox 1903 4048 1971 4104; x_wconf 92' lang='lat' dir='ltr'><strong>de</strong></span> <span class='ocrx_word' id='word_1_474' title='bbox 1998 4063 2084 4104; x_wconf 89' lang='lat' dir='ltr'><strong>me</strong></span> 
     </span>
    </p>
   </div>
   <div class='ocr_carea' id='block_1_55' title="bbox 502 4137 2081 4215">
    <p class='ocr_par' dir='ltr' id='par_1_55' title="bbox 502 4137 2081 4215">
     <span class='ocr_line' id='line_1_55' title="bbox 502 4137 2081 4215; baseline -0.004 -15"><span class='ocrx_word' id='word_1_475' title='bbox 502 4145 640 4200; x_wconf 83' lang='lat' dir='ltr'><strong>male</strong></span> <span class='ocrx_word' id='word_1_476' title='bbox 677 4143 1049 4215; x_wconf 81' lang='lat' dir='ltr'><strong>cogitantium,</strong></span> <span class='ocrx_word' id='word_1_477' title='bbox 1083 4161 1100 4192; x_wconf 85' lang='grc'><strong><em>‹</em></strong></span> <span class='ocrx_word' id='word_1_478' title='bbox 1134 4149 1190 4196; x_wconf 93' lang='lat' dir='ltr'><strong>et</strong></span> <span class='ocrx_word' id='word_1_479' title='bbox 1220 4141 1384 4195; x_wconf 89' lang='lat' dir='ltr'><strong>etiam</strong></span> <span class='ocrx_word' id='word_1_480' title='bbox 1415 4155 1445 4193; x_wconf 93' lang='lat' dir='ltr'><strong>a</strong></span> <span class='ocrx_word' id='word_1_481' title='bbox 1477 4137 1822 4194; x_wconf 89' lang='lat' dir='ltr'><strong>multitudine</strong></span> <span class='ocrx_word' id='word_1_482' title='bbox 1849 4153 2081 4208; x_wconf 83' lang='lat' dir='ltr'><strong>operan-</strong></span> 
     </span>
    </p>
   </div>
   <div class='ocr_carea' id='block_1_56' title="bbox 503 4229 2085 4305">
    <p class='ocr_par' dir='ltr' id='par_1_56' title="bbox 503 4229 2085 4305">
     <span class='ocr_line' id='line_1_56' title="bbox 503 4229 2085 4305; baseline -0.004 -15"><span class='ocrx_word' id='word_1_483' title='bbox 503 4237 636 4290; x_wconf 90' lang='lat' dir='ltr'><strong>tium</strong></span> <span class='ocrx_word' id='word_1_484' title='bbox 669 4235 1010 4305; x_wconf 84' lang='lat' dir='ltr'><strong>iniquitatem</strong></span> <span class='ocrx_word' id='word_1_485' title='bbox 1043 4253 1061 4286; x_wconf 78' lang='grc' dir='ltr'><strong>ι</strong></span> <span class='ocrx_word' id='word_1_486' title='bbox 1096 4232 1148 4290; x_wconf 92' lang='lat' dir='ltr'><strong>id</strong></span> <span class='ocrx_word' id='word_1_487' title='bbox 1179 4233 1382 4302; x_wconf 87' lang='lat' dir='ltr'><strong>estqui</strong></span> <span class='ocrx_word' id='word_1_488' title='bbox 1411 4231 1542 4291; x_wconf 88' lang='lat' dir='ltr'><strong>mihi</strong></span> <span class='ocrx_word' id='word_1_489' title='bbox 1598 4229 1740 4288; x_wconf 85' lang='lat' dir='ltr'><strong>mala</strong></span> <span class='ocrx_word' id='word_1_490' title='bbox 1800 4229 2085 4286; x_wconf 88' lang='lat' dir='ltr'><strong>actualiter</strong></span> 
     </span>
    </p>
   </div>
   <div class='ocr_carea' id='block_1_57' title="bbox 503 4329 2074 4400">
    <p class='ocr_par' dir='ltr' id='par_1_57' title="bbox 503 4329 2074 4400">
     <span class='ocr_line' id='line_1_57' title="bbox 503 4329 2074 4400; baseline -0.003 -15"><span class='ocrx_word' id='word_1_491' title='bbox 503 4329 764 4385; x_wconf 83' lang='lat' dir='ltr'><strong>inferunt.</strong></span> <span class='ocrx_word' id='word_1_492' title='bbox 1495 4396 1500 4400; x_wconf 84' lang='lat'><em>_</em></span> <span class='ocrx_word' id='word_1_493' title='bbox 2071 4377 2074 4380; x_wconf 83' lang='lat'><strong>.</strong></span> 
     </span>
    </p>
   </div>
   <div class='ocr_carea' id='block_1_58' title="bbox 577 4414 2083 4488">
    <p class='ocr_par' dir='ltr' id='par_1_58' title="bbox 577 4414 2083 4488">
     <span class='ocr_line' id='line_1_58' title="bbox 577 4414 2083 4488; baseline -0.001 -18"><span class='ocrx_word' id='word_1_494' title='bbox 577 4440 595 4470; x_wconf 72' lang='grc' dir='ltr'><strong>ι</strong></span> <span class='ocrx_word' id='word_1_495' title='bbox 637 4420 790 4487; x_wconf 83' lang='lat' dir='ltr'><strong>Quia.</strong></span> <span class='ocrx_word' id='word_1_496' title='bbox 833 4438 850 4468; x_wconf 80' lang='grc'><strong>›</strong></span> <span class='ocrx_word' id='word_1_497' title='bbox 906 4419 1201 4472; x_wconf 83' lang='lat' dir='ltr'><strong>Ennmerat</strong></span> <span class='ocrx_word' id='word_1_498' title='bbox 1247 4415 1518 4488; x_wconf 89' lang='lat' dir='ltr'><strong>nequitias</strong></span> <span class='ocrx_word' id='word_1_499' title='bbox 1557 4415 1890 4471; x_wconf 69' lang='lat' dir='ltr'><strong>Juda&#39;orum.</strong></span> <span class='ocrx_word' id='word_1_500' title='bbox 1936 4414 2083 4470; x_wconf 85' lang='lat' dir='ltr'><strong>Bene</strong></span> 
     </span>
    </p>
   </div>
   <div class='ocr_carea' id='block_1_59' title="bbox 503 4509 2082 4580">
    <p class='ocr_par' dir='ltr' id='par_1_59' title="bbox 503 4509 2082 4580">
     <span class='ocr_line' id='line_1_59' title="bbox 503 4509 2082 4580; baseline -0.003 -15"><span class='ocrx_word' id='word_1_501' title='bbox 503 4512 644 4576; x_wconf 88' lang='lat' dir='ltr'><strong>dico,</strong></span> <span class='ocrx_word' id='word_1_502' title='bbox 678 4509 1020 4580; x_wconf 85' lang='lat' dir='ltr'><strong>operantium</strong></span> <span class='ocrx_word' id='word_1_503' title='bbox 1057 4509 1418 4578; x_wconf 88' lang='lat' dir='ltr'><strong>iniquitatem,</strong></span> <span class='ocrx_word' id='word_1_504' title='bbox 1460 4527 1478 4560; x_wconf 87' lang='grc'><em>‹</em></span> <span class='ocrx_word' id='word_1_505' title='bbox 1524 4509 1650 4579; x_wconf 90' lang='lat' dir='ltr'><strong>quia</strong></span> <span class='ocrx_word' id='word_1_506' title='bbox 1688 4529 1705 4559; x_wconf 75' lang='grc' dir='ltr'><strong>ι</strong></span> <span class='ocrx_word' id='word_1_507' title='bbox 1735 4509 1836 4579; x_wconf 85' lang='lat' dir='ltr'><strong>ipsi</strong></span> <span class='ocrx_word' id='word_1_508' title='bbox 1884 4526 1902 4558; x_wconf 83' lang='grc'>‹</span> <span class='ocrx_word' id='word_1_509' title='bbox 1953 4523 2082 4562; x_wconf 83' lang='lat' dir='ltr'><strong>exa-</strong></span> 
     </span>
    </p>
   </div>
   <div class='ocr_carea' id='block_1_60' title="bbox 500 4596 2080 4671">
    <p class='ocr_par' dir='ltr' id='par_1_60' title="bbox 500 4596 2080 4671">
     <span class='ocr_line' id='line_1_60' title="bbox 500 4596 2080 4671; baseline -0.004 -14"><span class='ocrx_word' id='word_1_510' title='bbox 500 4613 730 4658; x_wconf 91' lang='lat' dir='ltr'><strong>cucrunt</strong></span> <span class='ocrx_word' id='word_1_511' title='bbox 777 4611 835 4655; x_wconf 94' lang='lat' dir='ltr'><strong>ut</strong></span> <span class='ocrx_word' id='word_1_512' title='bbox 875 4600 1108 4671; x_wconf 77' lang='lat' dir='ltr'><strong>gladium</strong></span> <span class='ocrx_word' id='word_1_513' title='bbox 1142 4601 1350 4670; x_wconf 86' lang='lat' dir='ltr'><strong>linguas</strong></span> <span class='ocrx_word' id='word_1_514' title='bbox 1385 4615 1510 4655; x_wconf 90' lang='lat' dir='ltr'><strong>suas</strong></span> <span class='ocrx_word' id='word_1_515' title='bbox 1543 4619 1561 4650; x_wconf 76' lang='grc' dir='ltr'><strong>ι</strong></span> <span class='ocrx_word' id='word_1_516' title='bbox 1611 4600 1736 4668; x_wconf 89' lang='lat' dir='ltr'><strong>quia</strong></span> <span class='ocrx_word' id='word_1_517' title='bbox 1791 4598 1933 4653; x_wconf 91' lang='lat' dir='ltr'><strong>sicut</strong></span> <span class='ocrx_word' id='word_1_518' title='bbox 1967 4596 2080 4667; x_wconf 87' lang='lat' dir='ltr'><strong>gla-</strong></span> 
     </span>
    </p>
   </div>
   <div class='ocr_carea' id='block_1_61' title="bbox 501 4688 2080 4766">
    <p class='ocr_par' dir='ltr' id='par_1_61' title="bbox 501 4688 2080 4766">
     <span class='ocr_line' id='line_1_61' title="bbox 501 4688 2080 4766; baseline -0.006 -16"><span class='ocrx_word' id='word_1_519' title='bbox 501 4697 622 4751; x_wconf 89' lang='lat' dir='ltr'><strong>dius</strong></span> <span class='ocrx_word' id='word_1_520' title='bbox 649 4695 861 4750; x_wconf 84' lang='lat' dir='ltr'><strong>acuitur</strong></span> <span class='ocrx_word' id='word_1_521' title='bbox 891 4702 949 4746; x_wconf 94' lang='lat' dir='ltr'><strong>ut</strong></span> <span class='ocrx_word' id='word_1_522' title='bbox 977 4693 1148 4766; x_wconf 85' lang='lat' dir='ltr'><strong>magis</strong></span> <span class='ocrx_word' id='word_1_523' title='bbox 1180 4693 1404 4756; x_wconf 89' lang='lat' dir='ltr'><strong>incidat,</strong></span> <span class='ocrx_word' id='word_1_524' title='bbox 1435 4693 1511 4746; x_wconf 88' lang='lat' dir='ltr'><strong>ita</strong></span> <span class='ocrx_word' id='word_1_525' title='bbox 1540 4689 1851 4745; x_wconf 85' lang='lat' dir='ltr'><strong>acutissime</strong></span> <span class='ocrx_word' id='word_1_526' title='bbox 1875 4688 2080 4758; x_wconf 86' lang='lat' dir='ltr'><strong>cogita-</strong></span> 
     </span>
    </p>
   </div>
   <div class='ocr_carea' id='block_1_62' title="bbox 499 4784 2078 4858">
    <p class='ocr_par' dir='ltr' id='par_1_62' title="bbox 499 4784 2078 4858">
     <span class='ocr_line' id='line_1_62' title="bbox 499 4784 2078 4858; baseline -0.006 -13"><span class='ocrx_word' id='word_1_527' title='bbox 499 4791 633 4845; x_wconf 74' lang='lat' dir='ltr'><strong>liaut</strong></span> <span class='ocrx_word' id='word_1_528' title='bbox 683 4788 812 4858; x_wconf 91' lang='lat' dir='ltr'><strong>quid</strong></span> <span class='ocrx_word' id='word_1_529' title='bbox 853 4785 1004 4857; x_wconf 84' lang='lat' dir='ltr'><strong>pejus</strong></span> <span class='ocrx_word' id='word_1_530' title='bbox 1057 4795 1279 4858; x_wconf 87' lang='lat' dir='ltr'><strong>possent</strong></span> <span class='ocrx_word' id='word_1_531' title='bbox 1329 4787 1512 4841; x_wconf 84' lang='lat' dir='ltr'><strong>dicere</strong></span> <span class='ocrx_word' id='word_1_532' title='bbox 1561 4784 1616 4838; x_wconf 91' lang='lat' dir='ltr'><strong>in</strong></span> <span class='ocrx_word' id='word_1_533' title='bbox 1674 4797 1821 4846; x_wconf 92' lang='lat' dir='ltr'><strong>eum,</strong></span> <span class='ocrx_word' id='word_1_534' title='bbox 1853 4788 1912 4834; x_wconf 91' lang='lat' dir='ltr'><strong>ut</strong></span> <span class='ocrx_word' id='word_1_535' title='bbox 1956 4797 2078 4836; x_wconf 91' lang='lat' dir='ltr'><strong>cum</strong></span> 
     </span>
    </p>
   </div>
   <div class='ocr_carea' id='block_1_63' title="bbox 387 4871 2081 4949">
    <p class='ocr_par' dir='ltr' id='par_1_63' title="bbox 387 4871 2081 4949">
     <span class='ocr_line' id='line_1_63' title="bbox 387 4871 2081 4949; baseline -0.006 -14"><span class='ocrx_word' id='word_1_536' title='bbox 387 4874 408 4886; x_wconf 72' lang='grc'><strong>“</strong></span> <span class='ocrx_word' id='word_1_537' title='bbox 500 4882 783 4936; x_wconf 87' lang='lat' dir='ltr'><strong>dicereut:</strong></span> <span class='ocrx_word' id='word_1_538' title='bbox 816 4878 1081 4949; x_wconf 80' lang='lat' dir='ltr'><strong>Crucitige</strong></span> <span class='ocrx_word' id='word_1_539' title='bbox 1115 4893 1262 4944; x_wconf 90' lang='lat' dir='ltr'><strong>eum,</strong></span> <span class='ocrx_word' id='word_1_540' title='bbox 1286 4885 1340 4932; x_wconf 91' lang='lat' dir='ltr'><strong>et</strong></span> <span class='ocrx_word' id='word_1_541' title='bbox 1367 4875 1471 4930; x_wconf 90' lang='lat' dir='ltr'><strong>alia</strong></span> <span class='ocrx_word' id='word_1_542' title='bbox 1495 4872 1798 4928; x_wconf 82' lang='lat' dir='ltr'><strong>manifesta.</strong></span> <span class='ocrx_word' id='word_1_543' title='bbox 1845 4871 1910 4925; x_wconf 83' lang='lat' dir='ltr'><strong>Et</strong></span> <span class='ocrx_word' id='word_1_544' title='bbox 1947 4891 1964 4921; x_wconf 86' lang='grc'><strong><em>‹</em></strong></span> <span class='ocrx_word' id='word_1_545' title='bbox 2000 4871 2081 4926; x_wconf 83' lang='lat' dir='ltr'><strong>iu-</strong></span> 
     </span>
    </p>
   </div>
   <div class='ocr_carea' id='block_1_64' title="bbox 500 4966 2073 5034">
    <p class='ocr_par' dir='ltr' id='par_1_64' title="bbox 500 4966 2073 5034">
     <span class='ocr_line' id='line_1_64' title="bbox 500 4966 2073 5034; baseline -0.006 -9"><span class='ocrx_word' id='word_1_546' title='bbox 500 4972 790 5026; x_wconf 86' lang='lat' dir='ltr'><strong>tenderunt</strong></span> <span class='ocrx_word' id='word_1_547' title='bbox 833 4985 1042 5034; x_wconf 87' lang='lat' dir='ltr'><strong>arcum,</strong></span> <span class='ocrx_word' id='word_1_548' title='bbox 1082 4988 1100 5020; x_wconf 75' lang='grc' dir='ltr'><strong>ι</strong></span> <span class='ocrx_word' id='word_1_549' title='bbox 1163 4969 1216 5023; x_wconf 89' lang='lat' dir='ltr'><strong>id</strong></span> <span class='ocrx_word' id='word_1_550' title='bbox 1260 4975 1345 5022; x_wconf 88' lang='lat' dir='ltr'><strong>est</strong></span> <span class='ocrx_word' id='word_1_551' title='bbox 1403 4966 1557 5022; x_wconf 91' lang='lat' dir='ltr'><strong>dolos</strong></span> <span class='ocrx_word' id='word_1_552' title='bbox 1600 4983 1619 5014; x_wconf 87' lang='grc'><strong><em>‹</em></strong></span> <span class='ocrx_word' id='word_1_553' title='bbox 1671 4971 2023 5032; x_wconf 86' lang='lat' dir='ltr'><strong>paraverunt,</strong></span> <span class='ocrx_word' id='word_1_554' title='bbox 2054 4981 2073 5014; x_wconf 87' lang='grc'><strong>›</strong></span> 
     </span>
    </p>
   </div>
   <div class='ocr_carea' id='block_1_65' title="bbox 501 5055 2080 5126">
    <p class='ocr_par' dir='ltr' id='par_1_65' title="bbox 501 5055 2080 5126">
     <span class='ocr_line' id='line_1_65' title="bbox 501 5055 2080 5126; baseline -0.005 -9"><span class='ocrx_word' id='word_1_555' title='bbox 501 5063 708 5117; x_wconf 90' lang='lat' dir='ltr'><strong>scilicet</strong></span> <span class='ocrx_word' id='word_1_556' title='bbox 741 5080 758 5112; x_wconf 77' lang='grc' dir='ltr'><strong>ι</strong></span> <span class='ocrx_word' id='word_1_557' title='bbox 795 5076 907 5114; x_wconf 88' lang='lat' dir='ltr'><strong>rem</strong></span> <span class='ocrx_word' id='word_1_558' title='bbox 941 5075 1182 5114; x_wconf 88' lang='lat' dir='ltr'><strong>amaram</strong></span> <span class='ocrx_word' id='word_1_559' title='bbox 1221 5079 1239 5110; x_wconf 76' lang='grc' dir='ltr'><strong>ι</strong></span> <span class='ocrx_word' id='word_1_560' title='bbox 1298 5066 1359 5112; x_wconf 85' lang='grc' dir='ltr'><strong>ιιι</strong></span> <span class='ocrx_word' id='word_1_561' title='bbox 1400 5071 1522 5112; x_wconf 92' lang='lat' dir='ltr'><strong>cum</strong></span> <span class='ocrx_word' id='word_1_562' title='bbox 1567 5055 1898 5126; x_wconf 63' lang='lat' dir='ltr'><strong>quaesierunt</strong></span> <span class='ocrx_word' id='word_1_563' title='bbox 1945 5069 2080 5124; x_wconf 83' lang='lat' dir='ltr'><strong>quo-</strong></span> 
     </span>
    </p>
   </div>
   <div class='ocr_carea' id='block_1_66' title="bbox 501 5150 2078 5224">
    <p class='ocr_par' dir='ltr' id='par_1_66' title="bbox 501 5150 2078 5224">
     <span class='ocr_line' id='line_1_66' title="bbox 501 5150 2078 5224; baseline -0.003 -14"><span class='ocrx_word' id='word_1_564' title='bbox 501 5159 662 5210; x_wconf 92' lang='lat' dir='ltr'><strong>modo</strong></span> <span class='ocrx_word' id='word_1_565' title='bbox 692 5171 720 5208; x_wconf 89' lang='lat' dir='ltr'><strong>a</strong></span> <span class='ocrx_word' id='word_1_566' title='bbox 751 5155 1016 5224; x_wconf 85' lang='lat' dir='ltr'><strong>discipulo</strong></span> <span class='ocrx_word' id='word_1_567' title='bbox 1057 5155 1380 5218; x_wconf 82' lang='lat' dir='ltr'><strong>traderetur,</strong></span> <span class='ocrx_word' id='word_1_568' title='bbox 1411 5160 1466 5207; x_wconf 89' lang='lat' dir='ltr'><strong>et</strong></span> <span class='ocrx_word' id='word_1_569' title='bbox 1485 5152 1554 5206; x_wconf 92' lang='lat' dir='ltr'><strong>ab</strong></span> <span class='ocrx_word' id='word_1_570' title='bbox 1581 5150 1712 5221; x_wconf 91' lang='lat' dir='ltr'><strong>ipsis</strong></span> <span class='ocrx_word' id='word_1_571' title='bbox 1737 5150 2078 5222; x_wconf 81' lang='lat' dir='ltr'><strong>cruciﬁgere—</strong></span> 
     </span>
    </p>
   </div>
   <div class='ocr_carea' id='block_1_67' title="bbox 503 5241 2078 5312">
    <p class='ocr_par' dir='ltr' id='par_1_67' title="bbox 503 5241 2078 5312">
     <span class='ocr_line' id='line_1_67' title="bbox 503 5241 2078 5312; baseline -0.001 -11"><span class='ocrx_word' id='word_1_572' title='bbox 503 5257 590 5301; x_wconf 90' lang='lat' dir='ltr'><strong>tur</strong></span> <span class='ocrx_word' id='word_1_573' title='bbox 632 5245 912 5311; x_wconf 82' lang='lat' dir='ltr'><strong>Romanis,</strong></span> <span class='ocrx_word' id='word_1_574' title='bbox 945 5262 1067 5300; x_wconf 89' lang='lat' dir='ltr'><strong>cum</strong></span> <span class='ocrx_word' id='word_1_575' title='bbox 1105 5260 1136 5299; x_wconf 90' lang='lat' dir='ltr'><strong>a</strong></span> <span class='ocrx_word' id='word_1_576' title='bbox 1165 5243 1346 5312; x_wconf 88' lang='lat' dir='ltr'><strong>judice</strong></span> <span class='ocrx_word' id='word_1_577' title='bbox 1402 5242 1652 5299; x_wconf 80' lang='lat' dir='ltr'><strong>Romano</strong></span> <span class='ocrx_word' id='word_1_578' title='bbox 1702 5241 2078 5307; x_wconf 86' lang='lat' dir='ltr'><strong>damnaretur,</strong></span> 
     </span>
    </p>
   </div>
   <div class='ocr_carea' id='block_1_68' title="bbox 503 5335 2082 5406">
    <p class='ocr_par' dir='ltr' id='par_1_68' title="bbox 503 5335 2082 5406">
     <span class='ocr_line' id='line_1_68' title="bbox 503 5335 2082 5406; baseline 0 -15"><span class='ocrx_word' id='word_1_579' title='bbox 503 5340 570 5393; x_wconf 86' lang='lat' dir='ltr'><strong>ad</strong></span> <span class='ocrx_word' id='word_1_580' title='bbox 601 5339 703 5395; x_wconf 80' lang='lat' dir='ltr'><strong>lioc</strong></span> <span class='ocrx_word' id='word_1_581' title='bbox 727 5338 936 5393; x_wconf 90' lang='lat' dir='ltr'><strong>scilicet</strong></span> <span class='ocrx_word' id='word_1_582' title='bbox 962 5337 1310 5392; x_wconf 89' lang='lat' dir='ltr'><strong>intenderunt</strong></span> <span class='ocrx_word' id='word_1_583' title='bbox 1340 5354 1358 5386; x_wconf 73' lang='grc' dir='ltr'><strong>ι</strong></span> <span class='ocrx_word' id='word_1_584' title='bbox 1407 5342 1468 5389; x_wconf 87' lang='grc' dir='ltr'><strong>ιιι</strong></span> <span class='ocrx_word' id='word_1_585' title='bbox 1498 5335 1781 5406; x_wconf 85' lang='lat' dir='ltr'><strong>sagittent,</strong></span> <span class='ocrx_word' id='word_1_586' title='bbox 1819 5355 1837 5386; x_wconf 72' lang='grc' dir='ltr'><strong>ι</strong></span> <span class='ocrx_word' id='word_1_587' title='bbox 1895 5335 1947 5390; x_wconf 90' lang='lat' dir='ltr'><strong>id</strong></span> <span class='ocrx_word' id='word_1_588' title='bbox 1997 5344 2082 5391; x_wconf 87' lang='lat' dir='ltr'><strong>est</strong></span> 
     </span>
    </p>
   </div>
   <div class='ocr_carea' id='block_1_69' title="bbox 504 5425 2076 5496">
    <p class='ocr_par' dir='ltr' id='par_1_69' title="bbox 504 5425 2076 5496">
     <span class='ocr_line' id='line_1_69' title="bbox 504 5425 2076 5496; baseline -0.001 -12"><span class='ocrx_word' id='word_1_589' title='bbox 504 5429 829 5486; x_wconf 84' lang='lat' dir='ltr'><strong>interﬁciant</strong></span> <span class='ocrx_word' id='word_1_590' title='bbox 863 5448 881 5479; x_wconf 76' lang='grc' dir='ltr'><strong>ι</strong></span> <span class='ocrx_word' id='word_1_591' title='bbox 921 5426 1326 5484; x_wconf 87' lang='lat' dir='ltr'><strong>immaculatum</strong></span> <span class='ocrx_word' id='word_1_592' title='bbox 1364 5448 1383 5478; x_wconf 76' lang='grc' dir='ltr'><strong>ι</strong></span> <span class='ocrx_word' id='word_1_593' title='bbox 1428 5425 1480 5481; x_wconf 92' lang='lat' dir='ltr'><strong>id</strong></span> <span class='ocrx_word' id='word_1_594' title='bbox 1511 5434 1597 5481; x_wconf 85' lang='lat' dir='ltr'><strong>est</strong></span> <span class='ocrx_word' id='word_1_595' title='bbox 1648 5425 1937 5496; x_wconf 89' lang='lat' dir='ltr'><strong>meipsum,</strong></span> <span class='ocrx_word' id='word_1_596' title='bbox 1985 5427 2076 5496; x_wconf 93' lang='lat' dir='ltr'><strong>qui</strong></span> 
     </span>
    </p>
   </div>
   <div class='ocr_carea' id='block_1_70' title="bbox 503 5515 2074 5588">
    <p class='ocr_par' dir='ltr' id='par_1_70' title="bbox 503 5515 2074 5588">
     <span class='ocr_line' id='line_1_70' title="bbox 503 5515 2074 5588; baseline -0.004 -14"><span class='ocrx_word' id='word_1_597' title='bbox 503 5522 624 5575; x_wconf 86' lang='lat' dir='ltr'><strong>sine</strong></span> <span class='ocrx_word' id='word_1_598' title='bbox 645 5520 791 5576; x_wconf 83' lang='lat' dir='ltr'><strong>omni</strong></span> <span class='ocrx_word' id='word_1_599' title='bbox 824 5518 943 5574; x_wconf 84' lang='lat' dir='ltr'><strong>labe</strong></span> <span class='ocrx_word' id='word_1_600' title='bbox 979 5517 1189 5588; x_wconf 83' lang='lat' dir='ltr'><strong>peccati</strong></span> <span class='ocrx_word' id='word_1_601' title='bbox 1223 5531 1398 5581; x_wconf 86' lang='lat' dir='ltr'><strong>eram,</strong></span> <span class='ocrx_word' id='word_1_602' title='bbox 1427 5523 1482 5570; x_wconf 89' lang='lat' dir='ltr'><strong>et</strong></span> <span class='ocrx_word' id='word_1_603' title='bbox 1506 5515 1611 5572; x_wconf 88' lang='lat' dir='ltr'><strong>boc</strong></span> <span class='ocrx_word' id='word_1_604' title='bbox 1651 5533 1670 5566; x_wconf 81' lang='grc' dir='ltr'><strong>ι</strong></span> <span class='ocrx_word' id='word_1_605' title='bbox 1709 5515 1762 5570; x_wconf 93' lang='lat' dir='ltr'><strong>in</strong></span> <span class='ocrx_word' id='word_1_606' title='bbox 1791 5515 2019 5572; x_wconf 89' lang='lat' dir='ltr'><strong>occultis</strong></span> <span class='ocrx_word' id='word_1_607' title='bbox 2057 5539 2074 5567; x_wconf 74' lang='grc' dir='ltr'><strong>ι</strong></span> 
     </span>
    </p>
   </div>
   <div class='ocr_carea' id='block_1_71' title="bbox 503 5608 1504 5682">
    <p class='ocr_par' dir='ltr' id='par_1_71' title="bbox 503 5608 1504 5682">
     <span class='ocr_line' id='line_1_71' title="bbox 503 5608 1504 5682; baseline -0.001 -18"><span class='ocrx_word' id='word_1_608' title='bbox 503 5608 761 5682; x_wconf 73' lang='lat' dir='ltr'><strong>quantum</strong></span> <span class='ocrx_word' id='word_1_609' title='bbox 791 5611 858 5666; x_wconf 91' lang='lat' dir='ltr'><strong>ad</strong></span> <span class='ocrx_word' id='word_1_610' title='bbox 887 5610 1270 5681; x_wconf 82' lang='lat' dir='ltr'><strong>cogitationem</strong></span> <span class='ocrx_word' id='word_1_611' title='bbox 1295 5623 1504 5665; x_wconf 87' lang='lat' dir='ltr'><strong>eorum.</strong></span> 
     </span>
    </p>
   </div>
   <div class='ocr_carea' id='block_1_72' title="bbox 579 5701 2090 5774">
    <p class='ocr_par' dir='ltr' id='par_1_72' title="bbox 579 5701 2090 5774">
     <span class='ocr_line' id='line_1_72' title="bbox 579 5701 2090 5774; baseline 0.003 -20"><span class='ocrx_word' id='word_1_612' title='bbox 579 5720 598 5754; x_wconf 72' lang='grc' dir='ltr'><strong>ι</strong></span> <span class='ocrx_word' id='word_1_613' title='bbox 643 5702 853 5759; x_wconf 86' lang='lat' dir='ltr'><strong>Subito.</strong></span> <span class='ocrx_word' id='word_1_614' title='bbox 890 5722 908 5751; x_wconf 74' lang='grc' dir='ltr'><strong>ι</strong></span> <span class='ocrx_word' id='word_1_615' title='bbox 943 5701 1233 5756; x_wconf 89' lang='lat' dir='ltr'><strong>lntendunt</strong></span> <span class='ocrx_word' id='word_1_616' title='bbox 1277 5713 1337 5756; x_wconf 90' lang='lat' dir='ltr'><strong>ut</strong></span> <span class='ocrx_word' id='word_1_617' title='bbox 1380 5702 1656 5772; x_wconf 84' lang='lat' dir='ltr'><strong>sagittent,</strong></span> <span class='ocrx_word' id='word_1_618' title='bbox 1695 5719 1712 5754; x_wconf 77' lang='lat' dir='ltr'><strong>t</strong></span> <span class='ocrx_word' id='word_1_619' title='bbox 1768 5710 1824 5758; x_wconf 91' lang='lat' dir='ltr'><strong>et</strong></span> <span class='ocrx_word' id='word_1_620' title='bbox 1857 5704 2090 5774; x_wconf 84' lang='lat' dir='ltr'><strong>sagitta—.</strong></span> 
     </span>
    </p>
   </div>
   <div class='ocr_carea' id='block_1_73' title="bbox 504 5794 2069 5867">
    <p class='ocr_par' dir='ltr' id='par_1_73' title="bbox 504 5794 2069 5867">
     <span class='ocr_line' id='line_1_73' title="bbox 504 5794 2069 5867; baseline -0.002 -15"><span class='ocrx_word' id='word_1_621' title='bbox 504 5796 638 5857; x_wconf 72' lang='lat' dir='ltr'><strong>bunt</strong></span> <span class='ocrx_word' id='word_1_622' title='bbox 679 5809 800 5851; x_wconf 81' lang='lat' dir='ltr'><strong>eum</strong></span> <span class='ocrx_word' id='word_1_623' title='bbox 851 5814 868 5845; x_wconf 74' lang='grc' dir='ltr'><strong>ι</strong></span> <span class='ocrx_word' id='word_1_624' title='bbox 908 5809 1067 5867; x_wconf 83' lang='lat' dir='ltr'><strong>quem</strong></span> <span class='ocrx_word' id='word_1_625' title='bbox 1109 5794 1315 5859; x_wconf 79' lang='lat' dir='ltr'><strong>volunt.</strong></span> <span class='ocrx_word' id='word_1_626' title='bbox 1357 5794 1560 5852; x_wconf 87' lang='lat' dir='ltr'><strong>scilicet</strong></span> <span class='ocrx_word' id='word_1_627' title='bbox 1608 5810 1691 5851; x_wconf 87' lang='lat' dir='ltr'><strong>me</strong></span> <span class='ocrx_word' id='word_1_628' title='bbox 1752 5817 1767 5845; x_wconf 76' lang='grc' dir='ltr'><strong>ι</strong></span> <span class='ocrx_word' id='word_1_629' title='bbox 1817 5796 2016 5862; x_wconf 87' lang='lat' dir='ltr'><strong>subito,</strong></span> <span class='ocrx_word' id='word_1_630' title='bbox 2054 5817 2069 5850; x_wconf 76' lang='grc' dir='ltr'><strong>ι</strong></span> 
     </span>
    </p>
   </div>
   <div class='ocr_carea' id='block_1_74' title="bbox 2185 1948 3768 2020">
    <p class='ocr_par' dir='ltr' id='par_1_74' title="bbox 2185 1948 3768 2020">
     <span class='ocr_line' id='line_1_74' title="bbox 2185 1948 3768 2020; baseline -0.002 -13"><span class='ocrx_word' id='word_1_631' title='bbox 2185 1952 2448 2016; x_wconf 90' lang='lat' dir='ltr'><strong>detinere,</strong></span> <span class='ocrx_word' id='word_1_632' title='bbox 2497 1950 2601 2006; x_wconf 84' lang='lat' dir='ltr'><strong>sed</strong></span> <span class='ocrx_word' id='word_1_633' title='bbox 2641 1951 2743 2020; x_wconf 90' lang='lat' dir='ltr'><strong>ipsi</strong></span> <span class='ocrx_word' id='word_1_634' title='bbox 2786 1969 2805 2002; x_wconf 73' lang='grc' dir='ltr'><strong>ι</strong></span> <span class='ocrx_word' id='word_1_635' title='bbox 2840 1959 3150 2005; x_wconf 88' lang='lat' dir='ltr'><strong>scrutantes</strong></span> <span class='ocrx_word' id='word_1_636' title='bbox 3207 1969 3224 2002; x_wconf 77' lang='grc' dir='ltr'><strong>ι</strong></span> <span class='ocrx_word' id='word_1_637' title='bbox 3278 1964 3383 2004; x_wconf 91' lang='lat' dir='ltr'><strong>non</strong></span> <span class='ocrx_word' id='word_1_638' title='bbox 3434 1950 3636 2011; x_wconf 86' lang='lat' dir='ltr'><strong>semel,</strong></span> <span class='ocrx_word' id='word_1_639' title='bbox 3687 1948 3768 2004; x_wconf 85' lang='lat' dir='ltr'><strong>sed</strong></span> 
     </span>
    </p>
   </div>
   <div class='ocr_carea' id='block_1_75' title="bbox 2189 2038 3771 2110">
    <p class='ocr_par' dir='ltr' id='par_1_75' title="bbox 2189 2038 3771 2110">
     <span class='ocr_line' id='line_1_75' title="bbox 2189 2038 3771 2110; baseline -0.001 -16"><span class='ocrx_word' id='word_1_640' title='bbox 2189 2063 2208 2094; x_wconf 70' lang='grc' dir='ltr'><strong>ι</strong></span> <span class='ocrx_word' id='word_1_641' title='bbox 2252 2041 2535 2106; x_wconf 90' lang='lat' dir='ltr'><strong>scrutinio,</strong></span> <span class='ocrx_word' id='word_1_642' title='bbox 2585 2059 2604 2094; x_wconf 74' lang='grc' dir='ltr'><strong>ι</strong></span> <span class='ocrx_word' id='word_1_643' title='bbox 2659 2040 2715 2095; x_wconf 89' lang='lat' dir='ltr'><strong>id</strong></span> <span class='ocrx_word' id='word_1_644' title='bbox 2746 2049 2830 2096; x_wconf 90' lang='lat' dir='ltr'><strong>est</strong></span> <span class='ocrx_word' id='word_1_645' title='bbox 2872 2041 3094 2095; x_wconf 89' lang='lat' dir='ltr'><strong>assidua</strong></span> <span class='ocrx_word' id='word_1_646' title='bbox 3140 2040 3497 2110; x_wconf 82' lang='lat' dir='ltr'><strong>inquisitione</strong></span> <span class='ocrx_word' id='word_1_647' title='bbox 3553 2057 3576 2090; x_wconf 73' lang='grc' dir='ltr'><strong>ι</strong></span> <span class='ocrx_word' id='word_1_648' title='bbox 3635 2038 3771 2094; x_wconf 51' lang='lat' dir='ltr'><strong>dcte.</strong></span> 
     </span>
    </p>
   </div>
   <div class='ocr_carea' id='block_1_76' title="bbox 2184 2131 3769 2204">
    <p class='ocr_par' dir='ltr' id='par_1_76' title="bbox 2184 2131 3769 2204">
     <span class='ocr_line' id='line_1_76' title="bbox 2184 2131 3769 2204; baseline -0.004 -14"><span class='ocrx_word' id='word_1_649' title='bbox 2184 2144 2400 2201; x_wconf 89' lang='lat' dir='ltr'><strong>cerunt,</strong></span> <span class='ocrx_word' id='word_1_650' title='bbox 2431 2154 2449 2186; x_wconf 75' lang='grc' dir='ltr'><strong>ι</strong></span> <span class='ocrx_word' id='word_1_651' title='bbox 2489 2134 2615 2203; x_wconf 90' lang='lat' dir='ltr'><strong>quia</strong></span> <span class='ocrx_word' id='word_1_652' title='bbox 2654 2148 2761 2188; x_wconf 89' lang='lat' dir='ltr'><strong>non</strong></span> <span class='ocrx_word' id='word_1_653' title='bbox 2810 2141 3104 2204; x_wconf 84' lang='lat' dir='ltr'><strong>potuerunt</strong></span> <span class='ocrx_word' id='word_1_654' title='bbox 3148 2148 3233 2187; x_wconf 93' lang='lat' dir='ltr'><strong>me</strong></span> <span class='ocrx_word' id='word_1_655' title='bbox 3287 2132 3343 2187; x_wconf 88' lang='lat' dir='ltr'><strong>in</strong></span> <span class='ocrx_word' id='word_1_656' title='bbox 3394 2138 3585 2187; x_wconf 87' lang='lat' dir='ltr'><strong>morte</strong></span> <span class='ocrx_word' id='word_1_657' title='bbox 3642 2131 3769 2186; x_wconf 85' lang='lat' dir='ltr'><strong>deti-</strong></span> 
     </span>
    </p>
   </div>
   <div class='ocr_carea' id='block_1_77' title="bbox 2187 2242 2339 2282">
    <p class='ocr_par' dir='ltr' id='par_1_77' title="bbox 2187 2242 2339 2282">
     <span class='ocr_line' id='line_1_77' title="bbox 2187 2242 2339 2282; baseline -0.013 0"><span class='ocrx_word' id='word_1_658' title='bbox 2187 2242 2339 2282; x_wconf 89' lang='lat' dir='ltr'><strong>nere.</strong></span> 
     </span>
    </p>
   </div>
   <div class='ocr_carea' id='block_1_78' title="bbox 2261 2314 3770 2386">
    <p class='ocr_par' dir='ltr' id='par_1_78' title="bbox 2261 2314 3770 2386">
     <span class='ocr_line' id='line_1_78' title="bbox 2261 2314 3770 2386; baseline -0.003 -15"><span class='ocrx_word' id='word_1_659' title='bbox 2261 2339 2278 2371; x_wconf 75' lang='grc' dir='ltr'><strong>ι</strong></span> <span class='ocrx_word' id='word_1_660' title='bbox 2315 2318 2567 2374; x_wconf 83' lang='lat' dir='ltr'><strong>Accedet.</strong></span> <span class='ocrx_word' id='word_1_661' title='bbox 2600 2338 2618 2370; x_wconf 77' lang='grc' dir='ltr'><strong>ι</strong></span> <span class='ocrx_word' id='word_1_662' title='bbox 2647 2317 2738 2373; x_wconf 90' lang='lat' dir='ltr'><strong>lsti</strong></span> <span class='ocrx_word' id='word_1_663' title='bbox 2761 2316 2862 2386; x_wconf 90' lang='lat' dir='ltr'><strong>qui</strong></span> <span class='ocrx_word' id='word_1_664' title='bbox 2882 2315 3019 2370; x_wconf 86' lang='lat' dir='ltr'><strong>mala</strong></span> <span class='ocrx_word' id='word_1_665' title='bbox 3061 2315 3398 2385; x_wconf 62' lang='lat' dir='ltr'><strong>quaerebant,</strong></span> <span class='ocrx_word' id='word_1_666' title='bbox 3428 2314 3770 2378; x_wconf 76' lang='lat' dir='ltr'><strong>defecerunt,</strong></span> 
     </span>
    </p>
   </div>
   <div class='ocr_carea' id='block_1_79' title="bbox 2183 2405 3772 2471">
    <p class='ocr_par' dir='ltr' id='par_1_79' title="bbox 2183 2405 3772 2471">
     <span class='ocr_line' id='line_1_79' title="bbox 2183 2405 3772 2471; baseline -0.005 -3"><span class='ocrx_word' id='word_1_667' title='bbox 2183 2411 2277 2468; x_wconf 81' lang='lat' dir='ltr'><strong>sed</strong></span> <span class='ocrx_word' id='word_1_668' title='bbox 2343 2410 2504 2468; x_wconf 91' lang='lat' dir='ltr'><strong>bomo</strong></span> <span class='ocrx_word' id='word_1_669' title='bbox 2556 2407 2856 2471; x_wconf 87' lang='lat' dir='ltr'><strong>rationalis,</strong></span> <span class='ocrx_word' id='word_1_670' title='bbox 2921 2406 3131 2462; x_wconf 90' lang='lat' dir='ltr'><strong>scilicet</strong></span> <span class='ocrx_word' id='word_1_671' title='bbox 3187 2425 3206 2456; x_wconf 77' lang='grc' dir='ltr'><strong>ι</strong></span> <span class='ocrx_word' id='word_1_672' title='bbox 3260 2405 3492 2460; x_wconf 88' lang='lat' dir='ltr'><strong>accedet</strong></span> <span class='ocrx_word' id='word_1_673' title='bbox 3562 2405 3635 2459; x_wconf 89' lang='lat' dir='ltr'><strong>ad</strong></span> <span class='ocrx_word' id='word_1_674' title='bbox 3687 2421 3772 2460; x_wconf 79' lang='lat' dir='ltr'><strong>cor</strong></span> 
     </span>
    </p>
   </div>
   <div class='ocr_carea' id='block_1_80' title="bbox 2183 2497 3777 2569">
    <p class='ocr_par' dir='ltr' id='par_1_80' title="bbox 2183 2497 3777 2569">
     <span class='ocr_line' id='line_1_80' title="bbox 2183 2497 3777 2569; baseline -0.005 -11"><span class='ocrx_word' id='word_1_675' title='bbox 2183 2505 2371 2567; x_wconf 92' lang='lat' dir='ltr'><strong>altum,</strong></span> <span class='ocrx_word' id='word_1_676' title='bbox 2409 2524 2427 2555; x_wconf 75' lang='grc' dir='ltr'><strong>ι</strong></span> <span class='ocrx_word' id='word_1_677' title='bbox 2465 2503 2517 2558; x_wconf 92' lang='lat' dir='ltr'><strong>id</strong></span> <span class='ocrx_word' id='word_1_678' title='bbox 2541 2511 2624 2558; x_wconf 90' lang='lat' dir='ltr'><strong>est</strong></span> <span class='ocrx_word' id='word_1_679' title='bbox 2653 2509 2830 2556; x_wconf 91' lang='lat' dir='ltr'><strong>utcor</strong></span> <span class='ocrx_word' id='word_1_680' title='bbox 2874 2515 3033 2555; x_wconf 90' lang='lat' dir='ltr'><strong>suum</strong></span> <span class='ocrx_word' id='word_1_681' title='bbox 3078 2500 3253 2569; x_wconf 83' lang='lat' dir='ltr'><strong>erigat</strong></span> <span class='ocrx_word' id='word_1_682' title='bbox 3305 2498 3374 2552; x_wconf 90' lang='lat' dir='ltr'><strong>ad</strong></span> <span class='ocrx_word' id='word_1_683' title='bbox 3420 2497 3777 2568; x_wconf 73' lang='lat' dir='ltr'><strong>intelligenda</strong></span> 
     </span>
    </p>
   </div>
   <div class='ocr_carea' id='block_1_81' title="bbox 2185 2587 3769 2659">
    <p class='ocr_par' dir='ltr' id='par_1_81' title="bbox 2185 2587 3769 2659">
     <span class='ocr_line' id='line_1_81' title="bbox 2185 2587 3769 2659; baseline -0.003 -11"><span class='ocrx_word' id='word_1_684' title='bbox 2185 2595 2315 2659; x_wconf 89' lang='lat' dir='ltr'><strong>alta,</strong></span> <span class='ocrx_word' id='word_1_685' title='bbox 2344 2593 2572 2658; x_wconf 88' lang='lat' dir='ltr'><strong>scilicet,</strong></span> <span class='ocrx_word' id='word_1_686' title='bbox 2616 2591 2906 2647; x_wconf 90' lang='lat' dir='ltr'><strong>consilium</strong></span> <span class='ocrx_word' id='word_1_687' title='bbox 2952 2589 3070 2645; x_wconf 92' lang='lat' dir='ltr'><strong>Dei.</strong></span> <span class='ocrx_word' id='word_1_688' title='bbox 3104 2588 3201 2644; x_wconf 75' lang='lat' dir='ltr'><strong>V’cl</strong></span> <span class='ocrx_word' id='word_1_689' title='bbox 3231 2604 3328 2643; x_wconf 92' lang='lat' dir='ltr'><strong>cor</strong></span> <span class='ocrx_word' id='word_1_690' title='bbox 3354 2587 3452 2644; x_wconf 86' lang='lat' dir='ltr'><strong>Dei</strong></span> <span class='ocrx_word' id='word_1_691' title='bbox 3502 2587 3769 2644; x_wconf 82' lang='lat' dir='ltr'><strong>dicamus.</strong></span> 
     </span>
    </p>
   </div>
   <div class='ocr_carea' id='block_1_82' title="bbox 2184 2681 3772 2757">
    <p class='ocr_par' dir='ltr' id='par_1_82' title="bbox 2184 2681 3772 2757">
     <span class='ocr_line' id='line_1_82' title="bbox 2184 2681 3772 2757; baseline -0.006 -13"><span class='ocrx_word' id='word_1_692' title='bbox 2184 2691 2410 2757; x_wconf 89' lang='lat' dir='ltr'><strong>scilicet,</strong></span> <span class='ocrx_word' id='word_1_693' title='bbox 2457 2689 2679 2745; x_wconf 89' lang='lat' dir='ltr'><strong>accedet</strong></span> <span class='ocrx_word' id='word_1_694' title='bbox 2716 2688 2880 2742; x_wconf 86' lang='lat' dir='ltr'><strong>homo</strong></span> <span class='ocrx_word' id='word_1_695' title='bbox 2907 2694 2969 2740; x_wconf 88' lang='lat' dir='ltr'><strong>ut</strong></span> <span class='ocrx_word' id='word_1_696' title='bbox 3006 2683 3272 2754; x_wconf 88' lang='lat' dir='ltr'><strong>intelligat</strong></span> <span class='ocrx_word' id='word_1_697' title='bbox 3298 2698 3392 2737; x_wconf 85' lang='lat' dir='ltr'><strong>cor</strong></span> <span class='ocrx_word' id='word_1_698' title='bbox 3413 2681 3540 2743; x_wconf 89' lang='lat' dir='ltr'><strong>Dei,</strong></span> <span class='ocrx_word' id='word_1_699' title='bbox 3593 2682 3648 2734; x_wconf 88' lang='lat' dir='ltr'><strong>id</strong></span> <span class='ocrx_word' id='word_1_700' title='bbox 3695 2688 3772 2734; x_wconf 83' lang='lat' dir='ltr'><strong>est</strong></span> 
     </span>
    </p>
   </div>
   <div class='ocr_carea' id='block_1_83' title="bbox 2183 2768 3764 2851">
    <p class='ocr_par' dir='ltr' id='par_1_83' title="bbox 2183 2768 3764 2851">
     <span class='ocr_line' id='line_1_83' title="bbox 2183 2768 3764 2851; baseline -0.011 -15"><span class='ocrx_word' id='word_1_701' title='bbox 2183 2781 2300 2851; x_wconf 91' lang='lat' dir='ltr'><strong>ejus</strong></span> <span class='ocrx_word' id='word_1_702' title='bbox 2365 2788 2637 2835; x_wconf 90' lang='lat' dir='ltr'><strong>secretum</strong></span> <span class='ocrx_word' id='word_1_703' title='bbox 2695 2775 3002 2830; x_wconf 91' lang='lat' dir='ltr'><strong>consilium.</strong></span> <span class='ocrx_word' id='word_1_704' title='bbox 3050 2772 3288 2827; x_wconf 86' lang='lat' dir='ltr'><strong>Accedet</strong></span> <span class='ocrx_word' id='word_1_705' title='bbox 3337 2770 3566 2840; x_wconf 89' lang='lat' dir='ltr'><strong>pr0pric</strong></span> <span class='ocrx_word' id='word_1_706' title='bbox 3623 2768 3764 2826; x_wconf 88' lang='lat' dir='ltr'><strong>dicit.</strong></span> 
     </span>
    </p>
   </div>
   <div class='ocr_carea' id='block_1_84' title="bbox 2182 2855 3764 2943">
    <p class='ocr_par' dir='ltr' id='par_1_84' title="bbox 2182 2855 3764 2943">
     <span class='ocr_line' id='line_1_84' title="bbox 2182 2855 3764 2943; baseline -0.01 -17"><span class='ocrx_word' id='word_1_707' title='bbox 2182 2855 2309 2943; x_wconf 87' lang='lat' dir='ltr'><strong>quia</strong></span> <span class='ocrx_word' id='word_1_708' title='bbox 2349 2869 2525 2924; x_wconf 90' lang='lat' dir='ltr'><strong>nullus</strong></span> <span class='ocrx_word' id='word_1_709' title='bbox 2552 2867 2710 2938; x_wconf 90' lang='lat' dir='ltr'><strong>plene</strong></span> <span class='ocrx_word' id='word_1_710' title='bbox 2735 2865 3021 2922; x_wconf 89' lang='lat' dir='ltr'><strong>consilium</strong></span> <span class='ocrx_word' id='word_1_711' title='bbox 3051 2863 3142 2917; x_wconf 93' lang='lat' dir='ltr'><strong>Dei</strong></span> <span class='ocrx_word' id='word_1_712' title='bbox 3188 2868 3508 2933; x_wconf 85' lang='lat' dir='ltr'><strong>cognoscet.</strong></span> <span class='ocrx_word' id='word_1_713' title='bbox 3548 2878 3567 2909; x_wconf 75' lang='grc' dir='ltr'><strong>ι</strong></span> <span class='ocrx_word' id='word_1_714' title='bbox 3607 2859 3764 2912; x_wconf 81' lang='lat' dir='ltr'><strong>Acce-</strong></span> 
     </span>
    </p>
   </div>
   <div class='ocr_carea' id='block_1_85' title="bbox 2183 2950 3762 3023">
    <p class='ocr_par' dir='ltr' id='par_1_85' title="bbox 2183 2950 3762 3023">
     <span class='ocr_line' id='line_1_85' title="bbox 2183 2950 3762 3023; baseline -0.012 -5"><span class='ocrx_word' id='word_1_715' title='bbox 2183 2966 2275 3018; x_wconf 90' lang='lat' dir='ltr'><strong>det</strong></span> <span class='ocrx_word' id='word_1_716' title='bbox 2305 2981 2327 3017; x_wconf 72' lang='grc' dir='ltr'><strong>ι</strong></span> <span class='ocrx_word' id='word_1_717' title='bbox 2372 2961 2514 3023; x_wconf 89' lang='lat' dir='ltr'><strong>dico,</strong></span> <span class='ocrx_word' id='word_1_718' title='bbox 2557 2977 2576 3010; x_wconf 75' lang='grc' dir='ltr'><strong>ι</strong></span> <span class='ocrx_word' id='word_1_719' title='bbox 2619 2966 2675 3012; x_wconf 91' lang='lat' dir='ltr'><strong>et</strong></span> <span class='ocrx_word' id='word_1_720' title='bbox 2703 2956 3029 3011; x_wconf 84' lang='lat' dir='ltr'><strong>exaltabitur</strong></span> <span class='ocrx_word' id='word_1_721' title='bbox 3067 2975 3087 3007; x_wconf 88' lang='grc'>›</span> <span class='ocrx_word' id='word_1_722' title='bbox 3136 2953 3278 3022; x_wconf 87' lang='lat' dir='ltr'><strong>apud</strong></span> <span class='ocrx_word' id='word_1_723' title='bbox 3315 2966 3440 3007; x_wconf 91' lang='lat' dir='ltr'><strong>eum</strong></span> <span class='ocrx_word' id='word_1_724' title='bbox 3486 2969 3504 3000; x_wconf 76' lang='grc' dir='ltr'><strong>ι</strong></span> <span class='ocrx_word' id='word_1_725' title='bbox 3547 2950 3710 3013; x_wconf 83' lang='lat' dir='ltr'><strong>Deus,</strong></span> <span class='ocrx_word' id='word_1_726' title='bbox 3745 2968 3762 2999; x_wconf 80' lang='grc' dir='ltr'><strong>ι</strong></span> 
     </span>
    </p>
   </div>
   <div class='ocr_carea' id='block_1_86' title="bbox 2182 3046 3765 3124">
    <p class='ocr_par' dir='ltr' id='par_1_86' title="bbox 2182 3046 3765 3124">
     <span class='ocr_line' id='line_1_86' title="bbox 2182 3046 3765 3124; baseline -0.01 -14"><span class='ocrx_word' id='word_1_727' title='bbox 2182 3071 2288 3110; x_wconf 93' lang='lat' dir='ltr'><strong>non</strong></span> <span class='ocrx_word' id='word_1_728' title='bbox 2302 3054 2446 3124; x_wconf 91' lang='lat' dir='ltr'><strong>quod</strong></span> <span class='ocrx_word' id='word_1_729' title='bbox 2463 3054 2626 3119; x_wconf 89' lang='lat' dir='ltr'><strong>Deus,</strong></span> <span class='ocrx_word' id='word_1_730' title='bbox 2642 3059 2904 3123; x_wconf 89' lang='lat' dir='ltr'><strong>quantum</strong></span> <span class='ocrx_word' id='word_1_731' title='bbox 2927 3051 2992 3104; x_wconf 93' lang='lat' dir='ltr'><strong>ad</strong></span> <span class='ocrx_word' id='word_1_732' title='bbox 3019 3050 3191 3119; x_wconf 90' lang='lat' dir='ltr'><strong>ipsum</strong></span> <span class='ocrx_word' id='word_1_733' title='bbox 3213 3055 3314 3111; x_wconf 91' lang='lat' dir='ltr'><strong>est,</strong></span> <span class='ocrx_word' id='word_1_734' title='bbox 3343 3046 3519 3116; x_wconf 79' lang='lat' dir='ltr'><strong>possit</strong></span> <span class='ocrx_word' id='word_1_735' title='bbox 3538 3057 3765 3111; x_wconf 83' lang='lat' dir='ltr'><strong>unquam</strong></span> 
     </span>
    </p>
   </div>
   <div class='ocr_carea' id='block_1_87' title="bbox 2182 3138 3766 3216">
    <p class='ocr_par' dir='ltr' id='par_1_87' title="bbox 2182 3138 3766 3216">
     <span class='ocr_line' id='line_1_87' title="bbox 2182 3138 3766 3216; baseline -0.009 -14"><span class='ocrx_word' id='word_1_736' title='bbox 2182 3149 2431 3212; x_wconf 78' lang='lat' dir='ltr'><strong>exaltari,</strong></span> <span class='ocrx_word' id='word_1_737' title='bbox 2486 3147 2582 3202; x_wconf 90' lang='lat' dir='ltr'><strong>sed</strong></span> <span class='ocrx_word' id='word_1_738' title='bbox 2631 3155 2894 3216; x_wconf 90' lang='lat' dir='ltr'><strong>quantum</strong></span> <span class='ocrx_word' id='word_1_739' title='bbox 2939 3145 3006 3199; x_wconf 88' lang='lat' dir='ltr'><strong>ad</strong></span> <span class='ocrx_word' id='word_1_740' title='bbox 3041 3159 3189 3207; x_wconf 90' lang='lat' dir='ltr'><strong>eum,</strong></span> <span class='ocrx_word' id='word_1_741' title='bbox 3218 3140 3357 3211; x_wconf 90' lang='lat' dir='ltr'><strong>apud</strong></span> <span class='ocrx_word' id='word_1_742' title='bbox 3392 3155 3559 3208; x_wconf 89' lang='lat' dir='ltr'><strong>quem</strong></span> <span class='ocrx_word' id='word_1_743' title='bbox 3602 3138 3766 3207; x_wconf 86' lang='lat' dir='ltr'><strong>major</strong></span> 
     </span>
    </p>
   </div>
   <div class='ocr_carea' id='block_1_88' title="bbox 2183 3230 3766 3308">
    <p class='ocr_par' dir='ltr' id='par_1_88' title="bbox 2183 3230 3766 3308">
     <span class='ocr_line' id='line_1_88' title="bbox 2183 3230 3766 3308; baseline -0.01 -12"><span class='ocrx_word' id='word_1_744' title='bbox 2183 3241 2423 3308; x_wconf 82' lang='lat' dir='ltr'><strong>cognitio</strong></span> <span class='ocrx_word' id='word_1_745' title='bbox 2445 3241 2512 3295; x_wconf 88' lang='lat' dir='ltr'><strong>de</strong></span> <span class='ocrx_word' id='word_1_746' title='bbox 2534 3239 2646 3295; x_wconf 91' lang='lat' dir='ltr'><strong>Deo</strong></span> <span class='ocrx_word' id='word_1_747' title='bbox 2672 3239 2922 3293; x_wconf 84' lang='lat' dir='ltr'><strong>habetur.</strong></span> <span class='ocrx_word' id='word_1_748' title='bbox 2953 3235 3050 3292; x_wconf 76' lang='lat' dir='ltr'><strong>Vel</strong></span> <span class='ocrx_word' id='word_1_749' title='bbox 3070 3235 3228 3290; x_wconf 87' lang='lat' dir='ltr'><strong>aliter</strong></span> <span class='ocrx_word' id='word_1_750' title='bbox 3259 3252 3274 3288; x_wconf 86' lang='lat'><strong>:</strong></span> <span class='ocrx_word' id='word_1_751' title='bbox 3302 3233 3406 3303; x_wconf 90' lang='lat' dir='ltr'><strong>Ipsi</strong></span> <span class='ocrx_word' id='word_1_752' title='bbox 3430 3230 3766 3291; x_wconf 82' lang='lat' dir='ltr'><strong>defecerunt,</strong></span> 
     </span>
    </p>
   </div>
   <div class='ocr_carea' id='block_1_89' title="bbox 2183 3319 3776 3386">
    <p class='ocr_par' dir='ltr' id='par_1_89' title="bbox 2183 3319 3776 3386">
     <span class='ocr_line' id='line_1_89' title="bbox 2183 3319 3776 3386; baseline -0.011 0"><span class='ocrx_word' id='word_1_753' title='bbox 2183 3331 2276 3386; x_wconf 89' lang='lat' dir='ltr'><strong>sed</strong></span> <span class='ocrx_word' id='word_1_754' title='bbox 2313 3340 2492 3384; x_wconf 83' lang='lat' dir='ltr'><strong>tamen</strong></span> <span class='ocrx_word' id='word_1_755' title='bbox 2532 3329 2696 3384; x_wconf 82' lang='lat' dir='ltr'><strong>homo</strong></span> <span class='ocrx_word' id='word_1_756' title='bbox 2721 3327 2808 3382; x_wconf 92' lang='lat' dir='ltr'><strong>ille</strong></span> <span class='ocrx_word' id='word_1_757' title='bbox 2854 3325 3056 3382; x_wconf 90' lang='lat' dir='ltr'><strong>stultus</strong></span> <span class='ocrx_word' id='word_1_758' title='bbox 3103 3325 3328 3379; x_wconf 85' lang='lat' dir='ltr'><strong>accedet</strong></span> <span class='ocrx_word' id='word_1_759' title='bbox 3359 3322 3427 3376; x_wconf 89' lang='lat' dir='ltr'><strong>ad</strong></span> <span class='ocrx_word' id='word_1_760' title='bbox 3452 3336 3552 3377; x_wconf 89' lang='lat' dir='ltr'><strong>cor</strong></span> <span class='ocrx_word' id='word_1_761' title='bbox 3580 3319 3776 3380; x_wconf 70' lang='lat' dir='ltr'><strong>altum,</strong></span> 
     </span>
    </p>
   </div>
   <div class='ocr_carea' id='block_1_90' title="bbox 2182 3412 3774 3492">
    <p class='ocr_par' dir='ltr' id='par_1_90' title="bbox 2182 3412 3774 3492">
     <span class='ocr_line' id='line_1_90' title="bbox 2182 3412 3774 3492; baseline -0.011 -12"><span class='ocrx_word' id='word_1_762' title='bbox 2182 3423 2388 3482; x_wconf 88' lang='lat' dir='ltr'><strong>scilicet</strong></span> <span class='ocrx_word' id='word_1_763' title='bbox 2424 3430 2484 3476; x_wconf 92' lang='lat' dir='ltr'><strong>ut</strong></span> <span class='ocrx_word' id='word_1_764' title='bbox 2518 3421 2740 3492; x_wconf 88' lang='lat' dir='ltr'><strong>impleat</strong></span> <span class='ocrx_word' id='word_1_765' title='bbox 2763 3420 2932 3474; x_wconf 92' lang='lat' dir='ltr'><strong>altum</strong></span> <span class='ocrx_word' id='word_1_766' title='bbox 2962 3417 3246 3474; x_wconf 89' lang='lat' dir='ltr'><strong>consilium</strong></span> <span class='ocrx_word' id='word_1_767' title='bbox 3275 3415 3370 3469; x_wconf 88' lang='lat' dir='ltr'><strong>Dei</strong></span> <span class='ocrx_word' id='word_1_768' title='bbox 3399 3423 3461 3467; x_wconf 92' lang='lat' dir='ltr'><strong>ut</strong></span> <span class='ocrx_word' id='word_1_769' title='bbox 3491 3428 3580 3467; x_wconf 88' lang='lat' dir='ltr'><strong>me</strong></span> <span class='ocrx_word' id='word_1_770' title='bbox 3604 3412 3774 3464; x_wconf 84' lang='lat' dir='ltr'><strong>inter-.</strong></span> 
     </span>
    </p>
   </div>
   <div class='ocr_carea' id='block_1_91' title="bbox 2182 3507 3767 3581">
    <p class='ocr_par' dir='ltr' id='par_1_91' title="bbox 2182 3507 3767 3581">
     <span class='ocr_line' id='line_1_91' title="bbox 2182 3507 3767 3581; baseline -0.009 -9"><span class='ocrx_word' id='word_1_771' title='bbox 2182 3517 2350 3581; x_wconf 80' lang='lat' dir='ltr'><strong>ﬁciat,</strong></span> <span class='ocrx_word' id='word_1_772' title='bbox 2373 3517 2466 3572; x_wconf 89' lang='lat' dir='ltr'><strong>sed</strong></span> <span class='ocrx_word' id='word_1_773' title='bbox 2485 3517 2626 3571; x_wconf 87' lang='lat' dir='ltr'><strong>Deus</strong></span> <span class='ocrx_word' id='word_1_774' title='bbox 2641 3514 2992 3580; x_wconf 77' lang='lat' dir='ltr'><strong>exaltabitur,</strong></span> <span class='ocrx_word' id='word_1_775' title='bbox 3025 3528 3114 3569; x_wconf 89' lang='lat' dir='ltr'><strong>me</strong></span> <span class='ocrx_word' id='word_1_776' title='bbox 3146 3509 3549 3566; x_wconf 89' lang='lat' dir='ltr'><strong>resuscitando.</strong></span> <span class='ocrx_word' id='word_1_777' title='bbox 3589 3507 3767 3560; x_wconf 87' lang='lat' dir='ltr'><strong>Potest</strong></span> 
     </span>
    </p>
   </div>
   <div class='ocr_carea' id='block_1_92' title="bbox 2184 3601 3768 3680">
    <p class='ocr_par' dir='ltr' id='par_1_92' title="bbox 2184 3601 3768 3680">
     <span class='ocr_line' id='line_1_92' title="bbox 2184 3601 3768 3680; baseline -0.01 -16"><span class='ocrx_word' id='word_1_778' title='bbox 2184 3609 2255 3664; x_wconf 91' lang='lat' dir='ltr'><strong>ita</strong></span> <span class='ocrx_word' id='word_1_779' title='bbox 2277 3608 2404 3680; x_wconf 84' lang='lat' dir='ltr'><strong>legi,</strong></span> <span class='ocrx_word' id='word_1_780' title='bbox 2427 3617 2482 3663; x_wconf 90' lang='lat' dir='ltr'><strong>et</strong></span> <span class='ocrx_word' id='word_1_781' title='bbox 2507 3622 2604 3662; x_wconf 92' lang='lat' dir='ltr'><strong>cor</strong></span> <span class='ocrx_word' id='word_1_782' title='bbox 2633 3606 2824 3671; x_wconf 89' lang='lat' dir='ltr'><strong>altum,</strong></span> <span class='ocrx_word' id='word_1_783' title='bbox 2853 3604 3102 3674; x_wconf 86' lang='lat' dir='ltr'><strong>quamvis</strong></span> <span class='ocrx_word' id='word_1_784' title='bbox 3125 3601 3302 3656; x_wconf 89' lang='lat' dir='ltr'><strong>sancti</strong></span> <span class='ocrx_word' id='word_1_785' title='bbox 3329 3608 3515 3669; x_wconf 88' lang='lat' dir='ltr'><strong>patres</strong></span> <span class='ocrx_word' id='word_1_786' title='bbox 3545 3613 3653 3650; x_wconf 78' lang='lat' dir='ltr'><strong>non</strong></span> <span class='ocrx_word' id='word_1_787' title='bbox 3677 3609 3768 3663; x_wconf 88' lang='lat' dir='ltr'><strong>po—</strong></span> 
     </span>
    </p>
   </div>
   <div class='ocr_carea' id='block_1_93' title="bbox 2182 3687 3771 3767">
    <p class='ocr_par' dir='ltr' id='par_1_93' title="bbox 2182 3687 3771 3767">
     <span class='ocr_line' id='line_1_93' title="bbox 2182 3687 3771 3767; baseline -0.01 -13"><span class='ocrx_word' id='word_1_788' title='bbox 2182 3707 2338 3764; x_wconf 91' lang='lat' dir='ltr'><strong>nunt,</strong></span> <span class='ocrx_word' id='word_1_789' title='bbox 2369 3698 2450 3753; x_wconf 92' lang='lat' dir='ltr'><strong>sic</strong></span> <span class='ocrx_word' id='word_1_790' title='bbox 2476 3698 2577 3767; x_wconf 90' lang='lat' dir='ltr'><strong>ipsi</strong></span> <span class='ocrx_word' id='word_1_791' title='bbox 2623 3703 2874 3766; x_wconf 64' lang='lat' dir='ltr'><strong>quaerunt</strong></span> <span class='ocrx_word' id='word_1_792' title='bbox 2897 3704 3127 3748; x_wconf 91' lang='lat' dir='ltr'><strong>mortem</strong></span> <span class='ocrx_word' id='word_1_793' title='bbox 3169 3706 3366 3751; x_wconf 86' lang='lat' dir='ltr'><strong>meam.</strong></span> <span class='ocrx_word' id='word_1_794' title='bbox 3392 3704 3454 3743; x_wconf 89' lang='lat' dir='ltr'><strong>ac</strong></span> <span class='ocrx_word' id='word_1_795' title='bbox 3487 3688 3533 3741; x_wconf 90' lang='lat' dir='ltr'><strong>si</strong></span> <span class='ocrx_word' id='word_1_796' title='bbox 3557 3700 3659 3756; x_wconf 92' lang='lat' dir='ltr'><strong>ego</strong></span> <span class='ocrx_word' id='word_1_797' title='bbox 3691 3687 3771 3738; x_wconf 86' lang='lat' dir='ltr'><strong>in-</strong></span> 
     </span>
    </p>
   </div>
   <div class='ocr_carea' id='block_1_94' title="bbox 2181 3777 3772 3852">
    <p class='ocr_par' dir='ltr' id='par_1_94' title="bbox 2181 3777 3772 3852">
     <span class='ocr_line' id='line_1_94' title="bbox 2181 3777 3772 3852; baseline -0.008 -11"><span class='ocrx_word' id='word_1_798' title='bbox 2181 3792 2327 3846; x_wconf 85' lang='lat' dir='ltr'><strong>vitus</strong></span> <span class='ocrx_word' id='word_1_799' title='bbox 2354 3789 2703 3852; x_wconf 90' lang='lat' dir='ltr'><strong>sustinerem,</strong></span> <span class='ocrx_word' id='word_1_800' title='bbox 2737 3786 2832 3841; x_wconf 86' lang='lat' dir='ltr'><strong>sed</strong></span> <span class='ocrx_word' id='word_1_801' title='bbox 2879 3783 3184 3839; x_wconf 91' lang='lat' dir='ltr'><strong>dominicus</strong></span> <span class='ocrx_word' id='word_1_802' title='bbox 3231 3782 3397 3836; x_wconf 82' lang='lat' dir='ltr'><strong>homo</strong></span> <span class='ocrx_word' id='word_1_803' title='bbox 3424 3777 3645 3832; x_wconf 89' lang='lat' dir='ltr'><strong>accedet</strong></span> <span class='ocrx_word' id='word_1_804' title='bbox 3677 3789 3772 3829; x_wconf 83' lang='lat' dir='ltr'><strong>vo-</strong></span> 
     </span>
    </p>
   </div>
   <div class='ocr_carea' id='block_1_95' title="bbox 2182 3866 3775 3949">
    <p class='ocr_par' dir='ltr' id='par_1_95' title="bbox 2182 3866 3775 3949">
     <span class='ocr_line' id='line_1_95' title="bbox 2182 3866 3775 3949; baseline -0.01 -14"><span class='ocrx_word' id='word_1_805' title='bbox 2182 3881 2433 3945; x_wconf 85' lang='lat' dir='ltr'><strong>luntarie,</strong></span> <span class='ocrx_word' id='word_1_806' title='bbox 2450 3887 2504 3935; x_wconf 91' lang='lat' dir='ltr'><strong>ct</strong></span> <span class='ocrx_word' id='word_1_807' title='bbox 2527 3895 2622 3934; x_wconf 86' lang='lat' dir='ltr'><strong>cor</strong></span> <span class='ocrx_word' id='word_1_808' title='bbox 2646 3877 2837 3942; x_wconf 87' lang='lat' dir='ltr'><strong>altum,</strong></span> <span class='ocrx_word' id='word_1_809' title='bbox 2870 3876 2923 3930; x_wconf 91' lang='lat' dir='ltr'><strong>id</strong></span> <span class='ocrx_word' id='word_1_810' title='bbox 2949 3883 3033 3933; x_wconf 88' lang='lat' dir='ltr'><strong>est</strong></span> <span class='ocrx_word' id='word_1_811' title='bbox 3057 3872 3344 3949; x_wconf 82' lang='lat' dir='ltr'><strong>dispositio</strong></span> <span class='ocrx_word' id='word_1_812' title='bbox 3368 3869 3476 3933; x_wconf 90' lang='lat' dir='ltr'><strong>Dei,</strong></span> <span class='ocrx_word' id='word_1_813' title='bbox 3502 3866 3607 3919; x_wconf 89' lang='lat' dir='ltr'><strong>erit</strong></span> <span class='ocrx_word' id='word_1_814' title='bbox 3634 3879 3775 3922; x_wconf 86' lang='lat' dir='ltr'><strong>cum</strong></span> 
     </span>
    </p>
   </div>
   <div class='ocr_carea' id='block_1_96' title="bbox 2184 3973 2903 4039">
    <p class='ocr_par' dir='ltr' id='par_1_96' title="bbox 2184 3973 2903 4039">
     <span class='ocr_line' id='line_1_96' title="bbox 2184 3973 2903 4039; baseline -0.008 -8"><span class='ocrx_word' id='word_1_815' title='bbox 2184 3991 2270 4039; x_wconf 87' lang='lat' dir='ltr'><strong>eo.</strong></span> <span class='ocrx_word' id='word_1_816' title='bbox 2299 3985 2355 4030; x_wconf 90' lang='lat' dir='ltr'><strong>et</strong></span> <span class='ocrx_word' id='word_1_817' title='bbox 2383 3973 2710 4030; x_wconf 77' lang='lat' dir='ltr'><strong>exaltabitur</strong></span> <span class='ocrx_word' id='word_1_818' title='bbox 2741 3973 2903 4027; x_wconf 84' lang='lat' dir='ltr'><strong>Deus.</strong></span> 
     </span>
    </p>
   </div>
   <div class='ocr_carea' id='block_1_97' title="bbox 2258 4049 3772 4138">
    <p class='ocr_par' dir='ltr' id='par_1_97' title="bbox 2258 4049 3772 4138">
     <span class='ocr_line' id='line_1_97' title="bbox 2258 4049 3772 4138; baseline -0.01 -18"><span class='ocrx_word' id='word_1_819' title='bbox 2258 4087 2276 4120; x_wconf 75' lang='grc' dir='ltr'><strong>ι</strong></span> <span class='ocrx_word' id='word_1_820' title='bbox 2304 4067 2543 4138; x_wconf 64' lang='lat' dir='ltr'><strong>Sagittae.</strong></span> <span class='ocrx_word' id='word_1_821' title='bbox 2567 4086 2586 4118; x_wconf 74' lang='grc' dir='ltr'><strong>ι</strong></span> <span class='ocrx_word' id='word_1_822' title='bbox 2606 4063 2799 4134; x_wconf 79' lang='lat' dir='ltr'><strong>Incipit</strong></span> <span class='ocrx_word' id='word_1_823' title='bbox 2810 4063 2876 4118; x_wconf 88' lang='lat' dir='ltr'><strong>de</strong></span> <span class='ocrx_word' id='word_1_824' title='bbox 2888 4061 3125 4117; x_wconf 84' lang='lat' dir='ltr'><strong>secunda</strong></span> <span class='ocrx_word' id='word_1_825' title='bbox 3150 4051 3606 4130; x_wconf 85' lang='lat' dir='ltr'><strong>parte.Benedico</strong></span> <span class='ocrx_word' id='word_1_826' title='bbox 3619 4049 3772 4105; x_wconf 78' lang='lat' dir='ltr'><strong>defe-</strong></span> 
     </span>
    </p>
   </div>
   <div class='ocr_carea' id='block_1_98' title="bbox 2183 4139 3774 4229">
    <p class='ocr_par' dir='ltr' id='par_1_98' title="bbox 2183 4139 3774 4229">
     <span class='ocr_line' id='line_1_98' title="bbox 2183 4139 3774 4229; baseline -0.014 -12"><span class='ocrx_word' id='word_1_827' title='bbox 2183 4169 2390 4222; x_wconf 89' lang='lat' dir='ltr'><strong>cerunt,</strong></span> <span class='ocrx_word' id='word_1_828' title='bbox 2422 4159 2546 4229; x_wconf 89' lang='lat' dir='ltr'><strong>quia</strong></span> <span class='ocrx_word' id='word_1_829' title='bbox 2575 4177 2592 4208; x_wconf 76' lang='grc' dir='ltr'><strong>ι</strong></span> <span class='ocrx_word' id='word_1_830' title='bbox 2621 4157 2792 4228; x_wconf 61' lang='lat' dir='ltr'><strong>plagae</strong></span> <span class='ocrx_word' id='word_1_831' title='bbox 2816 4169 3027 4219; x_wconf 91' lang='lat' dir='ltr'><strong>eorum,</strong></span> <span class='ocrx_word' id='word_1_832' title='bbox 3080 4171 3099 4203; x_wconf 74' lang='grc' dir='ltr'><strong>ι</strong></span> <span class='ocrx_word' id='word_1_833' title='bbox 3127 4139 3186 4205; x_wconf 81' lang='lat' dir='ltr'><strong>id</strong></span> <span class='ocrx_word' id='word_1_834' title='bbox 3211 4156 3295 4203; x_wconf 88' lang='lat' dir='ltr'><strong>est</strong></span> <span class='ocrx_word' id='word_1_835' title='bbox 3323 4147 3461 4201; x_wconf 88' lang='lat' dir='ltr'><strong>mala</strong></span> <span class='ocrx_word' id='word_1_836' title='bbox 3487 4160 3611 4214; x_wconf 73' lang='lat' dir='ltr'><strong>qua:</strong></span> <span class='ocrx_word' id='word_1_837' title='bbox 3638 4142 3774 4196; x_wconf 86' lang='lat' dir='ltr'><strong>mihi</strong></span> 
     </span>
    </p>
   </div>
   <div class='ocr_carea' id='block_1_99' title="bbox 2185 4235 3772 4314">
    <p class='ocr_par' dir='ltr' id='par_1_99' title="bbox 2185 4235 3772 4314">
     <span class='ocr_line' id='line_1_99' title="bbox 2185 4235 3772 4314; baseline -0.013 -8"><span class='ocrx_word' id='word_1_838' title='bbox 2185 4250 2440 4314; x_wconf 78' lang='lat' dir='ltr'><strong>inferunt,</strong></span> <span class='ocrx_word' id='word_1_839' title='bbox 2461 4269 2478 4299; x_wconf 87' lang='grc'><strong>‹</strong></span> <span class='ocrx_word' id='word_1_840' title='bbox 2501 4256 2628 4303; x_wconf 89' lang='lat' dir='ltr'><strong>sunt</strong></span> <span class='ocrx_word' id='word_1_841' title='bbox 2647 4245 2804 4301; x_wconf 65' lang='lat' dir='ltr'><strong>facta</strong></span> <span class='ocrx_word' id='word_1_842' title='bbox 2823 4245 2964 4300; x_wconf 89' lang='lat' dir='ltr'><strong>sicut</strong></span> <span class='ocrx_word' id='word_1_843' title='bbox 2981 4243 3189 4313; x_wconf 73' lang='lat' dir='ltr'><strong>sagitta:</strong></span> <span class='ocrx_word' id='word_1_844' title='bbox 3209 4238 3585 4311; x_wconf 89' lang='lat' dir='ltr'><strong>parvulorum,</strong></span> <span class='ocrx_word' id='word_1_845' title='bbox 3605 4256 3624 4286; x_wconf 72' lang='grc' dir='ltr'><strong>ι</strong></span> <span class='ocrx_word' id='word_1_846' title='bbox 3647 4235 3772 4305; x_wconf 78' lang='lat' dir='ltr'><strong>quia</strong></span> 
     </span>
    </p>
   </div>
   <div class='ocr_carea' id='block_1_100' title="bbox 2184 4323 3771 4410">
    <p class='ocr_par' dir='ltr' id='par_1_100' title="bbox 2184 4323 3771 4410">
     <span class='ocr_line' id='line_1_100' title="bbox 2184 4323 3771 4410; baseline -0.013 -13"><span class='ocrx_word' id='word_1_847' title='bbox 2184 4343 2327 4397; x_wconf 89' lang='lat' dir='ltr'><strong>sicut</strong></span> <span class='ocrx_word' id='word_1_848' title='bbox 2369 4340 2580 4410; x_wconf 72' lang='lat' dir='ltr'><strong>sagitta:</strong></span> <span class='ocrx_word' id='word_1_849' title='bbox 2623 4336 2972 4408; x_wconf 89' lang='lat' dir='ltr'><strong>parvulorum</strong></span> <span class='ocrx_word' id='word_1_850' title='bbox 3011 4348 3118 4388; x_wconf 93' lang='lat' dir='ltr'><strong>non</strong></span> <span class='ocrx_word' id='word_1_851' title='bbox 3147 4337 3363 4390; x_wconf 86' lang='lat' dir='ltr'><strong>nocent,</strong></span> <span class='ocrx_word' id='word_1_852' title='bbox 3392 4329 3474 4383; x_wconf 91' lang='lat' dir='ltr'><strong>sic</strong></span> <span class='ocrx_word' id='word_1_853' title='bbox 3500 4342 3603 4381; x_wconf 89' lang='lat' dir='ltr'><strong>nec</strong></span> <span class='ocrx_word' id='word_1_854' title='bbox 3629 4323 3771 4378; x_wconf 82' lang='lat' dir='ltr'><strong>mala</strong></span> 
     </span>
    </p>
   </div>
   <div class='ocr_carea' id='block_1_101' title="bbox 2184 4418 3768 4503">
    <p class='ocr_par' dir='ltr' id='par_1_101' title="bbox 2184 4418 3768 4503">
     <span class='ocr_line' id='line_1_101' title="bbox 2184 4418 3768 4503; baseline -0.009 -16"><span class='ocrx_word' id='word_1_855' title='bbox 2184 4449 2304 4503; x_wconf 77' lang='lat' dir='ltr'><strong>qua:</strong></span> <span class='ocrx_word' id='word_1_856' title='bbox 2319 4429 2448 4488; x_wconf 84' lang='lat' dir='ltr'><strong>mihi</strong></span> <span class='ocrx_word' id='word_1_857' title='bbox 2470 4429 2707 4484; x_wconf 85' lang='lat' dir='ltr'><strong>faciunt:</strong></span> <span class='ocrx_word' id='word_1_858' title='bbox 2732 4448 2748 4479; x_wconf 78' lang='grc' dir='ltr'><strong>ι</strong></span> <span class='ocrx_word' id='word_1_859' title='bbox 2770 4437 2825 4484; x_wconf 91' lang='lat' dir='ltr'><strong>et</strong></span> <span class='ocrx_word' id='word_1_860' title='bbox 2843 4427 3039 4497; x_wconf 71' lang='lat' dir='ltr'><strong>lingua:</strong></span> <span class='ocrx_word' id='word_1_861' title='bbox 3068 4438 3255 4479; x_wconf 88' lang='lat' dir='ltr'><strong>eorum</strong></span> <span class='ocrx_word' id='word_1_862' title='bbox 3281 4429 3410 4475; x_wconf 90' lang='lat' dir='ltr'><strong>sunt</strong></span> <span class='ocrx_word' id='word_1_863' title='bbox 3433 4418 3768 4473; x_wconf 61' lang='lat' dir='ltr'><strong>inﬁrmata.-</strong></span> 
     </span>
    </p>
   </div>
   <div class='ocr_carea' id='block_1_102' title="bbox 2109 4506 3776 4629">
    <p class='ocr_par' dir='ltr' id='par_1_102' title="bbox 2109 4506 3776 4629">
     <span class='ocr_line' id='line_1_102' title="bbox 2109 4506 3776 4629; baseline -0.011 -52"><span class='ocrx_word' id='word_1_864' title='bbox 2109 4569 2159 4629; x_wconf 67' lang='grc' dir='ltr'><strong><em>Β</em></strong></span> <span class='ocrx_word' id='word_1_865' title='bbox 2185 4522 2310 4593; x_wconf 90' lang='lat' dir='ltr'><strong>quia</strong></span> <span class='ocrx_word' id='word_1_866' title='bbox 2341 4536 2464 4576; x_wconf 91' lang='lat' dir='ltr'><strong>cum</strong></span> <span class='ocrx_word' id='word_1_867' title='bbox 2492 4527 2619 4574; x_wconf 85' lang='lat' dir='ltr'><strong>ante</strong></span> <span class='ocrx_word' id='word_1_868' title='bbox 2651 4517 3104 4573; x_wconf 87' lang='lat' dir='ltr'><strong>resurrectionem</strong></span> <span class='ocrx_word' id='word_1_869' title='bbox 3137 4513 3370 4582; x_wconf 80' lang='lat' dir='ltr'><strong>superbe</strong></span> <span class='ocrx_word' id='word_1_870' title='bbox 3394 4518 3593 4564; x_wconf 90' lang='lat' dir='ltr'><strong>contra</strong></span> <span class='ocrx_word' id='word_1_871' title='bbox 3620 4506 3776 4562; x_wconf 83' lang='lat' dir='ltr'><strong>Chri-</strong></span> 
     </span>
     <span class='ocr_line' id='line_1_103' title="bbox 2216 4606 3771 4629; baseline 0 0"><span class='ocrx_word' id='word_1_872' title='bbox 2216 4622 2227 4629; x_wconf 85' lang='lat'><strong>.</strong></span> <span class='ocrx_word' id='word_1_873' title='bbox 2261 4628 2264 4629; x_wconf 67' lang='lat'>,</span> <span class='ocrx_word' id='word_1_874' title='bbox 2313 4628 2318 4629; x_wconf 63' lang='lat'><strong><em>,</em></strong></span> <span class='ocrx_word' id='word_1_875' title='bbox 2377 4611 2420 4629; x_wconf 79' lang='grc'><strong>1-</strong></span> <span class='ocrx_word' id='word_1_876' title='bbox 2441 4618 2727 4629; x_wconf 46' lang='grc' dir='ltr'><strong>-μ-μ-...---</strong></span> <span class='ocrx_word' id='word_1_877' title='bbox 2825 4614 2942 4629; x_wconf 57' lang='grc' dir='ltr'><strong>---ι</strong></span> <span class='ocrx_word' id='word_1_878' title='bbox 2994 4607 3448 4629; x_wconf 57' lang='grc' dir='ltr'><strong>..-λη-..ΑΑΗΛ-ιη-κ</strong></span> <span class='ocrx_word' id='word_1_879' title='bbox 3501 4615 3611 4629; x_wconf 62' lang='lat' dir='ltr'><strong>“An</strong></span> <span class='ocrx_word' id='word_1_880' title='bbox 3661 4606 3771 4629; x_wconf 59' lang='lat' dir='ltr'><strong>Cum</strong></span> 
     </span>
    </p>
   </div>
   <div class='ocr_carea' id='block_1_103' title="bbox 2183 4606 3771 4680">
    <p class='ocr_par' dir='ltr' id='par_1_103' title="bbox 2183 4606 3771 4680">
     <span class='ocr_line' id='line_1_104' title="bbox 2183 4606 3771 4680; baseline -0.013 -12"><span class='ocrx_word' id='word_1_881' title='bbox 2183 4622 2328 4668; x_wconf 88' lang='lat' dir='ltr'><strong>stum</strong></span> <span class='ocrx_word' id='word_1_882' title='bbox 2377 4611 2760 4680; x_wconf 85' lang='lat' dir='ltr'><strong>loquerentur,</strong></span> <span class='ocrx_word' id='word_1_883' title='bbox 2825 4614 2950 4678; x_wconf 90' lang='lat' dir='ltr'><strong>post</strong></span> <span class='ocrx_word' id='word_1_884' title='bbox 2994 4607 3448 4660; x_wconf 89' lang='lat' dir='ltr'><strong>resurrectionem</strong></span> <span class='ocrx_word' id='word_1_885' title='bbox 3501 4615 3613 4654; x_wconf 90' lang='lat' dir='ltr'><strong>non</strong></span> <span class='ocrx_word' id='word_1_886' title='bbox 3661 4606 3771 4650; x_wconf 83' lang='lat' dir='ltr'><strong>tam</strong></span> 
     </span>
    </p>
   </div>
   <div class='ocr_carea' id='block_1_104' title="bbox 2180 4688 3775 4778">
    <p class='ocr_par' dir='ltr' id='par_1_104' title="bbox 2180 4688 3775 4778">
     <span class='ocr_line' id='line_1_105' title="bbox 2180 4688 3775 4778; baseline -0.011 -18"><span class='ocrx_word' id='word_1_887' title='bbox 2180 4712 2434 4778; x_wconf 88' lang='lat' dir='ltr'><strong>proterve</strong></span> <span class='ocrx_word' id='word_1_888' title='bbox 2459 4702 2623 4758; x_wconf 91' lang='lat' dir='ltr'><strong>locuti</strong></span> <span class='ocrx_word' id='word_1_889' title='bbox 2650 4710 2797 4766; x_wconf 86' lang='lat' dir='ltr'><strong>sunt,</strong></span> <span class='ocrx_word' id='word_1_890' title='bbox 2827 4713 2884 4754; x_wconf 89' lang='lat' dir='ltr'><strong>et</strong></span> <span class='ocrx_word' id='word_1_891' title='bbox 2910 4700 3018 4754; x_wconf 88' lang='lat' dir='ltr'><strong>hoc</strong></span> <span class='ocrx_word' id='word_1_892' title='bbox 3047 4717 3064 4749; x_wconf 76' lang='grc' dir='ltr'><strong>ε</strong></span> <span class='ocrx_word' id='word_1_893' title='bbox 3095 4706 3285 4752; x_wconf 88' lang='lat' dir='ltr'><strong>contra</strong></span> <span class='ocrx_word' id='word_1_894' title='bbox 3313 4710 3425 4755; x_wconf 90' lang='lat' dir='ltr'><strong>eos,</strong></span> <span class='ocrx_word' id='word_1_895' title='bbox 3471 4713 3490 4745; x_wconf 75' lang='grc' dir='ltr'><strong>ι</strong></span> <span class='ocrx_word' id='word_1_896' title='bbox 3523 4693 3578 4746; x_wconf 93' lang='lat' dir='ltr'><strong>id</strong></span> <span class='ocrx_word' id='word_1_897' title='bbox 3601 4688 3775 4746; x_wconf 82' lang='lat' dir='ltr'><strong>estad</strong></span> 
     </span>
    </p>
   </div>
   <div class='ocr_carea' id='block_1_105' title="bbox 2182 4782 3776 4856">
    <p class='ocr_par' dir='ltr' id='par_1_105' title="bbox 2182 4782 3776 4856">
     <span class='ocr_line' id='line_1_106' title="bbox 2182 4782 3776 4856; baseline -0.01 -6"><span class='ocrx_word' id='word_1_898' title='bbox 2182 4796 2418 4850; x_wconf 86' lang='lat' dir='ltr'><strong>dedecus</strong></span> <span class='ocrx_word' id='word_1_899' title='bbox 2442 4808 2651 4856; x_wconf 91' lang='lat' dir='ltr'><strong>eorum,</strong></span> <span class='ocrx_word' id='word_1_900' title='bbox 2675 4807 2798 4846; x_wconf 92' lang='lat' dir='ltr'><strong>cum</strong></span> <span class='ocrx_word' id='word_1_901' title='bbox 2829 4791 2903 4845; x_wconf 91' lang='lat' dir='ltr'><strong>ita</strong></span> <span class='ocrx_word' id='word_1_902' title='bbox 2930 4789 3163 4845; x_wconf 86' lang='lat' dir='ltr'><strong>ostendit</strong></span> <span class='ocrx_word' id='word_1_903' title='bbox 3183 4803 3278 4841; x_wconf 91' lang='lat' dir='ltr'><strong>eos</strong></span> <span class='ocrx_word' id='word_1_904' title='bbox 3304 4783 3571 4840; x_wconf 77' lang='lat' dir='ltr'><strong>defecisse</strong></span> <span class='ocrx_word' id='word_1_905' title='bbox 3594 4782 3776 4852; x_wconf 82' lang='lat' dir='ltr'><strong>plane.</strong></span> 
     </span>
    </p>
   </div>
   <div class='ocr_carea' id='block_1_106' title="bbox 2183 4879 3228 4942">
    <p class='ocr_par' dir='ltr' id='par_1_106' title="bbox 2183 4879 3228 4942">
     <span class='ocr_line' id='line_1_107' title="bbox 2183 4879 3228 4942; baseline -0.008 -2"><span class='ocrx_word' id='word_1_906' title='bbox 2183 4901 2338 4942; x_wconf 87' lang='lat' dir='ltr'><strong>suam</strong></span> <span class='ocrx_word' id='word_1_907' title='bbox 2367 4883 2820 4939; x_wconf 87' lang='lat' dir='ltr'><strong>resurrectionem</strong></span> <span class='ocrx_word' id='word_1_908' title='bbox 2853 4881 3008 4934; x_wconf 90' lang='lat' dir='ltr'><strong>nobis</strong></span> <span class='ocrx_word' id='word_1_909' title='bbox 3034 4879 3228 4932; x_wconf 87' lang='lat' dir='ltr'><strong>innuit.</strong></span> 
     </span>
    </p>
   </div>
   <div class='ocr_carea' id='block_1_107' title="bbox 2253 4970 3782 5033">
    <p class='ocr_par' dir='ltr' id='par_1_107' title="bbox 2253 4970 3782 5033">
     <span class='ocr_line' id='line_1_108' title="bbox 2253 4970 3782 5033; baseline -0.011 0"><span class='ocrx_word' id='word_1_910' title='bbox 2253 4975 2570 5033; x_wconf 88' lang='lat' dir='ltr'><strong>Conturbati</strong></span> <span class='ocrx_word' id='word_1_911' title='bbox 2595 4982 2740 5030; x_wconf 86' lang='lat' dir='ltr'><strong>sunt.</strong></span> <span class='ocrx_word' id='word_1_912' title='bbox 2771 4972 2895 5027; x_wconf 80' lang='lat' dir='ltr'><strong>Mali</strong></span> <span class='ocrx_word' id='word_1_913' title='bbox 2917 4973 2995 5027; x_wconf 89' lang='lat' dir='ltr'><strong>sic</strong></span> <span class='ocrx_word' id='word_1_914' title='bbox 3015 4970 3347 5032; x_wconf 82' lang='lat' dir='ltr'><strong>defecerunt,</strong></span> <span class='ocrx_word' id='word_1_915' title='bbox 3371 4977 3420 5022; x_wconf 90' lang='lat' dir='ltr'><strong>et</strong></span> <span class='ocrx_word' id='word_1_916' title='bbox 3450 4975 3580 5020; x_wconf 91' lang='lat' dir='ltr'><strong>tunc</strong></span> <span class='ocrx_word' id='word_1_917' title='bbox 3610 4985 3627 5016; x_wconf 74' lang='grc' dir='ltr'><strong>ι</strong></span> <span class='ocrx_word' id='word_1_918' title='bbox 3649 4974 3782 5018; x_wconf 82' lang='lat' dir='ltr'><strong>sunt</strong></span> 
     </span>
    </p>
   </div>
   <div class='ocr_carea' id='block_1_108' title="bbox 2187 5057 3780 5132">
    <p class='ocr_par' dir='ltr' id='par_1_108' title="bbox 2187 5057 3780 5132">
     <span class='ocr_line' id='line_1_109' title="bbox 2187 5057 3780 5132; baseline -0.01 -7"><span class='ocrx_word' id='word_1_919' title='bbox 2187 5068 2493 5125; x_wconf 90' lang='lat' dir='ltr'><strong>conturbati</strong></span> <span class='ocrx_word' id='word_1_920' title='bbox 2524 5086 2540 5118; x_wconf 77' lang='grc' dir='ltr'><strong>ι</strong></span> <span class='ocrx_word' id='word_1_921' title='bbox 2581 5067 2649 5121; x_wconf 88' lang='lat' dir='ltr'><strong>ad</strong></span> <span class='ocrx_word' id='word_1_922' title='bbox 2695 5065 2854 5120; x_wconf 84' lang='lat' dir='ltr'><strong>ﬁdem</strong></span> <span class='ocrx_word' id='word_1_923' title='bbox 2901 5062 3298 5132; x_wconf 87' lang='lat' dir='ltr'><strong>suscipiendam</strong></span> <span class='ocrx_word' id='word_1_924' title='bbox 3359 5078 3378 5110; x_wconf 69' lang='grc' dir='ltr'><strong><em>ς</em></strong></span> <span class='ocrx_word' id='word_1_925' title='bbox 3438 5073 3631 5112; x_wconf 92' lang='lat' dir='ltr'><strong>omnes</strong></span> <span class='ocrx_word' id='word_1_926' title='bbox 3683 5057 3780 5124; x_wconf 90' lang='lat' dir='ltr'><strong>qui</strong></span> 
     </span>
    </p>
   </div>
   <div class='ocr_carea' id='block_1_109' title="bbox 2185 5150 3784 5222">
    <p class='ocr_par' dir='ltr' id='par_1_109' title="bbox 2185 5150 3784 5222">
     <span class='ocr_line' id='line_1_110' title="bbox 2185 5150 3784 5222; baseline -0.009 -8"><span class='ocrx_word' id='word_1_927' title='bbox 2185 5159 2441 5216; x_wconf 87' lang='lat' dir='ltr'><strong>videbant</strong></span> <span class='ocrx_word' id='word_1_928' title='bbox 2484 5173 2580 5213; x_wconf 92' lang='lat' dir='ltr'><strong>eos</strong></span> <span class='ocrx_word' id='word_1_929' title='bbox 2609 5175 2627 5207; x_wconf 74' lang='grc' dir='ltr'><strong>ι</strong></span> <span class='ocrx_word' id='word_1_930' title='bbox 2659 5155 2866 5210; x_wconf 88' lang='lat' dir='ltr'><strong>scilicet</strong></span> <span class='ocrx_word' id='word_1_931' title='bbox 2893 5153 3055 5222; x_wconf 83' lang='lat' dir='ltr'><strong>aliqui</strong></span> <span class='ocrx_word' id='word_1_932' title='bbox 3087 5153 3154 5207; x_wconf 90' lang='lat' dir='ltr'><strong>de</strong></span> <span class='ocrx_word' id='word_1_933' title='bbox 3182 5150 3330 5206; x_wconf 90' lang='lat' dir='ltr'><strong>omni</strong></span> <span class='ocrx_word' id='word_1_934' title='bbox 3361 5163 3562 5220; x_wconf 83' lang='lat' dir='ltr'><strong>genere</strong></span> <span class='ocrx_word' id='word_1_935' title='bbox 3596 5167 3609 5200; x_wconf 86' lang='lat'>:</span> <span class='ocrx_word' id='word_1_936' title='bbox 3661 5165 3682 5197; x_wconf 74' lang='grc' dir='ltr'><strong>ι</strong></span> <span class='ocrx_word' id='word_1_937' title='bbox 3725 5154 3784 5200; x_wconf 81' lang='lat' dir='ltr'><strong>et</strong></span> 
     </span>
    </p>
   </div>
   <div class='ocr_carea' id='block_1_110' title="bbox 2189 5240 3784 5311">
    <p class='ocr_par' dir='ltr' id='par_1_110' title="bbox 2189 5240 3784 5311">
     <span class='ocr_line' id='line_1_111' title="bbox 2189 5240 3784 5311; baseline -0.009 -5"><span class='ocrx_word' id='word_1_938' title='bbox 2189 5251 2371 5307; x_wconf 90' lang='lat' dir='ltr'><strong>timuit</strong></span> <span class='ocrx_word' id='word_1_939' title='bbox 2408 5250 2586 5305; x_wconf 89' lang='lat' dir='ltr'><strong>omnis</strong></span> <span class='ocrx_word' id='word_1_940' title='bbox 2604 5249 2789 5311; x_wconf 87' lang='lat' dir='ltr'><strong>homo,</strong></span> <span class='ocrx_word' id='word_1_941' title='bbox 2813 5265 2832 5299; x_wconf 74' lang='grc' dir='ltr'><strong>ι</strong></span> <span class='ocrx_word' id='word_1_942' title='bbox 2862 5246 2942 5301; x_wconf 91' lang='lat' dir='ltr'><strong>sic</strong></span> <span class='ocrx_word' id='word_1_943' title='bbox 2967 5244 3321 5301; x_wconf 85' lang='lat' dir='ltr'><strong>conturbatus</strong></span> <span class='ocrx_word' id='word_1_944' title='bbox 3353 5240 3531 5296; x_wconf 88' lang='lat' dir='ltr'><strong>timuit</strong></span> <span class='ocrx_word' id='word_1_945' title='bbox 3556 5255 3784 5310; x_wconf 74' lang='lat' dir='ltr'><strong>ptenam</strong></span> 
     </span>
    </p>
   </div>
   <div class='ocr_carea' id='block_1_111' title="bbox 2185 5340 2564 5414">
    <p class='ocr_par' dir='ltr' id='par_1_111' title="bbox 2185 5340 2564 5414">
     <span class='ocr_line' id='line_1_112' title="bbox 2185 5340 2564 5414; baseline -0.011 -17"><span class='ocrx_word' id='word_1_946' title='bbox 2185 5357 2285 5414; x_wconf 90' lang='lat' dir='ltr'><strong>pro</strong></span> <span class='ocrx_word' id='word_1_947' title='bbox 2307 5340 2564 5412; x_wconf 89' lang='lat' dir='ltr'><strong>peccatis.</strong></span> 
     </span>
    </p>
   </div>
   <div class='ocr_carea' id='block_1_112' title="bbox 2258 5421 3786 5494">
    <p class='ocr_par' dir='ltr' id='par_1_112' title="bbox 2258 5421 3786 5494">
     <span class='ocr_line' id='line_1_113' title="bbox 2258 5421 3786 5494; baseline -0.01 -6"><span class='ocrx_word' id='word_1_948' title='bbox 2258 5433 2328 5488; x_wconf 88' lang='lat' dir='ltr'><strong>Et</strong></span> <span class='ocrx_word' id='word_1_949' title='bbox 2353 5432 2430 5488; x_wconf 92' lang='lat' dir='ltr'><strong>illi</strong></span> <span class='ocrx_word' id='word_1_950' title='bbox 2458 5431 2594 5486; x_wconf 88' lang='lat' dir='ltr'><strong>tales</strong></span> <span class='ocrx_word' id='word_1_951' title='bbox 2623 5448 2642 5482; x_wconf 85' lang='grc'><em>‹</em></span> <span class='ocrx_word' id='word_1_952' title='bbox 2670 5428 3132 5484; x_wconf 82' lang='lat' dir='ltr'><strong>annuntiaverunt</strong></span> <span class='ocrx_word' id='word_1_953' title='bbox 3158 5438 3322 5494; x_wconf 85' lang='lat' dir='ltr'><strong>opera</strong></span> <span class='ocrx_word' id='word_1_954' title='bbox 3352 5421 3448 5478; x_wconf 89' lang='lat' dir='ltr'><strong>Dei</strong></span> <span class='ocrx_word' id='word_1_955' title='bbox 3473 5440 3491 5472; x_wconf 71' lang='grc' dir='ltr'><strong>ι</strong></span> <span class='ocrx_word' id='word_1_956' title='bbox 3522 5421 3786 5476; x_wconf 54' lang='lat' dir='ltr'><strong>ineat-na.</strong></span> 
     </span>
    </p>
   </div>
   <div class='ocr_carea' id='block_1_113' title="bbox 2185 5515 3788 5590">
    <p class='ocr_par' dir='ltr' id='par_1_113' title="bbox 2185 5515 3788 5590">
     <span class='ocr_line' id='line_1_114' title="bbox 2185 5515 3788 5590; baseline -0.008 -12"><span class='ocrx_word' id='word_1_957' title='bbox 2185 5525 2412 5589; x_wconf 85' lang='lat' dir='ltr'><strong>tionem,</strong></span> <span class='ocrx_word' id='word_1_958' title='bbox 2440 5523 2803 5585; x_wconf 88' lang='lat' dir='ltr'><strong>nativitatem,</strong></span> <span class='ocrx_word' id='word_1_959' title='bbox 2843 5519 3172 5590; x_wconf 84' lang='lat' dir='ltr'><strong>passionem,</strong></span> <span class='ocrx_word' id='word_1_960' title='bbox 3215 5515 3674 5570; x_wconf 88' lang='lat' dir='ltr'><strong>resurrectionem</strong></span> <span class='ocrx_word' id='word_1_961' title='bbox 3723 5523 3788 5566; x_wconf 82' lang='lat' dir='ltr'><strong>et</strong></span> 
     </span>
    </p>
   </div>
   <div class='ocr_carea' id='block_1_114' title="bbox 2183 5604 3781 5680">
    <p class='ocr_par' dir='ltr' id='par_1_114' title="bbox 2183 5604 3781 5680">
     <span class='ocr_line' id='line_1_115' title="bbox 2183 5604 3781 5680; baseline -0.008 -10"><span class='ocrx_word' id='word_1_962' title='bbox 2183 5615 2383 5672; x_wconf 88' lang='lat' dir='ltr'><strong>similia</strong></span> <span class='ocrx_word' id='word_1_963' title='bbox 2417 5632 2439 5668; x_wconf 85' lang='grc'><em>‹</em></span> <span class='ocrx_word' id='word_1_964' title='bbox 2467 5624 2522 5672; x_wconf 88' lang='lat' dir='ltr'><strong>et</strong></span> <span class='ocrx_word' id='word_1_965' title='bbox 2552 5635 2570 5667; x_wconf 75' lang='grc' dir='ltr'><strong>ι</strong></span> <span class='ocrx_word' id='word_1_966' title='bbox 2605 5613 2692 5670; x_wconf 90' lang='lat' dir='ltr'><strong>illa</strong></span> <span class='ocrx_word' id='word_1_967' title='bbox 2726 5631 2744 5664; x_wconf 77' lang='grc' dir='ltr'><strong>ι</strong></span> <span class='ocrx_word' id='word_1_968' title='bbox 2775 5611 2918 5668; x_wconf 81' lang='lat' dir='ltr'><strong>facta</strong></span> <span class='ocrx_word' id='word_1_969' title='bbox 2945 5611 3060 5680; x_wconf 90' lang='lat' dir='ltr'><strong>ejus</strong></span> <span class='ocrx_word' id='word_1_970' title='bbox 3089 5629 3108 5661; x_wconf 76' lang='grc' dir='ltr'><strong>ι</strong></span> <span class='ocrx_word' id='word_1_971' title='bbox 3143 5607 3270 5672; x_wconf 91' lang='lat' dir='ltr'><strong>Dei,</strong></span> <span class='ocrx_word' id='word_1_972' title='bbox 3305 5604 3519 5661; x_wconf 84' lang='lat' dir='ltr'><strong>tandem</strong></span> <span class='ocrx_word' id='word_1_973' title='bbox 3555 5624 3575 5656; x_wconf 87' lang='grc'><strong>‹</strong></span> <span class='ocrx_word' id='word_1_974' title='bbox 3609 5604 3781 5659; x_wconf 77' lang='lat' dir='ltr'><strong>intel-</strong></span> 
     </span>
    </p>
   </div>
   <div class='ocr_carea' id='block_1_115' title="bbox 2183 5695 3786 5768">
    <p class='ocr_par' dir='ltr' id='par_1_115' title="bbox 2183 5695 3786 5768">
     <span class='ocr_line' id='line_1_116' title="bbox 2183 5695 3786 5768; baseline -0.007 -9"><span class='ocrx_word' id='word_1_975' title='bbox 2183 5705 2434 5764; x_wconf 80' lang='lat' dir='ltr'><strong>lexerunt</strong></span> <span class='ocrx_word' id='word_1_976' title='bbox 2477 5724 2488 5757; x_wconf 91' lang='lat'><strong>:</strong></span> <span class='ocrx_word' id='word_1_977' title='bbox 2543 5723 2563 5759; x_wconf 75' lang='grc' dir='ltr'><strong>ι</strong></span> <span class='ocrx_word' id='word_1_978' title='bbox 2597 5713 2654 5760; x_wconf 90' lang='lat' dir='ltr'><strong>et</strong></span> <span class='ocrx_word' id='word_1_979' title='bbox 2680 5703 2772 5760; x_wconf 87' lang='lat' dir='ltr'><strong>hic</strong></span> <span class='ocrx_word' id='word_1_980' title='bbox 2809 5711 3048 5763; x_wconf 88' lang='lat' dir='ltr'><strong>notatur,</strong></span> <span class='ocrx_word' id='word_1_981' title='bbox 3083 5699 3225 5768; x_wconf 91' lang='lat' dir='ltr'><strong>quod</strong></span> <span class='ocrx_word' id='word_1_982' title='bbox 3257 5697 3409 5768; x_wconf 90' lang='lat' dir='ltr'><strong>prius</strong></span> <span class='ocrx_word' id='word_1_983' title='bbox 3447 5695 3786 5766; x_wconf 74' lang='lat' dir='ltr'><strong>mysterium</strong></span> 
     </span>
    </p>
   </div>
   <div class='ocr_carea' id='block_1_116' title="bbox 2185 5785 3786 5864">
    <p class='ocr_par' dir='ltr' id='par_1_116' title="bbox 2185 5785 3786 5864">
     <span class='ocr_line' id='line_1_117' title="bbox 2185 5785 3786 5864; baseline -0.007 -11"><span class='ocrx_word' id='word_1_984' title='bbox 2185 5797 2277 5854; x_wconf 88' lang='lat' dir='ltr'><strong>Dei</strong></span> <span class='ocrx_word' id='word_1_985' title='bbox 2309 5799 2398 5853; x_wconf 89' lang='lat' dir='ltr'><strong>diu</strong></span> <span class='ocrx_word' id='word_1_986' title='bbox 2451 5805 2711 5853; x_wconf 86' lang='lat' dir='ltr'><strong>tractetur</strong></span> <span class='ocrx_word' id='word_1_987' title='bbox 2740 5805 2901 5864; x_wconf 86' lang='lat' dir='ltr'><strong>quam</strong></span> <span class='ocrx_word' id='word_1_988' title='bbox 2931 5790 3281 5862; x_wconf 80' lang='lat' dir='ltr'><strong>intelligatur,</strong></span> <span class='ocrx_word' id='word_1_989' title='bbox 3317 5787 3407 5844; x_wconf 89' lang='lat' dir='ltr'><strong>ubi</strong></span> <span class='ocrx_word' id='word_1_990' title='bbox 3460 5787 3595 5844; x_wconf 87' lang='lat' dir='ltr'><strong>dicit</strong></span> <span class='ocrx_word' id='word_1_991' title='bbox 3633 5785 3786 5844; x_wconf 80' lang='lat' dir='ltr'><strong>alios</strong></span> 
     </span>
    </p>
   </div>
  </div>
