3940 6452
152 372 254 431 ωδ

1324 367 1767 426 EXPLANATIO
1805 364 1870 422 IN
1912 363 2245 423 PSALMOS.

3304 365 3408 435 ‘09

151 490 556 551 considerantes
594 488 855 544 malitiam
895 500 1082 542 eorum
1121 499 1440 548 conversos,
1483 484 1718 540 ostendit
1745 487 1792 546 Α
1824 490 1909 536 ιιιι·
1932 488 2115 535 votum
2146 500 2191 546 ι,
2215 479 2268 535 id
2289 487 2395 545 est,
2428 477 2548 534 laus
2585 494 2604 528 ι
2628 477 2681 533 in
2705 494 2723 528 ι
2749 490 2980 546 superna
3003 496 3021 529 ι
3040 476 3363 555 Jerusalem,
3385 501 3406 536 ι

151 596 399 655 nzagnam
426 579 871 651 glorificationem
897 576 1121 633 Christi.

222 690 243 722 ι
273 669 588 726 Lmtabitur.
625 687 642 720 ι
694 667 813 722 Dixi
849 664 1158 721 canturbati
1197 674 1366 730 sunt,
1414 671 1472 718 et
1516 664 1583 720 de
1627 663 1731 719 hac

1831 572 1922 626 ubi
1950 579 2033 627 est
2058 570 2215 641 plena
2244 569 2378 625 visio
2402 570 2569 640 pacis.
3390 622 3397 631 ί

1897 661 1967 717 Ει
1989 663 2116 732 quia
2147 660 2243 715 tibi
2274 660 2531 716 reddetur
2553 669 2760 725 votum,
2784 677 2917 732 ergo
2942 677 2973 717 o
3000 663 3141 718 Deus
3169 683 3187 714 ι
3217 660 3413 721 exaudi

150 760 561 819 conturbatione
594 778 612 809 ι
642 758 914 815 laetabitur
946 778 965 810 ι
999 757 1180 813 omnis
1213 776 1231 807 ι
1257 755 1437 825 justus
1468 775 1488 809 ι
1521 770 1629 810 non
1674 754 1728 810 in
1829 753 2133 811 orationem
2178 767 2355 807 meam
2386 771 2404 804 ι
2460 761 2520 806 ιιι
2558 753 2761 823 possim
2804 754 2872 809 ad
2913 764 2965 809 te
3002 756 3325 825 pervenire:
3360 765 3416 811 et

149 868 228 919 se,
261 851 354 907 sed
386 869 405 901 ι
439 850 492 904 in
523 850 774 914 Domina,
809 858 864 904 et
888 848 1129 919 sperabit
1155 848 1208 901 in
1236 862 1301 902 eo
1330 867 1347 899 ι
1384 846 1548 901 vitam
1575 854 1730 901 teter-

151 956 312 997 nam:
346 959 364 991 ι
394 952 448 996 ει
474 939 855 1005 laudabuntur,
890 959 906 992 ι
945 940 998 994 id
1021 947 1141 1007 est,
1177 937 1474 994 laudabiles
1501 952 1743 1019 appareg

150 1035 285 1089 bunt
311 1051 332 1084 ι
359 1047 547 1088 omnes
574 1032 709 1087 recti
735 1031 918 1088 corde.
950 1050 966 1084 ι

611 1160 679 1216 IN
717 1160 1047 1217 PSALMUM
1085 1159 1266 1215 LXIV.

150 1255 408 1309 τιτυιυε.
461 1250 527 1305 In
552 1251 715 1322 [inerit
738 1251 973 1322 psalmus
1004 1251 1210 1322 David._
1244 1249 1521 1305 Canticum
1554 1251 1733 1322 Λειῃωὶ

215 1335 265 1379 et
295 1322 563 1391 Jeremire,
594 1332 641 1375 et
664 1320 983 1385 Ezechielis,
1016 1322 1080 1375 de
1109 1320 1256 1376 verba
1280 1320 1729 1391 peregrinationis,

217 1403 268 1533 iit
294 1393 360 1475 de
376 1390 573 1473 popula
600 1392 1076 1462 transmigrationis
1096 1431 1110 1456 ,
1148 1408 1267 1445 cum
1302 1390 1587 1463 inciperent
1611 1407 1736 1463 pro-

263 1479 409 1518 ωσι.

226 1592 247 1626 ι
278 1573 356 1629 Te
384 1572 560 1628 decet.
596 1591 613 1625 ι
655 1570 920 1628 Jcremias
946 1574 1289 1644 prophetavit
1329 1573 1550 1642 ludatis,
1590 1576 1736 1646 quod

151 1673 372 1737 propter
391 1673 676 1736 peccatum
696 1665 1123 1735 captivarentur,
1139 1676 1193 1723 et
1217 1667 1435 1723 tandem
1460 1669 1513 1724 in
1538 1677 1735 1724 terram

1831 858 2052 900 necesse
2077 850 2160 900 est
2185 853 2244 898 ut
2270 843 2549 910 exaudias,
2589 845 2715 916 quia
2749 860 2858 900 non
2887 846 3016 901 sola:
3043 848 3270 915 animae,
3318 851 3415 905 sed

1837 957 1855 989 ι
1885 938 2063 993 omnis
2089 951 2219 992 cara
2244 935 2314 991 ad
2342 945 2394 990 te
2424 937 2606 992 veniet
2631 957 2650 989 ι
2680 936 2734 992 in
2761 937 2983 1008 judicio.
3028 939 3129 996 Hic
3152 940 3429 1012 propheta.

1832 1040 2020 1100 aperte
2046 1030 2501 1087 resurrectionem
2530 1032 2838 1088 annuntiat.

1902 1121 1968 1177 Et
1984 1136 2205 1179 necesse
2221 1130 2304 1177 est
2320 1132 2378 1177 ut
2391 1122 2673 1191 exaudias,
2688 1128 2813 1194 quia
2834 1145 2853 1178 ι
2873 1130 3037 1185 verba
3052 1129 3414 1199 iniquorum.)

1833 1213 1886 1289 id
1938 1224 2059 1278 est,
2104 1213 2303 1270 diaboli
2353 1223 2408 1269 et
2460 1215 2624 1281 Erae,
2676 1218 2766 1287 qui
2821 1231 3206 1287 persuaserunt
3254 1222 3421 1292 Adae,

1839 1286 2287 1375 ciprzevaluerunt
2325 1320 2491 1376 super
2521 1322 2618 1363 nos
2648 1327 2666 1357 ι
2694 1286 2845 1378 quia
2893 1325 2993 1365 nos
3037 1311 3090 1365 in
3134 1322 3427 1383 peccatum

1835 1394 2213 1451 demerserunt
2241 1416 2260 1447 ι
2291 1405 2347 1451 et
2375 1416 2393 1450 ι
2437 1406 2619 1452 tamen
2652 1417 2671 1449 ι
2705 1407 2760 1452 ιιι
2790 1419 2807 1450 ι
2841 1400 3069 1456 Domine
3106 1420 3124 1453 ι
3152 1403 3420 1473 propitia-

1834 1486 1983 1543 beris
2008 1485 2379 1556 impietatibus
2402 1488 2605 1544 nostris
2635 1509 2652 1540 ι
2685 1488 3043 1544 condonanda
3067 1506 3181 1559 eas.

1914 1618 1933 1650 ι
1962 1596 2158 1653 Beatus
2183 1614 2343 1669 quem
2370 1599 2602 1671 elcgisti.
2633 1620 2651 1653 ι
2686 1600 2817 1657 Dico
2848 1610 2906 1657 ιιι
2933 1604 3337 1674 propitiaheris,
3366 1616 3423 1662 et

1836 1689 1928 1746 ille
1955 1709 1973 1741 ι
2003 1690 2196 1746 beatus
2227 1710 2246 1742 ι
2290 1691 2397 1746 erit
2437 1710 2456 1743 ι
2486 1707 2647 1762 quem
2692 1704 2749 1747 tu
2793 1693 3002 1764 elegisti
3037 1715 3084 1760 ι,
3131 1695 3187 1751 id
3227 1704 3359 1762 est,
3394 1714 3424 1753 ι

153 1757 294 1813 unde
321 1756 555 1820 exirent,
591 1766 1017 1813 reverterentur.
1057 1758 1289 1830 Aggzeus
1318 1774 1448 1816 vero
1478 1776 1585 1816 non
1613 1776 1737 1832 pro-

1855 1795 2022 1837 massa
2051 1789 2395 1851 peccatorum
2422 1784 2709 1853 separasti,
2738 1786 3104 1843 convertenda
3131 1786 3197 1843 ad
3226 1788 3422 1845 fidem:

152 1847 391 1917 plietavit
433 1846 837 1916 captivitatem,
887 1847 981 1905 sed
1025 1850 1291 1906 successit
1324 1830 1737 1921 Jeremiaeiqui

1855 1889 1869 1921 ι
1901 1879 1957 1926 ει
1982 1830 2318 1942 assrumpsiSti
2348 1892 2368 1923 ι
2408 1830 2853 1942 εάιάἰειιὶιειιειιι,
2886 1875 3010 1931 ideo
3038 1876 3231 1933 beatus
3251 1918 3266 1943 ,
3300 1882 3424 1948 quia

150 1949 397 1995 mortuus
424 1938 561 2006 fuit,
612 1941 737 1997 dum
785 1951 970 1997 essent
999 1940 1170 1999 Judaei
1207 1943 1263 1998 in
1299 1943 1637 2013 captivitate,
1684 1952 1740 2000 et

150 2035 272 2104 ipse
299 2036 520 2107 Agamus
545 2036 890 2106 prophetarit
916 2036 1148 2091 reditum
1166 2077 1182 2102 ,
1223 2046 1278 2092 et
1310 2034 1412 2091 fuit
1441 2037 1493 2091 in
1528 2036 1699 2093 reditu
1721 2077 1736 2103 ,

147 2124 245 2194 qui
279 2134 490 2180 mortuo
517 2124 1017 2182 Nabuchodonosor
1043 2128 1308 2183 successit
1334 2127 1473 2182 alius
1502 2143 1617 2193 rex,
1644 2129 1736 2198 qui

150 2214 350 2270 timens
367 2214 529 2270 Deum
556 2216 757 2271 dimisit
784 2217 1061 2288 populum.
1088 2217 1192 2273 Per
1207 2219 1348 2274 hanc
1369 2220 1737 2288 captivitatem

150 2304 534 2362 intellexerunt
575 2307 677 2377 ipsi
715 2309 1082 2378 captivitatem
1125 2310 1344 2365 humani
1388 2310 1631 2380 generis,
1682 2311 1736 2365 in

147 2413 255 2468 qua
289 2407 540 2454 tenentur
568 2400 621 2454 in
653 2399 946 2472 Babylone,
976 2402 1025 2455 id
1054 2409 1156 2467 est,
1186 2402 1240 2455 in
1268 2402 1591 2457 confusione
1613 2415 1739 2473 pec-

146 2498 417 2545 catorum.
468 2490 573 2547 Per
615 2492 849 2547 reditum
875 2508 1005 2549 vero
1034 2492 1249 2548 illorum
1275 2533 1290 2559 ,
1348 2492 1739 2549 intellexerunt

148 2580 384 2636 reditum
409 2588 652 2636 nostrum
681 2582 735 2637 in
768 2590 971 2638 terram
1001 2583 1401 2654 promissionis,
1436 2583 1490 2639 id
1520 2593 1603 2639 est
1622 2624 1639 2650 ,
1683 2584 1736 2638 in

147 2684 442 2741 supernam
463 2669 773 2728 Jerusalem.
812 2670 1025 2729 Titulus
1044 2675 1124 2729 sic
1144 2675 1462 2745 exponitur:
1493 2674 1738 2731 Psalmus

146 2761 255 2816 iste
307 2762 561 2817 convenit
603 2764 882 2834 praplietze
931 2774 986 2821 et
1051 2765 1172 2821 aliis
1214 2767 1597 2834 redeuntibus;
1645 2770 1734 2840 qui

147 2850 391 2919 psalmus
430 2861 515 2907 est
553 2853 825 2909 canticum
853 2853 1107 2911 Ieremite
1135 2864 1191 2913 et
1213 2856 1430 2928 Aggzei,
1473 2860 1600 2929 quia
1640 2876 1738 2917 ex-

146 2941 304 3011 ponit
330 2943 485 2999 nobis
524 2943 685 3008 illud,
713 2946 853 3002 unde
877 2948 1114 3003 maxime
1140 2950 1545 3006 exsultaverunt
1572 2950 1724 3009 Jere-

149 3034 293 3089 mias
320 3042 373 3090 et
399 3033 660 3117 Aggteus,
703 3037 817 3092 sive
844 3038 1169 3106 Zacharias,
1211 3050 1266 3096 et
1305 3042 1486 3097 czeteri
1515 3044 1605 3113 qui
1636 3044 1739 3101 hoc

147 3125 563 3195 intellexerunt,
604 3130 836 3195 scilicet,
879 3133 1111 3189 reditum
1144 3135 1366 3190 humani
1414 3138 1627 3208 generis
1670 3140 1737 3193 ad

146 3227 444 3286 supernam
475 3218 827 3287 Hierusalem,
852 3238 882 3277 a
917 3239 1023 3293 qua
1060 3225 1415 3281 exulaverant
1456 3243 1555 3297 per
1581 3229 1737 3297 primi

147 3306 394 3374 parentis
421 3307 840 3365 inabedientiam
860 3353 873 3376 ,
911 3314 1184 3369 canticum
1215 3316 1281 3371 de
1311 3318 1500 3381 verba,
1546 3319 1596 3373 id
1625 3329 1739 3385 εει,

146 3395 218 3450 de
239 3396 599 3453 exsultatione
620 3402 1098 3469 peregrinationis.
1112 3404 1162 3458 id
1180 3413 1280 3467 εει,
1301 3407 1740 3478 peregrinorum;

148 3487 325 3540 verba
352 3488 734 3543 exsultationis
759 3490 900 3552 dico,
934 3500 1064 3547 tunc
1106 3493 1315 3558 habito,
1338 3509 1461 3549 cum
1489 3496 1563 3551 illi
1608 3498 1743 3553 inci—

145 3586 350 3645 perent
383 3577 684 3646 proficisci,
727 3579 781 3634 id
824 3588 908 3634 est
954 3584 1182 3647 reverti,
1212 3584 1432 3640 Christo
1458 3586 1632 3653 duce,
1677 3591 1743 3644 ad

144 3681 448 3735 supernam
477 3668 831 3727 Hierusalem.
859 3673 954 3728 Vel
984 3673 1051 3729 de
1078 3675 1424 3746 verbo,quod
1456 3678 1557 3733 fuit
1581 3695 1745 3736 causa

145 3758 643 3830 peregrinationis,
683 3778 791 3833 quo
818 3763 1066 3820 diabolus
1093 3773 1147 3821 et
1174 3766 1283 3820 Eva
1308 3767 1438 3823 Adae
1463 3784 1748 3838 persuase-

146 3856 322 3903 runt:
366 3852 664 3907 secundum
707 3854 810 3909 hoc
851 3854 1097 3910 habitum
1144 3871 1266 3911 cum
1314 3857 1389 3912 illi
1439 3859 1747 3930 inciperent

142 3939 454 4012 proficisci,
482 3942 535 3996 id
560 3950 673 4009 est,
718 3945 918 4000 reverti
952 3946 1022 3999 ad
1052 3961 1342 4017 supernam
1382 3946 1740 4004 Hierusalem.

146 4029 250 4086 Ve!
279 4032 345 4087 de
367 4034 566 4104 populo
596 4037 1107 4107 transmigrationis,
1140 4037 1194 4093 id
1230 4046 1330 4098 est.
1365 4039 1457 4109 qui
1488 4041 1743 4096 transmi-

146 4129 405 4190 graverat
452 4136 481 4175 a
523 4122 892 4193 perfectione,
944 4126 998 4180 in
1052 4142 1158 4197 qua
1205 4138 1423 4184 creatus
1467 4138 1624 4196 erat,
1672 4132 1742 4187 ad

146 4209 543 4283 Babyloniam,
594 4215 647 4271 id
693 4226 811 4282 est,
861 4222 929 4274 ad
976 4220 1348 4277 confusionem
1393 4232 1739 4292 peccatorum

144 4305 424 4361 canticum
467 4307 588 4363 dico
631 4316 760 4364 tunc
800 4311 1047 4366 habitum
1089 4312 1157 4369 de
1196 4314 1416 4384 populo,
1461 4330 1583 4370 cum
1628 4316 1743 4386 ipse

144 4397 380 4467 populus
425 4398 689 4470 inciperet
729 4402 1020 4472 proﬁcisci,
1075 4405 1130 4461 id
1180 4414 1297 4472 est,
1345 4408 1413 4462 ad
1461 4410 1740 4480 antiquam

104 4548 109 4552 δ
147 4484 473 4556 dignitatem
518 4490 736 4545 reverti.
795 4489 1021 4547 Materia
1062 4502 1190 4549 sunt
1233 4495 1335 4564 ipsi
1378 4506 1737 4565 revertentes,
1768 4527 1818 4586 Β

146 4578 239 4647 qui
269 4578 359 4633 hic
385 4579 902 4649 laquuntur.Madus
932 4602 945 4637 :
973 4583 1030 4638 In
1052 4585 1224 4655 prima
1247 4594 1400 4656 parte
1429 4587 1529 4656 ipsi
1559 4604 1739 4645 rever-

147 4677 329 4723 tentes
354 4683 478 4724 cum
504 4686 601 4726 sua
632 4673 783 4742 prius
804 4674 1168 4732 exsultatione
1190 4676 1497 4733 liberatoris
1524 4679 1738 4738 laudem

146 4760 489 4816 describunt.
539 4762 594 4817 In
630 4766 872 4820 secunda
901 4774 1056 4837 parte
1084 4768 1383 4837 potentiam
1415 4770 1736 4837 reductoris.

146 4865 270 4919 quae
316 4849 547 4920 incipit:
592 4868 716 4923 spes
758 4855 1000 4910 omnium
1044 4856 1233 4912 ﬁnium
1276 4866 1451 4915 term-'9.
1503 4859 1737 4917 Intentio

144 4949 228 4994 est
259 4955 363 4995 nos
391 4943 699 5008 admonere.
733 4962 801 5002 ne
834 4946 1180 5019 desperemus
1209 4950 1276 5006 de
1304 4950 1511 5018 salute,
1545 4962 1733 5009 contra

146 5030 476 5085 sententiam
504 5034 967 5106 philosophorum,
997 5040 1194 5108 quibus
1215 5050 1422 5097 eertum
1450 5052 1587 5109 erat,
1612 5054 1734 5115 post

148 5128 389 5175 mortem
434 5131 698 5179 aiternum
743 5126 944 5183 habere
982 5128 1306 5199 supplicium
1337 5133 1478 5202 apud
1509 5133 1732 5191 inferos.

149 5208 214 5263 Et
248 5210 354 5279 ipsi
387 5221 743 5283 revertentes,
770 5232 838 5272 ex
871 5234 968 5273 sua
1012 5221 1325 5277 reversione
1361 5223 1736 5292 exsultantes,

147 5300 339 5356 dicunt
365 5319 379 5355 :

223 5410 241 5441 ι
277 5388 325 5446 0
353 5392 496 5450 Deus
525 5416 545 5448 ›
580 5398 671 5468 qui
704 5408 888 5454 noster
920 5403 1230 5474 redemptor
1255 5422 1344 5471 es,
1395 5426 1413 5459 ι
1447 5417 1497 5464 ιε
1531 5410 1684 5466 decet
1714 5432 1732 5464 ι

151 5494 259 5535 non
294 5480 519 5553 lapides,
551 5502 657 5542 non
682 5487 843 5555 idola,
874 5508 891 5540 ι
922 5491 1157 5561 hymnus
1183 5515 1203 5549 ι
1230 5512 1336 5551 non
1364 5498 1417 5552 in
1444 5497 1736 5572 Babylone,

150 5573 203 5628 ιιι
228 5582 318 5633 εει
356 5576 410 5631 in
448 5580 765 5637 confusione
792 5593 1165 5654 peccatorum,
1211 5589 1337 5658 quia
1366 5607 1472 5648 non
1501 5602 1585 5648 est
1612 5609 1737 5664 spe—

152 5669 297 5723 ciosa
320 5669 439 5727 laus
462 5672 515 5727 in
538 5690 632 5729 ore
658 5677 1144 5747 peccatoris(Eccl.
1168 5683 1279 5752 xv),
1305 5685 1395 5740 sed
1418 5704 1436 5735 ι
1460 5686 1511 5740 in
1539 5686 1667 5744 Sion
1691 5710 1734 5752 ι,

156 5760 169 5813 i
194 5761 204 5811 l
232 5770 340 5829 est,
361 5763 415 5819 in
433 5764 692 5835 Ecclesia,
719 5785 838 5840 qute
865 5779 915 5825 te
940 5772 1250 5840 speculatur
1274 5794 1285 5829 :
1312 5794 1330 5825 ι
1352 5784 1406 5831 ει
1431 5778 1526 5834 tibi
1551 5779 1737 5835 redde-

1846 1960 2221 2021 c_inbabitabit
2250 1962 2303 2016 in
2333 1962 2488 2017 atriis
2515 1963 2641 2028 tuis,
2674 1983 2691 2015 ι
2723 1964 2776 2018 id
2805 1973 2888 2020 est
2914 1965 2968 2019 in
2995 1966 3201 2023 caelesti
3236 1965 3429 2023 Hieru-

1840 2051 2029 2117 salem,
2058 2066 2221 2121 quam
2245 2053 2377 2109 dicit
2403 2053 2564 2119 atria,
2592 2062 2816 2126 propter
2838 2056 3271 2127 amplitudinem.

1910 2142 2033 2216 Ideo
2061 2177 2278 2233 quoque
2318 2164 2509 2219 beatus
2543 2183 2562 2215 ι
2589 2165 2715 2234 quia
2761 2166 3058 2237 replebitur
3087 2168 3141 2223 in
3187 2169 3344 2225 bonis
3379 2190 3423 2234 ι,

1840 2252 1895 2308 id
1919 2260 2018 2315 est,
2044 2253 2420 2322 spiritualibus
2445 2255 2600 2310 bonis
2624 2274 2644 2305 ‹
2666 2256 2861 2311 damus
2881 2266 2988 2313 tua:
3013 2278 3058 2323 ι,
3089 2260 3139 2313 id
3159 2269 3261 2323 est,
3290 2274 3423 2329 pne.

1841 2346 2008 2401 sentis
2036 2346 2309 2412 Ecclesitc,
2325 2347 2419 2402 sed
2449 2347 2574 2416 quia
2601 2347 2862 2417 propheta
2896 2349 3145 2405 universa
3176 2351 3427 2424 intelligit

1841 2441 1907 2495 de
1956 2440 2086 2506 illis,
2136 2440 2258 2496 ideo
2304 2440 2477 2496 dicit:
2529 2460 2547 2493 ι
2576 2442 2908 2512 replebimur
2945 2443 3000 2500 in
3042 2446 3199 2503 bonis
3232 2467 3248 2498 ι
3302 2450 3426 2519 quia

1846 2528 2142 2599 «templum
2167 2537 2319 2583 tuum
2356 2550 2374 2581 ι
2411 2530 2617 2586 scilicet
2639 2532 2832 2589 domus
2857 2534 2945 2589 illa
2972 2553 2990 2586 ι
3014 2545 3259 2592 sanctum
3280 2549 3383 2605 est,
3406 2557 3423 2590 ι

1841 2619 1894 2674 id
1922 2628 2037 2684 est,
2071 2619 2292 2674 multam
2322 2620 2487 2676 habet
2517 2623 2897 2687 sanctitatem,
2926 2632 2980 2680 et
3008 2625 3140 2683 illud
3170 2627 3429 2698 templum

1840 2722 1926 2763 est
1978 2726 1998 2759 ι
2032 2708 2285 2766 mirabile
2333 2710 2389 2765 in
2438 2711 2695 2782 wquitate
2735 2732 2753 2765 ι
2799 2715 2922 2784 quia
2952 2713 3105 2772 'nulli
3149 2716 3280 2774 facit
3323 2718 3430 2775 nisi

1841 2817 2016 2872 aequa.

1910 2892 2115 2960 Quibus
2151 2894 2308 2950 bonis
2331 2937 2344 2961 ,
2365 2905 2423 2950 ut
2458 2898 2727 2966 possimus
2772 2900 2991 2970 repleri,
3031 2919 3049 2953 ι
3082 2904 3278 2959 exaudi
3306 2920 3425 2967 nos,

1840 2984 1984 3041 Deus
2026 2985 2279 3042 salutaris
2334 2994 2538 3043 noster.
2596 3010 2614 3042 ι
2676 2989 2775 3046 llic
2844 2991 3033 3061 incipit
3077 2992 3144 3048 de
3191 2997 3430 3051 secunda

1840 3086 2013 3148 parte.
2042 3079 2107 3133 Et
2136 3080 2269 3135 bene
2305 3089 2459 3151 potes
2482 3082 2763 3148 exaudire,
2802 3090 2855 3137 ιιι
2887 3083 2979 3153 qui
3002 3099 3063 3140 es
3095 3102 3115 3135 ι
3144 3099 3269 3155 spes
3306 3102 3429 3143 0m-

1766 3177 1811 3241 C
1843 3170 1990 3225 nium
2023 3170 2208 3226 finium
2252 3181 2411 3227 terra:
2443 3194 2487 3239 ι,
2532 3174 2585 3229 id
2625 3183 2709 3230 est
2735 3216 2748 3239 ,
2792 3176 3070 3232 hominum
3124 3178 3427 3248 positorum

1847 3262 1899 3316 in
1931 3261 2097 3317 solida
2131 3273 2274 3318 terra
2313 3284 2331 3316 ι
2361 3274 2415 3321 ει
2441 3266 2494 3321 in
2526 3267 2663 3322 mari
2692 3267 2872 3341 ionge,
2910 3288 2928 3320 ι
2981 3270 3035 3325 id
3061 3280 3146 3327 est
3174 3272 3226 3327 in
3256 3284 3432 3329 remos

1846 3352 2069 3408 tissintis
2097 3355 2306 3411 insulis.

1916 3444 1984 3498 Et
2004 3461 2100 3514 per
2120 3447 2220 3502 hoc
2242 3463 2302 3502 es
2322 3463 2445 3517 spes
2467 3464 2676 3515 earum,
2702 3450 2826 3520 quia
2854 3460 2907 3506 tu
2930 3466 2989 3508 es
3017 3470 3036 3503 ‹
3063 3468 3377 3524 praeparans
3406 3472 3426 3505 ι

1846 3531 2088 3588 doctrina
2118 3544 2172 3590 et
2199 3537 2552 3608 inspiratione
2584 3559 2600 3591 ι
2634 3550 2864 3608 montes,
2916 3561 2934 3593 ι
2966 3542 3126 3599 idest
3161 3543 3434 3615 apostolos

1851 3642 1872 3675 ι
1899 3625 1953 3678 in
1983 3625 2181 3681 virtute
2211 3637 2326 3692 tua,
2358 3648 2376 3681 ι
2422 3630 2474 3684 id
2504 3639 2606 3697 est,
2640 3632 2693 3686 in
2730 3628 3031 3689 constantia
3064 3635 3169 3690 illis
3200 3636 3345 3703 data,
3378 3645 3435 3692 et

1846 3714 1984 3770 bene
2004 3724 2159 3784 potes
2180 3733 2505 3788 praeparare,
2523 3721 2649 3789 quia
2672 3730 2725 3776 tu
2749 3739 2810 3778 es
2827 3743 2844 3774 ι
2866 3727 3140 3781 accinctus
3159 3729 3427 3797 potentia:

1846 3804 2167 3871 divinitatis,
2194 3822 2314 3877 qua:
2340 3824 2448 3864 non
2478 3819 2562 3865 est
2586 3810 2746 3883 longe
2775 3829 2805 3867 a
2834 3822 2909 3879 ιε,
2933 3815 3028 3870 εει]
3055 3815 3150 3870 tibi
3174 3816 3433 3883 adhznret,

1851 3913 1870 3946 ι
1902 3896 1994 3967 qui
2025 3916 2042 3949 δ
2079 3912 2180 3967 per
2199 3898 2318 3954 illos
2344 3909 2558 3957 montes
2585 3904 2928 3960 c'conturhas
2958 3903 3285 3975 profundum
3321 3922 3438 3962 ma.

1844 3987 1939 4052 ris,
1972 4008 1990 4040 ι
2026 3987 2078 4042 id
2125 3998 2239 4054 est,
2290 3990 2383 4061 qui
2441 4000 2567 4047 sunt
2605 3993 2659 4048 in
2691 3992 2958 4063 profunda
2988 3995 3430 4054 immutabilitate

1842 4076 2003 4147 hujus
2024 4080 2228 4145 mundi,
2252 4089 2307 4136 et
2330 4085 2625 4139 conturbas
2642 4102 2662 4135 ι
2682 4099 2874 4140 sonum
2895 4105 2941 4153 ι,
2969 4087 3022 4142 id
3048 4095 3149 4152 est,
3175 4098 3433 4146 sonantes

1842 4169 2271 4228 contradictione
2299 4191 2318 4223 ι
2347 4171 2611 4231 ﬂuctuum
2634 4174 2752 4244 ejus
2803 4195 2822 4230 ι
2857 4180 3045 4246 maris,
3094 4178 3146 4236 id
3189 4189 3274 4238 est
3326 4180 3427 4239 tiu-

1842 4266 2091 4315 ctuantes
2115 4264 2514 4331 persecutione.

1916 4374 2045 4430 Dico
2072 4377 2331 4433 conturba
2352 4378 2731 4449 sprofundum,
2755 4380 2971 4437 scilicet
2992 4400 3010 4434 ι
3032 4393 3220 4455 gentes
3243 4385 3429 4443 turha~

1841 4464 2043 4519 buntur
2070 4486 2089 4518 ι
2138 4467 2205 4522 ad
2264 4471 2643 4539 pmnitentiam
2700 4491 2720 4525 ι
2759 4482 2815 4531 ει
2847 4476 3115 4533 timebunt
3146 4499 3165 4533 ι
3211 4496 3429 4551 poenam

1843 4570 1942 4626 pro
1976 4559 2215 4628 peccatis
2247 4578 2265 4609 ι
2301 4561 2390 4631 qui
2429 4562 2679 4619 habitant
2716 4567 2977 4624 terminos
3004 4590 3022 4622 ι
3060 4576 3219 4627 terra:
3245 4581 3301 4627 et
3329 4573 3436 4631 hac

1853 4667 1871 4698 ι
1900 4665 1929 4701 a
1955 4649 2123 4721 signis
2148 4649 2273 4715 tuis,
2306 4672 2324 4704 ι
2356 4652 2532 4719 idest,
2560 4670 2656 4725 per
2678 4656 2938 4712 miracula
2962 4668 3051 4714 tua
3073 4668 3127 4714 et
3154 4679 3174 4711 ι
3201 4661 3434 4718 delecta-

1845 4738 1949 4804 his,
1982 4759 2001 4791 ι
2037 4740 2089 4795 id
2138 4750 2243 4806 est,
2278 4742 2624 4799 delectabiles
2654 4745 2748 4800 tibi
2776 4746 2943 4804 facies
2972 4768 2990 4799 ι
3019 4751 3201 4807 exitus
3255 4763 3437 4808 matus

1844 4829 1943 4884 tini
1996 4838 2052 4885 et
2089 4847 2349 4901 vesperae,
2410 4853 2428 4885 ι
2471 4834 2523 4889 id
2554 4844 2638 4890 est
2676 4846 2936 4894 exeuntes
2968 4840 3035 4896 de
3082 4841 3432 4911 adversitate,

1842 4918 2051 4975 scilicet
2078 4936 2183 4976 non
2210 4933 2465 4979 curantes
2491 4924 2572 4980 vel
2603 4941 2862 4998 prospera
2889 4929 2974 4984 vel
3002 4930 3250 4988 adversa.

1912 5031 2040 5087 Item
2071 5049 2168 5103 per
2195 5034 2299 5090 hoe
2328 5036 2695 5094 turbabuntur
2731 5050 2943 5113 gentes,
2989 5044 3115 5112 quia
3148 5061 3167 5093 ι
3196 5043 3431 5100 visitasti

1846 5131 2043 5178 terram
2086 5144 2104 5175 ι
2158 5126 2239 5181 sic
2283 5146 2300 5178 ι
2340 5136 2397 5183 ει
2439 5129 2715 5187 inebriasti
2756 5148 2876 5189 eam
2905 5153 2924 5186 ι
2968 5133 3178 5205 Spiritu
3213 5145 3424 5201 sancto,

1852 5233 1870 5264 ι
1901 5215 2268 5286 multiplicasti
2296 5218 2630 5291 locupletare
2656 5239 2801 5290 eam,
2830 5244 2851 5276 ι
2884 5224 3113 5293 scilicet,
3132 5225 3428 5297 locupleta-

1848 5306 2046 5363 tionem
2076 5308 2217 5365 illius
2245 5311 2429 5369 multis
2458 5316 2730 5385 ampliasti
2758 5316 2954 5372 modis.

1911 5420 1979 5475 Et
2008 5422 2145 5477 bene
2174 5424 2395 5492 potuisti
2422 5427 2713 5492 inebriare,
2742 5427 2871 5497 quia
2901 5447 2920 5480 ι
2950 5427 3149 5485 ﬂumen
3175 5428 3273 5485 Del
3303 5449 3345 5496 ι,
3373 5430 3428 5489 id

1841 5520 1943 5575 est,
1974 5512 2346 5571 misericordia
2378 5515 2497 5585 ejus
2527 5537 2546 5569 ι
2576 5528 2659 5573 εει
2686 5519 2950 5589 repletum
2983 5519 3158 5589 aquis,
3209 5537 3228 5571 ι
3263 5519 3320 5575 id
3342 5531 3430 5577 est

1843 5601 2017 5666 donis,
2036 5616 2156 5672 quae
2170 5603 2351 5661 lavant
2363 5607 2503 5662 sicut
2521 5623 2681 5679 aqua,
2697 5618 2754 5665 et
2770 5624 2876 5665 non
2892 5619 3105 5665 tantum
3121 5610 3424 5676 inebriasti.

1843 5694 1935 5749 sed
1964 5695 2127 5751 etiam
2165 5716 2184 5747 ι
2210 5700 2417 5768 parasti
2448 5700 2628 5757 cibum
2679 5702 2909 5767 illorum,
2947 5721 2965 5753 ι
3003 5703 3057 5758 id
3090 5713 3175 5761 est
3226 5720 3425 5776 corpus

1843 5792 2015 5840 tuum.
2060 5786 2202 5843 Bene
2232 5788 2353 5845 dico
2382 5798 2438 5847 tu
2466 5788 2700 5861 parasti,
2751 5811 2767 5843 ι
2802 5792 3057 5863 quoniam
3100 5797 3427 5868 praeparatio
