3940 6458
505 365 608 431 tor

968 349 1322 435 nuncius
1359 339 1834 436 HALBERSTAT.
1875 381 2282 469 salsoorr.
2322 383 2502 440 rans
2543 386 2585 442 l.
2625 417 2697 428 -
2731 388 3085 453 COMMENT.
3126 391 3294 452 BIBL.

3659 400 3768 455 ωε

512 509 529 544 ι
559 490 675 562 ejus
705 511 724 544 ι
758 492 864 546 cibi
894 511 913 542 ε
941 501 1025 546 est
1051 493 1148 557 ita,
1187 511 1204 541 ι
1240 493 1292 550 id
1319 500 1422 559 est,
1463 509 1562 568 per
1599 503 1650 549 te
1686 494 1858 550 solum
1900 502 2079 572 potest
2107 499 2155 557 Α
2184 494 2437 556 indicium
2460 512 2570 552 sua:
2591 502 3026 558 resurrectionis.
3061 502 3116 556 in
3143 504 3375 559 secunda
3401 517 3566 575 parte
3580 523 3766 567 monet

501 599 700 656 parari.
785 646 798 660 ι

571 673 640 728 Et
667 682 747 736 tu,
778 674 1022 740 Domine,
1056 693 1074 724 ‹
1102 674 1247 728 rivos
1269 674 1384 744 ejus
1414 694 1431 725 ι
1471 674 1725 739 ﬂuminis,
1761 676 1822 730 id
1841 684 1922 732 est
1952 691 2078 730 san-

500 775 618 820 ctos
661 765 964 834 apostolos,
1010 764 1101 834 qui
1139 765 1389 820 dicuntur
1418 766 1526 820 rivi
1559 765 1829 833 fluminis,
1881 767 2007 837 quia
2043 783 2073 824 a

496 854 867 908 misericordia
917 854 1009 908 Dei
1048 853 1252 921 ﬂuunt,
1289 862 1344 909 et
1380 855 1515 910 alios
1555 865 1773 924 portare
1810 866 2071 927 possunt,

494 943 615 998 illos
646 962 665 994 ι
694 943 918 1007 inebria,
951 961 971 994 ›
1008 943 1064 998 id
1093 951 1207 1009 est,
1254 946 1542 1004 abundare
1564 946 1733 1002 facias
1762 947 1916 1002 donis
1944 947 2069 1017 Spi-

492 1037 628 1091 ritus
653 1036 856 1100 sancti,
900 1053 917 1086 ‹
949 1036 1220 1108 genimina
1251 1037 1366 1107 ejus
1397 1057 1416 1088 ι
1449 1035 1716 1104 ﬂuminis,
1751 1039 1946 1106 idest,
1976 1039 2069 1110 qui

488 1138 614 1187 sunt
649 1132 895 1201 generati
922 1147 954 1185 a
985 1132 1361 1187 misericordia
1391 1132 1524 1198 Dei,
1570 1152 1590 1185 ι
1626 1133 1922 1208 multiplica
1953 1153 1970 1186 ι
2011 1114 2066 1188 in

485 1237 708 1280 numero
739 1234 793 1280 et
818 1225 1130 1291 virtutibus,
1165 1245 1183 1277 ι
1215 1225 1541 1296 germinans,
1575 1246 1596 1280 ι
1645 1225 1699 1282 id
1738 1235 1854 1290 est,
1894 1227 2063 1293 rudis,

484 1317 550 1372 de
575 1333 682 1388 quo
711 1317 816 1373 alia
849 1319 1132 1373 translatio
1162 1319 1316 1385 dicit,
1343 1321 1432 1389 qui
1460 1320 1654 1385 oritur,
1677 1320 1984 1375 «laetabitur
2009 1321 2072 1385 in

483 1409 775 1464 stillicidiis
819 1408 937 1478 ejus
987 1429 1006 1462 ›
1058 1407 1314 1472 numinis,
1350 1410 1613 1476 scilicet,
1663 1411 1826 1480 guttis
1857 1411 2065 1465 miseri:-

482 1498 682 1554 cordize
721 1499 814 1553 Dei
843 1539 859 1564 ,
913 1499 978 1553 de
1013 1499 1208 1568 quibus
1233 1499 1363 1553 dicit
1390 1497 1714 1568 Apostolus:
1749 1518 1768 1551 ‹
1799 1499 1908 1556 Lac
1939 1500 2066 1556 dedi

483 1589 636 1644 vobis
664 1595 871 1658 potum,
901 1603 1008 1644 non
1039 1604 1219 1643 escam
1247 1588 1299 1660 (I
1325 1588 1448 1642 Cor.
1476 1590 1583 1660 ut).
1611 1609 1633 1642 ι

558 1701 576 1732 ‹
602 1680 916 1737 Benedices.
951 1699 970 1733 ι
998 1681 1134 1749 Quid
1168 1697 1263 1751 per
1290 1683 1497 1753 singula
1525 1685 1779 1739 curram?
1812 1684 1890 1740 Tu
1915 1728 1928 1752 ,
1958 1685 2062 1740 Do-

481 1769 650 1837 mine,
680 1790 697 1822 ι
728 1770 1035 1832 benedices.
1068 1791 1087 1824 ι
1127 1773 1179 1826 id
1208 1781 1322 1838 est,
1354 1772 1507 1828 dabis
1533 1773 1978 1841 benedictionem,
2006 1777 2060 1832 id

2179 600 2279 642 nos
2311 587 2606 660 intelligere
2641 605 2703 644 ea
2739 606 2859 660 quae
2887 592 3027 648 Deus
3056 593 3182 648 fecit
3211 598 3451 668 antiquis
3490 604 3762 669 patribus,

2178 676 2232 730 in
2264 692 2322 732 se
2350 680 2614 749 completa
2645 697 2795 747 esse,
2829 699 2948 753 qua:
2988 685 3176 754 incipit
3211 703 3226 741 :
3260 686 3449 744 Venite
3486 701 3544 746 et
3583 695 3764 750 videte

2173 780 2358 836 opera.
2417 768 2476 822 in
2521 770 2681 824 tertia
2727 780 2885 840 parte
2923 783 3106 828 monet
3151 790 3250 830 nos
3296 778 3578 845 patienter
3617 782 3764 839 ferre

2174 857 2579 924 tribolationes,
2618 875 2755 930 quas
2791 861 2934 916 Deus
2960 862 3123 917 infert
3169 866 3235 919 ad
3279 870 3665 938 purgationem
3708 882 3762 928 et

2169 945 2544 1015 probationem
2564 989 2581 1013 ,
2626 949 2754 1018 quia
2787 950 3001 1007 tandem
3031 967 3131 1008 nos
3158 953 3316 1008 ducet
3341 956 3485 1012 Deus
3513 959 3570 1012 in
3599 961 3762 1015 reﬂ-i-

2169 1038 2402 1109 gerium,
2429 1040 2760 1111 quaeincipit
2785 1059 2799 1094 :
2828 1061 2846 1092 α
2873 1040 3183 1098 Benedicite
3198 1055 3403 1115 gentes.
3433 1067 3452 1100 ι
3475 1049 3536 1102 in
3560 1061 3758 1120 quarta

2167 1137 2320 1199 parte
2346 1137 2533 1185 monet
2559 1145 2657 1186 nos
2683 1131 2932 1202 exemplo
2962 1146 3071 1186 suo
3088 1148 3208 1190 esse
3235 1149 3460 1192 securos
3487 1139 3558 1194 de
3589 1157 3760 1196 exau-

2165 1219 2400 1289 ditione,
2431 1235 2551 1290 quae
2588 1221 2815 1292 incipit:
2847 1222 3065 1289 Venite,
3085 1224 3285 1281 audite.
3300 1225 3550 1288 intendit.
3567 1243 3761 1300 gentes

2165 1309 2520 1380 Spiritualiter
2543 1326 2796 1367 amovere
2815 1327 2858 1367 as
2869 1314 3264 1383 desperatione,
3291 1327 3345 1372 et
3367 1327 3561 1375 certos
3576 1321 3757 1380 facere

2163 1397 2232 1452 de
2260 1399 2681 1454 resurrectione.

2231 1486 2544 1544 Praevidens
2579 1490 2844 1560 propheta
2876 1490 3079 1547 Christi
3117 1497 3614 1567 resurrectionem,
3660 1503 3751 1557 ad-

2159 1587 2344 1634 monet
2369 1587 2555 1650 gentes
2573 1581 2698 1634 inde
2710 1580 3231 1647 exsultare,dicens:
3258 1603 3276 1636 ‹
3300 1585 3492 1643 Omnis
3522 1598 3695 1656 terra,
3725 1613 3750 1645 ι

2159 1668 2213 1722 id
2241 1677 2361 1734 est,
2403 1677 2592 1738 gentes
2617 1671 2684 1725 de
2719 1685 3042 1742 quacunque
3069 1682 3212 1728 terra
3251 1692 3271 1725 ‹
3295 1675 3527 1745 jubilate
3560 1681 3693 1744 Deo,
3725 1702 3746 1735 ι

2160 1756 2212 1812 id
2239 1766 2354 1823 cst,
2395 1767 2599 1813 tantam
2640 1759 2882 1814 laetitiam
2919 1769 3100 1817 mente
3135 1763 3436 1834 concipite,
3476 1769 3548 1822 ad
3587 1787 3747 1840 quam

477 1867 562 1915 est
607 1860 996 1917 incrementum
1022 1861 1254 1931 justiti-ac.
1275 1863 1328 1916 in
1362 1863 1464 1918 hac
1487 1864 1597 1918 vita
1628 1885 1646 1916 ι
1675 1881 1909 1932 coronae,
1940 1887 1958 1918 ι
2001 1867 2039 1922 ἱ(

2157 1849 2561 1918 exprimendam
2583 1849 2730 1903 nulla
2751 1865 2858 1905 vox
2880 1851 3125 1916 sumciat,
3151 1861 3207 1907 et
3233 1872 3251 1904 ι
3278 1856 3556 1923 psalmum
3591 1860 3750 1915 dicite

475 1960 590 2018 est,
631 1952 819 2023 gloriae
843 1967 865 2006 ει
895 1947 1112 2007 coronae
1143 1954 1285 2016 dico,
1328 1954 1379 2008 id
1409 1963 1524 2020 est,
1564 1956 1697 2025 ipsis
1726 1957 2054 2025 hominibus,

473 2047 566 2116 qui
596 2056 721 2103 sunt
749 2062 948 2102 corona
973 2048 1225 2116 acquisiti
1256 2049 1308 2102 in
1333 2048 1528 2118 gloria,
1561 2069 1579 2099 ι
1601 2050 1736 2104 anni
1754 2049 2056 2121 benignita-

475 2141 544 2196 tis
592 2148 717 2204 tuaa,
751 2159 769 2192 ι
808 2139 861 2194 id
890 2147 1006 2204 est,
1057 2140 1340 2208 temporis,
1387 2140 1441 2194 in
1490 2154 1598 2210 quo
1624 2131 1872 2209 apparuit
1899 2140 2053 2195 beni-

471 2230 649 2300 gnitas
679 2239 766 2284 tua
789 2271 809 2294 ,_
846 2229 1085 2294 scilicet,
1130 2230 1182 2283 in
1215 2238 1457 2300 tempore
1493 2230 1697 2300 gratiae.
1747 2229 1880 2285 Cum
1923 2230 2054 2286 dicit

470 2333 725 2375 coronam
746 2361 760 2385 ,
805 2320 1075 2391 signiﬁcat
1110 2335 1204 2375 eos
1232 2335 1354 2375 esse
1384 2320 1642 2375 collectos
1671 2321 1737 2376 de
1765 2321 1913 2375 omni
1941 2321 2049 2374 cir-

469 2411 612 2465 cuitu
646 2420 804 2472 terra:
836 2428 854 2462 ‹
883 2421 937 2466 et
966 2411 1140 2484 campi
1173 2411 1273 2475 tui,
1303 2430 1322 2464 ι
1359 2411 1411 2464 id
1455 2419 1539 2466 est
1561 2410 1637 2465 illi
1660 2410 1786 2477 boni
1812 2410 2049 2480 viri,.qni

467 2501 768 2556 consistunt
817 2502 869 2555 in
920 2501 1256 2572 :equalitate,
1308 2520 1325 2551 (
1370 2499 1718 2571 replebantur
1747 2501 1990 2556 ubertate
2023 2521 2053 2556 ι,

465 2594 824 2663 spiritualium
853 2593 1138 2652 donorum.

537 2688 603 2741 Et
630 2707 646 2739 ‹
677 2688 922 2757 speciosa
954 2686 1152 2742 deserti
1183 2706 1234 2751 ι,
1273 2686 1325 2740 id
1355 2694 1458 2749 est,
1492 2684 1739 2756 gentiles,
1771 2686 1862 2756 qui
1897 2688 2047 2757 prius
2083 2703 2094 2711 ’

464 2787 620 2833 erant
646 2779 942 2842 desertum,
971 2778 1130 2834 modo
1159 2777 1287 2832 facti
1315 2787 1441 2832 sunt
1469 2777 1717 2846 speciosi,
1751 2796 1769 2827 ι
1793 2777 2044 2847 pingues-

462 2881 587 2927 cent
617 2891 634 2924 ›
686 2871 1016 2927 abundantia
1051 2870 1236 2940 gratia:
1265 2879 1358 2923 tet
1380 2869 1544 2924 colles
1567 2869 1682 2932 i,id
1701 2877 1803 2933 est,
1823 2869 2043 2924 altiores

463 2962 757 3025 viri,sicuti
780 2970 1068 3032 martyres,
1091 2980 1107 3011 ι
1135 2961 1486 3030 accingentur
1509 2959 1868 3015 exsultatione
1889 2980 1905 3012 ι
1924 2976 2041 3030 gra-

467 3055 554 3113 tire
579 3053 681 3108 sibi
709 3052 934 3111 collatae.

530 3146 598 3202 Et
626 3164 644 3194 ι
672 3144 870 3202 arietes
898 3143 1077 3199 ovium
1110 3163 1154 3208 ι,
1198 3143 1250 3198 id
1277 3151 1396 3208 est,
1427 3142 1758 3208 sacerdotes,
1787 3140 2036 3196 ductores

2155 1941 2360 1995 nomini
2388 1939 2505 2009 ejus
2533 1961 2552 1994 ι
2589 1941 2728 1996 bene
2756 1942 3052 2012 operando,
3097 1951 3154 1998 et
3197 1961 3308 2000 non
3353 1954 3579 2003 tantum
3609 1951 3741 2007 bene

2154 2030 2480 2100 operamini,
2520 2031 2614 2086 sed
2646 2031 2860 2085 «etiam
2889 2031 3012 2086 date
3038 2032 3283 2103 gloriam,
3316 2056 3338 2089 ι
3371 2036 3424 2090 id
3451 2049 3577 2104 est,
3629 2041 3747 2096 artis

2153 2121 2472 2175 annuntiate
2493 2135 2614 2175 eum
2631 2135 2752 2175 esse
2772 2120 3088 2192 gloriosum,
3103 2138 3210 2178 non
3232 2125 3447 2182 laudem
3471 2138 3746 2192 nostram,

2153 2211 2247 2266 sed
2278 2210 2488 2265 laudem
2519 2210 2710 2280 ipsius,
2752 2219 2808 2266 et
2843 2211 3058 2268 hocest
3080 2230 3098 2267 :
3127 2231 3147 2265 ι
3176 2213 3318 2270 laudi
3349 2217 3492 2287 ejus.
3528 2239 3548 2272 ι
3597 2220 3752 2277 Unde

2153 2300 2438 2371 Apostolus
2475 2316 2490 2356 :
2547 2321 2566 2352 ι
2617 2301 2720 2370 Qui
2764 2302 3050 2371 gloriatur,
3099 2305 3151 2361 in
3200 2305 3429 2366 Domino
3481 2310 3752 2383 glorietur

2150 2389 2235 2462 (II
2263 2390 2384 2445 Cor.
2408 2393 2515 2463 η..

2221 2485 2348 2540 Dico
2382 2485 2538 2552 date,
2581 2496 2636 2542 et
2664 2488 2765 2544 hoc
2793 2503 2898 2544 non
2933 2496 3141 2546 tantum
3171 2490 3352 2559 facite,
3384 2495 3484 2549 sed
3521 2513 3542 2546 ι
3576 2497 3748 2553 dicite

2148 2576 2257 2631 Deo
2286 2595 2304 2628 ›
2339 2583 2394 2632 et
2422 2577 2526 2632 hoc
2551 2578 2733 2634 dicere
2758 2587 2864 2645 est,
2895 2582 3082 2646 corde,
3113 2598 3244 2638 voce
3271 2591 3323 2638 et
3348 2599 3566 2653 opere:
3604 2589 3750 2642 istud

2145 2668 2352 2724 scilicet
2378 2669 2539 2725 dicite
2566 2671 2676 2725 Deo
2702 2685 2716 2724 :
2750 2671 2794 2725 0
2819 2690 2838 2722 ι
2868 2671 3113 2737 Domine,
3133 2688 3294 2742 quam
3322 2675 3597 2730 terribilia
3623 2687 3742 2731 sunt

2143 2774 2304 2830 opera
2335 2767 2426 2815 tua
2455 2781 2472 2813 ι
2508 2761 2649 2830 quod
2682 2777 2802 2816 cum
2837 2761 2979 2816 Deus
3017 2777 3200 2827 esses,
3247 2763 3421 2818 factus
3453 2780 3520 2819 es
3555 2766 3732 2830 homo,

2144 2864 2351 2918 passus,
2387 2858 2446 2904 et
2470 2859 2737 2915 mor-tuus,
2770 2859 2825 2904 et
2866 2852 3245 2916 resurrexisti,
3294 2862 3348 2907 et
3395 2855 3519 2910 haec
3557 2859 3736 2910 omnia

2145 2942 2402 2996 terribilia
2442 2951 2566 2996 sunt
2597 2942 2776 3012 impiis
2804 2961 2817 2995 :
2862 2950 2949 3008 et,
2993 2958 3158 3012 quam
3191 2945 3452 2998 terribilia
3477 2986 3493 3009 ,
3534 2947 3588 3001 id
3619 2958 3728 3011 est,

2141 3032 2296 3087 valde
2325 3032 2608 3098 terribilia,
2639 3033 2766 3102 quia
2790 3049 2949 3088 nemo
2979 3034 3121 3089 valet
3152 3036 3275 3091 inde
3299 3037 3525 3092 modum
3557 3042 3732 3093 conci—

2141 3139 2289 3194 pere,
2319 3133 2372 3178 et
2396 3125 2644 3194 quamvis
2675 3126 2786 3180 sint
2817 3128 2889 3180 ita
2924 3128 3178 3182 terribilia
3199 3169 3213 3193 ,
3255 3137 3435 3184 tamen
3473 3149 3494 3180 ι
3530 3132 3727 3187 inimici

459 3239 660 3300 ovium,
692 3237 778 3293 vel
803 3252 1016 3309 gregem
1055 3258 1081 3289 ‹.
1103 3246 1229 3296 sunt
1255 3237 1434 3292 induti.
1461 3255 1478 3286 ι
1510 3235 1889 3290 benedictione
1914 3234 2033 3299 Dei,
2063 3203 2106 3266 C
2141 3214 2239 3309 ξυίτ
2265 3234 2294 3267 ³»
2316 3215 2369 3268 id
2397 3225 2480 3270 est
2507 3214 2692 3309 Judaei,
2729 3236 2747 3268 ι
2775 3219 3142 3309 mentiemur,»
3175 3221 3422 3289 negando
3455 3233 3512 3276 te
3538 3222 3726 3276 Filium

459 3328 512 3381 id
538 3337 623 3382 est
658 3326 835 3381 ornati
875 3325 1055 3380 multis
1083 3325 1397 3388 virtutibus,
1434 3343 1450 3373 ι
1481 3331 1537 3376 et
1562 3322 1746 3387 valles,
1784 3342 1802 3374 ι
1837 3323 1890 3376 id
1917 3333 2036 3387 est,

459 3417 534 3476 illi
564 3417 852 3480 inferiores
879 3435 897 3467 ‹
928 3416 1204 3471 abundant
1238 3415 1530 3478 frumento,
1581 3433 1598 3464 ι
1651 3413 1703 3468 id
1744 3422 1829 3467 est
1883 3413 2038 3486 bonis

455 3506 727 3578 operibus,
763 3525 781 3558 ε
816 3506 1123 3566 clamabunt
1154 3524 1172 3556 ι
1207 3505 1369 3558 etiam
1401 3506 1467 3558 ad
1499 3503 1789 3558 Dominum
1825 3518 2037 3573 semper

454 3607 510 3654 et
534 3615 640 3654 non
663 3598 1054 3662 discordantes,
1078 3614 1096 3646 ι
1119 3595 1319 3650 etenim
1345 3594 1601 3664 hymnum
1630 3593 1809 3648 dicent
1830 3613 1848 3645 ι
1869 3607 1883 3645 :
1908 3593 2034 3662 quia

457 3704 645 3745 omnes
673 3689 809 3744 bene
834 3687 1111 3758 operando
1138 3685 1306 3744 Deum
1336 3683 1659 3755 gloriﬁcant.

928 3822 996 3876 ιΝ
1034 3818 1363 3875 PSALMUM
1402 3819 1563 3875 LXV.

489 3933 746 3989 TITULL'S.
786 3933 852 3984 In
883 3931 1041 4000 linem
1073 3931 1333 3984 canticum
1362 3930 1556 4002 psalmi,
1578 3928 1992 3984 resurrectionis.

529 4064 547 4094 ‹
577 4043 808 4100 Jubilate
851 4044 960 4101 Deo
987 4044 1166 4098 omnis
1193 4052 1356 4098 terra.
1394 4065 1411 4097 ι
1462 4044 1710 4100 Psalmus
1752 4045 1856 4101 iste
1897 4059 2029 4098 con-

450 4137 600 4191 venit
626 4137 794 4190 David
825 4137 1129 4210 prophetze,
1173 4137 1262 4210 qui
1300 4146 1354 4191 et
1385 4137 1471 4192 hic
1498 4136 1757 4205 loquitur,
1793 4135 2043 4208 dirigens.

451 4228 505 4281 in
540 4227 700 4280 ﬁnem
726 4266 741 4290 ,
791 4227 882 4296 qui
923 4227 1121 4280 dicitur
1159 4227 1439 4284 canticum.
1471 4225 1686 4299 psalmi.
1738 4225 2037 4298 Propterea.

451 4317 652 4372 dicitur
680 4316 938 4386 psalmus,
976 4318 1101 4386 quia
1130 4317 1383 4376 admonet
1424 4332 1523 4372 nos
1564 4316 1630 4370 ad
1669 4316 1865 4371 bonam
1895 4331 2025 4386 ope-

448 4408 748 4473 rationem,
781 4407 1016 4473 scilicet,
1053 4408 1326 4478 proposita
1357 4406 1757 4465 resurrectione
1788 4404 2024 4470 Christi,

2141 3305 2269 3368 Dei,
2301 3315 2433 3369 etc.,
2483 3315 2538 3360 et
2585 3307 2687 3361 hoc
2717 3325 2734 3357 ι
2773 3308 2866 3361 tibi
2899 3329 2917 3360 ›
2964 3309 3030 3362 ad
3070 3309 3328 3364 honorem
3362 3319 3518 3365 tuum
3543 3352 3557 3376 ,
3605 3314 3725 3381 quia

2139 3408 2344 3468 quanto
2374 3401 2545 3470 magis
2577 3401 2642 3455 de
2683 3401 2793 3454 Deo
2825 3401 3245 3463 mentiebantur,
3288 3410 3442 3457 tanto
3475 3404 3589 3473 ipse
3615 3405 3722 3472 glo-

2139 3491 2334 3544 riosior
2363 3491 2696 3560 apparebat,
2743 3491 2879 3560 quia
2911 3505 3007 3558 per
3043 3494 3369 3563 improperia
3413 3492 3721 3549 Iudaeorum

2137 3584 2306 3638 crevit
2351 3597 2545 3638 nomen
2589 3583 2827 3648 Christi,
2873 3594 2928 3639 et
2975 3585 3077 3640 hec
3117 3601 3223 3639 non
3266 3593 3476 3638 tantum
3508 3587 3724 3654 quando

2139 3674 2310 3726 virtus
2340 3672 2459 3743 ejus
2486 3689 2591 3727 non
2621 3675 2944 3742 apparebat,
2985 3673 3076 3727 sed
3111 3693 3128 3723 ι
3159 3675 3211 3728 in
3243 3674 3586 3730 multitudine
3614 3676 3724 3730 vir-

2135 3762 2266 3817 tutis
2296 3771 2430 3828 tute,
2478 3781 2497 3815 ›
2541 3763 2591 3818 id
2622 3773 2704 3818 est
2744 3765 2958 3834 quando
3004 3765 3174 3820 virtus
3215 3773 3306 3818 tua
3345 3766 3522 3835 potior
3545 3782 3725 3835 appa-

2136 3854 2306 3921 rebit,
2347 3856 2485 3910 sicut
2517 3856 2570 3909 in
2598 3858 2994 3911 resurrectione
3025 3866 3356 3924 negaverunt
3381 3872 3492 3910 eum
3523 3872 3718 3911 resur—

2134 3947 2362 4009 rexisse,
2383 3948 2624 4002 dicentes
2649 3963 2679 4001 a
2707 3946 2983 4018 discipulis
3009 3943 3279 4002 sdhiatum
3310 3963 3437 4013 esse,
3461 3957 3516 4001 et
3538 3947 3718 4002 etiam

2135 4055 2257 4095 eum
2288 4041 2528 4096 dicerent
2553 4059 2564 4094 :
2601 4058 2618 4091 ο
2647 4040 2705 4094 In
2737 4038 3033 4095 Beelzebub
3059 4041 3303 4112 principe
3326 4040 3724 4096 daemoniorum

2131 4132 2278 4202 ejieit
2304 4133 2566 4187 daemonia
2592 4131 2742 4204 (Luc.
2768 4133 2867 4204 ιι).
2901 4151 2918 4184 ι

2200 4233 2407 4288 inimici
2439 4233 2766 4288 mentientur
2796 4233 2861 4288 de
2893 4241 2963 4298 te,
2991 4233 3084 4287 sed
3116 4232 3233 4287 loco
3260 4247 3447 4288 eorum
3483 4251 3502 4281 ι
3535 4232 3722 4285 omnis

2134 4335 2300 4388 terra,
2333 4344 2350 4378 ι
2389 4324 2440 4378 id
2469 4332 2586 4387 est,
2615 4338 2801 4378 omnes
2831 4331 3048 4394 gentes,
3081 4342 3098 4373 ι
3128 4323 3315 4378 adoret
3343 4333 3395 4378 te
3434 4334 3488 4378 et
3521 4323 3724 4392 psallat

2129 4415 2243 4477 tibi,
2278 4434 2296 4467 ι
2346 4413 2398 4467 id
2427 4421 2540 4476 est,
2584 4413 2721 4467 bene
2751 4419 3010 4480 operetur
3037 4412 3103 4465 ad
3133 4412 3397 4466 honorem
3430 4419 3581 4465 tuum
3610 4431 3624 4463 :
3665 4421 3724 4466 et

2129 4503 2250 4558 aliis
2281 4521 2302 4552 ε-
2328 4500 2599 4571 psalmum
2623 4499 2785 4564 dicat,
2821 4519 2838 4552 ›
2880 4499 2932 4554 id
2963 4507 3080 4564 est,
3120 4499 3372 4568 praedicet
3401 4515 3558 4554 suam
3587 4515 3724 4568 ope-

2130 4592 2417 4656 rationem,
2445 4599 2505 4644 ut
2533 4589 2622 4645 sui
2641 4589 2887 4658 exemplo
2913 4588 3003 4642 alii
3031 4597 3344 4659 operentur,
3381 4597 3438 4642 et
3474 4589 3578 4643 hoc
3606 4605 3724 4643 non

2126 4683 2248 4747 sibi,
2279 4683 2374 4736 sed
2404 4699 2421 4730 ‹
2451 4679 2654 4735 nomini
2684 4687 2780 4733 tuo
2809 4698 2854 4744 ι,
2885 4679 2937 4732 id
2963 4687 3064 4741 est,
3095 4680 3160 4732 ad
3189 4679 3447 4733 honorem
3477 4687 3658 4732 tuum.

2201 4792 2220 4824 ι
2242 4773 2450 4828 Venite.
2473 4791 2490 4824 ›
2519 4771 2652 4824 Pars
2674 4770 2930 4825 secunda.
2959 4769 3090 4824 Dice
3115 4769 3374 4823 terribilia
3402 4779 3533 4824 sunt
3550 4785 3722 4838 opera

2124 4873 2214 4920 tua
2233 4905 2248 4930 ,
2293 4879 2414 4932 quae
2441 4877 2607 4932 opera
2634 4871 2695 4915 ut
2722 4861 3064 4930 inteliigatis,
3106 4879 3124 4910 ι
3155 4861 3335 4916 venite
3365 4880 3384 4913 ι
3422 4877 3522 4932 per
3553 4862 3723 4917 ﬁdem

2120 4974 2219 5014 vos
2266 4966 2453 5027 gentes
2495 4956 2800 5026 longinquae
2843 4970 2870 5009 a
2914 4955 3048 5019 ﬁde,
3088 4974 3105 5006 ‹
3137 4963 3190 5009 et
3219 4955 3410 5016 ridete,
3445 4975 3462 5006 ι
3509 4956 3562 5009 id
3593 4968 3718 5016 est,

2125 5046 2409 5116 intelligite
2461 5064 2480 5096 «
2527 5060 2690 5114 opera
2741 5044 2836 5100 Dei
2881 5063 2899 5097 ι
2953 5060 3073 5114 qua:
3124 5045 3238 5115 ipse
3288 5043 3420 5098 fecit
3473 5045 3723 5113 antiquis

2120 5133 2402 5207 patribus,
2450 5133 2503 5187 in
2549 5133 2703 5187 vobis
2748 5146 2870 5189 esse
2914 5133 3182 5203 completa
3218 5147 3240 5186 :-
3289 5134 3383 5202 qui
3436 5134 3579 5187 Deus
3631 5144 3722 5187 est

2126 5244 2145 5276 ι
2177 5225 2471 5282 terribilis:
2506 5243 2523 5275 ι
2565 5223 2648 5278 vel
2679 5222 2770 5278 Dei
2806 5224 3064 5278 terribilis
3095 5242 3113 5274 ι
3145 5224 3196 5278 in
3227 5223 3469 5280 consiliis
3498 5244 3519 5276 ι
3549 5224 3718 5279 habi-

2119 5319 2210 5384 tis,
2236 5327 2292 5373 et
2320 5315 2579 5387 impensis
2607 5333 2624 5364 ‹
2650 5329 2812 5384 super
2835 5314 2972 5370 ﬁlios
2996 5315 3300 5368 hominum.
3326 5332 3346 5365 ι
3385 5313 3565 5382 Super
3587 5315 3721 5368 ideo

2116 5407 2270 5474 dicit,
2298 5407 2422 5476 quia
2452 5406 2520 5459 de
2547 5403 2796 5474 supernis
2821 5410 3085 5458 venerunt
3111 5402 3335 5456 consilia
3368 5401 3479 5467 illa,
3507 5403 3718 5472 quibus

2114 5498 2325 5554 liberati
2352 5504 2475 5552 sunt
2501 5496 2589 5550 ﬁlii
2618 5497 2914 5550 hominum.
2945 5494 3180 5549 Consilia
3203 5497 3305 5549 ista
3327 5493 3718 5563 fuerunt,qui-

2114 5589 2222 5644 bus
2246 5590 2392 5643 Deus
2425 5587 2719 5642 exetecavit
2755 5585 2989 5646 Judaeos,
3035 5592 3095 5637 ut
3135 5583 3413 5654 plenitudo
3455 5585 3713 5658 gentium

2114 5683 2363 5739 intraret.

2187 5775 2326 5835 Ecce
2367 5787 2550 5846 cetera.
2602 5790 2620 5822 ‹
2655 5770 2760 5840 Qui
2791 5789 2808 5823 ι
2847 5768 3105 5830 Dominus
3137 5786 3153 5818 ι
3185 5768 3448 5824 convertit
3492 5781 3648 5821 mare
3684 5785 3704 5817 ι

445 4508 629 4554 monet
653 4501 788 4554 bene
815 4500 1045 4569 operari,
1074 4509 1133 4553 ut
1158 4507 1212 4554 et
1238 4515 1337 4554 nos
1363 4499 1430 4555 ad
1455 4499 1701 4555 eamdem
1723 4497 2021 4552 veniamus.

442 4593 725 4649 Canticum
774 4595 895 4650 ideo
943 4595 1155 4658 dicitur,
1205 4594 1329 4664 quia
1381 4593 1631 4663 proponit
1679 4591 1834 4645 nobis
1884 4604 2018 4655 rem,

444 4686 588 4740 unde
615 4685 848 4740 maxime
877 4685 1031 4740 nobis
1060 4685 1128 4739 sit
1156 4684 1554 4748 exsultandum,
1579 4682 1807 4743 scilicet,
1837 4693 2020 4733 resur-

443 4779 738 4836 rectionem
759 4777 958 4834 Christi
985 4794 997 4831 :
1028 4779 1153 4846 quia
1183 4791 1281 4831 nos
1305 4791 1520 4845 quoque
1547 4773 1724 4829 reddit
1745 4773 1809 4827 de
1832 4780 2018 4830 nostra

441 4869 838 4931 resurrectione
863 4883 1102 4928 securos.
1145 4867 1318 4934 Quam
1349 4864 1796 4920 resurrectionem
1828 4860 2018 4934 praevi-

438 4964 572 5020 dens
610 4960 808 5020 Esdras
850 4959 1106 5030 propheta
1147 4958 1202 5012 in
1239 4956 1444 5026 Spiritu
1472 4961 1682 5016 sancto,
1719 4951 1798 5006 sic
1827 4950 2013 5006 intitn-

438 5053 572 5108 lavit
597 5053 738 5106 hunc
761 5051 1050 5121 psalmum,
1074 5051 1349 5104 canticum
1369 5046 1560 5117 psalmi
1585 5043 2017 5109 resurrectionis,

439 5145 492 5198 id
531 5152 647 5207 est,
693 5158 860 5214 agens
906 5143 972 5197 de
1021 5143 1442 5195 resurrectione.
1490 5136 1804 5207 Hujusmodi
1834 5135 2020 5191 titulus

437 5236 682 5308 procedit
717 5251 782 5291 ex
821 5234 994 5305 ﬁgura
1029 5233 1196 5296 illius,
1232 5231 1322 5285 ubi
1351 5230 1417 5284 de
1445 5229 1758 5285 recitatione
1784 5226 2018 5300 psalmo-

436 5343 555 5381 rum
583 5325 921 5396 prtecedebat
941 5323 1180 5394 psalmus
1206 5322 1258 5375 in
1283 5319 1514 5376 melodia
1531 5319 1876 5383 chordarum,
1896 5333 2015 5387 qua:

436 5416 689 5480 melodia,
719 5414 1063 5486 signiﬁcabat
1091 5410 1527 5468 exsultationem.
1545 5407 1664 5464 Non
1686 5407 1833 5466 enim
1863 5406 2010 5463 suill-

433 5506 614 5566 ciehat
636 5507 715 5562 eis
741 5506 855 5560 sola
871 5517 1000 5557 voce
1027 5509 1269 5563 cantare,
1293 5499 1386 5556 sed
1414 5497 1827 5555 exsultationem
1858 5512 2008 5552 suam

433 5599 555 5656 .viva
577 5613 708 5654 voce
728 5595 1052 5666 exprimere.
1095 5591 1320 5646 Materia
1339 5598 1423 5650 est
1443 5590 1766 5648 resurrectio
1786 5581 2009 5644 Christi.

437 5689 623 5746 Modus
649 5706 661 5742 :
701 5689 757 5742 In
788 5685 957 5756 prima
986 5691 1143 5752 parte
1171 5697 1359 5737 omnes
1387 5690 1574 5752 gentes
1601 5688 1806 5744 monet,
1830 5681 2011 5736 exsul-

436 5793 550 5847 tare
573 5782 639 5840 de
663 5782 749 5844 illa
775 5779 1189 5846 resurrectione,
1213 5794 1330 5850 quae
1359 5779 1687 5850 praeponitur
1706 5778 1785 5834 eis
1803 5785 2008 5836 certum

2050 4547 2104 4610 D
