3940 6478
154 408 275 466 809

1362 400 1804 464 EXPLANATIO
1840 405 1907 461 IN
1943 398 2278 464 PSALMOS.

3333 419 3442 476 "0

155 518 369 578 Iudaeis
393 517 734 577 venientibus
766 536 785 572 α
818 517 871 575 in
899 519 1127 585 aridam,
1162 540 1181 573 ι
1220 519 1275 575 id
1303 527 1418 586 est,
1447 521 1503 575 in
1528 520 1757 575 solidam
1785 522 1832 581 Α
1862 516 2095 585 speritas
2126 517 2374 574 dissolvit
2417 518 2716 576 hominem.
2746 520 2789 576 A
2838 521 3190 583 similitudine
3218 526 3444 587 viatoris

158 621 408 667 terram:
431 617 487 665 et
509 610 611 665 ista
631 610 914 666 conversio
934 608 1199 679 completa
1225 618 1308 664 est
1334 611 1388 664 in
1408 609 1750 681 baptismate.

157 700 521 757 Convenitur
546 700 691 755 enim
721 715 902 764 mare,
934 701 986 755 id
1014 709 1098 756 est
1152 700 1401 755 homines
1445 701 1652 764 amari,
1700 708 1757 755 et

160 788 498 847 fluctuantes
529 791 583 846 in
613 792 977 848 amaritudine
1013 791 1173 863 hujus
1202 793 1423 859 mundi,
1462 807 1560 863 per
1586 805 1756 860 aquas

158 883 459 953 baptismi,
494 882 549 938 in
580 883 788 938 aridam
808 924 824 949 ,
862 898 985 938 cum
1016 883 1194 939 omnis
1219 883 1524 938 amaritudo
1547 882 1754 951 peccati

159 976 427 1032 abluitur.
461 975 625 1031 Arida
655 984 800 1032 terra
833 976 1081 1032 restituta
1112 966 1223 1043 est,
1264 978 1483 1047 quando
1504 974 1751 1031 Ecclesia

160 1068 273 1125 fuit
300 1072 352 1125 in
383 1069 488 1125 tlde
517 1077 825 1140 assumpta,
858 1077 913 1124 et
940 1088 959 1121 ι
988 1068 1421 1140 pertransierunt
1449 1068 1503 1123 in
1533 1066 1756 1123 ﬂumine

160 1162 325 1240 pede.
359 1180 379 1216 ι
416 1160 677 1217 Perduxit
704 1175 798 1216 eos
826 1160 1085 1216 Dominus
1114 1161 1248 1231 pede
1276 1160 1422 1215 sicco
1454 1159 1506 1213 in
1537 1158 1755 1212 ﬂumine

159 1250 460 1308 Iordanis:
497 1252 601 1307 hoc
627 1265 842 1322 quoque
884 1251 936 1305 in
980 1250 1230 1321 gentibus
1271 1250 1594 1320 completum
1634 1260 1752 1316 est,

161 1360 291 1416 qua:
336 1343 555 1398 fluvium
601 1342 761 1412 hujus
797 1341 922 1397 vita:
973 1350 1256 1397 transeunt
1303 1340 1580 1411 impolluta
1623 1340 1755 1395 affe-

163 1437 372 1490 ctione.
407 1434 560 1502 Quod
589 1433 739 1499 dicit,
776 1432 1215 1503 pertransibunt,
1246 1432 1467 1501 respicit
1492 1430 1558 1485 ad
1588 1430 1757 1500 signi-

163 1527 422 1593 ﬁcatum,
456 1534 512 1580 et
539 1544 557 1576 ‹
587 1524 681 1589 ibi,
712 1544 731 1577 ι
768 1522 820 1579 id
847 1532 964 1589 est,
995 1524 1050 1577 in
1079 1523 1355 1594 operibus,
1388 1522 1527 1577 sicut
1559 1522 1750 1592 imple-

162 1629 283 1673 tum
324 1625 409 1673 est
445 1617 498 1671 in
538 1615 721 1678 nobis,
763 1632 780 1666 ι
811 1614 1131 1681 lzetabimur,
1166 1635 1183 1665 ι
1225 1624 1279 1670 ει
1307 1615 1433 1686 quia
1464 1614 1531 1670 de
1565 1628 1753 1669 eorum

159 1723 393 1763 numero
419 1722 477 1762 se
504 1706 731 1770 sciebat,
762 1705 815 1759 in
843 1706 1038 1775 quibus
1063 1706 1178 1767 lucc
1205 1703 1750 1777 implerentur,dicit,

157 1799 508 1860 iactabimur:
541 1817 567 1855 ι,
590 1799 642 1853 in
672 1797 791 1874 ipso
819 1819 837 1849 ι
868 1814 973 1853 non
1001 1798 1054 1852 in
1083 1799 1267 1859 nobis.

1858 606 1947 662 hic
1974 606 2228 677 loquitur,
2251 608 2376 678 quia
2403 609 2546 664 sicut
2572 611 2749 665 viator
2776 626 2951 681 neque
2975 624 3199 685 propter
3224 627 3440 685 :cstum,

1855 714 2032 769 neque
2076 707 2299 769 propter
2327 699 2566 770 pluviam
2616 700 2731 757 vult
2760 703 3057 771 dimittere,
3108 708 3240 777 quin
3293 710 3439 767 viam

1857 804 2010 846 suam
2033 799 2277 862 peragat,
2308 791 2388 845 sic
2413 791 2514 847 iste
2533 791 2716 861 justus
2739 809 2840 849 nec
2861 796 2930 850 ab
2958 797 3309 864 adversitate,
3337 814 3442 857 nec

1855 894 1885 934 a
1912 880 2278 951 prosperitate
2314 888 2495 950 potest
2544 882 2818 953 impediri,
2864 885 2995 954 quin
3023 901 3242 943 cursum
3277 904 3438 945 suum

1853 972 2137 1043 perficiat,
2183 980 2241 1027 et
2271 986 2372 1042 per
2424 973 2540 1028 haec
2568 975 2753 1029 omnia
2799 994 2817 1027 ι
2855 976 3111 1043 eduxisti,
3159 997 3179 1033 ι
3240 980 3295 1035 id
3331 989 3435 1047 est,

1854 1061 2054 1116 educes
2075 1076 2173 1116 nos
2203 1080 2222 1112 ι
2258 1062 2311 1116 in
2336 1059 2675 1132 refrigerium
2698 1082 2716 1115 ι
2745 1063 2798 1119 in
2826 1064 3065 1135 quoiam
3089 1081 3188 1138 spe
3207 1068 3411 1125 duxisti

1931 1151 1996 1206 Et
2022 1152 2237 1207 tandem
2274 1171 2291 1203 ι
2323 1151 2560 1206 introibo
2601 1151 2656 1206 in
2685 1152 2905 1209 domum
2945 1163 3089 1210 tuam
3124 1176 3145 1211 ι
3178 1172 3284 1213 non
3316 1173 3405 1214 ma

1854 1244 2131 1301 nufactam
2174 1264 2193 1296 ι
2247 1244 2301 1298 in
2330 1244 2703 1312 holocaustis,
2736 1264 2764 1296 ι.
2791 1245 2845 1300 id
2885 1254 2974 1301 est
2995 1246 3246 1305 deferens
3280 1250 3433 1307 bolo-

1854 1343 2063 1402 causta,
2106 1336 2159 1395 id
2209 1347 2293 1392 eSt
2328 1335 2756 1393 destructionem
2792 1335 3075 1403 vitiorum,
3106 1347 3162 1394 et
3205 1339 3278 1397 ibi
3309 1348 3440 1411 tunc

1860 1434 1885 1480 ιΔ
1900 1428 2118 1484 reddam
2149 1427 2266 1493 tibi,
2299 1445 2317 1479 ι
2345 1427 2396 1482 id
2419 1435 2523 1492 est,
2548 1427 2853 1498 persolvam
2882 1446 2901 1480 ι
2922 1436 3044 1484 vota
3063 1445 3205 1498 mea,
3230 1451 3247 1483 ι
3277 1432 3329 1487 id
3351 1440 3439 1493 est

1854 1518 2039 1575 laudes
2063 1534 2200 1589 quas
2219 1519 2309 1573 hic
2331 1519 2422 1573 tibi
2440 1532 2629 1585 voveo,
2652 1538 2670 1570 ι
2690 1534 2809 1589 qua:
2837 1537 2855 1570 ι
2880 1530 3005 1575 vota
3025 1535 3131 1575 non
3149 1530 3274 1577 sunt
3296 1522 3437 1578 irra-

1855 1609 2156 1674 tionabilia,
2174 1609 2267 1665 sed
2287 1624 2407 1679 qua:
2429 1626 2447 1659 ι
2468 1608 2854 1674 distinxerunt,
2875 1628 2892 1662 ι
2915 1610 2967 1665 id
2982 1620 3067 1666 est
3087 1626 3210 1666 cum
3227 1612 3435 1669 ratione

1855 1700 2282 1756 tibiobtulernnt
2303 1718 2320 1750 ι
2342 1699 2481 1753 labia
2505 1715 2624 1755 mea
2648 1720 2665 1752 ι
2690 1700 2973 1766 interiora,
2999 1701 3050 1755 id
3071 1710 3154 1758 est
3184 1704 3321 1758 ratio
3344 1703 3437 1757 vel

1856 1790 1996 1845 labia
2039 1790 2107 1844 ad
2133 1789 2394 1844 litteram.
2424 1789 2557 1844 Cain
2582 1789 2726 1844 enim
2754 1790 2970 1856 obtulit,
3004 1793 3094 1862 qui
3124 1802 3432 1847 creaturam

240 1909 261 1943 ‹
288 1891 347 1946 ln
371 1891 511 1961 ipso,
541 1909 558 1942 ι
591 1889 646 1944 in
674 1904 781 1960 quo
811 1890 1027 1960 quidem
1057 1888 1347 1946 lmtandum
1372 1897 1459 1949 est
1484 1887 1609 1957 quia
1638 1887 1753 1961 ipse
1787 1889 1831 1950 Β
1857 1882 2100 1937 Creatori
2132 1881 2349 1947 obtulit,
2394 1881 2490 1936 sed
2539 1897 2645 1937 non
2689 1892 2836 1938 recte
2870 1884 3142 1951 distinxit,
3173 1887 3300 1955 quia
3349 1900 3435 1941 se-

153 1991 251 2045 est
280 2002 298 2035 ι
327 1982 418 2059 qui
446 1982 755 2043 dominatur
782 2002 804 2040 ι,
845 1983 1137 2051 omnibus,
1176 1991 1231 2037 et
1269 1982 1375 2037 hoc
1409 2002 1425 2033 ι
1460 1983 1515 2036 in
1552 1982 1749 2036 virtute

152 2089 286 2142 sua,
319 2092 338 2127 ι
368 2073 424 2129 id
445 2081 550 2136 est,
580 2073 833 2146 propria,
865 2093 883 2125 ι
915 2074 965 2131 in
992 2083 1255 2131 mternum
1287 2094 1305 2126 ι
1341 2074 1464 2147 quia
1494 2074 1538 2128 si
1568 2073 1749 2128 caeteri

149 2164 528 2230 dominantur,
564 2165 667 2220 hoc
693 2180 868 2235 neque
896 2173 979 2219 est
1017 2180 1115 2236 per
1153 2179 1304 2220 suam
1339 2164 1613 2227 virtutem,
1656 2163 1751 2219 sed

150 2270 259 2326 per
286 2254 412 2321 Dei,
442 2271 617 2327 neque
646 2255 698 2310 in
730 2263 991 2311 :eternum
1009 2296 1025 2322 ,
1054 2255 1149 2312 sed
1177 2255 1290 2327 ipse
1317 2263 1371 2311 et
1394 2252 1613 2329 propria
1641 2254 1750 2309 vir-

155 2357 304 2415 tute,
330 2358 387 2404 et
411 2349 465 2404 in
490 2359 774 2405 mtcrnum.

174 2440 177 2441 ⁷
227 2440 300 2496 Et
327 2457 448 2496 cum
481 2441 604 2496 talis
632 2450 739 2495 tam
766 2441 924 2506 altus,
952 2450 1060 2496 tam
1090 2448 1284 2511 potens
1310 2439 1401 2507 sit,
1433 2447 1610 2494 tamen
1640 2453 1746 2493 non

150 2537 391 2609 despicit
410 2553 560 2603 suos,
580 2537 687 2591 imo
716 2554 735 2587 ι
756 2535 896 2591 oculi
925 2534 1040 2603 ejus
1065 2533 1361 2604 respiciunt
1386 2552 1403 2583 ι
1431 2532 1517 2603 pie
1543 2550 1561 2583 ε
1584 2547 1748 2601 super

150 2637 351 2704 gentes
372 2648 390 2679 ι
423 2627 786 2684 eonvertendo
815 2641 908 2682 eas
935 2626 1003 2681 ad
1030 2626 1212 2690 fidem,
1238 2641 1358 2679 cum
1389 2623 1567 2679 ferant
1585 2622 1746 2694 justi-

152 2723 294 2783 tiam
327 2740 348 2777 ι
369 2721 462 2791 qui
485 2740 501 2771 ι
536 2735 630 2774 eas
664 2738 683 2769 ι
707 2726 1050 2790 exasperant,
1082 2737 1100 2769 ι
1127 2715 1564 2782 scilicet,.ludaci,
1598 2733 1614 2764 ι
1640 2730 1744 2768 non

148 2796 467 2877 exaltentur
494 2814 547 2867 in
575 2810 880 2881 semetipsis
908 2830 926 2863 ι
964 2809 1090 2879 quia
1120 2824 1225 2864 non
1250 2808 1515 2863 haberent
1541 2806 1747 2862 exalta-

151 2903 367 2959 tionem
397 2902 450 2955 in
476 2916 555 2966 se,
581 2900 675 2955 sed
701 2899 754 2953 in
782 2898 896 2954 solo
922 2899 1052 2953 Deo.

178 2982 189 2989 ”
234 3011 254 3044 σ
294 2988 603 3045 Benedicite
633 2998 820 3061 gentes
863 3009 881 3042 ι
919 2989 1050 3044 Deo.
1097 2988 1279 3043 Tertia
1315 3002 1462 3058 pars.
1506 2984 1746 3057 Cognitis

152 3084 282 3139 istis
304 3083 561 3152 operibus
584 3082 700 3147 Dei,
723 3089 776 3136 et
798 3097 892 3151 per
914 3081 998 3135 illa
1022 3080 1269 3136 conversi
1292 3080 1358 3133 ad
1379 3078 1566 3139 Deum,
1598 3094 1615 3126 ι
1646 3090 1745 3132 vos

144 3183 348 3247 gentes
372 3176 693 3239 benedicite,
726 3195 743 3226 ι
778 3175 828 3229 id
855 3184 958 3239 est,
988 3173 1202 3228 laudate
1232 3192 1250 3223 ‹
1280 3174 1444 3227 Deum
1472 3178 1739 3234 nostrum,

1854 1973 2054 2042 ipsum,
2085 1971 2233 2041 quod
2274 1972 2384 2025 Deo
2404 1972 2624 2027 charius
2671 1981 2774 2039 est,
2805 1973 3093 2029 subtraxit.
3130 1976 3270 2031 Abel
3304 1991 3435 2030 vero

1851 2065 2105 2121 distincte
2125 2064 2339 2129 obtulit,
2372 2066 2464 2137 qui
2496 2066 2734 2137 seipsnm
2762 2067 2913 2138 prius
2943 2067 3055 2124 Deo
3084 2071 3435 2140 prmsentavit

1853 2155 2007 2226 (seu.
2042 2154 2139 2227 iV).

1919 2246 1989 2301 Et
2016 2261 2125 2301 non
2159 2245 2334 2301 solum
2366 2245 2419 2302 in
2457 2249 2819 2318 prosperitate
2851 2250 2992 2305 labia
3022 2268 3142 2309 mea
3172 2254 3435 2312 distinxe-

1849 2350 1975 2395 runt
2006 2349 2128 2395 vota
2156 2339 2264 2405 illa,
2289 2339 2382 2395 sed
2413 2341 2577 2395 etiam
2611 2359 2631 2392 ι
2672 2343 2724 2397 in
2762 2342 3108 2399 tribulatione
3146 2362 3287 2411 mea,
3324 2365 3345 2400 ι
3379 2347 3432 2402 id

1847 2436 1932 2486 est
1960 2430 2090 2484 mihi
2120 2430 2237 2484 utili
2271 2448 2290 2481 ‹
2326 2444 2387 2484 os
2411 2446 2589 2486 meum
2617 2441 2699 2487 est
2728 2432 2966 2488 locutum
3008 2454 3025 2486 ι
3065 2435 3253 2493 laudes
3286 2438 3423 2500 illas,

1846 2520 1932 2576 vel
1978 2522 2081 2577 hoc
2127 2521 2270 2591 quod
2300 2522 2544 2591 sequitur
2586 2525 2950 2581 «holocausta
3002 2529 3313 2595 medullata,
3346 2530 3431 2584 of-

1847 2614 2020 2669 feram
2053 2614 2168 2668 tibi.
2210 2634 2228 2667 ι
2266 2614 2363 2669 Vel
2394 2614 2464 2667 ita
2516 2616 2884 2671 continuatur.
2932 2617 3172 2675 introibo
3226 2621 3279 2676 in
3329 2622 3428 2676 do-

1848 2718 1994 2757 mum
2024 2712 2168 2757 tuam
2199 2701 2253 2756 in
2287 2700 2635 2767 holocaustis,
2664 2719 2770 2773 qua
2821 2706 2948 2761 dum
2992 2709 3176 2763 vixero
3202 2708 3425 2765 offeram

1850 2792 1942 2848 tibi
1972 2794 2308 2859 holocausta,
2353 2794 2405 2847 id
2455 2804 2539 2848 est
2575 2795 2839 2864 mcipsum
2883 2803 3054 2851 totum
3104 2808 3427 2867 crematum,

1847 2885 2140 2938 secundum
2168 2899 2331 2954 opera
2358 2884 2572 2949 vitiosa,
2606 2885 2917 2942 holocausta
2956 2889 3079 2943 dico
3117 2889 3425 2955 medullata,

1849 2978 1902 3033 id
1922 2985 2005 3032 est
2037 2977 2253 3048 pinguia
2300 2985 2355 3030 ct
2385 2975 2560 3030 delata
2612 2977 2713 3033 fide
2759 2988 2814 3033 et
2843 2980 3127 3046 charitate,
3160 2982 3303 3050 quod
3330 2982 3433 3037 lio-’

1850 3068 2146 3123 locaustum
2189 3067 2293 3121 erit
2344 3068 2741 3138 beneplacitum
2797 3070 2928 3136 Deo,
2962 3071 3103 3124 sicut
3147 3072 3200 3126 in
3242 3072 3426 3128 Veteri
3484 3080 3489 3085 ’

1851 3160 2204 3215 Testamento
2248 3157 2535 3213 dicebatur
2585 3160 2800 3230 placere
2856 3161 3248 3229 holocaustum,
3281 3144 3432 3237 quod

144 3245 210 3321 vel
240 3287 258 3319 ι
302 3282 408 3322 non
452 3274 661 3321 tantum
704 3263 841 3335 apud
870 3264 1136 3333 vosipsos,
1174 3262 1267 3316 sed
1304 3279 1321 3311 ς
1351 3276 1539 3315 vocem
1571 3258 1743 3313 laudis
1770 3245 1814 3307 C
1847 3259 1965 3304 erat
1990 3251 2188 3320 pingue
2232 3258 2287 3304 et
2336 3251 2722 3317 medullatum;
2756 3260 2810 3306 et
2852 3271 2869 3302 ι
2906 3254 3008 3308 hoc
3047 3253 3267 3309 offeram
3301 3271 3427 3315 cum

143 3355 274 3427 ejus
296 3377 341 3422 ι,
368 3357 588 3418 scilicet,
617 3371 722 3426 qua
748 3354 1003 3411 laudatis.
1033 3372 1050 3402 ι
1073 3351 1234 3405 facite
1260 3350 1497 3405 auditam
1523 3369 1539 3399 »
1566 3349 1706 3404 aliis.

225 3446 295 3502 Et
322 3446 599 3509 debemus,
625 3445 750 3513 quia
781 3460 798 3493 ‹
820 3443 933 3512 ipse
961 3441 1143 3510 posuit
1172 3441 1404 3494 animam
1430 3455 1605 3495 meam
1627 3442 1694 3494 ad
1717 3458 1736 3488 ι

144 3552 342 3597 veram
375 3554 394 3585 ι
418 3536 582 3594 vitam
612 3553 630 3587 ι
665 3534 841 3587 dando
879 3532 1037 3585 iidem
1065 3548 1077 3583 :
1116 3547 1134 3580 ‹
1164 3538 1219 3583 et
1243 3550 1261 3580 ι
1298 3536 1583 3599 postquam
1616 3545 1742 3584 con-

151 3625 348 3688 vertit,
386 3644 401 3673 ι
428 3639 532 3677 non
565 3620 710 3681 dedlt
740 3622 901 3692 pedes
931 3633 1081 3673 meos
1105 3617 1159 3671 in
1190 3618 1606 3679 commotionem
1632 3639 1649 3670 ι
1684 3630 1742 3671 ut

149 3722 309 3775 retro
336 3713 682 3781 respicerem.
1382 3724 1385 3729 ·

228 3802 496 3868 Quoniam
534 3800 776 3882 probasti
814 3815 932 3864 nos,
976 3800 1193 3866 deinde,
1226 3797 1381 3869 quasi
1425 3797 1620 3871 aliquis
1657 3797 1742 3851 di-

144 3901 305 3948 ceret
337 3910 350 3946 :
391 3892 569 3959 Quare
602 3891 829 3955 deberes
861 3890 1241 3946 commoveri?
1270 3909 1288 3940 ι
1331 3889 1586 3958 quoniam
1623 3908 1640 3940 ι
1685 3897 1739 3942 ιιι

152 4004 173 4035 ο
217 3984 362 4039 Deus
381 3982 619 4054 probasti
651 3998 770 4047 nos,
798 4001 815 4034 ι
846 3983 895 4037 id
919 3992 1022 4045 est,
1047 3983 1203 4038 nobis
1226 3981 1357 4052 ipsis
1379 3989 1435 4035 ct
1461 3980 1581 4035 aliis
1608 3995 1736 4050 pro-

144 4078 313 4132 batos
356 4075 683 4139 ostendisti:
727 4082 783 4131 et
821 4074 1059 4129 ostendit
1112 4074 1330 4128 modum
1378 4072 1733 4142 probationis,

142 4169 231 4224 sic
261 4167 471 4223 scilicet
498 4168 763 4237 probasti,
802 4186 819 4218 ι
857 4167 1180 4222 examinasti
1220 4181 1318 4221 nos
1345 4165 1487 4236 igne,
1529 4183 1547 4214 ι
1579 4164 1632 4219 id
1652 4172 1737 4218 est

142 4244 479 4330 quacunque
542 4258 908 4323 tribulatione,
966 4257 1050 4312 vel
1092 4259 1214 4331 igne
1261 4254 1552 4321 materiali,
1593 4254 1737 4310 sicut

141 4348 477 4404 Laurentius
513 4354 568 4403 et
599 4347 835 4413 similes,
887 4366 905 4399 ‹
952 4347 1096 4402 sicut
1127 4347 1500 4402 examinatum
1537 4361 1733 4416 argen-

140 4448 289 4494 tum.
324 4458 343 4491 ι
846 4444 851 4449 ·

227 4548 246 4582 ι
291 4530 556 4592 lnduxisti
583 4545 700 4585 nos.
745 4549 764 4582 ι
800 4527 1051 4587 Ostendit
1077 4546 1247 4603 genus
1288 4529 1735 4595 examinationis,

136 4625 368 4679 dicens:
407 4622 698 4677 «lnduxisti
718 4637 819 4677 nos
841 4623 894 4676 in
919 4621 1170 4693 laqueum
1195 4642 1213 4675 ι
1240 4622 1293 4677 id
1319 4630 1397 4677 est
1424 4621 1477 4676 in
1493 4621 1730 4685 vincula,

138 4716 207 4769 in
250 4726 526 4778 carceres,
558 4722 613 4767 et
659 4712 856 4768 iterum
892 4711 996 4766 alia
1028 4711 1267 4766 alliictio.
1307 4729 1325 4762 ι
1368 4710 1607 4765 Posuisti
1638 4710 1735 4764 tri-

137 4803 457 4859 bulationes
483 4801 538 4857 in
567 4803 731 4857 dorso
754 4811 944 4858 nostro
980 4822 999 4856 ι
1044 4802 1099 4857 id
1127 4810 1212 4858 est
1240 4800 1493 4873 ﬂagellati
1521 4816 1731 4867 sumus,

136 4883 219 4952 et.
260 4894 410 4961 caesi,
451 4894 592 4950 sicut
618 4893 817 4950 Paulus
864 4894 1004 4965 apud
1051 4893 1345 4964 Ephesum.
1399 4892 1536 4948 Item
1588 4892 1733 4947 aliud

140 4985 378 5051 malum,
405 5005 423 5037 ι
461 4985 769 5055 imposuisti“
795 4985 1044 5048 homines
1082 4998 1243 5054 super
1272 4984 1449 5055 capita
1484 4994 1666 5039 nostra
1708 5003 1726 5036 ι

140 5077 243 5149 qui
273 5070 358 5132 'sic
402 5075 561 5131 nobis
600 5069 1030 5143 dominarentur,
1060 5083 1121 5130 ut
1165 5070 1237 5131 de
1273 5076 1430 5131 nobis
1474 5076 1734 5146 capitales
1790 5082 1816 5101 '

142 5166 449 5223 sententias
477 5166 606 5222 dare
631 5175 873 5238 possent.

220 5258 293 5314 Et
320 5259 566 5329 quamvis
594 5256 709 5316 hazc
738 5260 918 5315 omnia
949 5258 1087 5314 mala
1121 5259 1276 5315 nobis
1302 5258 1606 5325 evenirent,
1633 5274 1732 5315 nos

145 5361 334 5407 tamen
361 5364 576 5421 semper
609 5367 629 5402 ι
663 5351 1013 5410 transivimus
1048 5369 1068 5403 ι
1120 5351 1188 5405 ad
1229 5359 1282 5406 te
1314 5371 1331 5401 ι
1368 5366 1465 5421 per
1490 5350 1667 5422 ignem
1705 5369 1724 5402 ι

145 5439 508 5506 materialem,
543 5458 563 5491 ε
591 5450 642 5495 ει
665 5456 861 5511 aquam
891 5456 910 5492 ι
945 5441 1070 5510 quia
1099 5440 1252 5495 multi
1286 5448 1555 5513 martyres
1574 5442 1732 5518 aquis

145 5532 419 5590 submersi
474 5541 621 5600 sunt,
672 5549 775 5591 nec
835 5532 1015 5588 tamen
1050 5532 1171 5605 igne
1219 5533 1303 5589 vel
1350 5550 1488 5604 aqua
1539 5549 1728 5590 eorum

144 5638 345 5678 cursus
358 5622 532 5693 potuit
553 5620 927 5697 impcdiri.Vel
942 5623 1117 5694 ignem
1144 5638 1519 5700 quemcunque
1539 5634 1729 5681 :cstum

146 5713 496 5776 adversitatis
524 5731 814 5795 possumus
843 5715 1111 5793 accipere,
1158 5731 1256 5787 per
1285 5732 1480 5787 aquam
1510 5734 1733 5795 prospe-

148 5808 365 5868 ritatem
398 5827 411 5864 :
452 5810 577 5882 quia
605 5809 742 5868 sicut
772 5825 910 5883 aqua
940 5808 1184 5868 dissolvit
1234 5816 1432 5866 terram
1453 5852 1467 5876 ,
1501 5810 1572 5866 ita
1601 5828 1730 5885 pro-

1845 3343 2087 3407 iucenso,
2124 3361 2141 3393 ι
2180 3342 2231 3396 id
2260 3352 2338 3396 est
2368 3358 2490 3398 cum
2522 3345 2787 3411 oratione,
2820 3361 2940 3419 quae
2966 3347 3087 3403 ideo
3115 3363 3211 3417 per
3244 3348 3430 3402 incen-

1843 3446 1963 3485 sum
2009 3431 2342 3501 intelligitur,
2373 3432 2500 3501 quia
2548 3434 2754 3489 redolet
2799 3444 2852 3490 ct
2892 3435 3078 3509 placet
3122 3437 3256 3502 Dea,
3287 3438 3429 3495 sicut

1845 3524 2144 3587 incensum,
2199 3523 2510 3579 hominibus
2562 3526 2932 3582 odorantibus.
2974 3526 3069 3582 Vel
3119 3530 3424 3583 orationem

1850 3634 1869 3666 ‹
1905 3616 2156 3680 arietum,
2201 3634 2218 3665 ι
2252 3616 2305 3669 id
2351 3625 2435 3668 est
2483 3617 2871 3685 apostolorum,
2896 3620 3103 3674 scilicet
3139 3621 3213 3674 ita
3234 3623 3422 3687 orabo,

1844 3708 1986 3764 sicut
2012 3707 2261 3778 apostoli,
2291 3706 2375 3761 vel
2402 3722 2538 3775 quos
2566 3708 2722 3761 modo
2759 3710 2856 3778 ipsi
2905 3710 3210 3773 instituent,
3243 3730 3262 3761 ι
3291 3711 3425 3765 offc-

1844 3814 1959 3853 ram
1987 3818 2004 3848 ›
2032 3798 2196 3851 etiam
2232 3817 2249 3848 ‹
2274 3796 2369 3851 tibi
2395 3798 2579 3860 boves,
2604 3816 2620 3847 ›
2650 3797 2701 3851 td
2720 3806 2805 3852 est
2830 3797 2998 3853 bonos
3020 3799 3424 3869 przcdicatores,

1843 3891 1895 3946 id
1926 3901 2008 3946 est
2034 3892 2124 3961 qui
2144 3890 2283 3945 bene
2307 3891 2636 3945 lritnrabunt
2657 3901 2710 3946 et
2734 3891 2985 3947 excolent
3001 3891 3317 3953 Ecclesium,
3346 3894 3426 3947 sic

1841 3983 2047 4038 scilicet
2081 3982 2328 4045 offeram,
2358 3983 2673 4037 deducendo
2704 3999 2796 4039 eos
2843 3985 2910 4041 ad
2942 3986 3197 4059 majorem
3242 3984 3422 4057 perfe-

1839 4077 2074 4133 ctionem
2122 4076 2402 4140 virtutum,
2455 4085 2511 4130 et
2572 4076 2676 4131 hoc
2722 4074 2918 4131 faciam
2966 4096 2984 4128 σ
3022 4092 3144 4132 cum
3200 4077 3367 4131 hircis
3398 4096 3418 4125 ›

1840 4168 1892 4223 id
1940 4175 2061 4234 est,
2110 4168 2292 4226 hircos
2335 4176 2391 4222 et
2430 4164 2648 4243 {calidos
2703 4167 2757 4222 in
2810 4169 3047 4241 peccatis
3112 4177 3421 4223 convertam

1836 4260 1904 4314 ad
1937 4268 2006 4315 te.
2286 4310 2298 4321 ,

1914 4373 1931 4404 ε
1978 4352 2189 4408 Venite.
2234 4370 2252 4403 ι
2286 4351 2422 4407 Pars
2450 4360 2665 4422 quarta.
2713 4351 3103 4409 Continuatio:
3147 4351 3282 4425 Quia
3339 4352 3414 4409 ita

1837 4458 1926 4497 me
1963 4442 2137 4498 habeo
2169 4457 2262 4497 vos
2306 4441 2395 4496 alii
2428 4442 2636 4497 incitati
2667 4456 2788 4497 meo
2814 4441 3085 4519 exemplo,
3123 4462 3141 4493 ι
3174 4458 3365 4498 omnes
3395 4464 3411 4495 ι

1840 4533 2070 4600 scilicet,
2102 4551 2121 4583 σ
2158 4533 2248 4600 qui
2280 4532 2485 4591 timetis
2515 4532 2703 4598 Deum,
2740 4534 2943 4600 venite,
2966 4554 2983 4586 ι
3020 4532 3071 4588 id
3113 4543 3196 4589 est
3233 4544 3421 4603 parate

1839 4642 1936 4682 vos
1963 4629 2029 4683 ad
2055 4626 2463 4701 intelligentiam
2499 4644 2518 4679 t
2558 4634 2615 4681 ct
2642 4627 2842 4692 audite,
2883 4647 2900 4679 ι
2935 4628 2986 4681 id
3018 4636 3101 4683 est
3131 4627 3420 4697 intelligite

1837 4721 2104 4787 interiori,
2134 4736 2264 4776 aure
2291 4729 2346 4775 et
2379 4720 2423 4775 si
2458 4719 2593 4779 tales
2627 4720 2856 4784 fueritis,
2896 4741 2913 4771 ι
2946 4720 3178 4775 narrabo
3213 4738 3231 4772 ι
3264 4718 3419 4787 quasi

1836 4827 1948 4865 rem
2007 4826 2113 4867 non
2184 4810 2364 4870 fictam
2396 4850 2411 4876 ,
2486 4827 2505 4861 ι
2572 4819 2775 4881 quanta
2831 4809 2960 4865 fecit
3014 4811 3158 4867 Deus
3224 4810 3420 4864 animae

1836 4916 1989 4955 mete.
2031 4920 2049 4953 ι

1906 4990 1972 5044 Et
2013 4990 2115 5047 hoc
2154 4990 2399 5057 scilicet,
2458 4990 2560 5045 feci
2588 5031 2603 5056 ,
2660 5010 2679 5043 ‹
2727 4990 2957 5046 clamavi
3001 4990 3069 5051 ad
3116 4989 3291 5060 ipsum
3322 5003 3416 5043 ore

1838 5097 1958 5139 meo
1994 5103 2038 5148 ι,
2072 5090 2127 5140 et
2167 5099 2273 5139 non
2318 5091 2531 5140 tantum
2563 5098 2678 5157 ore,
2719 5083 2814 5140 sed
2849 5083 3011 5137 etiam
3045 5099 3064 5131 ι
3110 5079 3210 5134 sub
3232 5078 3412 5151 lingua
3450 5132 3464 5145 ,

1835 5186 1976 5237 mea,
2014 5190 2031 5221 ι
2083 5171 2137 5226 id
2186 5173 2358 5227 estin
2411 5172 2575 5228 corde
2623 5188 2745 5229 meo
2791 5191 2811 5226 ‹
2845 5169 3139 5236 exsultavi,
3176 5187 3197 5222 ι
3232 5169 3286 5224 id
3333 5176 3418 5224 est

1835 5264 2169 5325 cxsultantcr
2195 5264 2444 5323 clamavi.

1910 5376 1929 5408 ι
1963 5356 2330 5428 lniquitatem.
2377 5376 2400 5409 ι.
2453 5356 2694 5412 Clamavi
2725 5370 2833 5416 non
2883 5362 3095 5415 tantum
3118 5352 3286 5414 facto,
3319 5349 3419 5407 sed,

1833 5449 1996 5504 etiam
2045 5448 2165 5503 sine
2209 5448 2355 5503 omni
2405 5448 2708 5525 iniquitate,
2735 5447 2899 5503 etiam
2930 5446 2985 5507 in
3012 5444 3197 5507 corde,
3228 5452 3283 5497 et
3311 5441 3415 5496 hoc

1833 5548 1916 5597 est
1958 5559 1975 5591 ι
2006 5538 2052 5595 si
2090 5539 2272 5611 aspexi
2301 5539 2636 5611 iniquitatem
2668 5540 2720 5594 in
2744 5538 2929 5604 corde,
2966 5556 2991 5609 ι¹
3018 5536 3071 5591 id
3096 5542 3200 5599 est,
3225 5531 3270 5587 si
3296 5530 3412 5605 pla-

1834 5631 1946 5688 cuit
1966 5630 2098 5685 mihi
2130 5631 2389 5707 iniquitas
2427 5631 2481 5685 in
2525 5630 2691 5689 corde
2724 5648 2742 5679 ‹
2782 5643 2923 5694 meo,
2965 5647 2988 5681 ι
3024 5626 3078 5682 id
3120 5632 3206 5680 est
3236 5623 3288 5679 in
3319 5636 3412 5675 vo-

1836 5722 2055 5784 luntate,
2095 5740 2114 5772 ι
2151 5736 2257 5776 non
2289 5721 2542 5777 exaudiet
2577 5740 2595 5773 ι
2632 5735 2718 5775 me
2754 5739 2772 5771 ‹
2802 5719 3081 5774 Dominus.
3117 5736 3135 5770 ι

1907 5815 1977 5870 Et
1999 5813 2122 5887 quia
2159 5813 2417 5880 clamavi,
2438 5820 2493 5868 et
2538 5811 2654 5869 sine
2700 5810 3005 5883 iniquitate,
3059 5829 3077 5862 ο
3128 5815 3409 5881 propterea
