3940 6452
483 367 591 432 ιιε
947 374 1303 434 IIAYMONIS
1342 373 1824 437 HALBERSTAT.
1861 376 2076 438 EPISC.
2115 379 2267 440 OPP.
2306 382 2487 441 PARS
2523 384 2564 442 I.
2608 417 2678 432 —
2713 388 3073 453 COMMENT.
3114 395 3284 455 BIBL.
3662 404 3771 465 416

483 488 926 560 translatio,quae
940 492 1125 559 habet,
1150 508 1305 548 mons
1335 492 1483 548 Sina.
1518 492 1674 550 Velut
1701 496 1778 552 sic
1803 497 2050 555 dicatur:
2088 502 2139 563 Α
2164 502 2547 571 apparitiuues.
2591 503 2945 569 Continuatio
2971 533 2984 569 :
3015 507 3129 572 Hoc
3163 511 3315 572 dabit
3337 515 3526 586 vobis,
3561 531 3625 577 et
3659 519 3766 584 hoc

482 582 617 637 (Σαδιί
659 583 1071 649 distillaveruut,
1107 593 1164 640 et
1200 600 1355 640 mons
1393 584 1522 641 Sina
1558 587 1720 642 etiam
1761 588 2059 657 distillavit,
2164 603 2248 651 est
2282 614 2299 648 t
2331 593 2387 653 Si
2440 598 2752 672 dormiatis,
2791 621 2810 660 t
2854 602 2908 663 id
2942 615 3060 677 est,
3103 606 3399 680 quiescatls
3440 628 3472 669 a
3520 617 3761 689 strepitu

483 672 536 727 id
565 682 670 736 est.
713 675 906 730 nebula
949 685 1003 731 et
1041 675 1247 730 fumum
1286 676 1468 732 emisit
1495 693 1525 732 a
1556 677 1695 734 facie
1739 680 1833 737 Dei
1871 681 2058 749 Israel,
2163 688 2344 743 seculi
2383 692 2563 748 tinter
2595 694 2800 754 medios
2842 696 3039 767 cleros,
3066 721 3085 756 ι
3117 698 3168 758 id
3193 709 3311 771 est,
3349 700 3499 763 inter
3521 707 3636 765 duo
3663 705 3761 768 Te-

481 765 533 819 id
582 775 689 835 est,
736 769 951 838 quando
993 770 1135 825 Deus
1183 769 1506 842 loquebatur
1545 772 1737 846 Moysi,
1780 785 1841 831 ut
1885 776 2058 851 legem
2162 786 2460 847 stamenta,
2507 792 2566 839 ut
2610 786 2663 841 in
2715 791 2996 846 sententiis
3020 765 3326 852 divinitatis
3364 796 3752 867 delectemini,

480 856 543 911 da
551 867 651 913 ret.

548 946 777 1004 Ostensa
801 948 990 1019 figura,
1006 953 1247 1009 ostendit
1266 954 1450 1027 figura:
1469 957 1904 1027 completionem.
1920 960 2060 1017 Con-

476 1039 703 1100 tiuuatio
727 1058 744 1098 :
775 1044 930 1101 Sicut
957 1066 976 1099 t
1011 1048 1136 1104 εωιί
1165 1049 1580 1117 distillaverunt,
1612 1071 1630 1104 ι
1659 1052 1736 1108 sic
1759 1064 1836 1120 tu,
1868 1075 1886 1106 t
1912 1054 2057 1139 Deus

471 1129 706 1200 pluviam
738 1153 787 1200 ι,
837 1134 892 1191 id
934 1145 1040 1204 est,
1085 1138 1464 1212 Evangelicam
1511 1142 1844 1211 doctrinam,
1886 1129 2055 1217 signi-

2165 884 2185 917 ‹
2214 879 2374 924 erunt
2403 872 2556 929 vobis
2588 895 2605 927 ι
2634 876 2719 932 vel
2750 879 2889 935 sicut
2926 880 3089 939 habet
3121 884 3225 939 alia
3259 889 3549 946 translatio
3579 912 3601 943 ι
3634 908 3756 949 sus-

2159 959 2347 1015 tollent
2372 977 2467 1019 vos
2493 980 2684 1034 patriae,
2712 987 2731 1019 ι
2770 969 2823 1023 id
2849 980 2954 1038 est,
2999 974 3245 1044 virtutes,
3293 980 3493 1050 quibus
3529 984 3601 1038 ad
3642 1001 3754 1041 cm-

2156 1053 2265 1109 Ium
2295 1058 2515 1126 possitis
2546 1061 2748 1127 volare,
2780 1064 2914 1121 tales
2942 1083 3064 1138 quae
3089 1082 3217 1127 sunt
3243 1091 3264 1125 ι
3293 1075 3564 1132 columba
3587 1078 3751 1136 dear-
3844 1110 3849 1119 -

2154 1153 2406 1213 gentatai,
2439 1167 2459 1199 ι
2493 1148 2546 1204 id
2591 1160 2707 1216 est,
2741 1151 3027 1225 Ecclesiae,
3058 1174 3179 1229 qua:
3221 1161 3426 1219 dicitur
3465 1168 3749 1236 columh,

470 1220 686 1280 ticatam
734 1241 834 1296 per
880 1228 1012 1285 illud
1054 1247 1275 1299 manna,
1312 1234 1548 1306 pluviam
1591 1237 1712 1292 dico
1755 1257 1774 1289 t
1802 1239 2008 1296 volunta

470 1313 640 1362 riam-
683 1336 701 1362 ι
757 1318 809 1362 id
858 1328 959 1362 per,
1007 1324 1173 1362 σνηίίε
1214 1325 1394 1362 datam
1474 1328 1592 1362 αἶηιι
1626 1330 1804 1362 ..κη-,η
1856 1335 2008 1362 ...η-ε.

2151 1245 2374 1306 propter
2416 1239 2846 1312 simplicitatem,
2893 1220 3245 1322 deargeutata
3280 1267 3514 1343 vocatur
3552 1260 3611 1315 in
3642 1262 3750 1320 hac

2151 1325 2258 1362 vita
2318 1339 2538 1362 ηνηηιιι..
2564 1332 2793 1362 uiuum...
2833 1336 3028 1362 ..i....--::
3072 1361 3079 1362 ,
3122 1353 3163 1362 -.
3196 1354 3312 1362 ___.
3385 1347 3397 1357 ο
3578 1349 3591 1362 .

468 1313 642 1381 riam,
682 1336 701 1368 ι
756 1318 811 1373 id
858 1328 964 1387 est,
1005 1324 1174 1391 gratis
1214 1325 1428 1393 datam,
1474 1328 1592 1384 sine
1624 1330 1804 1403 aliquo
1856 1335 2053 1391 merito
2151 1325 2283 1420 vita.
2318 1339 2538 1401 propter
2562 1332 2794 1389 nitorem
2829 1336 3031 1408 eloquii
3063 1361 3081 1393 ί
3115 1353 3167 1399 ει
3195 1347 3503 1413 posteriora
3542 1349 3689 1420 eius.
3719 1373 3742 1406 ι

467 1404 746 1464 hominum
796 1429 816 1461 ε
845 1415 1178 1485 segregabis,
1213 1437 1233 1470 ι
1289 1419 1342 1476 id
1377 1427 1485 1487 est,
1528 1424 1851 1494 segregatim
1898 1427 2008 1482 dabi

471 1512 491 1541 I
525 1495 822 1541 hmrm'lilnli
855 1510 958 1541 Inm
1016 1523 1035 1541 ι
1073 1506 1122 1541 id
1153 1516 1233 1541 nco
1272 1510 1469 1541 ηΛν-ιιιΙΛ
1500 1511 1662 1541 Ιο-αΛι
1718 1516 1910 1541 -..:L....
1963 1533 2008 1541 -.

2149 1414 2207 1470 id
2239 1425 2343 1484 est,
2372 1434 2436 1474 ea
2462 1436 2579 1490 quae
2607 1434 2795 1480 sancta
2835 1404 3079 1486 Ecclesia
3120 1404 3400 1506 exspectat
3430 1449 3561 1509 post
3602 1442 3747 1499 hanc

2145 1506 2313 1541 νῆα-ιι
2363 1516 2516 1541 mm...
2546 1533 2562 1541 -
2592 1513 2642 1541 ε..
2671 1515 2870 1541 ιλιι---
2902 1523 3015 1541 ---με
3130 1526 3140 1536 -
3163 1525 3177 1541 ι
3275 1534 3288 1541 -
3380 1530 3392 1539 .
3458 1529 3515 1541 ...

471 1512 491 1543 ‹
525 1495 825 1555 haereditati
855 1510 981 1570 tuae,
1016 1523 1035 1556 ι
1070 1506 1126 1565 id
1153 1516 1236 1563 est
1272 1510 1470 1580 populo
1497 1511 1686 1578 Israel,
1716 1516 1923 1584 quibus
1961 1533 2048 1573 se.
2145 1506 2333 1576 vitam,
2362 1516 2518 1567 erunt
2544 1533 2562 1565 ι
2590 1513 2644 1569 in
2670 1515 2873 1586 pallore
2898 1523 3041 1589 auri,
3071 1543 3091 1576 ι
3126 1525 3179 1580 id
3209 1534 3314 1593 est,
3348 1529 3558 1620 similia
3589 1549 3741 1602 auro,

471 1584 692 1636 paratim
734 1589 876 1636 bene
914 1608 1012 1636 npr
1057 1600 1398 1636 nrmcnnlinm
1438 1604 1682 1636 ηΑι-ηηιιῖο
1712 1607 2019 1636 ηηηιλεηηυε.
2144 1597 2267 1636 ninia
2297 1600 2433 1636 εἰη-ιι
2464 1618 2653 1636 nul-nun
2685 1608 2978 1636 -.....:..-:....
3012 1620 3088 1636 --ι
3117 1617 3321 1636 -----.κ
3380 1635 3385 1636 ,
3429 1629 3467 1636 _.
3520 1621 3573 1636 ...
3672 1626 3703 1636 .,

464 1584 692 1649 paratim
732 1589 876 1647 Deus
914 1608 1012 1663 per
1057 1600 1400 1667 praesentiam
1438 1604 1684 1673 corporis
1711 1607 2008 1674 praedicavit

467 1668 588 1689 η.
643 1675 658 1689 ..
791 1679 826 1689 ..
870 1681 882 1689 .
1024 1682 1067 1689 --

2144 1597 2268 1667 quia
2289 1600 2435 1689 sicut
2462 1618 2653 1658 aurum
2671 1584 2981 1676 pretiosius
3007 1620 3091 1668 est
3110 1617 3327 1674 cunctis
3360 1604 3607 1677 metallis
3626 1665 3644 1689 ,
3671 1626 3742 1680 ita

467 1668 623 1728 unde
642 1675 755 1744 ipse
774 1679 910 1734 dixit
938 1700 951 1736 ε
981 1701 1000 1733 ε
1024 1682 1138 1739 Non
1169 1702 1287 1742 sum
1313 1668 1665 1757 missus;msi
1688 1668 1756 1749 πίει
1773 1711 1900 1751 oves
1924 1713 2045 1767 qua,
2142 1701 2206 1742 ea
2229 1672 2348 1761 qua:
2376 1693 2637 1776 sancti-in
2665 1696 2846 1754 futura
2873 1701 2983 1757 vita
3011 1706 3328 1776 suscipient.
3356 1709 3481 1766 Alia
3514 1717 3745 1771 transla-

463 1762 743 1829 perierunt
770 1768 961 1827 domus
987 1771 1151 1858 Israel
1174 1776 1390 1847 (Matth.
1411 1780 1534 1852 xv);
1573 1801 1592 1836 ι
1626 1802 1644 1836 ‹
1679 1794 1734 1840 ει
1760 1806 1778 1838 ι
1813 1787 1902 1842 illa
1932 1762 2008 1845 hac

2146 1778 2223 1835 tio
2252 1781 2415 1837 habet
2442 1782 2497 1838 in
2534 1763 2714 1844 virore
2757 1790 2908 1858 auri,
2948 1793 3075 1859 alia,
3122 1796 3175 1851 in
3209 1800 3416 1869 specie,
3464 1803 3569 1857 sed
3601 1803 3741 1859 idem

462 1853 663 1911 reditas
698 1877 716 1909 ι
750 1854 1132 1921 ἱηηνωειεέει
1164 1886 1182 1920 i
1210 1883 1332 1938 quae
1358 1870 1530 1927 noluit
1549 1874 1794 1945 recipere
1815 1878 2008 1936 verbum

2116 1884 2249 1942 'cst,
2295 1874 2413 1946 ejus
2450 1880 2692 1938 ecclesiae
2728 1885 2882 1952 dico,
2918 1888 3200 1946 existentis
3246 1911 3264 1943 t
3296 1892 3449 1949 dorsi
3499 1898 3685 1959 oneri,
3713 1917 3732 1950 ι

460 1939 577 2008 Dei,
606 1955 872 2003 excaecata
899 1960 982 2006 est
1007 1966 1023 2003 :
1057 1971 1076 2004 t
1110 1961 1168 2008 tu
1190 1970 1340 2024 vero,
1374 1956 1535 2027 Deus,
1558 1962 1836 2032 perfecisti
1858 1981 1977 2024 eam
2012 1989 2031 2024 ι

457 2036 754 2111 supplendo
785 2056 904 2097 eam
936 2045 1001 2099 de
1030 2049 1329 2130 gentibus.
1622 2115 1632 2124 _

530 2143 550 2174 ι
584 2124 875 2185 Animalia.
907 2151 926 2184 ι
964 2133 1211 2193 Ostendit
1236 2140 1303 2196 de
1319 2124 1524 2213 quibus
1555 2147 1699 2205 Deus
1724 2148 2030 2221 perfecerit,

453 2214 693 2283 scilicet,
734 2220 801 2275 de
839 2224 1088 2294 gentibus
1127 2229 1312 2288 dicens
1329 2251 1357 2307 Δε
1392 2253 1412 2286 ι
1438 2234 1707 2294 Animalia
1724 2214 1866 2307 _tua,
1904 2262 1924 2295 ι
1980 2214 2033 2300 id

448 2313 566 2372 est,
608 2310 867 2379 gentiles,
904 2314 996 2383 qui
1024 2315 1277 2374 dicuntur
1311 2302 1586 2394 animalia,
1622 2331 1749 2405 quia
1785 2331 2039 2390 indomiti

450 2403 597 2462 sunt,
628 2407 683 2452 et
710 2398 825 2470 lege
847 2411 1055 2471 carent,
1082 2425 1103 2458 ‹
1122 2407 1444 2473 haliitabunt
1470 2415 1524 2470 in
1552 2433 1614 2472 ea
1638 2398 1665 2471 ἶ
1693 2422 2041 2494 haereditate,~

450 2485 577 2553 quia
601 2502 706 2542 una
738 2505 862 2545 cum
908 2492 1107 2552 Iudaeis
1135 2498 1273 2557 tlunt
1310 2501 1514 2561 Christi
1555 2508 1862 2579 haereditas,
1913 2485 2030 2571 ani;

450 2575 610 2632 malia
640 2577 977 2651 habitabunt,
1003 2596 1060 2641 et
1089 2587 1191 2645 hoc
1230 2606 1338 2646 non
1364 2607 1463 2663 per
1499 2610 1591 2663 se,
1620 2614 1724 2658 nec.
1743 2616 1842 2672 per
1876 2620 2027 2665 suam

448 2665 787 2736 dignitatem,
819 2672 912 2727 sed
954 2692 974 2726 ‹
1006 2679 1213 2751 parasti
1246 2700 1264 2732 ι
1298 2684 1531 2753 gratiam
1574 2695 1721 2744 tuam
1743 2665 1786 2745 ἰ,
1808 2693 1863 2748 in
1903 2696 2027 2752 dul-

443 2755 633 2809 cedine
663 2766 750 2812 tua
782 2764 1024 2831 pauperi,
1063 2785 1082 2817 ι
1124 2766 1321 2826 atllicto
1349 2780 1405 2827 et
1434 2777 1723 2846 esurienti,
1765 2800 1784 2834 ι
1820 2782 1964 2842 Deus
1998 2808 2018 2842 ι

445 2859 552 2899 non
578 2854 645 2900 ut
673 2847 849 2906 dulcia
884 2863 1137 2924 putarent
1173 2874 1237 2915 ea
1277 2877 1398 2933 qua:
1439 2870 1671 2928 mundus
1692 2872 1809 2943 dat,
1831 2878 1927 2934 sed
1958 2894 2036 2939 ea.

443 2950 565 3007 qua:
594 2939 843 3000 immittis
868 2962 1222 3023 quaecunque.

521 3047 539 3079 ι
568 3030 828 3090 Dominus
853 3038 1065 3094 dabit.»
1092 3043 1337 3104 Ostendit
1362 3054 1691 3125 parationes,
1729 3075 1863 3135 quas
1887 3061 2025 3125 facit

440 3117 579 3174 Deus
599 3126 821 3193 pauperi
847 3143 963 3184 suo.
996 3117 1382 3198 Continuatioi
1412 3143 1630 3203 Paravit
1661 3117 1688 3202 «Ι
1710 3117 1969 3214 Dominus
1990 3177 2008 3211 ι

437 3214 665 3283 scilicet,
688 3221 876 3305 «dabit
892 3227 1113 3284 verbum
1133 3250 1177 3296 ι,
1208 3233 1261 3289 id
1281 3245 1380 3303 est,
1408 3238 1782 3319 Evangelieam
1808 3249 2015 3306 doctri-

437 3319 563 3360 nam
619 3300 1184 3387 «evangelizantibus,
1238 3344 1258 3377 ι
1315 3300 1375 3383 ἰᾶ⁷
1415 3300 2029 3405 εει,υ’ῃνεεάἰεεηιί1)υε.

433 3394 632 3451 virtute
656 3400 855 3469 multa,
891 3424 910 3456 ι
953 3406 1006 3462 id
1035 3419 1118 3465 est
1142 3428 1335 3485 magna
1370 3394 1693 3482 constantia.
1722 3425 1819 3483 Vel
1851 3445 2017 3487 evan~

434 3484 790 3554 gelizantibus
818 3496 1065 3566 verbum,
1088 3501 1182 3557 dat
1205 3484 1464 3564 Dominus
1486 3512 1740 3575 virtutem
1764 3520 2006 3587 multam,

432 3574 485 3628 id
513 3584 616 3644 est,
641 3579 1106 3645 confirmationem
1137 3609 1236 3664 per
1265 3598 1545 3657 miracula.
1578 3604 1730 3664 Unde
1754 3608 1808 3663 in
1836 3610 2012 3671 Evan-

428 3664 568 3731 gelio
609 3682 625 3722 :
664 3688 684 3720 ‹
734 3669 958 3732 Domino
994 3694 1349 3755 cooperante,
1380 3698 1437 3746 et
1477 3708 1782 3755 sermonem
1811 3703 2008 3759 conﬁr-

430 3765 629 3824 mante,
657 3764 1003 3832 sequentibus
1029 3770 1215 3841 signis.
1257 3795 1276 3828 ι

503 3863 531 3897 ι
561 3845 695 3902 Rex.
736 3869 756 3903 ι
783 3852 1044 3913 Dominus
1091 3859 1263 3928 dabit,
1312 3866 1542 3937 scilicet,
1587 3873 1848 3933 Dominus
1892 3880 2017 3948 ille,

431 3937 523 4007 qui
545 3948 632 3995 est
656 3960 675 3992 α
710 3957 806 3998 rex
832 3946 1086 4004 virtutum
1110 3991 1125 4018 ,
1159 3972 1178 4005 ι
1212 3955 1266 4010 id
1303 3967 1414 4025 est,
1448 3964 1760 4033 angelorum
1781 4007 1797 4036 ,
1826 3937 2000 4028 virtu:

424 4038 538 4084 tum
565 4032 707 4097 dico,
740 4054 759 4086 ι
792 4037 996 4105 dilecti,
1030 4061 1050 4094 ι
1095 4043 1148 4099 id
1171 4057 1273 4114 est,
1305 4048 1420 4115 ﬁlii,
1452 4032 1547 4108 tiiii
1573 4056 1693 4111 dico
1726 4076 1745 4109 ι
1774 4032 1953 4120 dilecti
1976 4084 1994 4116 ι

424 4122 518 4190 qui
572 4123 814 4195 diligitur
856 4143 887 4183 a
936 4132 1084 4199 Deo,
1129 4145 1185 4190 et
1228 4147 1313 4193 est
1355 4157 1524 4197 unum
1576 4147 2005 4220 substantivum,

422 4211 567 4266 aliud
592 4213 938 4284 adjectivum.
978 4222 1110 4278 Cum
1143 4225 1277 4282 dicit
1314 4229 1543 4289 virtutes
1566 4251 1684 4292 esse
1706 4238 1851 4296 illius
1877 4211 1995 4311 ﬁlii,

419 4303 659 4358 ostendit
684 4321 808 4362 eum
834 4324 955 4367 esse
988 4316 1251 4385 aequalem
1273 4319 1441 4388 Patri,
1475 4331 1530 4378 et
1559 4325 1718 4383 aliam
1748 4303 1996 4401 partitio-'-

417 4404 543 4446 nem
569 4397 736 4463 ponit.
778 4399 1012 4457 Verbum
1050 4407 1219 4473 dabit,
1271 4428 1290 4461 ι
1319 4419 1372 4465 ει
1407 4432 1426 4466 ι
1465 4415 1616 4471 dabit
1652 4397 1816 4477 etiam
1852 4442 1870 4475 ι
1908 4427 1993 4480 di-

422 4503 440 4534 t
474 4486 660 4543 videre
700 4491 892 4561 spolia,
928 4513 951 4546 ι
987 4496 1040 4550 id
1068 4506 1174 4564 est,
1218 4500 1467 4560 homines
1496 4507 1710 4566 diabolo
1752 4524 1987 4587 ereptos,

413 4575 712 4634 ordinando
757 4596 852 4637 eos
897 4584 1129 4643 diversis
1172 4590 1477 4662 ordinibus,
1515 4600 1720 4656 scilicet
1747 4584 1990 4664 faciendo
2018 4586 2069 4645 Β

411 4666 547 4722 alios
576 4670 857 4740 episcopos
882 4682 937 4728 et
964 4687 1192 4747 extera,
1226 4692 1286 4736 ut
1314 4682 1508 4743 Petrus
1539 4699 1592 4745 et
1618 4692 1741 4760 alii,
1774 4706 1990 4755 sanctos

411 4756 611 4841 multos
656 4759 837 4815 taliter
881 4766 1305 4841 ordinaverunt,
1360 4778 1599 4836 dividere
1646 4756 1765 4842 dicio
1817 4790 1985 4858 spolia

417 4863 435 4894 t
467 4836 663 4914 speciei
702 4848 925 4919 domus,
956 4876 975 4907 ι
1009 4859 1060 4913 id
1087 4870 1186 4925 est,
1237 4836 1303 4919 ad
1332 4870 1732 4936 speciosil-utem
1770 4836 1982 4947 domus,

409 4932 463 4986 id
493 4943 597 5001 est,
629 4936 885 4995 Ecclesiae
903 4944 1022 5010 Dei,
1071 4950 1197 5018 quia
1231 4953 1335 5008 nisi
1362 4932 1565 5015 domus
1595 4962 1688 5017 Dei
1732 4932 1878 5022 esset
1902 4932 1974 5026 di:

388 5024 544 5091 ‘xisa,
573 5043 676 5083 non
710 5041 856 5088 esset
875 5035 1097 5104 pulchra
1116 5081 1130 5106 ,
1163 5057 1264 5099 nec
1302 5047 1467 5102 etiam
1495 5061 1640 5106 esset
1666 5068 1884 5127 corpus,
1915 5061 1982 5118 de

405 5117 602 5184 quibus
622 5113 870 5182 Christus
911 5128 1086 5186 dixit:
1117 5152 1136 5184 ι
1163 5132 1298 5190 Cum
1329 5137 1487 5195 fortis
1513 5113 1979 5209 armatushtrium

405 5220 562 5265 suum
587 5215 846 5281 custodit,
868 5218 921 5272 in
952 5234 1085 5288 pace
1111 5234 1237 5280 sunt
1261 5228 1441 5283 omnia
1475 5246 1596 5302 qua:
1620 5238 1857 5306 possidet
1888 5259 1902 5297 :
1934 5247 1980 5299 si

404 5305 584 5353 autem
628 5300 820 5360 fortior
860 5308 954 5364 illo
996 5318 1411 5383 supervenerit,
1452 5300 1663 5380 scilicet
1706 5327 1977 5401 Christus,

402 5387 582 5445 aufert
610 5401 665 5448 et
688 5394 877 5451 dividit
912 5401 1165 5459 universa
1206 5407 1376 5477 spolia
1414 5409 1531 5479 ejus
1562 5414 1745 5487 (Joan.
1796 5422 1874 5494 χι)
1902 5442 1915 5478 :

399 5482 541 5539 sicut
578 5484 707 5542 fecit
749 5488 1020 5558 Christus,
1060 5498 1152 5564 qui
1198 5507 1465 5558 armatum
1506 5482 1725 5577 fortem,
1770 5513 1824 5567 itl
1855 5482 1974 5583 lcet,

399 5572 702 5646 diabolum,
731 5585 1033 5653 superavit,
1063 5597 1118 5644 et
1145 5591 1262 5662 ejus
1282 5596 1451 5665 spolia
1489 5572 1736 5669 abstulit,
1765 5607 1975 5665 scilicet

396 5662 665 5722 homines.
1312 5662 1347 5693 ⁷·

469 5771 489 5809 t
520 5755 578 5811 Si
639 5759 918 5820 durmiatis
956 5766 1096 5823 inter
1126 5773 1345 5831 medios.
1386 5796 1401 5827 ι
1452 5779 1611 5837 Ponit
1656 5783 1783 5840 item
1835 5786 1969 5845 alias

2142 1968 2195 2023 id
2225 1977 2330 2037 est,
2351 1972 2652 2040 oneriferaa,
2682 1977 2807 2047 quia
2834 1979 2940 2035 fert
2967 1995 3132 2037 onera
3156 2024 3172 2049 ,
3202 1983 3256 2039 id
3289 1994 3398 2052 est,
3425 1987 3743 2059 depressio-

2139 2075 2237 2116 nes
2261 2062 2422 2134 hujus
2455 2065 2595 2121 vitae.
2623 2066 2727 2124 Per
2756 2070 2930 2129 cleros
2969 2073 3091 2131 ideo
3120 2075 3356 2141 divinam
3390 2078 3741 2153 Scriptum

2136 2150 2513 2225 intelligimus,
2553 2159 2681 2229 quia
2714 2160 2891 2218 cleros
2914 2163 3126 2233 Graece,
3157 2184 3279 2225 sors
3314 2150 3566 2227 Latine“:
3600 2175 3732 2230 diri-

2134 2257 2260 2296 nam
2307 2253 2489 2301 autem
2527 2247 2862 2321 Scripturam
2905 2255 3054 2312 nullo
3096 2257 3334 2316 humano
3363 2263 3611 2320 arbitrio
3644 2268 3735 2321 ha-

2131 2333 2369 2403 buimus,
2393 2338 2486 2394 sed
2515 2341 2630 2398 sola
2652 2352 2818 2413 sorte,
2849 2346 2905 2403 id
2939 2358 3040 2416 est,
3073 2350 3184 2407 sola
3212 2353 3309 2409 Dei
3336 2355 3617 2414 electione
3639 2361 3730 2414 ha-

2130 2422 2367 2481 buimus.

2206 2533 2225 2568 t
2257 2517 2393 2579 Dum
2428 2520 2690 2580 discernit
2721 2527 2980 2587 cmlestis.
3012 2551 3031 2585 ι
3058 2531 3220 2589 Ponit
3257 2534 3399 2591 alias
3433 2541 3727 2610 apparitio-

2127 2619 2246 2663 nes.
2278 2606 2405 2667 Haec
2434 2612 2581 2669 dabit
2623 2618 2776 2674 vobis
2804 2619 3085 2688 Dominus,
3123 2632 3180 2680 et
3219 2643 3239 2677 ι
3271 2628 3428 2694 dum,
3465 2606 3589 2686 i‘id
3628 2641 3721 2691 est.

2127 2696 2274 2766 quia,
2330 2700 2569 2759 ctelestis
2594 2746 2609 2772 ,
2658 2707 2714 2762 id
2740 2717 2852 2776 est,
2885 2710 3170 2782 Christus,
3212 2734 3233 2767 ι
3266 2716 3569 2784 discernit,
3608 2740 3627 2774 ι
3674 2722 3723 2776 id

2124 2798 2240 2856 est,
2257 2790 2493 2862 disponit
2526 2814 2546 2847 t
2578 2812 2753 2870 reges,
2789 2821 2810 2854 ι
2844 2801 2899 2858 id
2935 2812 3039 2870 est,
3070 2816 3290 2863 sanctos
3316 2808 3607 2878 praelatos,
3635 2814 3720 2882 qui

2122 2880 2263 2939 bene
2291 2894 2480 2956 regant
2523 2897 2578 2944 et
2613 2891 2823 2963 seipsos
2862 2903 2917 2950 et
2966 2894 3118 2953 alios.
3157 2917 3176 2950 ι
3207 2899 3383 2972 Super
3427 2917 3557 2959 eam
3590 2924 3610 2956 ι

2120 2971 2396 3042 Inmham,
2450 2977 2505 3035 id
2551 2990 2657 3046 est,
2705 2984 3002 3043 Ecclesium
3052 3010 3073 3042 ί
3114 2992 3518 3051 dealbabuntur
3573 3018 3594 3051 ι
3644 2998 3715 3053 illi

2119 3063 2212 3135 qui
2237 3074 2367 3121 sunt
2396 3067 2640 3127 Ecclesia
2685 3072 2916 3133 interius
2953 3078 3007 3135 in
3049 3081 3228 3138 anima
3264 3084 3509 3143 candore
3543 3089 3715 3143 virtu-

2120 3162 2258 3222 tum,
2293 3175 2312 3209 ‹
2336 3158 2481 3228 nive,
2513 3182 2531 3214 ι
2562 3163 2615 3219 id
2641 3175 2746 3232 est,
2776 3167 2896 3239 plus
2936 3187 3098 3242 quam
3129 3174 3220 3230 nix
3250 3176 3375 3232 alba
3406 3180 3501 3233 sit.
3543 3180 3714 3237 IIabet

2121 3245 2226 3303 alia
2255 3252 2536 3319 translatio
2570 3276 2589 3308 ι
2621 3262 3011 3344 superuivem.
3055 3286 3074 3317 ι
3115 3267 3215 3324 Ubi
3254 3269 3393 3325 dicit
3431 3286 3597 3344 super
3632 3276 3709 3329 ni-

2116 3352 2258 3405 vem,
2289 3344 2521 3401 ostendit
2543 3362 2663 3406 esse
2689 3334 3084 3412 dealbationem
3108 3358 3253 3415 illam
3283 3334 3701 3435 incorporalem.

2114 3426 2512 3489 dealhabuntur
2553 3437 2676 3495 dico
2725 3459 2745 3491 ι
2781 3442 2846 3498 in.
2886 3443 3129 3512 Selmon,
3164 3467 3183 3499 ι
3217 3449 3272 3505 id
3300 3460 3387 3505 est
3417 3426 3474 3507 in
3496 3454 3699 3519 umbra,

2114 3519 2347 3589 scilicet,
2380 3523 2432 3579 in
2461 3525 2698 3597 Christo,
2742 3535 2951 3603 quirest
2991 3538 3148 3594 nobis
3175 3541 3371 3597 umbra
3391 3552 3445 3597 et
3478 3544 3701 3615 refrige-

2110 3610 2250 3668 rium
2292 3624 2482 3673 contra
2533 3632 2696 3680 aestus
2744 3624 2901 3695 hujus
2942 3630 3145 3687 smculi.
3198 3632 3417 3691 Selmon
3465 3652 3702 3707 namque

2107 3701 2307 3761 umbra
2354 3706 2761 3783 interpretatur.
2809 3715 3003 3789 Incipit
3044 3721 3111 3776 de
3171 3723 3332 3779 tertia
3375 3735 3547 3795 parte.
3595 3701 3699 3795 ριιί

2108 3787 2347 3860 Selmon,
2372 3796 2426 3852 id
2452 3809 2558 3868 est,
2591 3805 2681 3872 qui
2713 3787 2959 3864 Christus
2985 3828 3007 3862 ε
3041 3820 3122 3868 εει
3148 3830 3306 3871 mons
3329 3816 3434 3881 Dei,
3467 3833 3634 3873 mons
3669 3841 3692 3873 ι

2104 3883 2227 3940 dico
2262 3906 2279 3938 t
2313 3889 2529 3962 pinguis
2561 3912 2580 3946 ι
2612 3895 2678 3950 de
2708 3912 2815 3967 quo
2843 3898 2995 3958 ﬂuxit
3036 3905 3213 3960 omnis
3258 3906 3535 3976 spiritualis
3580 3908 3692 3964 do-

2102 3976 2279 4031 ctrina
2310 3993 2415 4048 qua
2438 3982 2632 4039 anima:
2663 3984 2849 4043 fideles
2875 3988 3297 4063 impinguantur.

2174 4066 2326 4124 Mons
2357 4071 2498 4149 dico,
2531 4082 2586 4128 et
2621 4075 2738 4149 ipse
2766 4078 2906 4135 idem
2938 4081 3187 4141 Christus
3210 4094 3294 4141 est
3326 4107 3345 4137 (
3380 4101 3532 4141 mons
3556 4102 3699 4144 eoa-

2099 4157 2314 4227 gulatus
2336 4179 2353 4211 i
2372 4146 2677 4220 secundum
2715 4167 2835 4224 illos
2869 4188 3006 4243 quos
3034 4173 3174 4230 l‘acte
3200 4178 3395 4244 nutrit,
3414 4178 3579 4233 etiam
3607 4190 3697 4235 est

2106 4265 2125 4298 ο
2160 4265 2316 4306 mons
2364 4255 2578 4326 pinguis
2603 4278 2621 4311 ι
2661 4262 2958 4318 secundum
2989 4267 3283 4336 sapientes,
3325 4284 3463 4339 quos
3512 4271 3695 4327 solido

2097 4340 2219 4395 cibo
2268 4343 2475 4412 reficit,
2512 4358 2567 4403 et
2617 4355 2884 4409 convertit
2926 4372 2985 4412 se
3033 4360 3296 4433 propheta
3348 4361 3417 4415 ad
3448 4362 3595 4427 illos,
3637 4372 3693 4417 et

2096 4433 2530 4507 quandoquidem
2572 4440 2820 4499 Christus
2868 4446 2990 4502 talis
3037 4465 3192 4505 mons
3235 4461 3318 4506 est
3346 4492 3362 4515 ,
3408 4467 3540 4524 ergo
3588 4469 3689 4510 vos

2094 4520 2264 4578 Judaei
2315 4547 2333 4576 ‹
2368 4536 2426 4583 ιιι
2463 4531 2592 4602 quid
2631 4536 2980 4605 suspicamini
3014 4559 3032 4591 ι
3084 4556 3180 4596 vos
3216 4543 3421 4613 aliquid
3458 4520 3583 4599 esse
3618 4547 3691 4602 ad

2095 4618 2559 4683 comparationem
2589 4623 2744 4680 istius
2775 4629 2974 4683 montis
3009 4650 3028 4682 t
3057 4642 3268 4688 montes
3288 4635 3605 4706 coagulatos
3636 4657 3688 4703 ι,

2094 4702 2215 4761 illos
2244 4724 2465 4780 magnos
2494 4713 2675 4770 viros?
2698 4716 2766 4771 Et
2800 4717 2887 4775 hic
2917 4725 3259 4791 reprehendit
3300 4702 3421 4781 illos
3454 4729 3547 4796 qui
3594 4726 3685 4783 dio

2090 4795 2284 4852 cebant
2312 4818 2331 4850 t
2359 4801 2634 4860 Christum
2665 4806 2925 4867 Joannem
2951 4830 3069 4870 esse
3098 4816 3414 4886 Baptistam,
3453 4820 3537 4875 vel
3567 4820 3685 4875 He;

2087 4882 2238 4951 liam,
2269 4897 2375 4944 etc.
2416 4910 2433 4941 ι
2461 4892 2688 4962 (Matth.
2722 4915 2807 4966 ix;
2843 4900 3013 4957 Marc.
3046 4904 3142 4976 γι.)

2159 4976 2289 5031 Item
2316 4986 2713 5043 commendatio
2743 4991 2965 5049 Christi.
2999 4995 3115 5066 Ipse
3144 4998 3307 5054 etiam
3333 5012 3420 5057 est
3460 5021 3480 5052 ι
3515 5019 3685 5062 mons

2084 5063 2139 5118 in
2192 5081 2300 5135 quo
2344 5070 2740 5143 beneplacitum
2771 5091 2857 5137 est
2899 5063 3360 5151 Deo'liabitareu
3412 5093 3486 5147 ita
3526 5095 3681 5163 quod

2089 5175 2107 5206 t
2141 5155 2193 5210 in
2224 5173 2289 5213 eo
2310 5180 2328 5211 ι
2367 5163 2433 5218 de
2474 5182 2582 5236 quo
2607 5169 2893 5245 Apostolus
2919 5194 2932 5230 :
2971 5196 2988 5226 α
3012 5177 3142 5237 Erat
3180 5181 3321 5238 Deus
3346 5184 3402 5238 in
3425 5155 3676 5252 Christo,

2082 5251 2338 5305 mundum
2376 5254 2474 5309 sibi
2507 5261 2859 5320 reconcilians
2885 5265 2971 5336 (11
2994 5267 3116 5329 Cor.
3144 5281 3220 5341 vi,
3259 5290 3279 5324 ι
3309 5274 3430 5329 dico
3458 5251 3678 5333 habitat

2080 5335 2135 5389 in
2161 5351 2256 5403 eo,
2285 5358 2303 5390 t
2331 5343 2528 5397 ctenim
2556 5347 2813 5407 Dominus
2840 5335 3105 5411 habitabit
3125 5335 3187 5412 in.
3210 5360 3370 5416 finem
3399 5383 3418 5414 ι
3452 5363 3681 5421 habita-

2082 5426 2244 5483 tionis
2274 5431 2503 5500 scilicet,
2532 5436 2607 5491 ita
2633 5442 2775 5508 quod
2809 5443 2931 5515 plus
2960 5461 3067 5501 non
3096 5450 3268 5518 possit
3299 5452 3565 5509 habitare.

2149 5519 2442 5595 Postquam
2488 5532 2726 5588 ostendit
2769 5535 3110 5595 altitudinem
3149 5541 3384 5609 Christi,
3422 5551 3674 5605 ostendit

2075 5610 2205 5679 quid
2265 5613 2389 5668 inde
2448 5622 2730 5686 proveniat
2785 5625 3057 5685 Ecclesiae.
3120 5630 3465 5692 Continuatio
3504 5657 3519 5692 :
3553 5638 3671 5696 Iste

2074 5716 2229 5758 mons
2254 5713 2337 5761 est
2363 5708 2501 5774 talis,
2536 5720 2588 5766 et
2615 5714 2703 5768 alii
2740 5717 2832 5787 qui
2863 5722 3193 5788 putabantur
3220 5736 3434 5784 montes
3456 5743 3661 5801 coagu-

2072 5792 2185 5859 lati,
2234 5806 2357 5852 sunt
2406 5818 2421 5849 t
2448 5815 2638 5858 currus
2672 5807 2763 5862 Dei
2797 5828 2815 5858 i
2856 5821 3136 5879 portantes
3175 5832 3321 5884 eum,
3371 5836 3507 5889 quos
3538 5822 3665 5892 ipse
