3940 6464
165 405 280 461 417

1370 399 1807 459 EXPLANATIO
1838 400 1906 457 1N
1943 398 2285 461 PSALMOS.

3335 360 3473 462 M8.

169 528 337 601 regit,
364 526 510 583 sicut
525 522 701 581 bonus
724 512 912 594 auriga
933 534 1172 589 currum,
1196 536 1391 578 currus
1418 522 1540 577 dico
1573 538 1592 573 ι
1616 520 1748 576 mulo
1780 522 1832 584 Α
1856 520 1935 575 sic
1980 504 2336 592 Cogitationes
2395 520 2563 576 menti
2584 561 2598 586 ,
2652 521 2805 576 bonae
2851 526 3033 575 autem
3087 518 3443 590 cogitationes

168 618 345 690 tlplex
388 616 576 671 decem
606 612 842 669 millibus
876 631 895 665 ›
943 611 1155 682 pepulis
1201 628 1214 665 :
1256 626 1356 682 per
1390 610 1607 665 ﬁnitum
1653 625 1757 663 nu»

169 722 389 764 merum
430 703 781 775 intelligimus
820 701 1111 767 infinitum,
1143 710 1199 756 et
1224 700 1313 757 illa
1344 720 1363 753 ι
1388 701 1556 756 millia
1586 719 1605 753 ο
1633 706 1761 755 sunt

174 821 200 856 ι
231 799 534 857 laetantium
570 818 589 851 ι
630 797 771 863 ideo,
800 796 926 866 quia
962 816 980 848 ι
1010 796 1270 851 Dominus
1302 816 1322 849 ι
1367 803 1453 851 est
1478 812 1503 845 -‹
1536 794 1589 848 in
1617 792 1699 848 eis
1733 811 1753 843 ο

166 892 269 963 qui
317 889 581 945 Dominus
629 894 712 942 est
751 905 769 937 α
798 886 851 941 in
896 884 1053 952 Sina,
1081 905 1100 937 ι
1136 886 1190 941 id
1230 894 1336 951 est,
1370 885 1431 939 in
1479 883 1754 938 mandato.

169 985 282 1041 Per
315 985 421 1040 hoc
449 989 623 1046 nutat,
658 980 799 1051 quod
831 979 1095 1033 Dominus
1121 985 1203 1032 est
1232 976 1338 1031 illis
1360 975 1450 1045 qui
1487 989 1583 1030 sua
1609 989 1759 1029 man-

172 1077 305 1130 data
326 1072 656 1134 custodiunt,
682 1070 771 1139 qui
798 1070 961 1124 etiam
985 1067 1244 1122 Dominus
1269 1075 1354 1121 est
1376 1083 1394 1115 ι
1419 1065 1472 1120 in
1494 1074 1684 1119 sancto
1710 1084 1757 1130 ι,

174 1170 232 1227 id
260 1176 364 1234 est,
399 1168 451 1224 in
495 1162 711 1223 Christo
736 1207 750 1231 ,
799 1173 854 1219 et
888 1179 985 1235 per
1022 1163 1127 1217 hoc
1166 1169 1316 1217 notat
1349 1160 1492 1229 quod
1544 1160 1676 1230 ipsi,
1704 1159 1763 1213 in

172 1261 377 1331 quibus
406 1259 639 1322 habitat,
668 1256 778 1313 sint
798 1253 1104 1311 conformes
1134 1250 1369 1307 Christo.

249 1371 320 1425 Et
341 1384 440 1441 per
465 1371 569 1424 hoc
597 1377 724 1423 sunt
746 1367 834 1422 isti
861 1365 994 1421 facti
1024 1380 1214 1420 currus
1233 1364 1350 1430 Dei,
1384 1362 1509 1435 quia
1540 1372 1593 1418 tu
1620 1362 1763 1419 Deus

181 1479 201 1513 ι
233 1453 529 1517 ascendisti
563 1459 616 1514 in
656 1458 822 1513 altum
853 1478 871 1510 ι
906 1457 973 1511 ad
1008 1454 1245 1510 litteram
1276 1472 1295 1505 ι
1328 1450 1538 1523 coepisti
1584 1454 1758 1523 capti-

173 1551 425 1615 vitatem,
453 1568 479 1599 τ
524 1549 714 1613 idest,
761 1554 791 1601 a
837 1544 1033 1601 diaboli
1067 1541 1280 1613 laqueis
1325 1552 1446 1598 tuos
1484 1539 1761 1613 eripuisti,

174 1641 272 1711 qui
330 1638 399 1693 ad
448 1635 855 1708 expressionem
914 1631 1199 1704 captivitas
1257 1630 1595 1703 appellantur
1643 1650 1657 1686 :
1709 1641 1764 1686 et

180 1750 199 1780 ι
231 1724 489 1799 accepisti
520 1747 539 1780 ι
589 1743 619 1782 a
652 1726 762 1781 Deo
794 1745 812 1777 ‹
844 1725 985 1780 dona
1029 1726 1084 1780 in
1127 1724 1461 1787 hominibus,
1491 1743 1508 1774 ι
1564 1720 1615 1778 id
1658 1730 1762 1789 est,

128 1882 133 1887 _
174 1818 429 1873 homines
481 1816 660 1880 dona,
713 1814 853 1869 sicut
899 1814 1143 1869 dicitur:
1184 1811 1284 1866 Hic
1340 1811 1502 1866 homo
1554 1810 1763 1881 accepit

173 1907 321 1961 dona
344 1906 399 1960 in
421 1904 630 1977 ‘cyphis,
663 1904 717 1959 id
742 1911 844 1969 est,
875 1903 1076 1974 cypbos
1100 1901 1325 1972 accepit.

253 2018 326 2073 Et
346 2032 470 2072 vere
509 2015 763 2085 accepisti
795 2013 1043 2069 homines
1086 2013 1247 2077 dona,
1282 2011 1409 2081 quia
1454 2010 1616 2065 etiam
1650 2024 1758 2065 non

172 2107 466 2162 credentes
500 2121 523 2158 ι
553 2105 754 2161 etenim
790 2112 898 2157 non
937 2102 1221 2158 credentes
1240 2122 1266 2153 -ι
1303 2101 1557 2170 accepisti
1602 2118 1621 2150 ι
1657 2100 1760 2155 Do-

169 2198 385 2253 minum
448 2185 616 2250 Deum
670 2193 976 2248 inhabitare
1039 2211 1057 2243 ›
1112 2192 1167 2246 in
1219 2191 1563 2254 hominibus,
1622 2190 1761 2246 sicut

169 2284 425 2359 gentiles,
466 2286 559 2356 qui
580 2276 747 2340 Deum
783 2284 924 2339 inter
938 2274 1195 2338 homines
1230 2281 1478 2337 habitare
1506 2296 1612 2336 non
1641 2298 1762 2337 cre-

166 2380 397 2435 debant.

242 2471 317 2527 Et
336 2470 461 2542 quia
493 2476 698 2524 tantam
730 2466 1159 2523 misericordiam
1202 2465 1350 2521 dedit
1383 2463 1606 2529 mundo,
1636 2456 1760 2518 ideo

163 2562 291 2632 ipse
321 2579 340 2613 ι
370 2560 628 2616 Dominus
656 2577 673 2608 ι
706 2558 776 2613 sit
810 2575 829 2607 ‹
852 2557 1187 2618 benedictus,
1213 2574 1231 2606 ι
1268 2554 1318 2608 id
1349 2565 1452 2618 est,
1487 2553 1767 2617 laudatus,

169 2671 192 2703 ι
232 2650 364 2707 ἀίει
424 2649 701 2704 nominato
747 2664 766 2698 ε
806 2646 1045 2716 quotidie
1073 2665 1120 2711 ι,
1158 2645 1209 2699 id
1252 2652 1334 2698 est
1362 2684 1376 2709 ,
1416 2643 1664 2708 assidue,
1703 2650 1759 2696 et

161 2743 330 2814 quasi
375 2740 572 2811 aliquis
617 2739 864 2794 diceret:
898 2735 1076 2803 Quare
1124 2733 1431 2790 benedicis?
1476 2734 1600 2803 quia
1646 2733 1759 2789 seio

166 2838 322 2907 quod
362 2834 477 2904 ipse
521 2831 838 2897 ascendens,
886 2845 986 2884 nos
1025 2844 1238 2900 quoque
1261 2827 1554 2883 ascendere
1581 2826 1754 2881 facit:

159 2937 222 2983 et
271 2927 375 2981 hoc
400 2932 484 2981 est
527 2943 545 2977 t
576 2937 899 2993 prosperum
930 2922 1051 2985 iter,
1084 2940 1103 2972 ι
1137 2920 1192 2974 id
1235 2927 1339 2985 est,
1378 2919 1495 2972 sine
1536 2917 1756 2987 impedi-

68 3040 71 3045 λ
161 3031 377 3084 mento,
427 3017 652 3079 scilicet,
702 3030 771 3070 ne
813 3014 1025 3084 possint
1064 3012 1251 3068 mundi
1283 3010 1561 3067 obstacula
1590 3011 1761 3081 impe—

158 3112 289 3167 dire
337 3126 456 3176 nos,
498 3108 713 3164 «faciet
757 3107 911 3162 nobis
957 3106 1102 3161 Deus
1145 3121 1164 3155 ι
1208 3105 1276 3159 (ιε
1319 3120 1428 3174 quo
1472 3119 1758 3175 possumus

1863 612 2129 668 adornant
2156 623 2417 680 mentem,
2455 613 2609 668 malae
2632 611 2944 683 deturpant.

1933 722 2079 778 Dixit
2104 723 2401 779 Dominus:
2428 724 2701 791 Quosdam
2728 723 3052 795 confringet,
3083 724 3346 794 quosdam
3373 726 3440 781 ad

1861 826 1920 869 se
1947 822 2245 879 convertet,
2290 814 2363 869 ita
2392 816 2536 885 quod
2583 816 2722 871 alios
2764 816 2925 872 faciet
2960 824 3227 888 martyres
3257 835 3269 871 :
3309 816 3444 874 alios

1860 920 1989 959 vero
2021 904 2181 959 faciet
2206 905 2609 976 prmdicatores,
2653 915 2710 961 et
2750 908 2816 961 ad
2856 908 2958 961 hoc
2987 907 3442 973 confirmandum,

1863 996 2068 1053 inducit
2093 996 2382 1051 Dominum
2418 997 2496 1053 sic
2525 1015 2538 1052 :
2581 1016 2600 1049 ι
2628 998 2774 1053 Dixit
2800 998 3057 1055 Dominus
3085 1020 3104 1053 ι
3135 1014 3233 1071 ego
3265 1019 3285 1052 ε
3320 1015 3447 1056 con-

1859 1095 2070 1141 vertam
2097 1107 2115 1140 ›
2144 1088 2210 1142 ad
2235 1103 2319 1141 me
2349 1087 2559 1157 aliquos
2594 1107 2613 1139 ι
2642 1104 2707 1143 ex
2734 1088 2932 1155 Basan,
2968 1110 2986 1141 ι
3022 1091 3075 1145 id
3098 1099 3197 1154 est,
3229 1106 3294 1145 ex
3320 1106 3443 1146 con-

1864 1177 2094 1244 fusione,
2139 1179 2226 1234 vel
2263 1193 2329 1233 ex
2371 1178 2664 1234 ariditate:
2694 1178 2871 1234 Basan
2920 1196 3153 1251 namque
3200 1182 3447 1237 confusio

1860 1267 1946 1321 vel
1970 1268 2192 1322 ariditas
2235 1268 2645 1338 interpretatur.
2689 1268 2962 1335 Quosdam
2991 1272 3132 1325 enim
3170 1272 3263 1341 qui
3296 1273 3448 1341 prius

1862 1368 2020 1415 erant
2066 1359 2273 1416 confusi
2322 1360 2376 1414 in
2422 1360 2681 1430 peccatis,
2713 1358 2798 1414 vel
2830 1361 2882 1414 in
2912 1361 3163 1416 ariditate
3196 1361 3444 1430 justitiae,

1863 1450 2135 1505 convertit
2156 1451 2226 1505 ad
2256 1465 2314 1506 se
2344 1451 2524 1505 Deus:
2552 1459 2607 1505 et
2633 1450 2796 1505 etiam
2825 1467 2844 1501 ί
2874 1460 3186 1504 convertam
3215 1470 3234 1502 ι
3267 1454 3335 1508 ad
3362 1468 3449 1508 me

1862 1545 2122 1613 quosdam
2152 1544 2448 1599 existentes
2480 1561 2498 1594 ι
2538 1544 2592 1597 ἱη
2622 1542 2891 1614 profundo
2929 1541 3116 1609 maris,
3154 1563 3173 1596 ι
3208 1543 3263 1599 id
3285 1553 3368 1601 est
3394 1546 3448 1600 in

1861 1631 2132 1701 profundo
2161 1633 2437 1687 vitiorum.

1941 1732 2059 1798 «Ut‘
2080 1736 2398 1814 intingatur,
2432 1765 2452 1798 ι
2478 1744 2611 1799 dicit
2634 1744 2919 1816 propheta.
2952 1743 3448 1825 Continuatioz'l‘u,

1789 1876 1837 1935 Β
1866 1828 2029 1899 Deus,
2080 1844 2368 1890 convertes
2406 1850 2521 1899 eos,
2557 1844 2613 1890 et
2644 1836 2726 1918 ita
2752 1845 3159 1902 convertentur,
3198 1856 3215 1888 ι
3254 1845 3313 1892 ut
3357 1852 3451 1909 pes

1865 1932 2008 1989 tuus,
2050 1944 2069 1977 ι
2099 1925 2151 1980 id
2186 1934 2269 1980 est
2298 1926 2543 1981 conversi
2587 1928 2655 1981 ad
2687 1915 2759 1992 te,
2788 1925 2879 1997 qui
2921 1935 2972 1980 te
3009 1934 3226 1997 portant
3269 1928 3323 1983 in
3369 1943 3451 1994 se,

1862 2015 1953 2083 qui
1991 2029 2086 2084 pes
2126 2014 2277 2084 prius
2308 2015 2673 2084 intingebatur
2717 2012 2773 2070 in
2817 2014 3106 2071 dilectione
3145 2017 3304 2087 hujus
3327 2018 3453 2073 vitae

1863 2101 2023 2156 modo
2057 2121 2075 2152 ι
2100 2102 2395 2173 intingatur
2418 2103 2469 2157 in
2493 2103 2807 2175 sanguine»
2845 2101 2897 2160 id
2921 2114 3004 2160 est
3032 2107 3261 2161 ducatur
3285 2108 3451 2162 etiam

1864 2209 2034 2264 usque
2059 2195 2127 2249 ad
2156 2189 2474 2249 effusionem
2503 2195 2803 2266 sanguinis,
2832 2203 2887 2250 et
2911 2214 2929 2246 ι
2953 2211 3019 2250 ex
3042 2190 3275 2250 inimicis
3296 2215 3314 2247 ι
3347 2196 3454 2251 tuis

1862 2280 1957 2337 fiat
2008 2300 2026 2333 ι
2058 2280 2236 2353 lingua
2278 2298 2474 2337 canum
2524 2292 2768 2348 tuorum,
2801 2301 2821 2335 ι
2865 2283 2921 2338 id
2962 2284 3218 2349 est,ﬁant
3264 2283 3452 2352 optimi

1862 2374 2277 2446 praedicatores,
2318 2384 2373 2430 et
2415 2375 2552 2429 bene
2587 2372 2884 2440 latrantes,
2928 2382 2983 2427 et
3026 2373 3120 2428 Dei
3152 2372 3450 2429 Ecelesiam

1862 2465 2243 2533 defendentes,
2278 2469 2419 2523 sicut
2455 2475 2619 2522 canes
2657 2469 2800 2522 circa
2841 2466 3183 2522 dominorum
3227 2480 3452 2521 suorum

1863 2557 2051 2613 domos
2079 2555 2318 2627 vigilant,
2360 2564 2415 2612 et
2456 2558 2558 2611 hoc
2590 2572 2694 2610 non
2725 2556 2979 2627 procedet
3017 2575 3035 2606 ‹
3068 2555 3136 2609 ab
3162 2574 3181 2607 ι
3216 2555 3322 2615 eis,
3354 2553 3451 2608 sed

1863 2665 1892 2703 a
1925 2653 1977 2704 te
2017 2669 2034 2699 ι
2065 2642 2201 2720 ipso.
2237 2668 2256 2700 ›
2294 2646 2413 2703 Alia
2439 2645 2584 2703 enim
2613 2647 2896 2703 translatio
2922 2648 3108 2711 habet,
3135 2645 3327 2717 teipse.
3351 2643 3449 2699 Vel

1861 2755 2038 2794 sermo
2059 2747 2235 2809 potest
2261 2740 2365 2794 dici
2396 2752 2692 2794 conversus
2718 2738 2797 2794 sic
2823 2757 2835 2791 :
2866 2737 3127 2791 Dominus
3148 2744 3444 2802 convertet,

1862 2839 1915 2887 ct
1945 2840 2000 2886 tu
2031 2833 2223 2902 popule
2247 2833 2319 2887 ita
2347 2833 2706 2898 converteris,
2747 2838 2806 2887 ut
2842 2842 2938 2901 pes
2961 2839 3105 2895 tuus,
3131 2827 3184 2884 id
3211 2838 3295 2885 est
3318 2827 3448 2883 affe-

1863 2922 1971 2977 ctio
1995 2932 2086 2976 tua
2111 2923 2408 2993 intingatur
2430 2918 2483 2976 in
2515 2918 2856 2991 sanguinem,
2888 2920 2941 2975 id
2975 2928 3059 2976 est
3086 2935 3253 2990 prona
3281 2919 3352 2974 sit
3380 2918 3449 2975 ad

1862 3008 2177 3067 effusionem
2206 3012 2516 3082 sanguinis,
2554 3016 2610 3067 et
2643 3011 2975 3066 cx.inimicis
3004 3010 3097 3065 Dei
3136 3011 3230 3064 fiat
3263 3004 3451 3081 lingua

1863 3115 2054 3157 canum
2086 3110 2319 3166 tuorum,
2359 3101 2410 3155 id
2451 3109 2534 3156 est
2566 3110 2911 3171 peccatorum
2940 3109 3179 3163 tuorum,
3219 3099 3443 3163 scilicet,

158 3217 294 3259 esse
328 3200 541 3267 securi;
573 3201 628 3255 in
656 3200 760 3255 hoc
797 3199 942 3253 enim
979 3197 1232 3267 praesenti
1262 3197 1354 3251 dat
1387 3197 1543 3251 nobis
1583 3194 1757 3250 salva-
1785 3229 1831 3291 Ο
1862 3191 1954 3261 qui
1983 3197 2111 3245 sunt
2134 3190 2201 3245 de
2233 3201 2392 3260 gente
2427 3197 2479 3245 et
2506 3191 2574 3245 de
2602 3191 2876 3245 consortio
2907 3194 3018 3253 tuo,
3053 3197 3107 3245 et
3135 3188 3238 3245 hoc
3269 3203 3377 3243 non
3414 3204 3447 3244 a

160 3296 368 3360 tiones,
400 3294 614 3350 scilicet
650 3292 998 3346 remissiones
1024 3297 1396 3359 peccatorum,
1440 3289 1624 3347 ethoc
1651 3296 1756 3354 est,

170 3406 193 3439 ι
228 3385 548 3441 salutarium
587 3390 898 3437 nostrorum
931 3398 951 3430 ›
1007 3386 1062 3433 ει
1091 3377 1225 3433 alias
1256 3392 1471 3449 quoque
1510 3369 1761 3432 salvatio«

164 3491 296 3542 nes,
326 3475 532 3531 scilicet
553 3471 843 3541 justitiam,
866 3476 974 3523 etc.

243 3589 367 3657 Ipse
394 3588 556 3642 etiam
584 3594 667 3640 est
699 3602 718 3636 ι
746 3584 890 3639 Deus
915 3591 1126 3649 noster,
1166 3603 1185 3636 ι
1219 3584 1271 3639 id
1294 3592 1379 3640 est
1405 3594 1590 3639 noster
1611 3598 1763 3639 crea-

172 3689 285 3746 tor,
316 3687 371 3735 et
409 3688 492 3735 est
519 3678 683 3733 etiam
717 3696 735 3729 ι
784 3678 927 3732 Deus
958 3677 1140 3733 salvos
1185 3676 1417 3732 faciendi
1447 3696 1465 3727 ›
1498 3677 1624 3746 quia
1655 3693 1762 3732 non

173 3779 391 3825 tantum
416 3769 468 3823 in
497 3769 599 3823 hac
626 3768 736 3821 vita
760 3767 951 3832 salvat,
980 3767 1075 3822 sed
1099 3766 1264 3822 etiam
1293 3768 1348 3821 in
1374 3774 1578 3822 teterna
1601 3766 1761 3837 glori—

168 3860 430 3915 ﬁcatione
452 3858 700 3913 salvabit.
735 3857 833 3913 Hic
850 3858 1046 3926 incipit
1072 3865 1262 3928 quarta
1288 3873 1437 3928 pars.
1466 3857 1763 3913 Continua-

167 3952 248 4006 tio
284 3950 393 4005 :Et
432 3966 499 4006 ne
547 3949 743 4019 aliquis
784 3949 1007 4003 diceret.
1056 3948 1135 4002 Tu
1183 3948 1319 4003 dicis
1354 3948 1497 4019 quod
1538 3950 1654 4019 ipse
1692 3949 1765 4004 sit

165 4045 320 4100 Deus
355 4044 535 4101 salvos
573 4042 831 4106 faciendi,
875 4042 971 4097 sed
999 4042 1102 4097 hoc
1139 4056 1352 4111 quoque
1392 4049 1570 4112 potest
1614 4056 1760 4109 esse,

167 4152 299 4192 cum
336 4137 451 4207 ipse
489 4133 654 4190 fuerit
699 4145 968 4199 mortuus,
1020 4141 1074 4189 et
1113 4134 1196 4188 sui
1242 4134 1405 4189 etiam
1435 4133 1757 4189 moriantur.

165 4226 475 4296 Respondit
499 4242 512 4278 :
544 4223 691 4280 Bene
718 4223 839 4279 dico
866 4222 1009 4293 quod
1047 4223 1161 4293 ipse
1183 4232 1268 4279 est
1291 4224 1436 4279 Deus
1477 4222 1656 4280 salvos
1681 4222 1763 4277 fa-

161 4319 373 4386 ciendi,
400 4317 526 4388 quia
547 4318 705 4372 istius
735 4316 977 4370 «Domini
1005 4315 1246 4372 Domini»
1276 4324 1361 4371 est
1387 4316 1593 4370 «exitus
1613 4330 1758 4370 mor-

168 4430 198 4462 ε
237 4409 308 4464 tis
336 4429 382 4474 ι,
414 4408 468 4462 id
497 4416 602 4473 est,
634 4420 953 4477 exsurgens,
977 4405 1145 4460 exivit
1170 4405 1236 4461 de
1260 4416 1458 4472 morte,
1481 4414 1536 4460 et
1572 4419 1763 4460 omnes

160 4515 305 4556 suos
342 4499 536 4555 educet
579 4497 645 4553 de
689 4504 863 4551 morte
893 4510 1014 4551 cum
1055 4495 1268 4551 Domini
1301 4496 1386 4551 bis
1430 4495 1623 4566 ponit,
1664 4511 1762 4564 per

160 4605 347 4646 uinum
402 4588 593 4654 fixum,
638 4586 694 4642 id
741 4596 846 4652 est,
896 4585 1251 4642 substantiale
1299 4586 1616 4656 accipimus,
1662 4601 1761 4656 per
1789 4580 1839 4640 D

162 4678 326 4737 aliud
369 4679 690 4735 exercitium
749 4676 974 4732 dominii
1017 4676 1364 4749 designamus
1412 4684 1669 4747 tanquam
1713 4677 1761 4731 si

162 4772 402 4839 diceret,
430 4758 644 4826 Domini
675 4760 1027 4824 dominantis.

253 4901 275 4934 ι
303 4881 713 4940 Verumtamen.
744 4899 764 4933 ι
816 4880 925 4936 Iste
967 4887 1053 4936 est
1099 4881 1242 4936 Deus
1283 4879 1463 4937 salvos
1489 4880 1759 4949 faciendi;

173 4992 202 5027 σ
238 4981 616 5028 verumtamen
646 4990 665 5024 υ
694 4972 797 5025 iste
833 4988 852 5022 ι
884 4971 1028 5026 Deus
1054 4970 1379 5041 confringet,
1411 4992 1429 5024 ι
1457 4972 1513 5028 id
1533 4980 1637 5039 est,
1661 4988 1762 5028 an-

165 5062 431 5121 nihilabit
475 5080 495 5113 ‹
527 5062 728 5132 capita,
751 5079 771 5113 ι
807 5061 863 5116 id
906 5070 1008 5126 est,
1057 5071 1291 5128 mentes,
1335 5061 1421 5118 vel
1465 5063 1768 5120 erectiones

178 5175 202 5208 ε
240 5155 586 5211 inimicorum
630 5168 854 5211 suorum
883 5173 901 5206 ι
929 5163 985 5211 et
1017 5155 1185 5211 etiam
1220 5154 1526 5227 confringet
1567 5156 1770 5212 «verti-

172 5264 301 5304 cem
339 5247 546 5318 capilli,
571 5265 591 5299 ι
641 5247 698 5303 id
744 5255 849 5313 est,
898 5247 1271 5302 extollentiam
1315 5254 1372 5303 et
1412 5247 1769 5303 elevationem

175 5340 592 5413 cogitationum,
640 5339 851 5395 scilicet
893 5340 1255 5410 cogitationes
1298 5339 1768 5411 philosOphorum,
1798 5394 1811 5405 κ

172 5440 238 5491 ει
265 5430 564 5502 profundas
600 5430 901 5486 sententias
928 5446 1139 5499 eorum,
1168 5441 1226 5487 et
1251 5443 1457 5488 sectam
1490 5432 1768 5489 haeretico-

176 5534 334 5586 rum,
370 5520 437 5577 de
465 5520 661 5591 quibus
689 5518 1043 5575 elevabantur
1072 5530 1129 5576 et
1164 5521 1569 5592 superbiebant,
1600 5521 1765 5578 verti~

136 5616 145 5623 ‘
176 5626 307 5668 cem
342 5610 464 5666 dico
516 5628 536 5662 ι
573 5609 1096 5681 perambulantium,
1131 5631 1151 5665 ι
1196 5612 1250 5669 id
1290 5621 1375 5669 est
1411 5628 1768 5685 perseveran-

179 5702 323 5758 tium
351 5720 370 5752 ι
397 5702 451 5756 in
476 5700 689 5758 delictis
707 5701 841 5757 suis.
874 5720 894 5754 ι
925 5701 1032 5759 Per
1067 5703 1292 5775 capillos
1328 5705 1451 5761 ideo
1484 5706 1768 5777 cogitatio-

183 5808 288 5850 nes
335 5793 647 5864 accipimus,
690 5793 818 5863 quia
853 5793 994 5850 sicut
1040 5795 1219 5866 capilli
1260 5796 1538 5854 adhaerent
1576 5798 1761 5869 capiti,

1866 3291 1938 3347 te,
1974 3281 2067 3336 sed
2099 3282 2167 3336 ab
2199 3282 2314 3351 ipso
2347 3281 2456 3336 Deo
2481 3280 2609 3337 erit.

1937 3411 1957 3443 ι
1984 3385 2247 3448 Viderunt
2274 3392 2572 3462 ingressus.
2604 3411 2622 3444 ι
2663 3392 2764 3447 Pes
2796 3384 3034 3462 tingetur
3068 3391 3121 3445 in
3161 3389 3445 3461 sanguine,

1861 3482 2047 3554 lingua
2082 3498 2281 3538 canum
2312 3491 2528 3538 tuorum
2556 3483 2648 3538 lict
2671 3500 2738 3537 ex
2772 3479 3026 3549 inimicis,
3065 3492 3120 3536 et
3146 3481 3249 3537 hoc
3275 3490 3445 3537 totum

1863 3585 1962 3644 per
1997 3575 2102 3628 hoc
2130 3573 2243 3638 flet,
2269 3574 2466 3642 quia,o
2510 3593 2528 3623 ι
2560 3574 2724 3641 Deus,
2756 3595 2775 3627 ι
2810 3575 2885 3629 illi
2915 3575 3006 3643 qui
3033 3582 3445 3639 convertuntur,

1869 3680 1888 3714 ι
1919 3663 2172 3718 viderunt
2218 3663 2497 3733 ingressus
2538 3671 2683 3728 tuos,
2712 3684 2730 3715 ι
2768 3665 2821 3718 id
2864 3674 2947 3719 est
2982 3680 3145 3734 Opera
3177 3674 3287 3728 tua,
3327 3680 3448 3733 qua:

1864 3752 1917 3807 in
1947 3752 2147 3806 mundo
2175 3760 2433 3821 operatus
2458 3767 2536 3806 es.
2570 3750 2663 3807 Vel
2711 3754 2784 3806 tui
2827 3753 3104 3823 ingressus
3141 3754 3262 3808 ideo
3293 3754 3452 3821 dicit,

1860 3844 1989 3915 quia
2020 3845 2162 3899 Deus
2191 3845 2343 3915 prius
2372 3843 2582 3900 alienus
2605 3852 2725 3899 erat
2760 3860 2791 3899 a
2831 3845 3053 3910 mundo,
3090 3846 3185 3901 sed
3216 3861 3314 3915 per
3342 3848 3447 3900 mi-

1862 3934 2209 3990 sericordiam
2254 3950 2406 3989 suam
2449 3935 2723 4006 ingressus
2751 3945 2834 3991 est
2873 3936 2926 3990 in
2972 3936 3262 4009 mundum,
3295 3945 3350 3992 et
3389 3947 3450 3992 ut

1862 4025 2187 4081 determinet
2217 4024 2494 4095 ingressus
2525 4025 2647 4081 illos
2672 4041 2795 4082 esse
2826 4024 3063 4091 Christi,
3107 4026 3238 4082 dicit
3265 4045 3279 4080 :
3317 4045 3335 4078 ι
3363 4026 3449 4082 ln-

1860 4131 2079 4188 gressus
2107 4115 2202 4170 Dei
2232 4116 2370 4181 mei,
2408 4115 2553 4187 regis
2591 4117 2722 4183 mei,
2761 4118 2855 4187 qui
2882 4126 2966 4172 est
3005 4118 3058 4172 in
3091 4127 3300 4185 sancto,
3332 4138 3351 4172 ι
3395 4118 3448 4173 id

1861 4216 1946 4262 est
1969 4206 2059 4276 qui
2091 4207 2299 4261 habitat
2328 4206 2382 4260 in
2409 4207 2682 4263 dominico
2708 4208 2946 4274 homine,
2971 4208 3178 4265 scilicet
3205 4208 3448 4277 Christo,

1862 4307 1919 4353 ct
1945 4298 2035 4353 hic
2064 4307 2251 4369 aperte
2277 4297 2706 4353 incarnationem
2736 4298 2996 4355 insinuat.

1939 4451 1959 4485 ι
1997 4431 2405 4487 Ρηεγεηειοιιηι.
2449 4450 2468 4483 ι
2518 4429 2622 4484 Per
2663 4431 2768 4486 hoc
2809 4438 3277 4498 converterentur,
3318 4431 3450 4501 quia

1863 4522 2116 4578 viderunt
2138 4522 2413 4591 ingressus
2433 4520 2554 4585 Dei,
2577 4528 2633 4575 et
2652 4536 2751 4591 per
2769 4522 2873 4577 hoc
2894 4521 3079 4586 etiam,
3108 4521 3235 4592 quia
3261 4539 3279 4571 ι
3299 4522 3452 4590 prin-

1866 4613 2038 4682 cipes,
2070 4631 2088 4663 ι
2116 4610 2170 4666 id
2196 4620 2281 4666 est
2308 4610 2557 4681 apostoli,
2590 4610 2684 4681 qui
2712 4618 2839 4665 sunt
2877 4610 3150 4682 principes
3181 4611 3235 4665 in
3267 4609 3452 4666 Eccle-

1867 4703 1966 4768 sia,
2013 4721 2031 4754 ο
2065 4710 2447 4772 praevenerunt
2473 4721 2493 4754 ι
2534 4716 2663 4766 eos,
2694 4702 2822 4771 quia
2859 4702 3012 4773 prius
3038 4703 3344 4768 credentes,
3389 4717 3452 4758 se

1869 4792 1991 4847 aliis
2022 4791 2146 4847 fidei
2183 4800 2236 4847 et
2263 4792 2418 4846 bonae
2447 4792 2780 4862 operationis
2808 4792 3052 4863 exempla
3079 4793 3367 4859 dederunt,
3397 4802 3454 4848 et

1869 4885 1975 4941 hoc
1999 4898 2107 4939 non
2129 4881 2248 4949 soli,
2274 4882 2370 4937 sed
2396 4901 2415 4932 ι
2436 4882 2736 4952 conjuncti,
2760 4903 2779 4935 ι
2809 4883 2864 4938 id
2892 4892 2975 4938 est
3001 4883 3245 4940 comitati
3268 4883 3454 4938 multis

1877 4994 1896 5027 ι
1923 4974 2301 5046 psallentibus,
2331 4991 2351 5025 θ
2391 4973 2445 5028 id
2479 4980 2563 5028 est
2591 4973 2733 5029 bene
2773 4974 2842 5029 ad
2885 4975 3144 5029 honorem
3189 4973 3284 5027 Dei
3325 4985 3453 5043 ope-

1865 5066 2137 5130 rantibus;
2166 5071 2221 5119 et
2249 5076 2319 5117 ne
2346 5061 2514 5134 aliqui
2539 5062 2849 5127 crederent,
2881 5063 3023 5134 quod
3047 5062 3176 5118 solis
3202 5060 3334 5116 viris
3355 5061 3452 5116 da-

1863 5163 2017 5211 retur
2052 5154 2220 5226 gloria
2257 5152 2382 5218 illa,
2419 5154 2498 5209 sic
2532 5155 2753 5224 quidam
2795 5155 3037 5210 haeretici
3084 5161 3412 5225 putaverunt
3435 5192 3450 5218 ,

1866 5247 2031 5310 addit,
2058 5253 2231 5301 erunt.
2246 5246 2413 5301 etiam
2445 5246 2520 5300 illi
2554 5247 2827 5317 principes
2862 5265 2882 5298 ε
2913 5245 2967 5301 in
2991 5246 3170 5301 medio
3190 5244 3452 5314 juvencu-

1867 5338 2066 5404 larum,
2099 5355 2119 5390 ι
2140 5336 2206 5393 'id
2231 5345 2338 5403 est,
2369 5337 2681 5405 mulierum,
2711 5350 2847 5407 quas
2873 5336 2995 5392 ideo
3014 5334 3330 5407 jnvenculas
3359 5346 3455 5388 vo-

1870 5437 1981 5498 rat,
2007 5429 2133 5500 quia
2162 5446 2194 5486 a
2220 5436 2491 5486 vetustate
2510 5431 2722 5501 peccati
2746 5430 3075 5485 innovantur
3094 5443 3196 5500 per
3218 5424 3451 5498 gratiam

1871 5526 1985 5582 Dei.
2017 5524 2115 5581 Vel
2145 5539 2244 5596 per
2263 5523 2583 5594 juveneulas
2614 5538 2904 5595 possumus
2932 5522 3177 5592 accipere
3205 5531 3421 5573 comma
3439 5547 3453 5559 -

1870 5619 2014 5674 niter
2047 5616 2350 5682 Ecclesias,
2394 5616 2521 5688 quia
2551 5629 2651 5685 per
2692 5615 2922 5684 gratiam
2968 5612 3063 5667 Dei
3105 5626 3137 5666 a
3176 5617 3448 5665 vetustate

1870 5710 2077 5782 peccati
2113 5709 2441 5765 innovantur
2474 5726 2487 5761 :
2524 5706 2937 5776 juvencularum
2973 5705 3095 5761 dico
3129 5722 3149 5754 ι
3177 5702 3450 5778 tympani-

1871 5801 2126 5857 striarnm
2164 5818 2182 5852 ι
2237 5798 2329 5871 qui
2375 5797 2748 5869 tympanizant
2792 5796 2904 5853 Deo
2943 5810 3041 5869 per
3078 5793 3453 5852 mortificatio-
