3940 6450
462 308 617 405 ἠδ

978 344 1069 401 HA
1083 344 1331 402 YMONIS
1367 343 1848 401 HALBERSTAT.
1891 316 2107 400 EPISC.
2145 339 2298 398 OPP.
2342 338 2521 396 PARS
2557 338 2599 396 Ι.
2640 368 2711 382 -—
2747 336 3103 396 COMMENT.
3136 337 3307 394 BIBI...

3670 338 3777 396 ω

511 454 613 521 est,
648 471 834 530 poenas
872 455 1168 522 solvebam,
1202 470 1307 526 pro
1334 456 1419 511 his
1452 476 1469 507 ι
1489 470 1610 524 quae
1649 472 1755 511 non
1774 455 1956 525 rapui,
1976 474 1996 507 ι
2026 453 2081 508 id
2108 461 2154 515 Α
2185 451 2417 506 animam
2450 458 2623 506 meam
2665 468 2683 501 ι
2717 457 2771 504 et
2796 451 2951 520 posui
2985 449 3366 507 vestimentum
3417 462 3606 504 meum
3664 450 3778 508 cili-

511 560 614 613 est,
641 562 738 619 pro
763 546 1023 617 peccatis,
1054 562 1173 615 quae
1201 560 1305 599 non
1335 545 1664 615 perpetravi.

584 660 601 691 ι
621 638 784 693 Deus.
807 657 826 691 ι
863 637 1055 707 Incipit
1080 637 1145 691 de
1171 636 1406 690 secunda
1431 644 1603 707 parte.
1630 635 1773 690 Bene
1795 635 1932 698 dico,
1962 634 2088 704 quia

514 749 535 782 ι
554 740 614 785 tu
646 729 785 784 Deus
808 729 915 784 scis
930 727 1297 797 insipientiam
1327 741 1525 792 meam,
1568 735 1624 782 et
1667 726 1861 781 delicta
1895 741 2014 780 mea
2057 740 2087 778 a

509 829 563 875 te
589 835 695 875 non
719 827 843 874 sunt
863 816 1199 881 abscondita,
1223 836 1241 867 ι
1263 816 1318 870 id
1340 824 1443 880 est,
1466 816 1575 872 scis
1600 831 1685 873 me
1713 817 1826 870 hzec
1846 816 1958 885 pati
1982 831 2088 869 non

506 919 725 981 propter
744 924 805 964 ea
827 924 946 979 qua:
971 922 1071 976 ego
1109 907 1357 963 fecissem
1384 923 1481 977 per
1509 907 1896 976 insipientiam,
1929 907 1984 961 id
2006 914 2090 960 est

503 1017 602 1071 per
626 1001 1003 1071 ignorantiam,
1030 999 1112 1054 vel
1134 1008 1353 1069 propter
1377 999 1554 1068 aliqua
1580 999 1773 1054 delicta
1815 1013 1957 1065 mea,
1988 997 2084 1053 sed

501 1098 723 1160 propter
744 1099 978 1161 peccata
1009 1105 1277 1144 meorum.

569 1178 636 1233 Et
658 1179 902 1248 quianon
923 1195 990 1234 ex
1012 1195 1129 1234 mea
1149 1179 1304 1249 culpa
1324 1181 1517 1249 patior,
1540 1179 1681 1248 ideo,
1696 1196 1728 1236 ο
1753 1200 1771 1233 t
1806 1180 2080 1242 Domine.»

499 1269 577 1325 illi
618 1291 636 1322 ι
657 1272 750 1340 qui
781 1280 1097 1341 exspectant
1120 1280 1199 1337 te,
1220 1291 1239 1324 ι
1265 1270 1320 1326 id
1347 1283 1428 1327 est
1456 1271 1531 1325 illi
1572 1271 1664 1342 qui
1692 1272 2001 1326 detinentur
2028 1272 2085 1326 in

499 1357 731 1423 inferno,
782 1361 874 1429 qui
900 1370 1213 1430 exspectant
1238 1361 1395 1416 educi
1443 1377 1540 1431 per
1566 1375 1655 1415 me
1703 1376 1851 1417 «non
1900 1361 2086 1418 erube-

500 1458 677 1515 scant,
701 1468 719 1501 ι
754 1449 809 1504 id
833 1458 917 1505 est
944 1465 1051 1504 non
1075 1451 1402 1505 frustrentur
1433 1470 1451 1501 ι
1476 1452 1530 1505 in
1553 1465 1638 1505 me
1673 1471 1691 1502 ι
1724 1450 1817 1507 sed
1849 1452 2084 1507 habeant

498 1537 874 1594 liberationem
895 1540 951 1593 in
980 1555 1088 1604 me,
1119 1554 1281 1608 quam
1306 1548 1646 1609 exspectant,
1676 1548 1729 1594 et
1773 1540 2079 1606 obtineant,

499 1640 558 1682 tu
583 1628 705 1684 dico
740 1647 759 1679 ι
783 1630 927 1685 Deus
972 1630 1252 1694 virtutum,
1275 1649 1293 1680 ι
1330 1629 1385 1683 id
1433 1637 1516 1683 est
1564 1629 1905 1700 angelorum,
1951 1629 2080 1700 quia

497 1726 708 1772 certum
730 1726 815 1772 est
838 1718 981 1786 quod
1009 1718 1146 1772 bene
1165 1716 1365 1787 poteris
1388 1716 1589 1772 facere.

564 1806 635 1860 Et
664 1809 827 1861 etiam
856 1807 932 1860 illi
956 1826 973 1858 ι
993 1807 1085 1877 qui
1107 1815 1356 1877 qumrunt
1382 1818 1455 1872 te,
1479 1827 1498 1859 ι
1531 1807 1584 1861 id
1613 1815 1718 1874 est,
1766 1806 2076 1877 intelligunt
2103 1800 2148 1859 Β

494 1907 551 1952 te
586 1912 706 1953 esse
737 1898 791 1951 in
814 1911 921 1963 me,
966 1897 1046 1952 illi
1101 1898 1223 1952 dico
1289 1897 1510 1963 «Israel,
1535 1917 1554 1950 ι
1590 1898 1645 1953 id
1685 1907 1792 1963 est,
1832 1899 2076 1954 videntes

492 1986 685 2052 Deum,
724 1988 850 2057 quia
880 1986 984 2042 nisi
1018 1993 1201 2041 essent
1227 1986 1472 2041 videntes
1494 1985 1687 2052 Deum,
1718 1985 1941 2042 credere
1970 2002 2077 2042 non

492 2086 735 2149 possent,
766 2077 911 2149 quod
939 2077 1082 2132 Deus
1108 2084 1253 2132 esset
1278 2076 1334 2130 in
1370 2086 1479 2132 tam
1505 2075 1702 2132 alllicto
1727 2077 1967 2143 homine,
1999 2076 2078 2133 illi

493 2168 630 2223 tales
657 2187 674 2218 ι
695 2182 802 2222 ιιοιι
827 2166 1243 2232 confundantur,
1281 2187 1300 2219 ι
1320 2168 1375 2223 id
1395 2175 1480 2222 est
1498 2183 1599 2237 pro
1620 2169 1701 2223 sui
1726 2167 2078 2224 frustratione

494 2255 707 2310 confusi
738 2271 847 2311 non
883 2256 991 2311 sint
1021 2274 1039 2306 ι
1062 2272 1224 2326 super
1248 2270 1354 2320 me,
1379 2274 1398 2307 ι
1432 2256 1484 2309 id
1514 2264 1600 2313 est
1630 2258 1695 2312 de
1718 2272 1828 2313 me.

562 2345 693 2399 Dico
714 2360 820 2400 non
855 2345 1273 2411 confundantur,
1304 2360 1405 2400 nec
1431 2345 1629 2401 debent
1654 2342 1933 2413 confundi,
1951 2355 2081 2418 Quo-

490 2436 634 2491 niam
657 2437 836 2506 passio
866 2452 986 2492 mea
1014 2437 1173 2508 digna
1203 2443 1306 2503 est,
1335 2452 1442 2507 qua
1476 2434 1828 2504 redimantur,
1878 2448 1933 2493 et
1975 2438 2079 2493 hoc

489 2537 574 2585 est
600 2546 614 2583 :
652 2547 670 2580 t
693 2529 947 2598 quoniam
974 2539 1195 2600 propter
1225 2538 1278 2585 te
1308 2530 1537 2585 sustinui
1567 2531 1940 2600 opprobrium,
1963 2548 1983 2582 ι
2020 2538 2081 2584 ut

488 2632 609 2672 cum
632 2618 916 2673 dicerent:
954 2637 972 2670 ι
997 2619 1328 2674 Dmmonlum
1369 2619 1540 2675 habes
1588 2620 1769 2690 (Joan.
1798 2621 1919 2692 vn),
1950 2640 1969 2673 ι
2024 2630 2080 2677 et

488 2709 706 2773 similia,
734 2718 789 2764 et
809 2710 974 2764 etiam
1001 2728 1020 2760 ι
1059 2709 1305 2765 confusio
1344 2730 1363 2762 ι
1414 2705 1561 2766 facta
1613 2710 1682 2766 de
1734 2704 1978 2782 colaphis
2024 2720 2080 2767 et

488 2801 661 2870 sputis
695 2819 713 2853 ι
734 2801 948 2871 aperuit
971 2800 1161 2856 faciem
1190 2816 1386 2868 meam,
1411 2821 1429 2854 ι
1459 2801 1513 2856 id
1541 2811 1625 2857 est
1656 2817 1721 2856 ex
1748 2802 1894 2856 omni
1924 2810 2079 2872 parte

488 2892 845 2945 circumdedit
876 2906 964 2945 me
1002 2910 1015 2945 :
1066 2891 1230 2945 veluti
1267 2906 1389 2945 cum
1441 2891 1684 2946 dicerent
1709 2906 1723 2945 :
1752 2891 2078 2962 Prophetiza

486 2981 664 3045 nobis,
694 2980 926 3048 Christe,
956 2981 1077 3051 quis
1102 2990 1154 3036 te
1174 2978 1475 3052 percussit?
1501 2980 1714 3055 (Matth.
1742 2998 1900 3049 xxw;
1948 2981 2075 3048 Luc,

485 3087 628 3136 xxtt;
658 3070 823 3124 Marc.
854 3069 1024 3142 XXIV.)

542 3158 864 3228 Exsequitur
875 3160 1203 3229 passionem:
1225 3177 1242 3210 ι
1262 3158 1561 3214 Extraneus
1572 3158 1746 3215 factus
1757 3175 1875 3215 sum
1889 3158 2063 3215 fratri-
2099 3145 2145 3207 C

483 3247 586 3303 bus
614 3249 765 3313 meis,
792 3268 810 3298 ι
846 3249 900 3303 id
929 3258 1029 3314 est,
1058 3250 1299 3320 cegnatis
1323 3249 1617 3304 secundum
1643 3265 1862 3306 carnem
1893 3269 1906 3305 :
1942 3261 2054 3307 tet»

483 3338 646 3391 etiam
676 3337 831 3392 «(iliis
855 3338 1043 3393 matris
1063 3354 1247 3404 mete,»
1275 3338 1328 3393 id
1354 3346 1459 3407 est,
1492 3354 1775 3411 synagogas
1821 3341 1912 3410 qui
1942 3356 2057 3397 me-

484 3441 608 3480 cum
644 3426 698 3480 in
747 3443 1015 3499 synagoga
1055 3427 1224 3499 legem
1254 3429 1558 3494 audierunt,
1610 3429 1665 3483 in
1709 3445 1812 3500 qua
1840 3440 2061 3500 possent

484 3531 809 3588 cognoscere
841 3534 928 3573 me
955 3532 1075 3573 esse
1101 3519 1424 3589 promissum
1454 3517 1869 3589 Redemptorem
1888 3559 1903 3585 ,
1938 3530 2059 3575 sum

483 3606 659 3662 factus
710 3626 727 3658 ι
754 3608 1074 3679 peregrinus
1109 3627 1128 3661 ι
1164 3609 1318 3679 quasi
1342 3609 1578 3680 ignotus,
1607 3610 1760 3679 quasi
1792 3625 1897 3665 non
1934 3626 2061 3683 pos-

483 3712 599 3754 sem
626 3692 825 3753 merari
855 3698 995 3770 apud
1014 3713 1127 3766 eos,
1166 3686 1269 3755 nisi
1305 3715 1411 3754 una
1440 3708 1600 3756 nocte
1625 3708 1854 3756 tantum.
1885 3700 2059 3774 Syna-

481 3807 617 3864 goga
644 3793 840 3849 dicitur
860 3803 1032 3848 mater
1058 3789 1386 3861 Judzeorum,
1414 3795 1540 3865 quia
1580 3796 1865 3866 praeceptis
1905 3806 2057 3854 vete-

481 3882 558 3937 ris
586 3882 718 3954 legis
742 3884 994 3953 pascebat
1020 3896 1133 3939 eos.

552 3971 620 4025 Et
649 3972 769 4027 ideo
794 3971 970 4026 factus
1007 3986 1127 4026 sum
1152 3973 1496 4044 peregrinus,
1549 3994 1566 4027 ι
1598 3978 1854 4046 quoniam
1912 3977 2059 4034 zelus

481 4061 674 4116 domus
699 4070 803 4115 tum
830 4079 850 4113 ι
883 4076 915 4114 a
942 4076 1047 4130 qua
1080 4062 1347 4132 ejeceram
1384 4065 1677 4121 vendentes
1723 4077 1778 4122 et
1817 4078 2060 4125 ementes

483 4150 699 4223 (Matth.
723 4167 847 4216 xxi;
886 4150 1009 4205 Luc.
1034 4151 1170 4223 xix),
1204 4172 1221 4204 ι
1263 4155 1497 4209 comedit
1520 4166 1622 4222 me,
1656 4177 1673 4208 ι
1709 4157 1760 4212 id
1789 4165 1894 4223 est,
1923 4161 2060 4215 ussit

482 4255 571 4296 me
600 4240 844 4306 interius,
877 4252 930 4296 et
952 4241 1041 4296 hic
1072 4250 1290 4298 notatur
1339 4241 1575 4300 maxima
1610 4245 1821 4303 affectio
1866 4248 2055 4319 ipsius,

483 4332 609 4403 quia
638 4332 751 4402 ipse
776 4331 935 4404 ejecit
968 4349 1082 4396 eos.
1115 4343 1169 4390 et
1198 4336 1455 4407 indignati
1499 4352 1624 4409 erga
1649 4351 1792 4407 eum,
1847 4342 2055 4398 machi-

481 4426 594 4481 nati
617 4435 742 4481 sunt
767 4427 817 4481 ei
840 4437 1088 4493 mortem,
1131 4447 1147 4479 ι
1180 4437 1235 4483 et
1274 4428 1559 4500 opprobria
1603 4450 1622 4483 ι
1661 4447 1847 4487 eorum
1875 4433 1928 4487 in
1967 4436 2058 4490 de-

480 4523 627 4571 serto
653 4523 702 4571 te
735 4516 1053 4571 tentantium
1106 4516 1309 4588 (Marc.
1342 4535 1392 4586 l;
1424 4518 1586 4575 Joan.
1616 4521 1687 4595 ιι)
1713 4532 1769 4578 et
1802 4524 1940 4581 idola
1968 4543 2058 4583 co-

480 4606 724 4672 lentium,
759 4615 815 4660 et
842 4607 944 4661 hoc
972 4614 1054 4661 est
1085 4625 1097 4661 :
1133 4626 1151 4660 ι
1185 4612 1625 4679 exprobrantium
1657 4610 1751 4669 tibi
1782 4635 1802 4669 ι
1842 4612 1949 4684 illa,
1976 4616 2057 4673 in-

480 4712 665 4767 quam,
687 4692 970 4768 opprobria
991 4718 1009 4748 ι
1029 4693 1334 4756 ceciderunt
1348 4717 1509 4774 super
1529 4720 1614 4761 me
1635 4726 1654 4757 ι
1715 4709 1868 4775 quasi
1894 4724 2056 4780 grave

478 4789 710 4861 pondus.

552 4876 620 4930 Et
641 4886 767 4933 tunc
792 4893 890 4951 ego
919 4896 1003 4934 me
1036 4893 1161 4952 erga
1185 4898 1279 4939 eos
1309 4882 1508 4940 iratum
1551 4901 1657 4940 non
1689 4890 1920 4957 ostendi,
1961 4889 2055 4950 sed

484 4983 506 5019 ι
543 4968 729 5036 operui
752 4968 986 5023 animam
1020 4987 1216 5038 meam,
1255 4992 1273 5024 ι
1306 4973 1360 5028 id
1388 4983 1469 5029 est
1498 4973 1827 5033 voluntatem
1858 4996 2054 5050 meam,

487 5077 505 5109 ι
548 5057 602 5111 in
627 5057 853 5128 jejunio,
892 5080 911 5112 ι
945 5060 997 5115 id
1030 5072 1112 5116 est
1145 5080 1268 5118 cum
1289 5078 1464 5119 essem
1504 5062 1721 5135 jejunus
1744 5070 1812 5125 ab
1844 5070 1970 5137 illis,
2003 5073 2057 5129 id

483 5158 566 5204 est
596 5166 717 5204 cum
756 5166 861 5205 non
885 5164 1098 5222 possem
1129 5151 1260 5207 mihi
1295 5154 1642 5225 incorpOrare
1698 5159 1908 5229 aliquos
1957 5177 2055 5217 eo-

484 5254 623 5295 rum.
654 5240 804 5296 Unde
832 5258 1024 5312 supra:
1055 5262 1073 5294 ι
1108 5241 1466 5298 llumiliabam
1490 5246 1541 5300 in
1567 5246 1770 5317 jejunio
1818 5252 2055 5309 animam

479 5330 655 5408 (Ptol.
678 5336 884 5406 xxxiv),
922 5354 940 5388 ι
972 5344 1026 5389 et
1050 5336 1193 5405 quod
1220 5351 1314 5392 eos
1357 5334 1430 5393 ita
1483 5342 1751 5409 patienter
1799 5346 2052 5415 sustinui,

480 5424 623 5495 quod
639 5439 723 5478 me
742 5425 821 5479 sic
832 5426 1039 5494 operui,
1072 5444 1089 5474 ι
1111 5424 1310 5481 factum
1327 5436 1411 5484 est
1427 5430 1557 5484 ntihi
1586 5432 1637 5486 in
1659 5434 2007 5504 opprobrium
2030 5457 2049 5491 ›

481 5516 632 5588 quia,
681 5525 884 5587 quanto
933 5533 1081 5571 cram
1132 5520 1269 5589 apud
1314 5536 1408 5576 eos
1447 5519 1721 5592 humilior,
1778 5536 1927 5584 tanto
1981 5529 2061 5586 eis

482 5618 632 5659 erant
664 5606 834 5662 vilior.

555 5694 880 5767 Exscquitur
892 5698 1215 5787 passionem.
1240 5700 1586 5765 Coutinuatio
1608 5730 1619 5766 :
1645 5711 1840 5785 Operui
1858 5717 2064 5789 jejunio

2191 544 2354 608 cium,
2387 564 2405 594 ι
2435 542 2663 606 scilicet,
2691 542 2968 597 tristitiam
2995 543 3229 608 ostendi,
3261 534 3466 597 faciens
3501 558 3597 597 me
3621 542 3777 598 simi-

2190 638 2293 694 lem
2334 638 2437 693 illis
2471 638 2563 707 qui
2592 637 2897 692 vestiuntur
2923 636 3119 703 cilicio,
3177 636 3402 700 scilicet,
3450 636 3779 707 penitenti-

2187 730 2310 785 bus.
2359 729 2643 797 Nunquam
2700 738 2877 783 tamen
2925 726 3122 798 legitur
3164 718 3540 792 historialiter,
3598 727 3777 783 cilicio

2189 819 2474 875 Dominum
2500 818 2665 873 fuisse
2694 818 2964 884 indutum,
3001 818 3094 872 sed
3123 832 3338 887 semper
3368 818 3422 871 in
3454 809 3689 872 tristitia
3722 835 3776 874 se

2188 912 2399 975 habuit,
2434 920 2490 967 et
2537 927 2813 982 nunquam
2845 911 2986 976 risit,
3022 928 3041 961 ι
3079 919 3135 966 et
3180 909 3355 966 factus
3392 926 3514 966 sum
3569 907 3683 965 illis
3723 909 3771 964 in

2187 1004 2517 1073 parabolam,
2544 1023 2562 1056 ›
2602 1004 2654 1059 id
2684 1012 2786 1069 est,
2814 1003 2880 1058 de
2907 1019 3013 1074 quo
3044 985 3211 1060 totam
3248 1004 3573 1075 parabolam
3627 1019 3773 1060 suam

2185 1092 2448 1151 facerent.
2473 1091 2585 1161 Vel,
2616 1093 2669 1148 in
2697 1093 3027 1164 parabolam,
3058 1095 3112 1149 id
3137 1102 3222 1150 est
3246 1095 3302 1149 in
3330 1095 3769 1162 similitudinem,

2186 1187 2313 1256 quia
2352 1202 2449 1258 per
2476 1186 2881 1242 similitudinem
2915 1187 3021 1242 mei
3056 1186 3178 1242 aliis
3204 1186 3643 1244 maledicebant.
3682 1188 3771 1244 Vel

2185 1279 2396 1336 locutus
2436 1280 2489 1334 in
2519 1279 2853 1351 parabolam,
2883 1279 3110 1345 scilicet,
3140 1296 3245 1335 non
3269 1280 3498 1351 loquens
3538 1282 3636 1336 eis
3671 1281 3769 1336 alta

2184 1371 2479 1426 secundum
2509 1371 2827 1441 sapientiam
2853 1386 3047 1438 meam,
3087 1370 3183 1427 sed
3207 1372 3262 1426 in
3289 1371 3681 1438 similitudine,
3716 1383 3769 1430 ut

2182 1463 2375 1519 melius
2402 1462 2778 1533 intelligerent.
2902 1506 2906 1510 Α

2258 1553 2392 1607 item
2420 1553 2754 1622 exsequitur,
2779 1552 2984 1619 dicens,
3018 1551 3095 1607 illi
3123 1552 3287 1608 etiam
3313 1571 3333 1606 ι
3362 1551 3461 1624 qui
3509 1542 3766 1610 sedebant

2180 1642 2236 1699 in
2265 1653 2442 1713 porta,
2481 1663 2501 1697 ι
2531 1643 2583 1698 id
2609 1653 2692 1699 est
2711 1644 2764 1698 in
2793 1644 3050 1715 compita,
3075 1636 3167 1699 ubi
3189 1643 3340 1698 multi
3366 1646 3763 1701 conveniebant

2188 1753 2206 1786 ι
2244 1734 2601 1804 loquebantur
2628 1734 2913 1791 adversum
2941 1749 3046 1800 tne,
3088 1753 3108 1786 ι
3139 1743 3197 1789 et
3220 1733 3296 1789 illi
3330 1752 3351 1785 ι
3384 1736 3481 1805 qui
3510 1735 3762 1791 bibebant

2175 1825 2380 1891 vinum,
2404 1844 2423 1877 ι
2459 1824 2514 1880 id
2526 1832 2608 1880 est
2623 1824 2861 1879 convivat
2873 1825 3202 1895 quicunque,
3224 1825 3433 1880 scilicet
3457 1827 3763 1897 quicunque

2176 1915 2231 1971 in
2260 1916 2346 1971 his
2379 1915 2727 1971 saecularibus
2757 1914 3112 1981 delectantes,
3142 1934 3161 1966 ι
3180 1914 3486 1987 psallebant
3513 1917 3569 1971 in
3597 1933 3705 1984 me,
3736 1939 3754 1972 ι

2176 2007 2231 2064 id
2251 2018 2335 2064 est
2359 2006 2677 2063 deridebant
2714 2022 2821 2063 me.

2253 2116 2272 2148 ι
2300 2097 2412 2167 Ego
2436 2112 2565 2152 vero
2584 2097 2886 2152 orationem
2913 2111 3111 2152 meam.
3147 2116 3165 2148 ι
3183 2096 3316 2153 Pars
3336 2106 3565 2167 quarta,
3590 2098 3651 2152 in
3669 2114 3758 2169 qua

2175 2185 2422 2242 Christus
2467 2185 2721 2251 ostendit,
2773 2185 3043 2255 quomodo
3085 2186 3226 2241 inter
3276 2186 3670 2242 tribulationes
3710 2203 3759 2244 se

2176 2277 2447 2343 habuerit,
2485 2276 2692 2331 scilicet
2719 2276 2861 2345 quod
2886 2288 2985 2347 pro
3013 2292 3235 2333 suorum
3276 2277 3612 2335 liberatione
3642 2297 3753 2336 ora-

2176 2358 2272 2421 vit.
2330 2367 2673 2422 Continuatio
2705 2383 2718 2420 :
2746 2367 2827 2422 llli
2864 2369 2917 2423 in
2955 2384 3043 2424 me
3069 2369 3391 2439 psallebant,
3425 2390 3445 2422 ι
3481 2386 3596 2443 ego
3644 2388 3758 2427 vero

2175 2457 2474 2513 orationem
2505 2472 2681 2512 meam
2712 2458 2885 2513 direxi
2910 2457 2977 2513 ad
2998 2466 3073 2526 te,
3097 2459 3322 2515 Domine
3344 2479 3364 2512 ι
3395 2461 3593 2519 dicens
3611 2480 3627 2517 :
3644 2478 3756 2518 ecce

2184 2564 2203 2598 ι
2232 2558 2441 2618 tempus
2473 2546 2817 2617 beneplaciti,
2849 2546 3012 2602 Deus.
3048 2568 3066 2600 ι
3100 2548 3433 2618 Beneplaciti
3466 2550 3621 2617 dico,
3662 2568 3753 2606 non

2176 2638 2234 2692 in
2291 2636 2499 2692 meritis
2528 2635 2827 2701 hominum,
2856 2638 2955 2695 sed
2988 2656 3006 2690 ι
3045 2636 3102 2692 in
3154 2637 3506 2694 multitudine
3556 2642 3756 2697 miseri-

2176 2728 2374 2784 cordiae
2427 2736 2553 2793 tute,
2592 2746 2610 2779 ι
2658 2736 2714 2784 et
2750 2727 2875 2797 quia
2916 2727 3050 2799 jam,
3080 2744 3115 2784 ο
3139 2728 3390 2796 Domine,
3417 2739 3641 2804 tempus
3664 2744 3752 2797 est,

2176 2819 2299 2875 ideo
2330 2837 2349 2870 ι
2377 2819 2571 2875 exaudi
2602 2833 2691 2874 me
2719 2818 2776 2873 in
2816 2809 3058 2875 veritate
3089 2819 3281 2876 salutis
3323 2829 3456 2888 tuae,
3493 2842 3515 2876 ι
3574 2824 3629 2879 id
3659 2834 3752 2889 est.

2177 2908 2354 2964 dando
2378 2908 2607 2965 salutem
2640 2909 2772 2964 mihi
2800 2916 2855 2965 ct
2881 2910 3036 2977 meis,
3061 2918 3116 2966 et
3140 2926 3242 2983 per
3270 2911 3376 2967 hoc
3401 2928 3582 2968 verax
3602 2930 3753 2986 appa-

2177 3014 2317 3056 reas.

2251 3110 2270 3143 ι
2306 3089 2511 3145 Exaudi
2544 3109 2562 3142 ι
2607 3090 2746 3156 dico,
2783 3091 3010 3158 scilicet,
3074 3109 3093 3144 t
3128 3092 3279 3164 eripe
3309 3109 3423 3161 me,
3479 3114 3503 3148 ι
3554 3096 3612 3152 id
3660 3107 3751 3163 est,

2175 3195 2343 3247 meos,
2359 3180 2571 3246 deluto,
2594 3199 2613 3233 ι
2632 3179 2685 3235 id
2697 3187 2783 3237 est
2798 3180 2863 3236 de
2874 3190 3239 3252 peccato,non
3259 3184 3388 3254 quin
3416 3186 3528 3242 mei
3547 3195 3755 3259 tangant

2160 3270 2569 3340 illicitum,quia
2590 3269 2767 3326 nullus
2784 3280 3087 3341 petestesse
3104 3273 3221 3330 sine
3250 3285 3508 3344 peccato,
3533 3279 3631 3334 sed
3665 3300 3683 3331 ι
3700 3288 3752 3332 ιιι

2161 3377 2268 3417 non
2301 3360 2510 3431 intlgar,
2570 3379 2588 3412 ι
2624 3360 2676 3416 id
2711 3371 2795 3418 est
2821 3362 2930 3419 mei
2971 3378 3039 3419 ex
3077 3378 3136 3420 se
3162 3367 3406 3435 peccatis
3444 3383 3559 3424 non
3584 3371 3756 3425 adhae-

2160 3460 2338 3518 reant,
2363 3461 2417 3507 et
2438 3467 2544 3506 non
2569 3459 2775 3507 tantum
2798 3461 2858 3507 ut
2881 3468 2988 3509 non
3010 3453 3304 3526 infigantur
3320 3458 3431 3513 mei
3450 3472 3520 3513 ex
3549 3473 3629 3525 se,
3660 3459 3753 3514 sed

2165 3561 2184 3596 ι
2212 3542 2383 3597 libera
2438 3560 2456 3594 ο
2509 3540 2675 3596 etiam
2726 3561 2746 3594 ι
2793 3557 2903 3610 me,
2949 3562 2969 3596 ι
3001 3544 3056 3599 id
3079 3551 3164 3600 est
3189 3560 3362 3614 meos,
3400 3565 3423 3599 ‹
3461 3549 3639 3605 abhis
3665 3550 3751 3619 qui

2158 3633 2390 3687 oderunt
2429 3645 2536 3697 me,
2565 3648 2585 3682 ι
2641 3629 2816 3697 idest,
2840 3645 2909 3686 ne
2947 3646 3046 3703 per
3089 3633 3467 3704 impulsionem
3522 3637 3751 3692 aliorum

2158 3723 2427 3778 ducantur
2446 3722 2501 3776 in
2525 3730 2825 3793 peccatum,
2852 3741 2870 3774 ι
2891 3730 2946 3779 et
2975 3742 2994 3775 ι
3017 3723 3186 3780 libera
3215 3726 3378 3781 etiam
3398 3746 3418 3778 ι
3441 3728 3505 3783 de
3526 3728 3756 3798 profun—

2157 3813 2243 3868 dis
2289 3827 2569 3882 aquarum,
2620 3833 2641 3865 ι
2693 3812 2745 3868 id
2771 3823 2909 3868 esta
2934 3812 3215 3885 profundis
3237 3816 3340 3872 illis
3367 3819 3756 3886 aequissimis.

2158 3903 2257 3960 Vel
2300 3923 2318 3955 ι
2345 3904 2512 3959 libera
2558 3917 2707 3959 meos
2751 3904 2818 3959 de
2865 3904 3154 3974 profundis
3180 3922 3451 3977 aquarum,
3487 3925 3505 3959 ι
3554 3907 3618 3963 id
3664 3920 3763 3967 est

2158 3995 2224 4051 de
2241 3993 2616 4065 prosperitate,
2646 3994 2700 4047 in
2724 4009 2826 4064 qua
2850 4003 2935 4050 est
2963 3993 3138 4051 facilis
3173 3995 3375 4067 lapsus.

2228 4085 2310 4141 lta
2348 4084 2554 4141 scilicet
2579 4084 2771 4151 libera,
2809 4100 2916 4140 non
2945 4087 3090 4156 quod
3121 4103 3229 4143 non
3253 4088 3487 4143 habeant
3520 4088 3756 4145 tribula-

2162 4176 2358 4241 tiones,
2395 4175 2493 4231 sed
2530 4190 2600 4230 ne
2621 4175 3022 4248 demergantur,
3062 4186 3118 4233 et
3155 4179 3257 4235 hoc
3285 4178 3415 4234 dicit
3453 4198 3471 4230 ι
3499 4195 3620 4235 non
3660 4183 3752 4237 de-

2160 4275 2366 4339 mergat
2387 4283 2474 4323 me
2500 4275 2793 4339 tempestas
2821 4284 3000 4340 aquae,
3044 4289 3065 4324 ι
3107 4270 3161 4326 id
3191 4279 3278 4327 est
3312 4276 3621 4331 commotio
3655 4291 3753 4347 po-

2157 4363 2269 4434 puli
2296 4362 2351 4417 in
2381 4370 2664 4432 peccatum
2687 4362 2953 4430 ducendo,
2980 4374 3036 4419 et
3069 4366 3114 4420 si
3139 4364 3430 4436 aliquando
3463 4366 3755 4441 demergat

2160 4453 2338 4524 aliqua
2375 4461 2686 4524 tempestas,
2725 4470 2759 4510 ο
2791 4455 3035 4523 Domine,
3060 4457 3341 4529 deprecor,
3369 4469 3430 4514 ut
3460 4477 3482 4511 ι
3513 4463 3753 4532 profun-

2159 4543 2286 4598 dum
2316 4556 2422 4596 non
2442 4541 2732 4597 absorbeat
2759 4556 2865 4608 me,
2895 4562 2915 4596 ι
2948 4544 3003 4600 id
3022 4555 3108 4601 est
3131 4547 3235 4604 mei
3258 4562 3364 4602 non
3405 4548 3759 4609 deducantur

2157 4633 2213 4689 in
2225 4632 2673 4701 desperationem.
2693 4631 2846 4689 Unde
2868 4634 3098 4691 dicitur:
3121 4656 3141 4689 ι
3161 4636 3420 4693 Peccator
3431 4654 3562 4695 cum
3582 4656 3756 4699 vene-

2156 4730 2229 4785 rit
2240 4730 2292 4785 in
2306 4728 2725 4801 profunditatem
2741 4731 2992 4788 vitiorum
3005 4742 3334 4801 contemnet,
3345 4742 3429 4790 tet
3446 4754 3465 4786 ι
3486 4746 3751 4807 puteus,o

2159 4820 2212 4875 id
2233 4829 2317 4875 est
2338 4818 2679 4890 profunditas
2699 4823 2952 4892 nequitia:
2971 4825 3131 4895 hujus
3158 4826 3341 4881 mundi
3370 4844 3389 4878 ι
3417 4841 3524 4882 non
3554 4841 3763 4902 urgeat

2157 4924 2220 4965 os
2240 4924 2395 4964 suum
2424 4924 2588 4978 super
2616 4925 2720 4977 me,
2751 4930 2771 4963 ι
2804 4912 2859 4968 id
2881 4921 2967 4969 est
2988 4929 3093 4969 non
3107 4915 3377 4970 deducant
3399 4930 3577 4981 meos,
3622 4921 3764 4990 quin

2158 5001 2481 5072 quandoque
2505 5002 2715 5070 possint
2739 5018 3040 5076 emergere,
3070 5006 3234 5061 etiam
3248 5006 3315 5060 de
3339 5006 3761 5077 desperatione,

2158 5093 2262 5149 hoc
2285 5093 2483 5149 dicitur
2503 5109 2533 5147 a
2554 5093 2907 5151 similitudine
2930 5098 3174 5155 cadentis
3201 5099 3252 5153 in
3276 5106 3515 5170 puteum,
3561 5103 3676 5173 qui
3718 5104 3767 5159 si

2157 5197 2220 5238 os
2247 5182 2394 5252 putei
2420 5182 2717 5249 claudatur,
2755 5200 2863 5240 non
2890 5194 3069 5255 potest
3090 5188 3291 5259 egredi.

2228 5272 2358 5328 Dico
2381 5291 2400 5324 ι
2424 5288 2530 5327 non
2551 5283 2760 5344 urgeat,
2785 5295 2804 5328 ι
2828 5275 2922 5331 sed
2944 5279 3121 5347 potius
3143 5298 3162 5330 ι
3184 5278 3377 5334 exaudi
3397 5294 3505 5344 me,
3531 5298 3557 5333 ι
3594 5282 3659 5338 id
3680 5292 3773 5339 est

2157 5378 2333 5427 meos,
2369 5382 2386 5416 t
2422 5364 2670 5430 Domine,
2717 5383 2736 5416 ι
2776 5374 2833 5420 et
2876 5380 3099 5422 securus
3122 5382 3241 5423 sum
3287 5367 3431 5439 quod
3460 5372 3770 5439 exaudies,

2165 5471 2185 5506 ι
2221 5455 2477 5523 quoniam
2529 5450 2903 5511 misericordia
2951 5465 3042 5513 tua
3087 5458 3320 5531 benigna
3364 5468 3466 5527 est,
3504 5479 3524 5513 ι
3563 5461 3635 5518 id
3681 5474 3775 5521 est

2160 5544 2333 5616 larga,
2352 5546 2477 5616 quia
2494 5545 2695 5601 nullum
2710 5547 2945 5617 despicis
2957 5548 3283 5606 clamantem
3297 5552 3363 5606 ad
3380 5562 3431 5607 te
3456 5568 3473 5607 :
3504 5570 3524 5604 ‹
3541 5563 3616 5608 et
3640 5570 3773 5613 res-

2161 5637 2282 5709 pice
2307 5638 2464 5693 in'me
2481 5638 2774 5695 secundum
2789 5639 3186 5696 multitudinem
3199 5641 3621 5698 miserationum
3641 5655 3777 5701 tua-

2174 5746 2290 5785 rum
2318 5749 2335 5782 t
2356 5748 2493 5800 quas
2507 5732 2797 5789 exltibuisti
2815 5733 3055 5806 patribus
3069 5734 3309 5806 antiquis
3321 5734 3462 5792 sicut
3477 5734 3689 5793 Daniel
3712 5740 3774 5795 in
