3940 6452
147 501 259 557 825

1343 501 1780 559 EXPLANA'I‘IO
1814 502 1882 558 IN
1920 499 2262 556 PSALMOS.

3296 501 3402 556 4'26

147 617 272 670 lacu
301 612 514 669 leonum
537 611 698 684 (Dan.
723 617 858 686 xxv),
880 622 935 671 et
959 612 1072 670 Noe
1098 614 1155 670 in
1176 615 1330 687 aquis
1358 614 1543 671 diluvii
1569 613 1719 687 (Gen.
1751 619 1800 679 Α
1830 615 1882 669 in
1914 613 2250 678 scandalum,
2279 632 2298 664 ι
2326 611 2380 668 id
2401 620 2502 678 est,
2533 612 2598 667 de
2635 611 2715 666 eis
2744 611 2980 666 habeant
3008 611 3317 666 scandalum
3348 623 3405 669 et

147 722 248 771 vn,
276 708 417 775 vui),
443 711 498 758 et
521 704 750 760 caeteris.

220 796 353 852 Dico
380 813 400 846 ε
420 795 629 866 respice
649 814 669 848 ι
686 797 861 852 ethoc
880 811 979 868 per
995 813 1106 865 me,
1125 806 1182 855 et
1201 800 1302 854 hoc
1315 807 1426 855 est:
1449 816 1468 848 ε
1492 812 1560 854 ne
1579 812 1727 852 aver-

147 897 235 942 tas
249 886 442 943 faciem
465 896 616 942 tuam
634 902 662 941 a
684 903 854 958 puero
874 897 990 956 tuo,
1018 909 1036 942 ι
1053 890 1108 945 id
1133 899 1401 957 est,ame,
1428 904 1584 946 servo
1611 897 1723 954 tuo,

147 979 291 1034 sicut
313 977 418 1032 alia
447 977 728 1034 translatio
761 979 942 1036 habet.
975 979 1046 1036 Se
1068 989 1227 1036 vocat
1257 996 1482 1052 puerum
1507 988 1728 1050 propter

146 1071 535 1137 innocentiam,
563 1071 630 1127 de
660 1087 766 1142 quo
799 1071 914 1143 ipse
943 1072 998 1128 in
1024 1073 1337 1144 Evangelia,
1383 1088 1504 1128 cum
1563 1071 1727 1126 alium

146 1161 427 1218 statuisset
455 1161 510 1216 in
535 1162 713 1218 medio
742 1177 952 1230 eorum,
1003 1171 1183 1219 tamen
1209 1164 1378 1219 dixit:
1411 1184 1430 1214 ς
1460 1162 1576 1218 Nisi
1610 1161 1725 1218 eili-

147 1255 367 1310 ciamini
397 1255 537 1310 sicut
560 1257 818 1325 parvulus
843 1259 962 1323 iste,
986 1273 1092 1313 non
1122 1257 1391 1313 intrabitis
1426 1257 1478 1310 in
1504 1271 1728 1327 regnum

145 1347 408 1402 caelorum
445 1344 664 1418 (Matth.
699 1349 876 1422 xvnt).
915 1369 933 1400 ›
980 1369 997 1400 α
1034 1349 1111 1405 Ne
1137 1358 1350 1406 avertas
1387 1369 1406 1401 ι
1439 1350 1593 1416 dico,
1635 1349 1728 1404 sed

144 1437 323 1508 potius
384 1454 404 1488 ‹
433 1439 624 1493 exaudi
653 1455 738 1495 me
774 1440 1046 1507 velociter,
1083 1462 1099 1494 ι
1135 1457 1240 1496 non
1283 1441 1499 1497 differas
1551 1457 1728 1496 meam

144 1529 594 1585 resurrectionem
615 1545 784 1602 usque
805 1532 861 1587 in
882 1548 1224 1588 communem
1253 1534 1726 1599 resurrectionem,

150 1639 167 1669 ι
204 1620 457 1690 quoniam
479 1617 709 1676 tribulor
732 1642 749 1673 )
769 1623 959 1679 etideo
979 1624 1082 1680 hoc
1109 1625 1262 1680 dico:
1286 1644 1304 1676 (
1326 1640 1393 1680 ne
1414 1635 1628 1681 avertas
1648 1624 1726 1680 fa-

145 1711 285 1766 ciem
308 1719 476 1778 tuam,
508 1731 528 1766 ι
560 1714 654 1769 sed
680 1716 860 1783 potius
886 1735 904 1766 ι
929 1714 1147 1771 intende
1173 1715 1366 1770 anima:
1394 1731 1526 1771 mea:
1555 1736 1572 1768 ι
1600 1732 1728 1770 con-

143 1801 390 1858 siderans
414 1811 618 1872 quanta
642 1804 950 1861 innocentia
979 1807 1076 1862 tibi
1100 1807 1403 1872 servierim,
1434 1826 1451 1858 ι
1479 1816 1533 1863 et
1558 1807 1728 1864 libera

143 1908 284 1958 eam,
321 1914 339 1946 ι
368 1901 542 1949 etnon
567 1903 775 1950 tantum
792 1908 1013 1968 propter
1031 1899 1294 1969 meipsum
1313 1898 1482 1954 libera
1503 1915 1609 1965 me,
1634 1899 1728 1954 sed

1825 701 2198 767 offensionem,
2228 702 2314 756 vel
2343 701 2486 756 inter
2529 716 2608 765 se,
2652 701 2737 756 vel
2785 701 2924 756 inter
2963 699 3322 767 Christianos,
3347 710 3405 758 et

1827 797 1928 851 hoc
1961 815 1980 847 ι
2015 810 2199 850 coram
2242 794 2394 864 ipsis,
2427 784 2454 846 ›’
2481 803 2540 850 ιιι
2564 794 2664 865 ipsi
2702 795 2838 850 bene
2869 802 3196 866 cognoscant
3235 809 3294 850 se
3316 810 3403 851 er-

1828 903 1971 952 rare,
1995 897 2049 943 et
2070 888 2211 942 bene
2236 884 2407 942 ειυόωί
2448 888 2622 942 sciant
2645 888 2870 959 gentiles
2904 889 3074 959 legem
3109 904 3258 943 suam
3300 887 3404 943 ha-

1826 978 1974 1044 bere,
1989 994 2085 1050 per
2105 995 2268 1049 quam
2290 979 2390 1049 ipsi
2412 980 2556 1049 ipsos
2574 979 2785 1036 Judteos
2806 995 3033 1052 peccare
3055 981 3399 1036 convincunt.

1834 1091 1851 1122 c
1873 1072 2274 1127 Retributiones
2293 1092 2310 1122 ι
2337 1071 2456 1136 has,
2483 1070 2707 1139 scilicet,
2735 1092 2753 1122 ι
2776 1073 3132 1129 obscurentur
3153 1072 3294 1128 oculi
3312 1088 3402 1126 co-

1831 1179 1970 1230 rum,
2002 1184 2018 1214 ι
2048 1164 2100 1218 id
2139 1173 2223 1219 est
2248 1163 2387 1219 ratio
2429 1179 2638 1228 eorum,
2669 1185 2688 1215 ς
2716 1175 2784 1218 ne
2812 1165 3049 1228 videant,
3077 1184 3093 1216 ι
3122 1164 3175 1218 id
3198 1172 3302 1229 est,
3335 1177 3405 1218 ne

1828 1257 2125 1327 intelligant
2144 1258 2454 1322 veritatem,
2484 1277 2503 1308 ‹
2529 1265 2583 1313 et
2603 1256 2823 1311 dorsum
2846 1273 3052 1324 eorum,
3088 1277 3105 1308 ι
3134 1257 3185 1312 id
3209 1266 3291 1312 est
3312 1271 3404 1310 ra-

1828 1347 1905 1402 tio
1927 1362 2114 1402 eorum
2139 1363 2258 1417 quae
2284 1365 2304 1398 ‹
2329 1347 2547 1402 dorsum
2577 1366 2595 1398 ι
2625 1347 2844 1413 dicitur,
2868 1347 2993 1418 quia
3021 1347 3161 1402 sicut
3183 1348 3404 1401 dorsum

1827 1437 2063 1492 hominis
2096 1446 2336 1492 erectum
2381 1445 2485 1502 est,
2531 1437 2610 1492 sic
2647 1438 2764 1507 ipsa
2813 1438 2952 1492 ratio
2995 1452 3210 1506 semper
3247 1438 3410 1494 debet

1827 1530 1961 1600 erigi
1983 1529 2051 1585 ad
2079 1529 2346 1595 caelestia,
2379 1529 2475 1584 sed
2509 1549 2527 1580 ‹
2557 1543 2770 1600 semper
2798 1547 2816 1580 ι
2857 1537 2941 1584 est
2993 1547 3011 1578 ς
3044 1528 3268 1583 incurva
3301 1549 3319 1580 ι
3352 1529 3405 1583 in

1828 1622 2266 1692 concupiscentia
2297 1630 2659 1677 terrenorum.

1898 1714 2019 1769 Alia
2064 1715 2384 1770 retributio:
2424 1733 2442 1765 ι
2494 1712 2740 1779 Είῖἱιηόθ,
2768 1731 2786 1765 ›
2834 1712 2887 1768 id
2915 1721 3036 1779 est,
3069 1710 3407 1766 abundanter

1830 1803 2125 1858 immitteu
2164 1819 2327 1875 super
2377 1819 2470 1860 eos
2505 1824 2523 1856 ι
2573 1803 2640 1858 ad
2706 1803 3162 1874 compressionem
3216 1817 3405 1857 eorum

1836 1917 1854 1948 ι
1884 1899 2019 1954 iram
2040 1907 2208 1965 tuane,
2236 1917 2256 1950 ι
2300 1899 2354 1954 id
2376 1907 2461 1954 est
2500 1897 2792 1954 vindictam
2819 1906 2986 1962 tuam,
3011 1905 3066 1950 et
3103 1895 3190 1950 illa
3226 1893 3408 1966 gravis

142 1993 200 2039 et
228 2005 244 2035 ι
278 1994 496 2056 propter
529 1985 780 2043 inimicos
803 2005 952 2044 meos
975 1990 1121 2060 eripe
1147 2005 1254 2053 me,
1295 2008 1314 2040 ι
1348 1990 1471 2059 quia
1501 2005 1608 2044 non
1641 1997 1725 2045 est
1754 1997 1800 2056 B
1829 1991 1902 2046 sit
1947 1991 2224 2058 diuturna,
2278 2008 2300 2042 ι
2343 1999 2400 2047 et
2456 1988 2608 2048 furor
2669 1990 2765 2044 ira:
2820 1997 2928 2044 tua:
2985 1987 3410 2059 comprehendat

144 2075 373 2146 dignum
417 2085 477 2132 ut
503 2078 708 2134 inimici
740 2080 844 2136 mei
874 2080 941 2136 de
967 2097 1086 2137 mea
1115 2081 1403 2137 alllictione
1434 2087 1720 2152 gaudeant.

215 2166 286 2222 Et
311 2167 474 2224 debes
525 2169 754 2242 eripere,
808 2171 935 2243 quia
967 2182 1023 2228 tu
1058 2173 1210 2228 vides
1257 2173 1398 2228 mala
1446 2190 1565 2244 quae
1592 2175 1724 2230 mihi

143 2257 305 2323 fiunt,
330 2269 547 2330 propter
572 2276 690 2331 qua:
739 2262 903 2320 debes
931 2278 1059 2336 orga
1087 2280 1174 2320 me
1201 2264 1268 2319 ad
1294 2265 1725 2322 misericordiam

141 2351 474 2405 commoveri
506 2391 522 2417 ,
571 2351 712 2408 unde
754 2353 920 2411 dicit:
968 2373 988 2406 ‹
1043 2353 1121 2409 Tu
1169 2357 1277 2412 scis
1343 2357 1724 2428 improperium

141 2457 347 2509 meum,
379 2463 400 2497 ι
432 2443 487 2499 id
521 2454 622 2512 est,
663 2448 960 2518 cognoscis,
995 2464 1158 2518 quam
1201 2449 1376 2520 turpia
1402 2451 1565 2506 verba
1592 2450 1724 2505 mihi

139 2531 384 2588 inferunt
410 2553 428 2584 (
457 2543 512 2590 et
538 2555 556 2587 ι
600 2537 710 2592 scis
736 2556 753 2588 ι
781 2538 1149 2596 confusionem
1175 2554 1348 2595 meam
1378 2561 1396 2594 ι
1431 2557 1593 2612 quam
1623 2543 1718 2598 ha-

138 2623 358 2691 bebam,
388 2633 448 2680 ut
480 2625 557 2681 illi
580 2637 926 2698 putaverunt,
957 2647 1078 2686 cum
1103 2631 1238 2687 alios
1260 2631 1440 2688 salvos
1461 2631 1721 2701 facerem,

138 2724 196 2771 et
226 2717 490 2787 meipsum
522 2718 728 2775 salvare
776 2736 883 2775 non
928 2736 1140 2791 possem
1172 2721 1322 2794 (Luc.
1357 2739 1448 2778 xxi
1476 2741 1491 2788 ;
1527 2723 1719 2779 Matth.

136 2807 296 2879 xxvi)
333 2826 351 2860 (
379 2817 432 2865 et
459 2831 478 2863 ›
527 2811 635 2866 scis
679 2830 697 2862 ι
728 2815 1085 2868 reverentiam
1135 2830 1332 2882 meam,
1363 2835 1382 2868 ›
1418 2815 1474 2870 id
1505 2825 1606 2882 est,
1636 2816 1725 2872 illa

138 2903 272 2960 vilia
323 2919 442 2975 quae
469 2922 568 2978 ego
593 2908 853 2974 sustineo,
884 2917 939 2964 et
980 2911 1294 2977 reverenda,
1343 2918 1402 2965 ut
1432 2920 1610 2981 sputa,
1634 2927 1724 2968 co-

140 2995 354 3066 laphos.
379 2997 498 3052 Alia
526 2999 807 3056 translatio
837 3000 1021 3067 habet,
1068 3002 1418 3073 ignominiam
1459 3003 1546 3058 vel
1573 3019 1724 3061 vere-

138 3089 423 3145 cundiam.
563 3084 574 3096 ’

213 3181 298 3237 Me
317 3183 468 3240 vides
494 3183 765 3255 amictum,
793 3196 847 3243 et
873 3188 1034 3244 etiam
1063 3187 1155 3259 qui
1178 3201 1264 3244 me
1291 3188 1559 3260 allligunt,
1582 3188 1723 3244 unde

138 3274 312 3330 debes
343 3276 410 3331 ad
454 3276 878 3349 indignationem
925 3290 1114 3336 contra
1151 3297 1246 3336 eos
1284 3283 1640 3348 commoveri,
1668 3290 1724 3336 et

1825 2101 1939 2141 eos.
1965 2105 1983 2136 ι

1895 2177 2026 2232 item
2040 2176 2352 2232 retributio:
2371 2175 2714 2231 Continuatio
2733 2193 2743 2228 :
2771 2194 2790 2226 ι
2811 2173 3036 2230 Effunde
3049 2175 3186 2229 iram
3202 2181 3401 2240 tuam,r

1825 2269 2054 2334 scilicet,
2087 2288 2106 2320 ι
2135 2269 2400 2324 habitatio
2438 2285 2658 2335 eorum,
2690 2289 2710 2321 ι
2737 2269 2792 2324 id
2827 2278 2912 2324 est
2935 2269 3156 2335 domus,
3184 2277 3238 2323 et
3266 2267 3405 2338 agri,

1824 2371 1880 2416 et
1910 2361 2100 2427 vineae,
2131 2382 2149 2412 ‹
2185 2360 2280 2416 fiat
2297 2360 2511 2416 deserta
2547 2381 2566 2412 ι
2599 2363 2666 2416 ab
2682 2347 2788 2428 eis,
2828 2381 2845 2411 ‹
2883 2371 2936 2416 et
2961 2362 3015 2415 in
3047 2360 3408 2415 tabernaculis

1824 2466 2033 2517 eorum,
2066 2471 2083 2501 ι
2119 2451 2172 2505 id
2213 2459 2298 2506 est
2351 2452 2407 2505 in
2451 2449 2755 2506 celebribus
2801 2451 2934 2507 locis
2987 2467 3195 2516 eorum,
3248 2458 3308 2504 ut
3351 2451 3407 2504 in

1825 2546 2044 2616 templo,
2084 2553 2138 2600 et
2159 2560 2454 2616 synagoga,
2481 2553 2535 2600 et
2577 2545 2848 2615 capitolio,
2881 2564 2899 2596 ι
2930 2562 3036 2601 non
3065 2545 3136 2598 sit
3166 2564 3183 2595 ι
3212 2543 3403 2612 aliquia

1823 2653 2014 2694 eorum
2041 2656 2061 2688 (
2098 2637 2190 2706 qui
2216 2635 2501 2690 inhabitet.
2533 2653 2551 2686 ι
2578 2635 2730 2702 Quod
2755 2635 2906 2700 dicit,
2943 2655 2960 2685 ι
2991 2634 3272 2697 inhabitet,
3305 2653 3322 2685 ι
3352 2637 3404 2686 et

1824 2745 1933 2785 non
1968 2745 2065 2800 per
2094 2743 2152 2784 se
2187 2727 2417 2794 habitet,
2440 2735 2593 2782 notat
2615 2727 2760 2796 quod
2783 2742 2974 2796 magna
2998 2724 3280 2779 affectione
3304 2723 3404 2777 ha-

1822 2808 2000 2876 bitant
2025 2821 2079 2874 in
2098 2819 2240 2874 locis
2266 2818 2393 2873 illis.
2426 2818 2520 2873 Hm
2551 2818 2854 2888 optationes
2900 2827 3027 2871 sunt
3057 2817 3111 2871 in
3156 2815 3235 2870 eis
3258 2830 3404 2871 com-

1821 2911 1998 2983 pletae,
2027 2910 2083 2965 in
2109 2909 2472 2966 destructione
2498 2908 2605 2964 Titi
2633 2919 2687 2964 et
2714 2907 3047 2977 Vespasiani.

1893 3003 2018 3058 Haec
2042 3001 2224 3057 omnia
2255 3001 2395 3055 mala
2419 3001 2540 3056 ideo
2567 3001 2648 3055 eis
2669 3000 2940 3065 evenient,
2969 3020 2987 3050 (
3015 2999 3266 3069 quoniam
3291 3015 3387 3069 per

1822 3094 1992 3150 secuti
2013 3103 2141 3149 sunt
2169 3114 2186 3145 ι
2207 3107 2292 3147 me
2312 3092 2509 3146 Filium
2532 3101 2701 3158 tuum,
2723 3109 2742 3142 ‹
2762 3107 2922 3161 quem
2940 3100 2994 3145 tu
3015 3091 3355 3161 percussisti,
3382 3109 3400 3141 ι

1821 3183 2142 3253 exponendo
2173 3196 2297 3236 eum
2333 3181 2570 3236 miseriis
2599 3180 2756 3249 hujus
2783 3179 2989 3244 mundi,
3015 3179 3262 3235 faciendo
3285 3195 3406 3249 pas-

1823 3275 2037 3331 sibilem
2064 3283 2120 3329 et
2154 3274 2473 3341 mortalem,
2504 3293 2522 3325 ‹
2563 3282 2618 3328 et
2646 3288 2808 3343 super
2843 3272 3082 3327 dolorem
3122 3269 3404 3326 vulnerum

141 3375 248 3421 hoc
268 3377 387 3422 est:
423 3386 441 3420 (
474 3369 528 3422 in
561 3379 853 3440 conspectu
896 3378 987 3426 tuo
1026 3377 1152 3426 sunt
1175 3385 1368 3426 omnes
1418 3371 1511 3441 qui
1555 3372 1727 3426 tribu—
1753 3369 1798 3432 C
1831 3383 2077 3422 meorum
2099 3367 2452 3422 addiderunt:
2475 3385 2493 3419 ι
2518 3366 2876 3420 vulnerabant
2898 3365 3332 3428 Christum,cum
3355 3366 3406 3417 ei

139 3459 260 3516 lant
295 3477 405 3528 me,
433 3482 452 3514 ι
498 3471 554 3518 et
578 3462 723 3517 illam
770 3463 1170 3518 tribulationem
1217 3471 1409 3532 sponte
1457 3464 1724 3530 sustineo,

140 3552 272 3621 quia
315 3570 334 3602 ι
362 3566 458 3607 cor
499 3567 695 3616 meum,
734 3573 752 3605 ι
786 3553 841 3608 id
891 3563 974 3609 est
1021 3555 1271 3610 voluntas
1301 3570 1442 3621 mea,
1473 3573 1492 3605 ‹
1539 3570 1728 3626 exspe-

143 3643 317 3697 ctavit
359 3642 745 3713 improperium
775 3664 794 3696 ι
845 3645 902 3700 ἱη
947 3645 1128 3712 dictis,
1175 3665 1193 3697 ι
1229 3654 1285 3701 et
1312 3647 1587 3702 miseriam
1621 3668 1640 3700 ι
1673 3648 1728 3703 in

145 3733 328 3790 factis.

227 3841 246 3874 ι
274 3822 339 3876 Et
366 3823 620 3890 sustinui,
646 3843 666 3877 ι
689 3824 741 3881 id
765 3819 869 3892 est,
899 3827 1226 3897 exspectavi,
1250 3846 1268 3879 ‹
1297 3829 1388 3898 qui
1413 3828 1576 3883 simul
1601 3845 1728 3884 con-

153 3912 490 3979 tristaretur,
521 3932 538 3966 ι
570 3913 622 3969 id
647 3923 750 3980 est,
777 3917 870 3986 qui
893 3916 1025 3971 mihi
1043 3917 1374 3984 condoleret,
1397 3920 1542 3990 quod
1562 3921 1726 3990 exigit

139 4012 360 4068 natura,
390 4013 450 4059 ut
480 4019 603 4059 cum
629 4006 848 4062 videant
874 4007 1124 4062 homines
1167 4008 1404 4079 aliquem
1447 4009 1720 4075 afﬂictum,

138 4095 470 4152 condoleant
495 4097 566 4162 ei,
601 4115 620 4147 ‹
650 4106 706 4152 et
733 4117 750 4149 ι
781 4105 962 4154 tamen
996 4117 1014 4149 ε
1044 4115 1152 4153 non
1202 4098 1306 4154 fuit
1334 4120 1352 4152 ι
1389 4100 1481 4170 qui
1527 4101 1726 4156 condo-

137 4186 317 4254 leret;
357 4205 374 4238 ι
404 4197 458 4243 et
487 4207 506 4240 ι
537 4189 768 4244 sustinui
801 4208 820 4240 ι
849 4190 941 4259 qui
967 4189 1340 4246 consolaretur
1368 4210 1386 4243 ι
1417 4205 1525 4258 me,
1548 4201 1724 4247 trans-

140 4280 326 4336 eundo
347 4280 412 4335 ad
434 4296 609 4338 meam
633 4282 956 4350 doctrinam,
984 4304 1002 4337 ‹
1031 4292 1213 4339 etnon
1235 4284 1416 4341 inveni
1444 4304 1463 4337 ι
1489 4284 1722 4356 aliquem

140 4371 238 4442 qui
262 4372 634 4429 consolaretur
660 4387 764 4430 me.

224 4483 243 4514 ε
277 4463 343 4518 Et
365 4465 629 4521 dederunt
651 4466 706 4521 in
733 4481 914 4522 escam
954 4483 1130 4524 meam
1161 4467 1255 4534 fel,
1286 4477 1343 4524 et
1382 4468 1438 4522 in
1482 4468 1572 4523 siti
1603 4484 1723 4524 mea

141 4566 473 4628 putaverunt
523 4573 610 4614 me
667 4569 864 4627 aceto,
920 4581 937 4612 ι
989 4563 1244 4631 quoniam
1301 4579 1410 4617 non
1462 4563 1726 4618 dederunt

141 4647 313 4702 aliam
335 4663 516 4702 escam
548 4649 633 4704 vel
670 4661 874 4720 potum,
903 4651 1006 4706 nisi
1032 4659 1247 4705 acetum
1285 4667 1410 4707 cum
1443 4651 1568 4707 felle
1596 4654 1726 4716 mis-

1827 3458 2083 3513 nolebant
2113 3458 2355 3522 credere,
2382 3467 2437 3512 et
2463 3457 2585 3513 inde
2613 3457 2849 3522 dolebat,
2879 3465 2935 3511 et
2961 3476 2979 3508 ‹
3011 3472 3173 3526 super
3201 3475 3220 3508 ›
3258 3456 3406 3512 illum

1833 3573 1852 3604 ι
1883 3553 2126 3610 dolorem
2157 3571 2176 3604 ι
2208 3553 2375 3607 multa
2400 3553 2542 3608 mala
2565 3553 2616 3608 ei
2643 3552 2945 3617 inferendo,
2977 3551 3189 3607 dolores
3208 3550 3408 3607 multos

1827 3644 1961 3699 alios
1988 3663 2006 3694 ‹
2036 3643 2408 3698 addiderunt.»

1897 3737 1965 3792 Et
1988 3736 2115 3807 quia
2141 3735 2343 3790 malum
2369 3735 2502 3789 mihi
2529 3751 2690 3806 super
2711 3735 2911 3790 malum
2945 3753 2964 3785 ‹
2997 3735 3341 3800 addiderunt,
3377 3755 3400 3790 ι

1835 3848 1853 3880 ‹
1882 3844 2044 3898 super
2063 3828 2400 3898 iniquitatem
2425 3843 2610 3883 eorum
2643 3848 2660 3878 ι
2691 3844 2851 3898 quam
2874 3827 3120 3882 fecerunt
3144 3828 3196 3880 in
3223 3841 3410 3884 servos

1826 3922 2021 3977 missos
2047 3922 2103 3976 in
2133 3921 2367 3985 vineam,
2395 3922 2519 3990 quia
2549 3921 2840 3991 prophetas
2869 3920 3064 3974 missos
3090 3920 3157 3973 ad
3182 3935 3278 3975 eos
3316 3934 3407 3975 co-

1826 4013 2012 4069 lendos
2033 4013 2367 4079 occiderunt,
2398 4033 2416 4065 ι
2448 4028 2654 4083 appone
2677 4011 3014 4082 iniquitatem
3042 4032 3059 4062 ι
3084 4011 3269 4078 aliam,
3295 4012 3406 4066 sci-

1825 4104 1954 4160 licet
1982 4113 2044 4159 ut
2071 4120 2158 4159 me
2203 4104 2378 4173 ipsum
2411 4104 2681 4159 haeredem
2725 4104 2897 4159 vinea:
2946 4103 3305 4168 interﬁciant,
3333 4104 3402 4159 ad

1825 4197 2097 4252 cumulum
2121 4211 2232 4250 sum
2258 4195 2531 4266 nequitiae,
2569 4214 2586 4245 ι
2623 4206 2677 4250 et
2697 4209 2804 4250 non
2833 4195 3038 4250 intrent
3058 4194 3114 4248 in
3134 4195 3403 4266 justitiam

1825 4295 1994 4353 tuam,
2028 4309 2046 4340 ι
2077 4287 2130 4341 id
2157 4297 2259 4352 est,
2290 4301 2395 4341 non
2425 4295 2808 4342 convertantur
2832 4286 2899 4341 ad
2920 4295 2990 4341 te.

1895 4391 2014 4446 Alia
2041 4389 2327 4446 retributio
2353 4408 2366 4444 :
2398 4408 2417 4442 ‹
2449 4390 2740 4446 Deleantur
2766 4410 2785 4440 ι
2812 4391 2976 4444 etiam
3011 4410 3030 4441 ‹
3064 4389 3131 4447 de
3157 4391 3296 4448 libro
3323 4393 3406 4446 vi-

1825 4485 2092 4541 ventium.
2120 4503 2138 4536 ι
2172 4483 2336 4538 Liber
2359 4482 2485 4537 vita:
2513 4490 2594 4536 est
2617 4483 2957 4552 praescientia
2982 4481 3112 4548 Dei,
3157 4485 3243 4538 cui
3273 4484 3409 4539 nihil

1827 4575 2024 4630 ascribi
2053 4574 2134 4630 vel
2190 4572 2355 4629 deleri
2391 4581 2589 4643 potest.
2623 4572 2823 4628 Omnes
2869 4574 3012 4628 enim
3050 4574 3105 4627 in
3135 4573 3226 4628 illo
3269 4590 3407 4642 prae-

1830 4665 1951 4720 sciti
1980 4673 2122 4731 sunt,
2154 4663 2239 4718 vel
2274 4663 2343 4718 ad
2381 4670 2635 4726 mortem,
2661 4663 2745 4718 vel
2783 4663 2850 4718 ad
2873 4663 3059 4726 vitam,
3086 4663 3181 4716 sed
3210 4678 3405 4718 secun-

143 4749 289 4806 tum,
328 4748 384 4795 et
428 4740 530 4796 hoc
577 4715 749 4814 figura
799 4715 918 4808 fuit,
945 4759 1066 4798 cum
1095 4743 1240 4798 enim
1284 4745 1400 4815 ipse
1434 4745 1612 4800 sitiret
1634 4715 1725 4800 sa-

1835 4756 1956 4810 dnm
1987 4753 2253 4824 judicium
2301 4755 2596 4808 humanum
2631 4753 2847 4822 quidam
2886 4754 3142 4808 dicuntur
3185 4755 3406 4820 ascribi,

141 4830 318 4886 lutem
346 4845 553 4897 eorum,
608 4848 716 4888 non
753 4833 942 4888 habuit
991 4835 1339 4891 refectionem
1371 4852 1438 4891 ex
1487 4837 1586 4902 eis,
1631 4837 1728 4893 sed

143 4923 512 4978 exhibuerunt
533 4924 583 4978 ei
607 4939 822 4980 amaros
843 4933 899 4980 et
923 4926 1069 4981 diros
1098 4943 1294 4983 mores.

227 5031 247 5064 ι
280 5012 401 5069 Fiat
439 5030 626 5070 mensa
649 5030 860 5071 eorum.
889 5037 907 5069 ι
936 5017 1071 5073 Pars
1095 5027 1310 5088 quarta.
1338 5019 1686 5077 Continuatio
1711 5041 1725 5077 :

144 5105 324 5162 Judaei
355 5106 620 5162 dederunt
643 5108 772 5163 mihi
808 5109 1008 5165 malam
1027 5125 1232 5177 escam,
1255 5119 1310 5167 et
1334 5112 1529 5166 malam
1548 5128 1728 5168 escam

149 5197 308 5252 dedit
340 5198 420 5253 eis
442 5197 606 5265 Deus,
643 5207 698 5254 et
725 5201 827 5256 hoc
857 5210 960 5265 est,
999 5221 1016 5254 ‹
1046 5217 1232 5256 mensa
1259 5217 1467 5268 eorum,
1501 5223 1520 5255 ι
1551 5204 1604 5259 id
1627 5211 1732 5269 est,

87 5317 96 5328 ~
149 5287 424 5357 scriptura
458 5304 668 5356 eorum,
701 5305 821 5360 quae
852 5300 937 5347 est
957 5292 1037 5348 eis
1086 5294 1362 5364 proposita
1386 5295 1454 5350 ad
1485 5293 1734 5350 refectio-

151 5398 302 5449 nem,
337 5402 355 5434 ι
387 5384 480 5438 fiat
502 5385 608 5442 illis
634 5404 651 5436 ι
677 5384 876 5442 Judazis
903 5406 921 5438 ‹
951 5388 1006 5442 in
1027 5387 1294 5458 laqueum,
1319 5410 1338 5442 ι
1367 5399 1422 5445 ut
1443 5406 1540 5462 per
1561 5391 1732 5462 ipsam

149 5476 368 5533 scilicet
406 5477 768 5549 illaqueentur
821 5487 876 5534 et
917 5479 1339 5545 convincantur,
1389 5481 1529 5536 sicut
1575 5481 1735 5554 hodie

149 5569 482 5641 completum
505 5581 588 5627 est
610 5572 664 5627 in
687 5572 814 5638 illis,
847 5587 974 5626 nam
1014 5572 1302 5628 Christiani
1330 5588 1423 5628 eos
1442 5588 1540 5644 per
1560 5573 1731 5645 legem

151 5663 454 5735 saepissime
481 5679 668 5720 errare
697 5664 1042 5730 convincunt,
1071 5673 1129 5720 et
1163 5664 1298 5734 legis
1336 5664 1511 5735 gladio
1559 5663 1730 5735 legem

152 5758 509 5814 observantes
533 5755 809 5830 jugulant;
839 5756 936 5812 flat
969 5777 988 5810 ‹
1021 5758 1182 5813 etiam
1207 5777 1224 5809 ι
1257 5757 1337 5813 eis
1362 5778 1380 5810 ι
1419 5757 1474 5813 in
1502 5757 1732 5814 retribu-

155 5849 354 5917 tiones,
378 5869 396 5902 ι
422 5851 546 5922 quia
561 5865 659 5922 pro
681 5848 796 5918 lege
821 5866 981 5920 quam
1004 5867 1110 5906 non
1134 5851 1462 5917 custodiunt,
1481 5850 1624 5906 Deus
1650 5849 1730 5906 eis

155 5937 300 5998 mala
323 5942 592 6005 retribuit,
617 5950 671 5996 et
699 5942 796 5998 has
836 5943 1216 5999 retributiones
1253 5942 1586 6014 exsequitur,
1627 5962 1644 5995 ί
1675 5952 1730 5998 ct

521 6039 792 6101 ΡΑτιιοι.
839 6040 1059 6102 CXVI.

1593 6107 1658 6130 ax

1827 4846 2046 4916 quidam
2068 4844 2256 4900 deleri.
2291 4841 2602 4898 Judicamus
2620 4844 2763 4898 enim
2785 4845 3067 4914 quosdam,
3096 4861 3230 4916 quos
3257 4846 3410 4916 prius

1829 4937 2000 4993 malos
2031 4937 2282 5001 vidimus,
2313 4936 2360 4990 si
2389 4945 2796 5001 convertantur,
2825 4943 2879 4992 et
2908 4935 3046 4992 bene
3090 4947 3403 5006 operentur,

1830 5027 1975 5098 quod
2007 5036 2132 5082 tunc
2173 5027 2226 5080 in
2267 5026 2404 5082 libro
2445 5027 2571 5081 vita:
2599 5028 2978 5092 ascribantur;
3019 5029 3064 5081 si
3101 5035 3282 5080 autem
3313 5027 3408 5096 qui

1827 5118 1980 5188 prius
2002 5119 2129 5174 boni
2160 5117 2392 5188 reputati
2439 5126 2583 5183 sunt,
2637 5117 2706 5172 ad
2752 5117 2951 5172 malum
2999 5123 3406 5181 convertantur,

1834 5225 1928 5266 eos
1951 5210 2018 5264 de
2044 5209 2182 5263 libro
2224 5209 2347 5264 vitae
2373 5209 2578 5264 deletos
2600 5225 2720 5265 esse
2755 5207 3081 5278 iudicamus,
3133 5216 3190 5262 et
3216 5221 3409 5262 secun-

1836 5301 1961 5356 dum
1988 5301 2089 5355 hoc
2111 5299 2279 5354 dicit:
2303 5317 2322 5350 ‹
2345 5299 2633 5355 Deleantur
2653 5318 2669 5350 ι
2703 5298 2990 5370 ipsiJudaei
3019 5318 3038 5350 ‹
3064 5298 3130 5354 de
3154 5297 3293 5352 libro
3321 5296 3405 5350 vi-

1835 5391 2075 5445 ventium
2098 5411 2116 5441 ι
2145 5389 2351 5446 scilicet
2366 5431 2382 5457 ,
2397 5391 2484 5446 lex
2507 5407 2715 5457 eorum,
2732 5391 2825 5460 qui
2849 5391 2996 5462 prius
3014 5389 3148 5462 justi
3168 5388 3406 5456 reputati

1836 5490 1982 5549 sunt,
2002 5481 2207 5538 inutilis
2231 5491 2287 5537 et
2305 5484 2563 5538 damnosa
2591 5490 2867 5552 appareat,
2899 5501 2918 5532 ‹
2945 5490 3147 5537 etcum
3171 5479 3355 5549 justis,
3375 5500 3400 5532 ι

1839 5575 1889 5628 id
1934 5584 2018 5630 est
2061 5576 2308 5644 gentibus
2334 5618 2348 5642 ,
2398 5593 2417 5626 ‹
2453 5591 2559 5630 non
2615 5574 2924 5629 scribantur
2960 5593 2978 5625 ι
3026 5571 3226 5636 Judaei,
3276 5571 3404 5642 quia

1836 5675 2021 5736 gentes
2057 5682 2251 5722 novam
2284 5665 2458 5737 legem
2486 5665 2772 5734 recipiunt,
2804 5678 2902 5734 per
2943 5661 3084 5731 quod
3118 5660 3320 5716 ascribi
3348 5662 3406 5716 in

1833 5757 1972 5814 libro
1995 5755 2445 5826 vitmjudicantur
2473 5773 2485 5809 :
2519 5754 2686 5810 Judaei
2717 5769 2824 5810 non
2855 5753 3185 5818 scribuntur,
3219 5753 3272 5807 id
3301 5762 3404 5819 est,

1833 5861 1939 5902 non
1987 5847 2256 5918 recipiunt
2306 5846 2726 5914 innovationcm,
2775 5860 2939 5916 quam
2986 5843 3229 5901 salvandi
3259 5845 3398 5901 acci-

1831 5943 2001 6016 piunt.

2632 6037 2702 6098 1’s
