3940 6458
529 450 634 510 ου

991 437 1348 500 HAYMONIS
1384 429 1865 491 HALBERSTAT.
1904 429 2120 486 EPISC.
2161 425 2313 484 OPP.
2357 425 2536 484 PARS
2573 427 2616 483 Ι.
2647 457 2662 468 -
2687 456 2715 467 υ
2741 426 3100 484 COMMENT.
3143 427 3316 486 BIBL.

3686 431 3781 493 438

606 555 894 631 cEgosum
919 567 1143 625 pauper.
1169 572 1188 603 ι
1209 550 1342 604 Pars
1364 550 1569 618 quinta.
1603 542 1968 606 Continuatio.
2002 541 2111 595 Illis
2139 546 2184 607 Α
2213 541 2516 610 phetarum,
2549 561 2567 592 σ
2596 541 2892 612 possidebit
2918 558 3036 598 eam
3066 563 3083 595 ι
3124 543 3278 614 Sion,
3310 554 3366 599 et
3394 545 3641 600 ostendit
3660 561 3784 616 quos

528 651 606 709 ita
631 647 928 719 contingat,
954 660 1052 715 ego
1074 652 1256 696 autem
1284 641 1442 694 aliter
1465 651 1675 692 mereor
1705 636 1772 690 ad
1790 648 1925 704 opus
1956 647 2103 687 meo-

530 759 676 808 rum,
699 741 827 812 quia
862 757 880 789 ‹
915 751 1014 807 ego
1061 749 1178 788 sum
1231 746 1434 802 pauper
1464 750 1480 780 ι
1518 743 1615 798 pro
1648 726 1727 782 eis
1751 724 1913 797 justis
1945 739 2104 778 mun-

533 836 705 892 danis.
735 831 886 890 Unde
917 825 1241 898 Apostolus:
1279 841 1296 874 ‹
1328 821 1579 876 Christus
1612 834 1733 874 cum
1767 817 1915 871 dives
1940 821 2104 880 esset,

529 941 732 1000 pauper
777 938 875 994 pro
907 919 1063 975 nobis
1109 917 1287 971 factus
1331 923 1415 968 est
1461 910 1547 982 (II
1573 907 1695 1000 Cor.
1738 905 1940 1000 νιιι)ξ»
1994 922 2012 955 ι
2054 912 2109 958 et

531 997 694 1074 etiam
743 1028 861 1068 sum
896 1010 1082 1064 dolens
1129 1028 1148 1060 ι
1183 1006 1252 1061 de
1288 1001 1650 1058 excaecatione
1680 997 1898 1053 humani
1950 1010 2109 1068 gene-

529 1109 623 1172 ris,
651 1114 706 1160 et
730 1119 826 1174 per
852 1102 953 1155 hoc
980 1097 1412 1171 promerebatur,
1441 1101 1500 1147 ut
1520 1092 1600 1147 sui
1626 1090 1983 1147 salvarentur.
2015 1086 2111 1142 sed

530 1211 731 1262 tamen,
757 1212 790 1250 o
818 1213 838 1248 ι
860 1195 1024 1258 Deus,
1052 1191 1200 1247 salus
1229 1198 1340 1253 tua,
1370 1206 1389 1239 ›
1412 1187 1466 1240 id
1487 1195 1569 1239 est
1592 1183 1760 1238 Filius
1783 1190 1925 1246 tuus,
1955 1197 1973 1240 ς
1997 1194 2110 1234 sus-

527 1292 669 1362 cepit
693 1304 776 1343 me
803 1307 820 1338 ›
847 1299 1019 1355 usque
1045 1281 1112 1336 ad
1148 1278 1541 1336 confessionem
1566 1276 1662 1330 Dei
1703 1273 1900 1337 Patris,
1931 1280 1987 1326 et
2012 1285 2112 1341 per

528 1386 631 1439 hoc
654 1378 890 1436 ostendit
920 1374 1214 1446 potentiam
1249 1387 1355 1442 qua
1382 1369 1556 1440 possit
1580 1367 1790 1423 salvare
1818 1379 1966 1419 suos.

601 1477 664 1528 Et
690 1473 816 1543 quia
849 1489 869 1522 ί
889 1469 1035 1523 salus
1061 1476 1153 1521 tua
1181 1480 1266 1519 me
1291 1462 1548 1533 suscepit,
1572 1481 1588 1511 ›
1622 1460 1739 1515 ideo
1771 1476 1789 1534 ι
1822 1456 2050 1511 laudabo
2082 1473 2102 1506 ι

529 1566 581 1619 in
629 1563 771 1618 meis
805 1580 824 1612 ‹
866 1573 1064 1614 nomen
1108 1556 1205 1610 Dei
1250 1569 1370 1610 cum
1418 1553 1651 1616 cantico,
1688 1569 1706 1601 ›
1759 1550 1811 1604 id
1854 1554 1938 1603 est
1985 1560 2109 1602 cum

529 1653 912 1716 exsultatione,
935 1671 952 1702 ‹
976 1657 1030 1703 et
1057 1649 1108 1703 in
1134 1647 1288 1703 laude
1322 1666 1340 1697 ι
1367 1643 1457 1700 illa
1485 1662 1503 1694 ‹
1533 1639 1890 1714 magniﬁcabo
1912 1653 2058 1702 eum,
2084 1654 2104 1688 ι

529 1747 582 1800 id
608 1753 710 1810 est,
743 1756 1000 1816 magnum
1039 1747 1093 1794 et
1128 1737 1555 1809 omnipotentem
1601 1731 1974 1819 praedicabunt
2002 1727 2110 1783 mei

531 1852 678 1895 eum.

2206 647 2387 688 semen
2436 645 2612 701 vocet,
2660 635 2775 688 sic:
2807 651 2826 686 ι
2856 636 2949 705 qui
2989 635 3218 717 diligunt
3266 652 3462 700 nomen
3505 637 3656 708 ejus,
3683 660 3702 690 ι
3737 641 3782 696 id

2205 733 2288 781 est
2324 725 2442 792 Dei,
2479 745 2496 777 ι
2528 727 2848 792 habitabunt
2869 728 2922 800 in
2947 743 3030 783 ea.

2660 860 2732 921 ΙΝ
2772 861 3102 919 ΡεΑιιιωί
3136 863 3323 921 LXIX.

2207 973 2464 1031 Tt'ruws.
2505 975 2573 1029 In
2600 976 2757 1052 ﬁnem
2785 977 3017 1052 psalmus
3054 978 3223 1052 David
3250 981 3303 1052 ir}.
3335 981 3779 1052 rememorationz,

2476 1062 2537 1101 eo
2565 1048 2704 1118 quod
2731 1047 2934 1103 salvum
2965 1049 3086 1118 fecit
3118 1067 3236 1106 eum
3264 1047 3548 1105 Dominus.

2282 1201 2301 1234 ι
2337 1183 2477 1238 Deus
2500 1181 2557 1262 in
2582 1182 2913 1253 adjutorium
2961 1200 3163 1256 meum.
3185 1206 3204 1238 ι
3238 1184 3490 1242 Psalmus
3524 1187 3642 1254 iste
3668 1205 3780 1246 cou-

2205 1275 2355 1332 venit
2402 1276 2590 1341 David,
2642 1277 2693 1332 id
2719 1287 2802 1332 est
2842 1280 2988 1334 omni
3029 1276 3176 1346 justo
3206 1322 3220 1346 ,
3255 1282 3378 1354 quia.
3425 1282 3514 1350 hic
3562 1283 3780 1354 loquitur

2207 1368 2429 1438 quilibet
2465 1368 2670 1439 justus,
2720 1371 2959 1440 psalmus
2985 1373 3106 1442 dico
3135 1372 3350 1432 habitus
3385 1376 3438 1436 in
3466 1392 3780 1436 rememora-

2206 1462 2375 1527 tione,
2406 1463 2588 1516 habita
2617 1463 2687 1516 de
2707 1478 2772 1517 eo
2797 1464 2939 1533 quod
2969 1465 3176 1524 salvum
3206 1465 3332 1528 fecit
3351 1483 3480 1526 eum
3511 1469 3776 1528 Dominus.

2209 1550 2413 1606 Memor
2440 1552 2584 1605 enim
2616 1551 2928 1608 salvationis
2972 1565 3026 1609 et
3053 1555 3440 1620 beneﬁciorum
3460 1600 3479 1626 ,
3507 1576 3640 1630 qum
3664 1561 3778 1617 Deus

2207 1641 2432 1696 contulit
2458 1643 2679 1705 mundo,
2714 1643 2853 1698 sicut
2882 1643 2936 1698 in
2981 1645 3088 1702 alio
3114 1647 3323 1721 psalmo
3365 1659 3660 1710 ostensum
3696 1663 3778 1717 est,

2209 1747 2430 1788 securus
2455 1734 2589 1804 petit
2616 1733 2856 1808 liberari,
2888 1736 3013 1791 licet
3049 1739 3216 1808 multa
3243 1741 3384 1800 mala
3412 1756 3672 1812 urgeant.
3694 1744 3779 1798 lla-

2212 1825 2344 1879 teria
2369 1832 2452 1880 est
2482 1825 2708 1896 quilibet
2729 1827 2930 1896 justus,
2959 1831 3050 1900 qui
3080 1830 3336 1902 loquitur.
3361 1833 3416 1890 In
3440 1837 3630 1908 prima
3657 1848 3778 1905 parte

601 1927 668 1980 Et
708 1924 826 1979 laus
874 1923 963 1978 illa
1008 1942 1026 1974 ‹
1056 1918 1424 1994 placebitDeo
1456 1935 1473 1968 ι
1531 1929 1692 1984 super
1736 1910 1898 1967 cmne
1938 1909 2109 1981 legale
2136 1905 2183 1966 B
2209 1917 2344 1986 petit
2395 1916 2612 1971 liberari
2663 1933 2692 1971 a
2734 1919 2888 1974 malis
2946 1922 3292 1992 instantibus,
3343 1935 3400 1984 et
3444 1905 3776 1986 inimicam

531 2016 876 2078 sacriﬁcium,
899 2013 1076 2068 ethoc
1094 2010 1328 2066 ostendit
1351 2022 1446 2077 per
1467 2014 1674 2076 partem
1698 2003 2108 2068 sacriﬁciorum,

530 2125 654 2165 cum
685 2109 837 2172 dicit,
871 2126 889 2157 (
920 2119 1083 2175 super
1104 2102 1333 2156 vitulum
1368 2098 1636 2153 novellum
1687 2111 1889 2151 cornua
1916 2095 2113 2166 produ-

531 2208 742 2256 centcm
776 2206 830 2252 et
858 2195 1102 2267 ungulas.
1139 2214 1158 2246 ι
1193 2192 1461 2262 Allegoria
1495 2190 1652 2259 hujus
1682 2188 1806 2261 talis
1849 2195 1955 2253 est,
1989 2187 2114 2242 licet

531 2291 621 2345 hic
651 2303 755 2344 non
782 2289 981 2342 habeat
1002 2286 1198 2340 locum.
1223 2283 1328 2338 Per
1347 2281 1570 2337 vitulum
1594 2280 1740 2334 illum
1768 2278 2113 2348 intelligimus

529 2381 780 2452 populum
797 2380 1130 2439 innovatum,
1145 2390 1243 2444 per
1261 2393 1277 2425 ς
1299 2387 1521 2437 cornua,
1544 2390 1562 2422 ›
1586 2371 1915 2424 munimenta
1932 2368 2114 2423 Eccle-

530 2471 646 2535 siae,
683 2467 880 2538 quibus
909 2467 1022 2536 ipsa
1045 2464 1317 2519 mundana
1342 2462 1457 2515 hmc
1481 2458 1795 2521 contemnit,
1833 2473 1954 2511 cum
1986 2455 2117 2510 dicit

535 2581 554 2613 ‹
585 2560 988 2632 producentem,
1042 2577 1058 2607 ι
1095 2552 1363 2624 signiﬁcat
1411 2561 1628 2605 sanctos
1674 2549 1730 2602 in
1767 2547 2114 2602 munimentis

531 2668 742 2724 semper
771 2650 1081 2722 procedere,
1111 2647 1163 2700 id
1190 2657 1291 2710 est,
1319 2658 1584 2700 crescere.

598 2747 750 2812 Dico,
786 2759 906 2816 quae
943 2761 960 2793 ‹
995 2741 1228 2813 placebit
1266 2741 1372 2793 Deo
1405 2753 1565 2808 super
1590 2733 1837 2800 vitulum,
1873 2752 1892 2784 ›
1925 2741 1979 2789 et
2009 2732 2112 2804 hoc

535 2839 769 2902 videant,
812 2855 832 2888 ι
864 2835 916 2889 id
939 2843 1039 2899 est,
1069 2832 1366 2903 intelligant
1395 2849 1412 2880 ι
1454 2841 1715 2899 pauperes
1743 2845 1761 2875 ›
1791 2823 1882 2893 qui
1922 2824 1988 2878 de
2011 2822 2112 2876 illis

532 2929 850 2986 animalibus
892 2942 999 2982 non
1045 2932 1295 2996 poterant
1345 2920 1608 2976 sacriﬁcia
1659 2916 1857 2982 facere,
1893 2934 1910 2966 ‹
1944 2927 1997 2970 et
2025 2916 2114 2970 lte-

534 3031 715 3077 tentur
745 3040 764 3073 ι
801 3018 1034 3074 scientes
1072 3017 1232 3070 modo
1259 3015 1429 3083 magis
1457 3025 1614 3081 posse
1642 3009 1856 3081 placere
1877 3007 1987 3062 Deo
2013 3023 2112 3079 per

533 3113 816 3183 iustitiam,
848 3125 1010 3181 quam
1038 3109 1233 3163 divites
1273 3093 1371 3176 per
1401 3101 1595 3157 vitulos
1622 3120 1633 3155 :
1682 3109 1736 3155 et
1760 3101 2025 3156 convertit
2053 3115 2111 3154 se

531 3205 601 3259 ad
617 3205 759 3273 ipsos
789 3221 807 3253 ι
832 3214 1113 3272 pauperes,
1138 3219 1156 3251 ι
1183 3204 1236 3251 et
1255 3211 1310 3262 ο,
1327 3209 1424 3251 vos
1448 3213 1466 3246 ι
1487 3206 1770 3264 pauperes,
1795 3211 1813 3244 ι
1837 3192 1938 3246 hoc
1954 3190 2108 3246 intel-

2211 2005 2639 2060 conversionem.
2657 2007 2716 2062 In
2730 2009 2960 2064 secunda
2981 2021 3152 2082 parte,
3173 2028 3292 2082 quie
3314 2015 3537 2083 incipit:
3573 2035 3596 2070 ‹
3623 2017 3778 2074 Exsul-

2210 2103 2327 2150 tent
2359 2105 2413 2150 et
2439 2096 2709 2164 laetentur,
2739 2118 2758 2151 ι
2797 2102 2932 2170 petit
2969 2111 3172 2159 mterna
3207 2105 3493 2172 beneﬁcia,
3524 2115 3585 2168 et
3631 2109 3775 2166 reddit

2211 2202 2460 2250 securum
2505 2203 2561 2244 se
2587 2205 2709 2244 cum
2736 2190 2868 2246 dicit
2901 2208 2914 2246 :
2945 2192 3086 2248 Ecce
3129 2193 3269 2250 Deus
3308 2194 3531 2264 adjuvat
3572 2212 3683 2252 me.
3716 2197 3778 2252 lu-

2214 2284 2383 2338 tendit
2405 2300 2502 2339 nos
2531 2301 2751 2342 securos
2780 2289 3007 2345 reddere
3033 2290 3098 2346 de
3121 2300 3330 2350 aeterno.
3351 2295 3515 2358 bono,
3550 2296 3776 2365 quamvis

2211 2388 2501 2446 urgeamur
2523 2390 2620 2431 nos
2643 2376 2760 2432 istis
2789 2378 2962 2433 malis.
2993 2379 3061 2435 Et
3085 2381 3250 2436 dicit:
3281 2402 3298 2432 (
3335 2384 3477 2439 Deus
3509 2385 3771 2450 intende,i

2212 2461 2262 2515 id
2305 2471 2409 2524 est.
2440 2464 2705 2520 intentum
2738 2474 2790 2519 te
2814 2468 3013 2537 praebe,
3046 2470 3370 2526 conferendo
3398 2473 3662 2543 gratiam,
3695 2493 3709 2524 ι
3737 2473 3775 2526 in

2212 2554 2724 2624 adjutoriummeum
2749 2578 2767 2610 ι
2786 2568 2846 2613 ut
2870 2561 2936 2614 ad
2953 2562 3251 2629 superanda
3280 2565 3528 2633 urgentia
3547 2566 3688 2619 mala
3711 2579 3774 2618 me

2212 2643 2449 2709 adiuves,
2483 2660 2602 2699 cum
2628 2647 2778 2712 dicit,
2807 2668 2825 2698 ι
2856 2648 2908 2702 in
2935 2649 3259 2717 adjutorium
3287 2668 3462 2707 meum
3494 2655 3726 2716 intende,
3756 2675 3769 2704 ι

2212 2735 2448 2788 ostendit
2481 2751 2538 2798 se
2573 2736 2776 2805 aliquid
2806 2741 3020 2808 operari
3074 2756 3169 2810 per
3222 2743 3512 2797 arbitrium
3545 2744 3772 2808 liberum,

2212 2833 2265 2880 et
2285 2826 2420 2896 petit
2446 2827 2685 2882 divinum
2711 2830 2969 2884 auxilium
2995 2834 3060 2886 ad
3088 2836 3510 2904 cooperandnm,
3527 2837 3654 2891 dico
3681 2857 3697 2888 ι
3716 2839 3776 2892 in-

2213 2917 2389 2982 tende,
2417 2927 2470 2972 et
2505 2917 2698 2973 festina
2733 2921 2798 2973 ad
2831 2936 2916 2975 me
2953 2921 3335 2990 adjuvandum.
3375 2943 3392 2974 ι

2284 3008 2367 3064 Me
2399 3011 2691 3080 adjuvahit,
2725 3022 2780 3067 et
2804 3015 2906 3070 hoc
2933 3015 3175 3071 videntes
3212 3036 3230 3068 ι
3264 3019 3354 3087 qui
3384 3033 3639 3088 quaerunt
3677 3024 3772 3078 ani-

2213 3116 2357 3156 mam
2387 3117 2563 3156 meam
2594 3123 2609 3151 ι
2637 3112 2697 3158 ιιι
2721 3105 2911 3159 tollant
2935 3121 3052 3160 eam
3087 3127 3097 3161 :
3125 3118 3180 3163 et
3201 3109 3302 3164 hoc
3326 3113 3547 3183 proprie
3573 3127 3774 3184 possunt

2215 3192 2391 3248 dicere
2419 3203 2704 3265 martyres,
2738 3215 2755 3246 ι
2793 3199 3192 3255 confundantur
3229 3221 3247 3254 ›
3281 3204 3345 3258 de
3391 3208 3632 3274 peccatis
3664 3210 3775 3274 suis,

532 3263 776 3366 ligentes,
805 3263 1314 3362 ¢-qua:riteDeum,
1359 3292 1415 3341 et
1465 3263 1609 3340 vivet
1649 3282 1827 3338 anima
1873 3290 2048 3337 vestra
2086 3299 2106 3332 ι
2137 3263 2183 3328 C
2220 3301 2239 3333 ‹
2271 3291 2322 3338 et
2354 3293 2725 3352 revereantur,
2764 3306 2782 3338 ι
2815 3287 2867 3342 id
2897 3298 2995 3352 est,
3028 3291 3252 3362 timeant
3280 3303 3331 3348 te
3354 3263 3616 3365 iudicem.

533 3398 660 3442 vera
681 3385 811 3439 vita.

603 3477 673 3532 Et
694 3475 892 3530 debent
921 3492 938 3523 ε
963 3485 1229 3542 pauperes
1252 3490 1270 3522 ι
1295 3469 1491 3534 lzetari,
1520 3485 1539 3519 ‹
1560 3467 1814 3538 quoniam
1837 3463 2113 3521 exaudivit

537 3581 802 3641 pauperes
829 3564 1110 3628 Dominus,
1137 3573 1191 3618 et
1210 3563 1419 3616 vinctos
1446 3578 1466 3612 ι
1496 3561 1547 3614 in
1568 3559 1822 3631 peccatis,
1848 3572 1943 3629 per
1969 3557 2110 3628 quod

534 3661 845 3716 viderentur
880 3654 1196 3724 repudiandi
1227 3669 1258 3707 a
1285 3653 1417 3716 Deo,
1466 3669 1485 3703 ι
1523 3666 1628 3706 non
1666 3649 1909 3720 despexit
1939 3669 1957 3702 ›
2007 3649 2112 3703 Do-

533 3753 747 3807 minus:
791 3767 810 3800 ‹
844 3749 1057 3803 vinctos
1090 3765 1109 3798 ι
1142 3745 1262 3801 dico
1295 3764 1314 3797 ι
1342 3758 1484 3806 suos,
1527 3762 1546 3796 ι
1589 3742 1643 3797 id
1671 3752 1772 3806 est,
1805 3747 2110 3811 quaerentes

533 3860 680 3912 eum,
703 3853 760 3901 et
784 3842 1034 3915 quamvis
1058 3841 1168 3898 sint
1199 3840 1363 3895 vincti
1388 3839 1443 3894 in
1467 3838 1724 3909 peccatis,
1761 3843 1940 3892 tamen
1975 3831 2113 3903 aspi-

535 3946 661 3992 rant
688 3936 756 3990 ad
780 3950 927 3990 eum.

615 4049 634 4081 ι
658 4026 1234 4099 Pauperesexaudivit,
1258 4044 1277 4077 ι
1297 4034 1355 4080 et
1376 4025 1538 4080 etiam
1561 4023 1764 4080 salvam
1781 4021 1943 4077 faciet
1958 4021 2106 4087 Sion,

537 4127 592 4176 et
615 4119 742 4189 quia
787 4133 876 4173 res
904 4133 1096 4188 magna
1124 4125 1240 4171 erat
1282 4131 1443 4185 quam
1473 4117 1703 4179 diccbat,
1759 4115 2022 4186 praeponit
2047 4113 2113 4168 de

538 4212 642 4267 bac
679 4226 738 4266 re
769 4210 1052 4279 quamdam
1081 4210 1518 4273 admonitionem,
1549 4216 1604 4263 ut
1635 4207 1810 4262 omnis
1864 4215 2111 4262 creatura

539 4304 718 4359 laudet
760 4303 884 4358 inde
937 4303 1150 4367 Deum,
1199 4312 1253 4357 et
1300 4304 1402 4358 hoc
1452 4311 1579 4357 est:
1632 4321 1650 4354 ι
1694 4302 1913 4358 laudent
1963 4302 2111 4356 illum

537 4393 680 4460 coeli,
713 4411 731 4444 ι
763 4393 814 4448 id
844 4401 929 4447 est
973 4393 1235 4456 coalestes,
1273 4412 1291 4444 ι
1326 4402 1380 4448 et
1429 4403 1595 4457 terra,
1645 4408 1816 4458 mare,
1847 4403 1901 4447 et
1931 4395 2112 4450 omnia

539 4485 746 4556 reptilia
775 4483 828 4539 in
851 4483 949 4539 eis.
973 4502 993 4536 ι
1035 4481 1206 4538 Homo
1261 4484 1595 4539 rationabilis
1635 4493 1884 4540 creatura
1935 4485 2114 4540 laudet

537 4577 856 4640 Dominum,
886 4583 940 4629 et
984 4590 1082 4645 per
1113 4575 1385 4630 hominem
1435 4575 1609 4629 omnis
1661 4582 1933 4639 creatura,
1984 4575 2107 4642 quia

537 4670 650 4739 ipsa
672 4668 974 4724 substantia
1015 4667 1220 4722 homini
1246 4675 1330 4721 est
1366 4679 1547 4730 causa,
1580 4680 1747 4735 quare
1792 4665 1907 4735 ipse
1933 4664 2111 4721 laudet

537 4759 842 4822 Dominum,
871 4757 1015 4826 quod
1042 4756 1149 4811 nisi
1193 4757 1354 4810 homo
1382 4753 1620 4810 salvatus
1651 4765 1814 4820 esset,
1847 4755 1992 4810 nulla
2021 4770 2108 4811 res

538 4851 784 4906 laudaret
813 4849 1123 4904 Dominum.

607 4943 730 4999 ideo
756 4959 776 4994 ι
798 4940 1040 5006 laudent,
1061 4938 1313 5008 quoniam
1333 4938 1478 4994 Deus
1498 4938 1701 4993 salvam
1726 4938 1888 4995 faciet
1907 4940 2056 5008 Sion,
2080 4963 2100 4998 ι

2135 4616 2187 4675 D

2283 3371 2351 3427 Et
2381 3389 2486 3428 non
2515 3374 2686 3429 solum
2714 3377 2770 3430 hi
2806 3395 2824 3428 ι
2857 3391 3104 3448 quaerunt
3135 3383 3369 3442 animam
3402 3403 3612 3454 meam,
3643 3409 3662 3440 ι
3693 3389 3777 3445 sed

2211 3468 2375 3522 etiam
2399 3468 2451 3522 hi
2483 3488 2502 3520 ‹
2544 3470 2635 3538 qui
2659 3471 2846 3525 volunt
2878 3475 3009 3528 milii
3046 3476 3186 3531 mala
3232 3489 3551 3537 avertantur
3585 3494 3777 3539 retror-

2212 3574 2329 3614 sum
2371 3578 2388 3610 »
2437 3574 2467 3613 a
2507 3562 2783 3630 proposito
2832 3578 2948 3630 suo,
2997 3584 3015 3617 ‹
3048 3575 3100 3621 et
3149 3570 3490 3636 erubescant,
3531 3594 3551 3624 ι
3601 3575 3654 3630 id
3685 3585 3777 3640 est,

2210 3653 2457 3708 conversi
2486 3653 2720 3709 habeant
2747 3657 3176 3715 erubescentiam
3202 3661 3267 3717 de
3298 3663 3454 3719 malis
3488 3682 3611 3736 qua:
3648 3667 3776 3723 fece-

2208 3752 2352 3801 runt.

2279 3833 2346 3888 Et
2371 3835 2532 3890 etiam
2567 3835 2642 3892 illi
2684 3856 2703 3888 ι
2737 3839 2826 3910 qui
2865 3839 3050 3896 dicunt
3080 3843 3234 3910 mihi,
3267 3864 3285 3897 ι
3313 3846 3363 3902 id
3385 3855 3462 3900 est
3487 3847 3560 3902 ad
3600 3864 3784 3904 meum

2209 3925 2460 3992 dedecus,
2495 3946 2514 3979 ε
2548 3943 2706 4000 euge,
2732 3945 2887 4003 euge,
2918 3952 2937 3984 ι
2973 3933 3026 3987 id
3061 3943 3144 3988 est
3180 3936 3338 4001 bene,
3363 3937 3516 3999 bene,
3543 3953 3673 3992 cum
3709 3940 3788 3993 vi-

2211 4016 2340 4072 dent
2369 4018 2549 4088 aliqua
2595 4021 2736 4075 mala
2787 4024 3024 4088 evenire,
3074 4025 3396 4082 insultantes
3447 4029 3520 4094 ei,
3555 4029 3782 4084 dicunt:

2211 4107 2349 4162 Ecce
2381 4121 2602 4179 apparet
2629 4114 2768 4181 quod
2797 4129 2903 4168 non
2935 4115 3007 4171 sit
3027 4114 3221 4182 bonus,
3252 4119 3353 4188 ipsi
3381 4119 3514 4175 tales
3550 4139 3569 4172 ι
3605 4124 3786 4177 erube-

2212 4209 2427 4255 scentes
2479 4212 2792 4257 avertantur
2837 4205 3044 4271 statim,
3077 4227 3096 4261 r
3140 4207 3191 4263 id
3228 4219 3311 4265 est
3353 4211 3470 4266 sine
3520 4229 3694 4278 mora,
3731 4223 3783 4267 ut

2210 4303 2400 4344 eorum
2452 4293 2733 4347 conversio
2770 4307 2874 4348 non
2928 4307 3189 4353 moretur.
3242 4297 3358 4365 Vel,
3411 4320 3430 4352 ε
3468 4304 3560 4372 qni
3595 4305 3779 4371 dicunt,

2218 4397 2236 4430 ι
2257 4395 2408 4452 euge,
2440 4397 2593 4453 euge,
2631 4401 2648 4433 ι
2671 4384 3055 4455 applaudentes
3083 4389 3185 4445 illis
3205 4391 3295 4459 qui
3323 4393 3464 4447 mala
3492 4389 3709 4454 faciunt.
3731 4406 3784 4450 ut

2212 4471 2255 4525 si
2276 4471 2470 4541 aliquis
2497 4471 2741 4528 destruat
2764 4476 3057 4544 civitatem,
3084 4488 3138 4534 et
3159 4481 3344 4537 dicant
3373 4485 3423 4538 ei
3452 4486 3606 4540 :Ah!
3636 4502 3783 4557 quam

2212 4560 2347 4615 bene
2374 4559 2570 4615 factum
2603 4574 2704 4628 est,
2738 4566 2873 4620 bene
2915 4568 3156 4637 quidem.
3205 4572 3300 4628 Vel
3329 4576 3408 4628 eis
3437 4577 3528 4644 qui
3564 4578 3676 4634 haec
3713 4577 3783 4631 fa-

2212 4651 2358 4705 ciunt
2379 4653 2532 4718 mihi,
2557 4654 2623 4708 ad
2656 4656 2909 4712 damnum
2938 4675 3136 4729 meum,
3171 4665 3296 4733 quia
3325 4680 3514 4722 eorum
3540 4668 3788 4740 iniquitas

2209 4749 2293 4795 est
2320 4742 2573 4796 damnum
2613 4760 2811 4800 meum.

2285 4852 2303 4883 ι
2326 4833 2627 4889 Exsultent.
2652 4855 2672 4888 ι
2699 4836 2802 4907 lpsi
2821 4848 3150 4908 avertantur,
3174 4844 3267 4900 sed
3287 4864 3305 4897 ‹
3327 4860 3518 4903 omnes
3544 4851 3786 4922 quiquae-

2209 4933 2334 4978 runt
2362 4933 2413 4979 te
2448 4944 2467 4978 ι
2496 4926 2697 4994 Deum,
2737 4935 2792 4984 et
2825 4948 2842 4980 ι
2881 4932 3155 4989 exsultent
3202 4945 3256 4990 et
3302 4935 3576 5004 laetentur,
3613 4963 3631 4994 ι
3689 4960 3788 4996 non

539 5035 594 5090 id
641 5043 745 5101 est,
793 5030 1154 5103 speculantes,
1193 5030 1398 5086 scilicet
1448 5029 1767 5097 Ecclesiam,
1804 5049 1825 5083 ‹
1872 5041 1928 5088 et
1958 5053 1978 5087 ι
2032 5034 2107 5090 illi

2220 5032 2260 5070 n
2285 5017 2444 5072 rebus
2469 5020 2873 5089 temporalibus,
2898 5022 2992 5079 sed
3037 5045 3068 5077 ι
3093 5027 3147 5081 in
3177 5037 3228 5082 te
3257 5049 3275 5081 ι
3330 5031 3462 5087 solo.
3505 5032 3790 5090 Exsultant

537 5104 727 5178 salvati
763 5139 867 5178 non
921 5130 1080 5178 erunt
1125 5122 1304 5192 pauci,
1355 5120 1449 5176 sed
1502 5135 1599 5190 per
1640 5121 1783 5192 ipsos
1822 5139 1842 5174 ‹
1878 5124 2111 5180 adiﬁca-

538 5212 739 5266 buntur
765 5212 1032 5277 civitates,
1069 5229 1088 5264 ι
1123 5211 1177 5266 id
1214 5218 1297 5266 est
1334 5209 1586 5266 Ecclesiae
1620 5229 1640 5262 ‹
1672 5209 1842 5278 Judae,
1877 5231 1897 5264 ι
1932 5211 1985 5266 id
2029 5221 2114 5272 est

539 5301 762 5366 Christi,
789 5304 877 5373 qui
906 5301 1006 5356 fuit
1033 5303 1098 5358 de
1121 5304 1259 5358 tribu
1283 5301 1440 5358 Juda.

608 5394 678 5450 Et
713 5395 788 5450 ibi
837 5413 857 5448 ‹
896 5395 1272 5450 inhabitabant
1303 5415 1322 5449 ι
1368 5396 1636 5461 homines,
1664 5411 1771 5451 non
1800 5397 1865 5452 ad
1895 5395 2109 5464 horam,

538 5484 635 5544 sed
669 5505 690 5539 ε
722 5487 1004 5558 acquirent
1029 5501 1151 5540 eam
1173 5486 1487 5544 haereditate
1525 5508 1543 5540 ι
1574 5496 1633 5542 ιιι
1659 5488 1969 5558 possideant
1989 5504 2109 5544 eam

539 5579 598 5637 in
618 5590 896 5636 aternum.

612 5672 678 5726 Et
708 5688 812 5727 non
843 5671 948 5728 una
977 5671 1148 5729 solum
1174 5674 1450 5743 generatio
1469 5672 1737 5744 justorum
1766 5672 2029 5728 habitabit
2059 5674 2114 5729 in

544 5779 626 5826 ea,
656 5763 748 5817 sed
771 5777 866 5833 per
884 5779 1072 5821 omnes
1090 5765 1481 5827 successiones,
1517 5781 1536 5814 ε
1561 5771 1616 5818 et
1639 5777 1843 5830 semen,
1884 5784 1900 5816 ›
1936 5765 1986 5820 id
2010 5773 2112 5832 est,

547 5865 868 5925 sequaceset
887 5856 1189 5913 imitatores
1217 5873 1237 5908 ‹
1270 5870 1549 5912 servorum
1570 5855 1706 5924 ejus,
1743 5874 1761 5909 ι
1791 5855 1843 5911 id
1865 5863 1965 5923 est,
1995 5871 2114 5926 pro-

2212 5110 2352 5163 enim
2384 5109 2512 5177 justi
2552 5111 2606 5164 in
2636 5112 2739 5166 hac
2763 5114 2893 5180 vita,
2927 5117 3102 5172 securi
3145 5120 3286 5188 quod
3334 5131 3598 5180 aeternam
3630 5127 3790 5180 vitam

2210 5203 2598 5272 possidebunt:
2652 5213 2799 5259 «et»
2846 5221 3036 5263 onuies
3090 5212 3228 5279 «qui
3281 5213 3508 5284 diligunt
3560 5194 3793 5272 salutare

2211 5305 2379 5360 tuum,
2405 5317 2423 5348 ι
2451 5298 2617 5360 idest,
2643 5297 2836 5353 Filium
2861 5310 3029 5368 tuum,
3055 5318 3319 5361 memores
3340 5308 3659 5365 salvationis
3691 5311 3796 5365 col-

2211 5389 2329 5444 lata:
2361 5390 2460 5444 sibi
2498 5407 2528 5445 a
2558 5391 2668 5462 Deo
2695 5407 2793 5461 per
2815 5393 3030 5457 Filium.
3063 5413 3081 5474 ᾳ
3115 5397 3294 5452 dicant
3318 5415 3534 5470 semper
3566 5423 3581 5452 ι
3611 5405 3793 5467 corde,

2213 5497 2343 5538 voce
2377 5491 2432 5538 et
2473 5498 2655 5553 opere,
2703 5502 2722 5536 ‹
2760 5488 3134 5558 magniﬁcetur
3157 5490 3414 5549 Dominus
3443 5515 3461 5546 ι
3511 5512 3624 5554 non
3653 5497 3796 5569 quod

2212 5581 2326 5649 ipse
2366 5582 2418 5635 in
2463 5596 2522 5636 se
2562 5582 2732 5651 possit
2767 5585 3116 5655 magnificari,
3151 5588 3242 5643 sed
3270 5589 3393 5658 quia
3430 5571 3698 5660 quantum
3735 5590 3802 5643 ad

2214 5671 2356 5741 ipsos
2381 5672 2809 5741 magniﬁcantes.
2850 5689 3050 5746 quanto
3077 5680 3245 5750 magis
3272 5696 3395 5738 eum
3421 5683 3802 5754 magniﬁcam,

2217 5761 2390 5832 major
2409 5778 2626 5834 semper
2647 5776 2702 5820 et
2734 5766 2890 5823 altior
2916 5769 3247 5842 intelligitur.
3661 5757 3666 5760 ’

2287 5855 2476 5912 Dicant
2499 5875 2518 5908 ‹
2547 5856 2806 5913 Dominus
2828 5861 3220 5932 magniﬁcetur,
3251 5883 3270 5916 ι
3308 5864 3373 5920 de
3404 5880 3463 5944 se
3492 5880 3626 5922 vero
3653 5867 3806 5922 dicat

2553 6005 2556 6010 .
2799 5993 2858 6015 ur
2873 5994 2899 6016 :.-
2913 5996 2924 6013 γ
