3940 6454
214 382 321 444 429

1372 372 1809 433 EXPLANATIO
1846 370 1913 427 ΙΝ
1949 369 2284 428 PSALMOS.

3342 362 3447 423 430

211 498 602 570 unusquisque,
639 516 658 550 ι
693 511 793 568 ego
814 510 1014 567 egenus
1046 514 1066 549 ι
1102 494 1257 550 bonis
1283 491 1686 564 temporalibus,
1725 494 1780 545 et
1804 490 1859 551 Α
1881 484 1938 540 in
1961 485 2134 555 prima
2160 494 2314 555 parte
2342 481 2559 539 liberari
2580 484 2768 553 petita
2799 480 2976 548 malis,
3005 492 3066 538 ut
3090 484 3260 555 possit
3278 483 3449 539 Deum

220 610 240 643 σ
259 606 463 662 pauper
481 609 499 642 ι
519 587 904 658 spiritualibus,
928 587 1121 643 etlicet
1141 586 1333 641 habeat
1354 585 1529 655 aliqua
1539 584 1785 653 spiritua-

213 684 303 745 lia,
332 698 435 737 non
455 689 634 737 tamen
663 679 1014 735 sufﬁciuntei.
1038 698 1057 731 ι
1087 680 1197 749 Ego
1218 693 1345 735 vero
1366 694 1483 734 sum
1504 691 1705 748 egenus
1729 683 1785 732 et

210 790 438 845 pauper,
460 792 479 826 ι
496 774 590 829 sed
607 782 783 828 tamen
802 773 903 827 hoc
922 786 1026 827 non
1054 772 1397 843 impeditme,
1412 773 1535 841 quia
1554 790 1575 823 ι
1594 770 1735 825 Deus
1758 787 1778 823 ι

209 867 429 949 adiuvat
458 879 545 921 me
582 866 648 920 ad
679 864 817 920 bene
848 865 1198 934 operandum,
1225 878 1320 935 per
1362 864 1506 934 quod
1543 877 1663 918 sum
1703 877 1786 918 sc-

211 974 376 1013 curus
406 958 472 1013 de
494 965 695 1011 aeterno
716 956 879 1022 bono,
911 965 967 1011 et
1007 957 1094 1011 hic
1121 964 1305 1026 aperte
1347 954 1523 1010 innuit
1562 968 1621 1010 se
1666 967 1785 1010 esse

211 1065 508 1106 memorem
532 1047 801 1114 beneﬁcii,
836 1049 975 1103 sicut
996 1050 1049 1103 in
1083 1048 1239 1102 titulo
1274 1047 1571 1117 proposuit.

282 1140 351 1196 Et
376 1141 514 1194 bene
537 1138 677 1203 dico,
709 1137 832 1207 quia
860 1156 879 1189 ι
915 1138 1058 1194 Deus
1093 1158 1113 1191 ι
1139 1137 1356 1208 adjuvat
1383 1152 1491 1203 me,
1516 1137 1639 1208 quia
1668 1155 1688 1189 α
1725 1145 1781 1193 ιιι

208 1250 289 1297 es,
315 1253 333 1284 ι
357 1248 391 1287 o
417 1232 580 1298 Deus,
606 1229 818 1298 adiutor
836 1246 987 1285 meus
1015 1248 1033 1282 ι
1064 1231 1131 1286 ad
1154 1232 1292 1285 bene
1311 1231 1661 1300 operandam,
1692 1249 1712 1282 ι
1730 1236 1786 1284 ει

210 1324 469 1377 liberator
493 1336 646 1376 meus
679 1340 697 1372 ι
729 1337 759 1375 a
793 1320 967 1385 malis,
1001 1328 1052 1376 et
1087 1320 1191 1375 hoc
1218 1327 1427 1375 tantum
1455 1327 1625 1375 restat
1652 1317 1784 1376 mihi

208 1422 419 1484 petere,
448 1431 467 1462 ι
496 1412 740 1477 Domine,
763 1427 832 1466 ne
861 1412 1111 1477 moreris,
1132 1431 1151 1462 ι
1171 1412 1265 1468 sed
1286 1408 1374 1468 fac
1387 1412 1529 1483 quod
1544 1412 1785 1468 facturus

208 1518 293 1565 cs,
321 1503 549 1569 scilicet,
570 1502 675 1557 duc
700 1516 786 1556 me
812 1501 879 1556 ad
909 1500 1153 1573 gloriam.

688 1633 755 1689 ΙΝ
792 1632 1122 1697 PSALMUM
1161 1631 1324 1699 LXX.

216 1750 476 1813 Tt'wws.
516 1745 764 1813 Paulinus
792 1746 960 1809 Dauid
1006 1745 1238 1827 ﬁliorum
1277 1744 1523 1807 Ionadab
1567 1753 1618 1806 at
1643 1745 1785 1815 prio-

760 1833 872 1879 rum
912 1828 1248 1888 captivorum.

292 1974 312 2005 ε
344 1952 403 2011 in
432 1960 505 2017 te,
530 1950 778 2006 Domine.
801 1968 819 2000 ι
845 1948 1094 2004 Psalmns
1124 1948 1226 2004 iste
1246 1956 1331 2005 est
1352 1948 1544 2014 David,
1574 1947 1659 2003 vel
1684 1946 1786 2002 all-

215 2040 542 2114 cujusjusti,
588 2056 697 2099 non
742 2048 955 2095 tantum
1003 2040 1272 2109 loquentis
1304 2040 1357 2094 in
1405 2054 1636 2111 persona
1666 2053 1784 2107 sua,

1884 578 2121 634 laudare.
2145 578 2202 632 iu
2227 578 2484 643 secunda,
2513 588 2634 647 quae
2656 574 2847 646 incipit
2870 594 2886 630 ηε
2916 593 2936 627 ι
2973 574 3051 630 Ne
3082 575 3331 645 projicias
3360 591 3451 636 me

1885 669 1939 726 in
1971 678 2214 740 tempore
2238 670 2553 734 senectutis,
2583 687 2603 721 ι
2632 668 2786 738 petit,
2817 676 2877 723 ut
2903 669 3044 724 sicut
3064 670 3204 725 Deus
3224 670 3452 729 contulit
3558 648 3576 669 κ

1883 762 1987 819 sibi
2014 763 2274 819 beneﬁcia
2311 763 2368 818 in
2408 763 2707 835 iuventute,
2748 765 2827 820 sic
2868 748 3039 821 iaciat
3062 766 3119 821 in
3149 777 3447 836 senectute,

1883 852 1974 907 ubi
2006 852 2237 907 maxime
2273 867 2408 922 opas
2435 861 2536 907 est.
2572 854 2630 908 in
2659 850 2991 925 tertia,qum
3016 855 3245 928 incipit:
3280 877 3299 910 ι
3320 859 3450 926 Quae

1882 945 2060 1001 fecisti
2078 946 2342 1016 magnalia
2368 945 2529 1011 Deus,
2551 947 2674 1016 quis
2704 948 2898 1003 similis
2919 933 3061 1004 tibi?
3096 969 3116 1002 ι
3148 951 3299 1020 ponit
3322 967 3451 1023 gra-

1883 1035 2079 1091 tiarum
2102 1037 2341 1092 actiones
2363 1037 2428 1092 de
2449 1036 2655 1092 collatis
2678 1038 2978 1094 beneﬁciis;
2996 1037 3224 1096 intentio
3242 1050 3325 1098 est
3354 1042 3451 1098 ad-

1882 1139 2123 1191 monere,
2141 1135 2557 1197 utomnesspem
2573 1142 2725 1182 suam
2747 1131 3019 1199 ponantin
3042 1132 3309 1188 Domino:
3331 1150 3452 1205 quae

1885 1226 2104 1275 notatur
2122 1218 2196 1274 ibi
2225 1236 2238 1273 :
2269 1239 2287 1271 ι
2319 1219 2565 1284 Domine,
2597 1232 2720 1290 spes
2744 1235 2862 1276 mea
2896 1238 2926 1276 a
2945 1220 3227 1292 iuventute
3249 1240 3387 1281 mea.
3429 1247 3447 1277 ι.

1954 1311 2022 1366 Ει
2050 1326 2109 1367 se
2130 1319 2436 1381 sperantem
2467 1311 2520 1366 in
2548 1311 2778 1365 Domino
2796 1313 3050 1369 omnibus
3072 1316 3344 1386 proponit,
3373 1317 3455 1372 sic

1884 1415 2109 1457 monens
2132 1401 2304 1459 alios:
2331 1400 2507 1456 Nolite
2546 1414 2767 1471 sperare
2795 1400 2850 1455 in
2879 1403 3182 1467 mundanis,
3216 1406 3310 1459 sed
3339 1418 3458 1474 spe-

1884 1500 2004 1548 rate
2047 1494 2103 1548 in
2129 1493 2375 1558 Doniino,
2422 1492 2670 1563 exemplo
2699 1493 2803 1548 mei
2844 1493 2936 1562 qui
2969 1494 3222 1549 omnibus
3255 1495 3458 1553 relictis

1885 1587 2207 1643 mundanis:
2259 1603 2293 1641 ο
2323 1604 2345 1638 ‹
2372 1587 2616 1652 Domine,
2645 1587 2876 1657 speravi,
2910 1604 2930 1637 ι
2957 1593 3013 1641 et
3036 1587 3161 1657 quia
3192 1604 3214 1638 ι
3240 1586 3456 1657 speravi

1885 1677 1940 1733 in
1985 1686 2067 1745 te,
2120 1698 2138 1732 ι
2189 1679 2314 1735 licet
2348 1679 2539 1734 videar
2580 1678 2920 1734 eonfusibilis
2964 1678 3018 1733 in
3066 1680 3170 1735 hoc
3218 1680 3452 1746 arundo,

1890 1787 1911 1820 ε
1933 1784 2039 1824 non
2054 1770 2352 1825 confundar
2376 1771 2431 1825 in
2452 1779 2731 1836 aeternum,
2756 1789 2776 1822 ι
2795 1772 2918 1840 quia
2933 1772 3253 1842 quandoque
3275 1773 3454 1826 manl-

1811 1843 1861 1903 B
1888 1858 2024 1916 festo
2045 1862 2301 1917 obtinebo
2327 1863 2470 1932 quod
2498 1863 2731 1932 speravi,
2760 1878 2868 1917 non
2894 1882 2913 1914 ι
2938 1863 3236 1918 confundar
3266 1882 3288 1915 ι
3313 1864 3456 1930 dico,

1890 1953 1984 2007 sed
2005 1953 2206 2022 potius,
2227 1953 2517 2018 oDomine,
2544 1970 2566 2003 ι
2589 1951 2757 2008 libera
2779 1968 2866 2009 me
2898 1973 2916 2005 ι
2935 1966 3004 2007 ne
3022 1953 3312 2023 praevaleat
3324 1953 3457 2009 mihi

1890 2041 1991 2097 ista
2008 2044 2251 2110 tentatio,
2270 2063 2291 2097 ι
2309 2053 2366 2100 ει
2385 2062 2403 2095 ι
2422 2058 2529 2098 non
2553 2052 2760 2098 tantum
2779 2061 2799 2095 ε
2818 2044 2985 2100 libera
3002 2060 3104 2109 me,
3130 2064 3148 2095 ι
3178 2047 3272 2102 sed
3292 2046 3456 2101 etiam

211 2136 313 2189 sed
336 2136 389 2189 in
414 2148 637 2204 persona
653 2134 922 2204 iustorum
938 2133 1182 2187 omnium
1207 2141 1530 2204 temporum,
1552 2133 1788 2191 ﬁliorum
1896 2149 1917 2182 ι
1941 2133 2090 2203 eripe
2119 2148 2205 2188 me
2226 2153 2247 2186 ι
2297 2147 2366 2189 ne
2406 2134 2583 2203 aiiqua
2634 2133 2768 2188 mihi
2811 2133 2949 2187 mala
3003 2134 3141 2189 ultra
3166 2134 3458 2202 eveniant;

209 2234 298 2281 est
319 2224 559 2280 Jonadab
594 2233 651 2279 et
673 2224 914 2293 priorum
963 2225 1320 2294 captivorum.
1356 2224 1579 2295 Legitur
1624 2227 1678 2280 in
1702 2225 1788 2280 hi.
1892 2222 2009 2278 hac
2032 2225 2237 2293 ereptis
2253 2223 2525 2293 iustorum
2549 2224 2710 2279 estin
2753 2232 2950 2290 morte,
2976 2226 3193 2295 quando
3221 2216 3367 2281 D'eus
3393 2228 3461 2282 ad

208 2318 403 2383 storia,
455 2317 603 2387 quod
631 2315 933 2372 Hieremias
974 2316 1254 2388 corrigens
1296 2315 1553 2387 populum
1581 2315 1790 2373 israeli-
1892 2328 1951 2368 se
1971 2313 2177 2384 justum
2203 2314 2370 2380 ducit,
2410 2323 2467 2369 et
2490 2314 2594 2370 hoc
2642 2310 2698 2368 in
2739 2313 2969 2383 iustitia,
3003 2324 3061 2370 et
3108 2318 3236 2386 quia
3288 2317 3463 2374 nullus

211 2409 406 2471 ticum,
437 2408 579 2477 quod
624 2422 733 2462 non
781 2409 1099 2467 observaret
1146 2409 1400 2463 mandata
1424 2409 1543 2473 Dei,
1572 2418 1629 2463 et
1664 2422 1791 2479 pm-
1889 2415 2069 2477 potest
2093 2404 2315 2461 liberari
2352 2405 2436 2461 vel
2462 2406 2621 2477 eripi,
2663 2407 2959 2461 secundum
2988 2408 3261 2478 propriam
3299 2407 3464 2479 justi-
3512 2446 3521 2455 .

206 2499 441 2569 phetans
458 2498 561 2564 eis,
578 2513 675 2568 pro
694 2498 786 2552 illa
808 2498 1137 2564 obedientia,
1162 2499 1530 2569 eaptiritatem
1551 2498 1789 2554 futuram
1890 2500 2045 2566 tiam,
2066 2500 2302 2569 apponit.
2338 2506 2450 2564 tuo,
2470 2499 2713 2563 scilicet,
2740 2517 2762 2550 ί
2791 2500 2846 2553 in
2866 2497 3076 2569 iustitia
3106 2520 3125 2553 ι
3152 2500 3240 2555 illa
3268 2518 3289 2552 α
3317 2506 3409 2556 tua
3437 2518 3459 2555 ι

205 2589 313 2654 eis,
363 2588 503 2647 ﬁlios
551 2586 873 2645 Jonadabia
926 2589 1230 2659 exemplum
1273 2588 1622 2660 proponebat,
1653 2603 1792 2659 ρηειι

208 2680 403 2737 dicens
425 2681 528 2746 eis,
570 2680 718 2750 quod
748 2680 889 2736 sicut
936 2680 1013 2735 illi
1054 2681 1312 2736 mandata
1338 2681 1575 2741 comatis
1618 2681 1791 2751 patris

205 2771 593 2831 observabant.
620 2771 701 2826 sic
730 2770 819 2831 isti
857 2771 1039 2840 potius
1076 2772 1173 2828 Dei
1203 2771 1379 2827 Patris
1404 2774 1667 2831 deberem
1695 2771 1791 2826 ob—

206 2881 433 2921 servare
468 2865 716 2921 mandata
746 2865 883 2936 (lor.
908 2860 1097 2939 xxxii).
1132 2864 1376 2923 Ionadab
1412 2879 1668 2934 nataque,
1698 2863 1790 2935 qui
1826 2918 1829 2919 ν

206 2968 527 3028 spontaneos
548 2954 763 3011 Domini
780 2958 868 3013 vel
887 2957 1067 3029 ροραιί
1102 2958 1509 3029 interpretatur,
1531 2956 1788 3013 sacerdos

208 3052 317 3106 fuit
343 3052 570 3106 devotus
593 3050 723 3114 Deo,
750 3059 808 3106 et
832 3051 938 3105 iste
958 3052 1201 3107 correxit
1218 3051 1377 3118 ﬁlios,
1404 3066 1471 3106 ne
1494 3049 1680 3104 vinum
1708 3048 1790 3103 bi-

209 3145 426 3208 berent,
464 3143 516 3198 id
546 3151 651 3207 est,
695 3143 1138 3199 delectationibus
1183 3142 1342 3211 hujus
1386 3143 1510 3197 vitae
1552 3142 1788 3199 inebria-

1890 2605 2011 2660 quae
2045 2604 2260 2660 semper
2291 2589 2455 2645 habet
2483 2590 2907 2645 miscricordiam
2937 2591 3037 2646 sibi
3064 2590 3388 2660 adiunctam.

1960 2681 2092 2738 Dico
2118 2701 2137 2735 α
2155 2682 2327 2753 eripe,
2348 2702 2368 2735 ι
2396 2681 2596 2751 etquis
2625 2682 2816 2737 merita
2843 2696 2959 2737 mea
2986 2698 3257 2753 nunquam
3281 2694 3466 2741 essent

1891 2775 2074 2845 digna,
2098 2784 2156 2829 ut
2177 2774 2244 2828 ad
2272 2784 2420 2830 tuam
2449 2773 2796 2845 pervenirent
2818 2773 3174 2838 altitudinem,
3209 2775 3332 2830 ideo
3357 2776 3464 2832 Do-

1890 2868 2055 2934 mine,
2089 2888 2108 2920 ι
2138 2868 2338 2927 inclina
2379 2882 2567 2923 aurem
2598 2874 2745 2921 tuam
2773 2867 2840 2921 ad
2862 2882 2973 2933 me,
3004 2886 3024 2921 ι
3059 2867 3111 2923 id
3136 2875 3238 2934 est,
3265 2869 3464 2927 conde-

1891 2960 2088 3016 scende
2112 2960 2361 3029 mibi‘per
2377 2964 2522 3013 tuam
2551 2957 2915 3023 clementiam,
2945 2974 2966 3007 ι
2994 2966 3048 3013 et
3069 2957 3216 3014 salva
3239 2972 3345 3013 me.
3366 2979 3389 3011 ο

1964 3067 1984 3100 ‹
2014 3049 2206 3104 Libera
2235 3063 2342 3114 me,
2379 3068 2398 3099 ι
2430 3049 2504 3103 ita
2524 3046 2750 3111 scilicet,
2778 3064 2800 3097 ί
2835 3055 2953 3102 esto
3002 3047 3134 3103 mihi
3176 3049 3231 3101 in
3291 3049 3457 3104 Deum

1888 3149 2269 3211 protectorem,
2298 3158 2318 3193 ι
2343 3139 2589 3195 liberans
2613 3141 2681 3195 de
2700 3139 2955 3211 periculis
2976 3138 3135 3208 hujus
3151 3141 3293 3205 vitae,
3318 3158 3338 3192 ε
3359 3149 3414 3195 ει
3435 3161 3454 3194 ι

210 3201 424 3300 rentur,
447 3244 503 3292 et
530 3251 598 3292 ne
625 3201 813 3291 domos
858 3237 961 3292 sibi
1010 3201 1360 3300 aediﬁcarent,
1401 3235 1495 3290 sed
1542 3235 1597 3289 in
1626 3234 1787 3289 domo
1812 3201 1858 3266 (ἶ
1888 3201 2005 3287 esto
2026 3232 2158 3286 mihi
2192 3252 2213 3289 ι
2247 3201 2301 3285 in
2330 3229 2508 3285 locum
2543 3201 2806 3284 munitum
2839 3248 2858 3280 ι
2884 3230 2938 3284 in
2968 3201 3076 3300 quo
3098 3245 3217 3285 sum
3242 3201 3295 3286 in
3316 3244 3468 3286 secu-

212 3330 426 3386 Domini
448 3330 738 3401 degerent,
782 3328 1013 3393 scilicet,
1038 3328 1400 3396 intelligerent
1446 3342 1555 3382 non
1581 3328 1789 3382 habere

214 3437 277 3476 se
301 3421 390 3475 hic
416 3426 726 3474 manentem
766 3418 1060 3481 civitatem,
1093 3417 1187 3470 sed
1214 3416 1441 3471 Domino
1464 3415 1788 3480 servientes,

146 3563 159 3570 -
220 3513 291 3568 ad
352 3526 584 3581 mperna
644 3510 946 3564 tenderent.
993 3507 1300 3577 intelligens
1355 3516 1539 3563 autem
1590 3507 1793 3563 Esdras

220 3601 390 3655 David
418 3600 761 3670 proposuisse
799 3598 1108 3654 horninibus
1146 3598 1571 3663 contumacibus,
1598 3606 1657 3652 et
1683 3613 1793 3653 non

224 3693 566 3748 servantibus
614 3693 864 3746 mandata
894 3690 987 3744 Dei
1018 3689 1121 3754 sui,
1156 3689 1294 3744 ﬁlios
1316 3687 1579 3751 Ionadab,
1604 3690 1657 3745 id
1686 3696 1789 3756 est,

218 3784 414 3854 justas,
434 3783 742 3838 ebcdientes
770 3780 899 3845 Deo,
928 3789 985 3838 et
1006 3790 1286 3852 sperantes
1310 3781 1363 3834 in
1385 3794 1470 3845 eo,
1493 3780 1631 3834 dixit
1650 3781 1795 3835 nunc

220 3876 487 3946 psalmum
518 3889 636 3930 esse
662 3892 684 3925 r
706 3874 944 3944 priorum
964 3873 1319 3944 captivorum,
1354 3891 1372 3924 ι
1407 3873 1459 3927 id
1481 3881 1567 3927 est
1582 3872 1794 3928 illorum

219 3967 640 4032 contumacium,
686 3967 781 4037 qui
823 3967 1075 4022 mandata
1105 3965 1200 4021 Dei
1249 3979 1355 4020 non
1408 3967 1702 4020 observant
1739 3964 1795 4019 in

220 4060 326 4113 hac
362 4057 508 4111 vita:
539 4072 648 4112 non
690 4056 833 4126 quod
861 4057 927 4111 de
955 4056 1084 4126 ipsis
1123 4064 1315 4125 agatur
1353 4055 1406 4109 in
1435 4056 1539 4110 hoc
1565 4054 1793 4125 psalmo,

215 4149 317 4204 sed
343 4148 485 4217 quod
526 4148 658 4216 ipsis
686 4148 1091 4203 contumacibus
1122 4152 1489 4216 proponuntur
1528 4146 1581 4200 in
1607 4160 1797 4201 exem.

1888 3322 2050 3378 ritate
2075 3331 2135 3376 ut
2160 3320 2415 3390 deinceps
2447 3320 2625 3381 natiiis
2668 3321 2920 3375 inimicus
2964 3322 3181 3393 aggredi
3237 3335 3326 3377 me
3366 3337 3467 3376 au-

1890 3413 2027 3479 deat,
2050 3423 2106 3469 et
2136 3414 2238 3468 hoc
2257 3413 2365 3467 erit
2390 3413 2443 3467 in
2474 3412 2581 3467 alia
2601 3412 2733 3477 vita,
2767 3430 2786 3464 ι
2805 3420 2867 3466 ιιι
2887 3412 3092 3468 salvum
3137 3428 3224 3469 me
3244 3415 3465 3480 facias,»

1889 3510 1945 3558 et
1965 3503 2070 3559 hoc
2094 3503 2311 3572 respicit
2330 3502 2399 3556 ad
2417 3504 2523 3558 hoc
2551 3503 2693 3572 quod
2713 3503 2960 3569 dixerat,
2992 3524 3011 3556 ι
3045 3504 3195 3575 eripe
3218 3520 3324 3559 me.
3356 3526 3375 3558 ι

1960 3598 2085 3652 ideo
2114 3597 2236 3651 dico
2256 3596 2330 3650 sis
2350 3605 2647 3665 protector,
2672 3597 2800 3666 quia
2829 3611 2931 3667 ego
2957 3612 3061 3651 non
3090 3613 3274 3668 qutun)
3318 3598 3465 3654 refu-

1896 3687 2040 3757 gium
2068 3686 2171 3741 nisi
2195 3701 2225 3740 a
2250 3694 2323 3751 te,
2350 3694 2405 3739 et
2428 3687 2531 3739 hoc
2546 3694 2647 3752 est,
2675 3703 2696 3737 ε
2725 3687 2980 3754 quoniam
3002 3696 3059 3741 tu
3082 3703 3143 3742 es
3162 3689 3468 3744 ﬁrmamen-

1896 3787 2008 3833 tum
2037 3791 2236 3843 meum,
2272 3761 2302 3827 ι’
2318 3774 2370 3830 id
2399 3784 2483 3831 est
2503 3775 2709 3831 faciens
2731 3790 2819 3831 me
2862 3776 3093 3840 ﬁrmum,
3143 3779 3213 3832 ad
3238 3779 3339 3833 hoc
3380 3793 3468 3833 re-

1896 3869 2072 3940 spicit,
2102 3885 2123 3919 c
2152 3870 2207 3923 in
2237 3869 2405 3925 Deum
2430 3875 2804 3939 protectorem,
2838 3886 2859 3920 ι
2889 3875 2945 3923 ει
2977 3886 2998 3919 ο
3032 3877 3086 3923 tu
3115 3884 3176 3926 es
3201 3870 3465 3942 reﬁngium

1899 3975 2097 4027 meum,
2128 3981 2150 4015 ι
2179 3964 2250 4019 ad
2268 3962 2372 4018 hoc
2398 3961 2636 4032 respicit,
2658 3962 2801 4031 quod
2822 3962 2975 4027 dixit,
3000 3968 3121 4017 esto
3151 3980 3172 4015 ο
3205 3963 3259 4018 in
3286 3962 3463 4019 locum

1897 4055 2184 4111 munitum.
2216 4072 2236 4105 ι

1973 4164 1993 4201 ι
2021 4148 2164 4204 Deus
2192 4158 2365 4211 meus,
2391 4147 2542 4218 eripe
2563 4160 2669 4211 me,
2704 4166 2723 4198 ι
2747 4161 2869 4202 cum
2888 4146 3025 4217 petit
3042 4144 3285 4213 liberari,
3316 4156 3468 4205 notat

216 4240 373 4309 plum
400 4238 495 4294 ﬁlii
532 4236 794 4304 Jouadab,
829 4237 880 4293 id
913 4244 1017 4302 est,
1046 4246 1329 4307 sperantes
1361 4235 1417 4290 in
1446 4236 1695 4297 Donnino,
1729 4235 1798 4289 ad
1901 4242 2298 4305 necessitatem,
2312 4239 3469 4309 mododeterminat,aquibuspctatliberari

216 4335 348 4397 hoc,
380 4341 439 4387 ut
488 4346 586 4403 per
607 4330 912 4400 exemplum
948 4344 1131 4384 eorum
1184 4329 1546 4401 corrigantur.
1581 4325 1798 4382 Priorcs
1901 4332 1980 4387 sic
1998 4332 2181 4387 dicens
2213 4350 2226 4385 :
2251 4331 2295 4387 Ο
2314 4349 2332 4381 ι
2353 4331 2494 4387 Deus
2518 4345 2688 4396 meus,
2719 4331 2869 4399 eripe
2892 4343 2980 4384 me
3004 4330 3071 4385 de
3098 4346 3259 4387 manu
3276 4349 3472 4403 pecca-

216 4422 419 4493 captivi
449 4421 701 4477 dicimur
749 4421 873 4473 vita!
919 4418 1076 4473 istius
1124 4416 1370 4473 homines
1388 4457 1403 4482 ,
1445 4417 1513 4473 de
1540 4431 1646 4487 qua
1674 4431 1800 4486 pos-
1901 4422 2055 4487 teris,
2080 4441 2099 4476 ι
2127 4424 2181 4478 id
2204 4423 2373 4479 estde
2391 4429 2657 4493 potestate
2676 4421 2904 4487 diaboli;
2942 4438 2963 4472 ε
2991 4422 3058 4478 de
3087 4437 3245 4478 manu
3280 4432 3468 4482 contra

217 4522 353 4572 sunt
380 4514 530 4569 exire
556 4512 773 4582 captivi,
818 4510 955 4565 sicut
986 4508 1155 4565 Judaei
1186 4510 1437 4613 cxiemnt
1475 4508 1542 4563 de
1570 4507 1797 4613 captivi-
1824 4553 1875 4613 Β
1903 4514 2072 4585 legem
2095 4516 2319 4585 agentis,
2344 4521 2399 4568 et
2424 4534 2445 4567 ι
2472 4515 2541 4569 de
2568 4528 2729 4568 manu
2759 4531 2780 4565 ι
2806 4513 2999 4584 iniqui,
3038 4534 3057 4567 ι
3080 4517 3172 4586 qui
3210 4517 3336 4572 licet
3364 4535 3469 4574 non

216 4617 338 4665 tate
368 4603 730 4676 Babylonica:
781 4605 1016 4657 secunda
1061 4602 1207 4656 enim
1255 4599 1436 4655 futura
1461 4608 1561 4660 est.
1596 4599 1662 4653 de
1688 4610 1796 4668 qua
1824 4599 1870 4613 "
1899 4608 2096 4663 habeat
2120 4607 2291 4676 legem
2326 4606 2605 4676 scriptam,
2637 4612 2815 4660 tamen
2840 4620 2938 4676 per
2966 4607 3136 4679 legem
3170 4612 3470 4668 naturalem

218 4718 386 4760 nemo
406 4701 728 4774 egredietur.
777 4698 877 4754 Vel
908 4697 951 4752 si
993 4697 1115 4751 sine
1150 4706 1221 4761 et,
1261 4694 1494 4750 ﬁliorum
1533 4682 1796 4761 Jonaditb,
1900 4700 2026 4769 quid
2056 4700 2128 4754 sit
2169 4713 2380 4768 aequum
2410 4700 2608 4768 quidve
2644 4699 2886 4770 iniquum
2932 4702 3210 4771 discernit,
3266 4705 3473 4763 scilicet

217 4795 469 4866 priorum
520 4791 854 4861 captivorum
892 4786 1150 4851 dicemus,
1202 4786 1280 4840 sic
1328 4792 1504 4856 potest
1551 4785 1798 4855 intotiigi,
1901 4791 2172 4861 quodnon
2208 4791 2428 4845 deberet
2445 4790 2565 4845 aliis
2599 4788 2799 4856 Facere,
2853 4793 2995 4862 quod
3040 4794 3140 4851 sibi
3190 4812 3295 4851 non
3344 4800 3474 4855 velit

218 4885 370 4956 quod
401 4884 492 4938 ﬁlii
521 4880 762 4937 Jonadab
786 4888 967 4935 essent
1010 4878 1263 4948 captivati
1294 4876 1664 4941 bistorialiter,
1696 4890 1800 4931 non
1903 4880 2041 4935 ﬁeri.
2073 4880 2170 4935 Hic
2195 4888 2415 4935 notatur
2430 4894 2590 4935 omne
2618 4896 2785 4953 genus
2825 4893 3167 4952 peccatorum
3224 4905 3320 4960 per
3370 4893 3473 4948 ba-

219 4993 328 5051 pro
342 4985 563 5047 peccato
577 4990 691 5038 suo,
711 4975 803 5029 sed
830 4988 930 5043 pro
956 4979 1177 5043 peccato
1204 4970 1450 5036 aliorum,
1475 4969 1629 5038 juxta
1657 4968 1802 5039 quod

222 5067 421 5124 titulus
448 5068 523 5122 ita
552 5066 782 5145 legitur:
813 5083 832 5115 ‹
863 5061 1229 5119 Psalmusiste
1256 5060 1421 5116 David
1450 5061 1680 5115 ﬁiiorum
1704 5059 1796 5115 Jo—

223 5157 433 5221 nadab,
457 5177 475 5207 ι
502 5157 553 5211 id
580 5162 685 5220 est,
714 5156 1045 5224 operantium
1068 5154 1119 5207 in
1151 5152 1374 5207 Domino
1400 5152 1658 5221 ipsorum,
1682 5152 1802 5206 dico

232 5268 255 5300 ε
296 5247 535 5317 priorum
570 5246 923 5315 captivorum,
961 5265 981 5297 ο
1016 5245 1069 5299 id
1098 5252 1201 5309 est,
1224 5245 1316 5313 qui
1344 5244 1541 5312 captivi
1582 5254 1705 5297 sunt
1748 5244 1802 5297 in

227 5337 469 5393 miseriis
497 5337 656 5403 hujus
677 5337 798 5390 vitae
822 5355 835 5390 :
861 5350 980 5405 quae
1004 5337 1287 5406 captivitas
1309 5344 1394 5390 est
1418 5336 1585 5404 prior,
1609 5337 1676 5390 de
1696 5350 1802 5405 qua

227 5428 460 5484 exibunt
506 5427 602 5481 ﬁlii
640 5426 907 5490 Jonadab,
952 5427 1005 5483 id
1040 5437 1125 5482 est
1153 5435 1437 5497 sperantes
1466 5427 1520 5481 in
1551 5428 1800 5493 Domino,

229 5522 304 5579 de
333 5522 564 5577 secunda
591 5536 711 5591 quas
740 5522 917 5575 futura
947 5528 1030 5575 est
1058 5522 1115 5574 in
1153 5522 1255 5575 alia
1307 5522 1438 5587 vita,
1480 5521 1535 5575 in
1562 5537 1665 5591 qua
1699 5537 1806 5576 non

231 5624 398 5672 erunt
423 5615 516 5669 ﬁlii
542 5613 807 5680 Jonadab,
836 5614 1014 5669 nullus
1041 5614 1238 5682 poterit
1263 5615 1431 5670 exire.
1470 5613 1695 5668 Materia
1724 5621 1810 5668 est

231 5710 414 5767 omnis
455 5707 634 5779 justus
682 5722 904 5777 sperans
952 5707 1005 5762 in
1033 5706 1283 5773 Domino,
1333 5716 1387 5763 et
1432 5708 1812 5765 describuntur

236 5801 407 5859 multa
429 5798 684 5857 beneﬁcia
704 5799 797 5855 Dei
820 5800 961 5856 circa
985 5808 1263 5870 sperantes
1287 5799 1339 5855 in
1369 5799 1557 5857 Deum.
1593 5803 1807 5860 Modus:

1901 4971 2113 5040 bentes,
2142 4974 2368 5037 scilicet,
2398 4974 2590 5043 legem,
2622 4980 2678 5028 et
2702 4990 2806 5029 non
2834 4977 3113 5043 habentes,
3140 4988 3199 5033 ut
3243 4979 3475 5051 Aposto-

1906 5065 1990 5120 lus
2010 5065 2085 5119 ait
2110 5078 2129 5117 :
2159 5084 2178 5116 ‹
2204 5064 2523 5135 Quicunque
2547 5066 2664 5121 sine
2684 5066 2799 5136 lege
2816 5078 3193 5137 peccaverunt,
3223 5071 3338 5127 sine
3360 5073 3475 5147 lege

1906 5158 2180 5226 peribunt,
2215 5166 2269 5210 et
2294 5157 2602 5227 quicunque
2630 5159 2682 5212 in
2706 5158 3221 5229 lege-peccaverunt,
3268 5179 3366 5234 per
3402 5164 3477 5223 ie-
3510 5171 3517 5184 '

1907 5262 2026 5316 gem
2049 5246 2431 5315 judicabuntur
2456 5247 2627 5317 (Rom.
2655 5251 2739 5320 ιι).
2770 5269 2789 5301 ι

1984 5355 2004 5389 ι
2024 5338 2287 5405 Quoniam
2301 5349 2353 5394 tu
2370 5355 2445 5395 es.
2470 5359 2488 5391 ι
2507 5340 2641 5395 Ειιιι
2666 5341 2828 5395 debes
2842 5341 3074 5411 eripere,
3101 5362 3121 5396 ς
3150 5345 3426 5415 quoniam,
3444 5364 3478 5403 ο

1911 5432 2157 5497 Domine,
2192 5440 2249 5485 tu
2276 5446 2335 5487 es
2370 5433 2627 5502 patientia
2651 5446 2790 5496 mea,
2838 5453 2857 5485 ι
2892 5433 2945 5487 id
2970 5442 3054 5489 cst
3074 5434 3278 5491 fructus
3306 5435 3395 5490 ille
3425 5447 3479 5493 et

1913 5537 2071 5579 causa
2094 5530 2314 5594 propter
2337 5539 2496 5595 quem
2526 5539 2626 5595 ego
2646 5525 2904 5591 sustineo,
2927 5533 2982 5579 et
3009 5528 3169 5581 etiam
3193 5542 3251 5583 es
3289 5546 3307 5580 ι
3356 5544 3480 5600 spes

1911 5632 2053 5681 mea,
2083 5636 2101 5669 ι
2136 5630 2169 5671 o
2198 5616 2439 5680 Domine,
2465 5617 2517 5671 id
2538 5624 2622 5670 est
2641 5617 2906 5671 certitudo
2928 5616 3090 5671 futuri
3121 5619 3323 5689 praemii
3351 5623 3475 5677 mei.

1914 5708 2066 5765 Unde
2094 5708 2384 5780 Apostolus
2415 5726 2427 5761 ε
2467 5725 2485 5757 ι
2506 5706 2771 5762 Patientia
2797 5716 3051 5777 cperatur
3086 5711 3477 5778 probationem,

1913 5800 2158 5872 probatio
2175 5815 2346 5871 spem,
2372 5813 2493 5868 spes
2517 5805 2693 5854 autem
2720 5814 2824 5853 non
2843 5798 3312 5872 confunditUlom.
3352 5814 3428 5877 vl:
3457 5825 3472 5856 ι
