3940 6442
508 423 608 479 651

973 417 1328 476 HAYMONIS
1366 417 1841 477 HALBERSTAT.
1881 419 2094 477 EPISC.
2137 419 2289 477 OPP.
2326 420 2504 477 PARS
2539 420 2582 477 1.
2620 453 2690 464 -
2722 423 3082 481 COMMENT.
3119 423 3291 478 BIBL.

3663 426 3769 482 δεῖ

515 556 536 589 ι
571 553 692 609 spes
720 557 739 591 ι
773 538 894 594 dico
927 557 945 590 ι
981 553 1011 593 a
1035 537 1316 608 iuventute
1352 554 1469 595 mea
1490 579 1505 605 ,
1535 559 1555 592 ι
1585 540 1639 595 id
1664 548 1747 596 est
1773 556 1804 595 a
1839 549 2078 610 tempore
2103 543 2157 605 Α
2182 541 2423 598 tribulari
2442 582 2456 608 ,
2483 544 2578 598 sed
2604 544 2806 614 potius,
2831 561 2864 600 o
2890 564 2908 596 ι
2939 545 3082 600 Deus
3104 559 3276 608 meus,
3299 543 3509 615 respice
3528 543 3591 599 in
3613 545 3767 604 auxi-

507 630 878 685 conversionis
907 645 1040 686 meae
1055 671 1070 695 ,
1095 645 1200 685 non
1227 629 1706 699 dicitjuventutem
1726 641 1985 702 quantum
2008 631 2076 685 ad

508 731 718 792 tempus
737 723 934 789 aetatis,
959 723 1053 778 sed
1075 723 1414 791 juventutem
1435 724 1678 793 justitize,
1707 727 1761 780 id
1799 735 1885 782 est
1921 725 2078 780 forti-

507 814 745 870 tudinem
791 830 888 886 per
925 815 1259 886 iuventutem
1308 817 1524 886 accipit,
1571 833 1691 888 quae
1723 815 1982 873 fortitudo
2021 817 2077 871 in

504 905 736 961 adventu
762 905 984 972 Christi,
1010 907 1066 962 in
1107 909 1314 964 sanctis
1365 908 1620 979 apostolis
1660 918 1717 965 et
1746 909 2078 980 martyribus

503 1007 750 1068 patenter
776 999 989 1054 enituit.

577 1112 596 1143 ι
627 1092 682 1146 1η
706 1101 758 1146 ιε
789 1112 808 1144 ι
836 1094 1000 1148 etiam
1032 1112 1050 1144 ›
1079 1093 1430 1148 confirmatus
1449 1107 1566 1148 sum
1587 1109 1653 1148 ex
1673 1101 1847 1156 utero,
1880 1112 1898 1143 ι
1924 1094 1979 1148 id
1997 1101 2080 1148 est

500 1185 626 1238 dum
663 1185 840 1241 adhuc
863 1201 1040 1241 essem
1066 1186 1122 1239 in
1150 1194 1307 1240 utero
1336 1184 1610 1240 Ecclesiaa.
1648 1185 1872 1240 Uterum
1899 1184 2078 1239 Eccle-

498 1275 594 1331 sia:
618 1285 778 1332 vocat
796 1277 1244 1346 praeparationem
1276 1275 1440 1341 illam,
1461 1292 1566 1345 qua
1587 1276 1872 1331 instruitur
1892 1277 2075 1342 homo,

498 1385 622 1424 cum
659 1371 882 1426 credere
908 1369 1125 1440 incipit,
1155 1378 1210 1424 et
1242 1376 1398 1424 antea
1426 1368 1480 1422 in
1511 1383 1577 1422 eo
1625 1377 1781 1422 utero
1821 1367 2074 1430 nutritur,

495 1470 555 1516 ut
582 1463 638 1518 in
657 1462 833 1518 lucem
861 1477 1003 1518 verae
1031 1463 1354 1532 cognitionis
1379 1461 1620 1532 prodeat,
1650 1470 1705 1516 et
1733 1481 1751 1511 ‹
1783 1470 1839 1514 ιιι
1873 1480 1891 1513 ι
1909 1461 2074 1515 etiam

503 1573 521 1606 ι
549 1569 607 1609 es
626 1561 898 1624 protector
921 1569 1096 1618 meus,
1129 1572 1148 1604 ›
1180 1568 1249 1608 ex
1277 1568 1385 1622 quo
1411 1551 1652 1622 processi
1713 1570 1731 1602 ‹
1779 1551 1845 1606 de
1885 1559 2076 1606 ventre

496 1645 686 1700 matris
718 1659 872 1711 meae,
908 1665 926 1696 ›
968 1645 1023 1699 id
1073 1652 1156 1700 est
1180 1643 1456 1707 Ecclesiae,
1486 1641 1690 1698 scilicet
1734 1657 1802 1696 ex
1847 1656 1952 1710 quo
1996 1639 2075 1696 fui

496 1743 720 1789 renatus
757 1735 823 1789 de
864 1735 1190 1806 baptismate
1215 1773 1230 1799 ,
1261 1742 1317 1789 et
1364 1732 1547 1789 lumen
1575 1747 1718 1788 verae
1751 1732 2075 1801 cognitionis

494 1839 700 1894 accepi.

2179 631 2310 687 lium
2357 647 2535 688 meum
2564 652 2582 687 ι
2610 641 2670 689 ιιι
2687 635 2891 705 possim
2920 635 3036 690 haec
3063 635 3243 691 omnia
3275 650 3552 704 superare.

2249 722 2332 776 Me
2360 725 2629 795 «respice,
2657 744 2677 777 ›
2704 733 2760 780 ει
2789 744 2806 776 ι
2837 727 3184 782 detrahentes
3227 728 3420 783 anima:
3450 745 3595 784 mea:
3642 745 3767 789 con-

2179 811 2488 879 fundantur,
2518 833 2536 864 ι
2563 815 2615 870 id
2635 824 2738 881 est,
2756 816 3097 872 inveniantur
3118 817 3442 885 ineflicaces,
3465 837 3533 875 ne
3557 824 3766 892 possint

2177 917 2265 956 me
2294 901 2633 958 conformarc
2657 905 2780 971 sibi,
2809 925 2828 957 ι
2856 914 2911 960 ει
2934 906 3208 974 deficiant,
3233 929 3251 960 ι
3281 908 3331 963 id
3357 920 3462 974 est,
3490 927 3607 966 non
3640 912 3765 967 ulte-

2180 993 2291 1048 rius
2305 996 2422 1050 ausi
2445 996 2664 1066 aggredi
2693 1011 2809 1051 me:
2829 997 2950 1052 dico
2981 1016 2998 1048 ι
3019 997 3440 1066 confundantur,
3466 1021 3486 1053 ι
3515 1012 3577 1057 ει
3601 1004 3759 1059 multa

2185 1103 2205 1136 ι
2235 1086 2548 1142 confusione
2569 1103 2664 1143 sua
2681 1089 3086 1159 cooperiantur,
3115 1111 3134 1142 ι
3161 1091 3213 1144 id
3236 1102 3342 1156 est,
3361 1101 3514 1148 tanta
3538 1094 3621 1148 sit
3645 1110 3760 1148 con-

2178 1175 2316 1234 fusio
2343 1193 2461 1244 sua,
2488 1186 2548 1233 ut
2588 1180 2862 1250 cooperiat
2893 1196 3006 1248 eos,
3041 1181 3115 1236 ita
3161 1186 3303 1252 quod
3328 1194 3624 1239 convertat
3654 1202 3754 1246 eos.

2178 1278 2234 1324 et
2270 1286 2380 1326 non
2427 1280 2635 1326 tantum
2678 1272 3015 1339 confusione,
3039 1275 3132 1329 sed
3163 1293 3182 1326 ι
3218 1285 3275 1330 ει
3320 1277 3528 1346 pudore
3558 1298 3579 1330 ›
3614 1279 3681 1334 de
3703 1296 3758 1335 eo

2177 1362 2321 1432 quod
2338 1362 2614 1430 deficiunt,
2647 1382 2666 1416 ‹
2695 1365 3010 1435 aperiantur
3037 1386 3056 1418 ι
3085 1365 3321 1437 undique
3348 1387 3366 1419 ι
3397 1369 3491 1438 qui
3513 1381 3757 1439 quaerunt

2176 1453 2321 1508 mala
2355 1455 2508 1510 mihi.
2543 1476 2562 1508 ι

2245 1547 2324 1602 illi
2354 1569 2373 1600 ‹
2402 1549 2718 1618 operiantur
2738 1550 3074 1618 confusione,
3100 1567 3200 1624 ego
3221 1562 3423 1620 autem,
3452 1574 3474 1607 ι
3503 1557 3756 1627 quidquid

2177 1637 2268 1692 alii
2318 1639 2543 1705 faciant,
2581 1659 2599 1691 ι
2630 1657 2844 1712 semper
2887 1645 3114 1714 sperabo
3147 1665 3166 1697 ι
3204 1647 3256 1699 in
3309 1656 3361 1700 te
3384 1688 3399 1712 ,
3435 1666 3454 1698 ι
3501 1656 3559 1702 ει
3608 1665 3756 1719 super

2175 1744 2391 1784 omnem
2438 1731 2652 1786 laudem
2702 1742 2847 1788 tuam
2875 1755 2894 1786 ι
2927 1750 3090 1804 quam
3132 1736 3198 1790 de
3245 1739 3430 1793 mundi
3482 1742 3753 1795 creatione

2177 1820 2364 1881 babes.
2402 1841 2420 1872 ι
2450 1821 2699 1890 adjiciam
2735 1843 2753 1874 ι
2785 1814 3229 1891 διὶειηἾειιάεω,
3262 1828 3472 1883 scilicet
3528 1831 3598 1884 de
3641 1834 3753 1887 mis-

560 1913 628 1967 Et
647 1913 772 1983 quia
793 1914 909 1970 hmc
929 1914 1109 1970 omnia
1130 1914 1271 1969 bona
1295 1913 1424 1968 mihi
1448 1913 1645 1979 fecisti,
1673 1934 1690 1965 ι
1717 1915 1769 1968 in
1791 1922 1843 1969 te
1864 1926 2074 1980 semper
2102 1903 2150 1962 Β
2178 1914 2328 1969 sione
2350 1914 2497 1980 Filii,
2533 1924 2588 1969 et
2615 1917 2718 1972 hoc
2745 1926 2828 1971 est
2862 1937 2880 1968 ι
2907 1933 2970 1974 os
3013 1934 3193 1974 meum
3229 1923 3583 1977 annuntiabit
3603 1922 3750 1990 justi-

489 2003 595 2057 erit
639 2005 876 2060 cantatio
911 2021 1065 2071 mea,
1099 2026 1116 2055 ι
1160 2007 1213 2059 id
1253 2014 1368 2071 est,
1411 2014 1462 2058 te
1499 2005 1672 2060 solum
1715 2005 1974 2069 laudabo,
2015 2012 2069 2058 et

489 2095 615 2163 quia
641 2103 694 2150 te
727 2097 899 2151 solum
929 2097 1109 2162 laudo,
1135 2106 1190 2151 et
1223 2097 1484 2151 mundum
1512 2112 1726 2166 respuo,
1773 2097 1894 2152 ideo
1933 2115 1950 2147 ι
1982 2096 2066 2150 fa-

487 2195 607 2242 ctus
632 2203 752 2242 sum
776 2189 958 2244 multis
988 2208 1005 2239 )
1035 2189 1369 2243 amatoribus
1395 2187 1576 2242 saeculi
1613 2207 1630 2238 ι
1665 2196 1919 2258 tanquam
1943 2201 2068 2258 pro-

486 2280 712 2350 digium,
745 2300 762 2332 »
787 2282 915 2351 quia
955 2289 1149 2351 putant
1185 2297 1271 2336 me
1311 2282 1560 2337 insanum
1596 2291 1652 2338 et
1678 2283 2066 2354 prodigiosum,

483 2384 607 2424 cum
639 2370 824 2425 vident
859 2387 944 2426 me
971 2380 1023 2426 te
1046 2371 1218 2426 solum
1245 2380 1448 2442 petere,
1487 2380 1541 2427 et
1579 2388 1706 2427 suas
1753 2381 1930 2428 sectas
1974 2387 2070 2429 ne-

481 2459 704 2530 gligere,
733 2461 828 2516 sed
850 2469 1037 2516 contra
1059 2463 1242 2517 omnia
1271 2464 1559 2534 opprobria
1593 2479 1783 2519 eorum
1814 2483 1832 2514 ι
1862 2473 1920 2519 tu
1944 2485 1962 2516 ι
2008 2479 2069 2519 es

479 2551 654 2609 factus
679 2555 812 2609 mihi
844 2573 862 2605 ι
899 2554 1112 2623 adjutor
1134 2555 1309 2611 fortis.
1345 2575 1362 2607 ι

549 2650 618 2704 Ει
640 2650 762 2706 ideo
790 2671 807 2702 ‹
831 2652 1104 2721 repleatur
1124 2666 1187 2705 os
1212 2665 1390 2705 meum
1425 2651 1586 2707 laude
1608 2659 1669 2705 ut
1697 2660 1910 2707 cantem
1951 2651 2068 2723 glo-

477 2739 617 2795 riam
659 2749 829 2806 tuam,
879 2761 897 2793 »
935 2742 988 2796 id
1025 2750 1123 2806 est,
1164 2743 1453 2813 gloriosum
1477 2743 1783 2812 praedicem,
1813 2752 1868 2798 et
1904 2744 2066 2799 etiam

483 2854 503 2886 ι
528 2837 954 2907 magnitudinem
967 2845 1141 2901 tuam,
1164 2856 1181 2889 ι
1209 2835 1261 2890 id
1286 2845 1370 2891 est
1388 2838 1647 2893 beneficia
1664 2847 1908 2908 tua,qu:e
1937 2837 2068 2900 mihi

479 2924 719 2992 confers,
735 2941 854 2996 quae
865 2933 1164 2981 suutcausa
1180 2940 1348 2994 quare
1374 2935 1426 2979 te
1450 2927 1740 2997 gloriosum
1764 2927 2064 2984 ostendam.

477 3024 534 3072 et
564 3018 666 3073 hoc
692 3038 710 3069 ι
737 3027 851 3073 tota
881 3019 991 3084 dic,
1013 3037 1032 3070 ι
1063 3019 1114 3073 id
1140 3027 1224 3072 est
1245 3017 1478 3073 assidue.

555 3126 575 3160 ι
607 3107 684 3162 Νε
705 3108 957 3179 projicias
973 3123 1077 3164 me.
1107 3129 1126 3162 ι
1155 3109 1290 3164 Pars
1307 3109 1560 3165 secunda.
1581 3110 1712 3166 Dico
1739 3128 1758 3160 ι
1785 3119 1841 3164 ιιι
1860 3123 1920 3164 es
1948 3124 2070 3180 spes

477 3214 595 3256 mea
621 3217 652 3254 a
673 3199 975 3269 juventnte,
1009 3221 1026 3254 ι
1058 3210 1113 3257 ει
1140 3202 1282 3257 sicut
1301 3217 1409 3258 non
1431 3203 1635 3258 deseris
1677 3202 1729 3256 in
1753 3200 2054 3270 juventute,

2169 2005 2300 2059 tiam
2353 2015 2520 2070 tuam,
2551 2027 2569 2056 ι
2604 2016 2660 2062 et
2701 2007 2880 2063 subdit
2915 2010 3044 2078 quid
3095 2020 3250 2066 vocet
3288 2011 3585 2080 justitiam,
3625 2035 3644 2064 ι
3676 2031 3750 2070 sa-

2170 2097 2342 2154 lutare
2389 2107 2562 2163 tuum,
2593 2119 2611 2150 ι
2637 2099 2690 2153 id
2728 2109 2812 2154 est
2838 2098 3056 2166 Filium,
3081 2103 3172 2172 qui
3199 2102 3370 2158 salvat
3390 2117 3684 2174 sperantes
3706 2107 3750 2160 in

2169 2205 2228 2246 se
2258 2199 2314 2245 et
2332 2189 2616 2259 justificat,
2646 2192 2826 2246 ethoc
2860 2211 2879 2242 ε
2910 2201 3022 2248 tota
3045 2194 3153 2248 die.
3188 2213 3207 2246 ι

2238 2281 2468 2353 Propter
2501 2283 2604 2338 hoc
2638 2283 3248 2352 annuntiabojustitiam
3273 2293 3425 2340 tuam
3456 2295 3518 2341 et
3552 2306 3570 2338 ι
3617 2288 3746 2343 salu-

2172 2381 2286 2429 tare
2307 2383 2456 2429 tuum
2479 2415 2494 2440 ,
2523 2375 2775 2444 quoniam
2797 2392 2898 2447 ego
2920 2363 3027 2432 non
3065 2378 3290 2448 cognovi
3317 2379 3705 2444 litteraturam,
3721 2401 3742 2435 ι

2170 2465 2224 2520 id
2260 2475 2363 2532 est,
2392 2465 2716 2522 calliditates
2741 2467 2899 2538 hujus
2928 2469 3072 2533 vitae,
3096 2478 3151 2523 et
3193 2478 3360 2524 artes.
3389 2469 3746 2543 Hieronymm

2168 2558 2318 2626 ponit
2349 2557 2711 2625 litteraturas;
2745 2560 2848 2614 alia
2890 2561 3172 2616 translatio
3220 2562 3404 2626 habet,
3437 2567 3747 2634 negotiatio-

2169 2665 2287 2715 nes,
2317 2658 2373 2704 et
2391 2666 2490 2721 ego
2509 2650 2624 2719 jam
2656 2672 2674 2703 ι
2711 2653 2946 2708 introibo
2975 2654 3029 2708 in
3059 2653 3354 2724 potentiam
3380 2654 3622 2720 Domini,
3655 2678 3671 2707 ι
3700 2657 3743 2710 id

2169 2747 2253 2794 est
2283 2754 2572 2810 supernam
2599 2742 2836 2806 domum,
2866 2742 2956 2796 ubi
2983 2757 3083 2812 ego
3107 2758 3428 2812 cognoscam
3460 2746 3741 2814 potentiam

2171 2830 2404 2896 Domini,
2431 2839 2487 2885 et
2502 2847 2602 2902 ego
2624 2833 2738 2902 ipse
2763 2833 3062 2900 potentiam
3091 2835 3393 2902 acquiram,
3421 2843 3478 2888 et
3503 2835 3743 2904 deinceps

2169 2921 2346 2976 nullus
2361 2923 2580 2977 audebit
2609 2938 2694 2978 me
2721 2923 3045 2993 inquietare,
3068 2939 3098 2978 e
3122 2924 3308 2978 tetiam
3329 2924 3424 2988 ibi,
3456 2943 3475 2974 ι
3506 2927 3737 2991 Domine,

2169 3016 2513 3070 memorabor
2535 3015 2755 3086 iustitia:
2782 3025 2886 3071 tua:
2915 3016 3100 3083 solius,
3136 3035 3154 3066 ι
3190 3016 3244 3070 id
3275 3026 3361 3071 est
3381 3024 3434 3070 te
3467 3017 3642 3071 solum
3671 3018 3740 3071 in-

2176 3107 2409 3179 telligam
2431 3107 2658 3176 justum.

2240 3201 2364 3256 Ideo
2401 3220 2418 3252 ι
2454 3201 2816 3266 memorabor,
2855 3221 2873 3252 ι
2908 3202 3034 3272 quia
3064 3221 3083 3254 ι
3106 3202 3266 3268 Deus,
3290 3202 3522 3258 docuisti
3551 3213 3739 3258 meiut

474 3293 553 3348 sic
589 3313 608 3345 ι
641 3309 740 3348 nec
781 3294 1035 3365 projicias
1066 3307 1151 3349 me
1192 3294 1248 3348 in
1295 3301 1533 3364 tempore
1583 3294 1898 3356 senectutis,
1939 3313 1960 3345 ι
2004 3301 2060 3348 ει
2084 3260 2130 3324 C
2161 3307 2266 3346 non
2281 3260 3353 3364 appeteremlitteraturam,etpraidicare
3368 3293 3733 3361 Filiumtuum,

474 3383 615 3451 quod
643 3399 742 3453 per
769 3393 1104 3439 senectutem
1126 3383 1375 3452 accipiat,
1399 3382 1722 3438 determinat
1750 3399 1872 3438 cum
1904 3382 2054 3447 dicit,

480 3489 500 3521 ι
521 3487 646 3527 cum
675 3474 934 3529 defecerit
961 3475 1131 3528 virtus
1151 3488 1294 3539 mea,
1317 3488 1388 3528 ne
1424 3473 1766 3544 derelinquas
1807 3489 1913 3539 me,
1947 3493 1966 3526 ι
2005 3473 2057 3528 id

475 3572 578 3626 est,
602 3565 851 3634 quamvis
877 3565 944 3620 ad
969 3566 1158 3620 horam
1183 3563 1435 3634 projicias
1455 3565 1813 3636 permittendo
1845 3579 1965 3619 esse
2000 3564 2056 3619 in

475 3656 729 3724 peccatis,
755 3665 932 3712 tamen
961 3672 1068 3712 non
1088 3655 1452 3726 derelinquas,
1485 3657 1540 3711 id
1567 3667 1672 3723 est,
1702 3673 1808 3712 non
1836 3649 2058 3727 permit-

475 3755 559 3802 tas
579 3756 894 3816 putrescere
930 3748 986 3802 in
1035 3747 1292 3817 peccatis.
1341 3746 1578 3816 Projecit
1621 3748 1764 3804 Deus
1810 3747 2053 3814 Petrum,

473 3853 598 3893 cum
650 3840 899 3908 permisit
943 3853 1192 3908 peccare,
1241 3854 1347 3894 non
1395 3839 1703 3910 dereliquit,
1749 3855 1873 3895 cum
1927 3838 2057 3896 fecit

473 3927 760 3999 poenitere.
785 3929 926 3984 Ecce
945 3931 1040 3998 qui
1059 3929 1220 3984 modo
1248 3929 1568 3999 loquebatur
1607 3930 1661 3984 in
1698 3946 1929 4000 persona
1971 3931 2052 3985 vi-

474 4033 663 4075 vorum
687 4018 959 4090 justorum
996 4019 1300 4086 fortiorum,
1353 4023 1515 4076 modo
1555 4021 1795 4089 loquitur
1828 4023 1883 4076 in
1929 4038 2056 4093 per-

479 4125 608 4166 sona
634 4126 845 4176 senum,
871 4119 926 4166 et
948 4111 1198 4182 intelligit
1221 4111 1312 4167 hic
1352 4119 1707 4177 senectutem,
1757 4128 1881 4167 cum
1936 4112 2052 4184 jam

479 4203 686 4257 videtur
707 4203 959 4270 deficere,
985 4212 1040 4260 et
1063 4204 1302 4260 charitas
1325 4205 1516 4276 incipit
1543 4204 1849 4276 frigescere,
1889 4215 1951 4262 ut
1996 4207 2053 4262 in

478 4311 578 4353 noc
605 4304 845 4368 tempore
869 4305 993 4353 ante
1015 4296 1427 4352 Antichristum.

551 4410 571 4442 ι
591 4389 672 4445 Ne
696 4390 1037 4461 derelinquas
1053 4405 1163 4456 me,
1187 4409 1208 4442 ι
1234 4391 1361 4460 quia
1379 4390 1427 4446 si
1447 4389 1819 4463 dereliqueris,
1851 4401 2052 4463 quanto

477 4483 788 4539 debiliorem
818 4499 905 4539 me
923 4483 1158 4540 viderint
1185 4483 1413 4549 inimici,
1446 4491 1598 4541 tanto
1631 4486 1850 4556 gravius
1889 4486 2052 4542 insta-

2167 3401 2186 3435 ι
2213 3399 2242 3438 a
2256 3383 2537 3454 juventute
2557 3399 2699 3449 mea,
2728 3405 2744 3436 ι
2772 3385 2826 3440 id
2845 3393 2949 3449 εει,
2973 3400 3042 3440 ex
3062 3401 3167 3455 quo
3189 3385 3384 3454 incmpi
3403 3403 3527 3442 esse
3546 3397 3737 3441 amator

2158 3475 2306 3542 ﬁdei,
2345 3495 2363 3528 ι
2394 3485 2448 3531 ει
2476 3491 2646 3546 usque
2677 3491 2822 3532 nunc
2858 3496 2878 3529 ι
2909 3477 3138 3532 docuisti
3185 3493 3293 3543 me,
3319 3485 3375 3532 et
3422 3479 3546 3535 ideo
3581 3497 3599 3528 ι
3628 3493 3733 3548 pro-

2159 3568 2418 3623 nuntiabo
2443 3568 2710 3624 mirabilia
2742 3577 2855 3634 tua,
2893 3586 2911 3620 ι
2944 3568 2998 3624 id
3019 3576 3104 3623 est
3145 3568 3417 3624 beneficia
3459 3585 3580 3639 quae
3619 3585 3734 3624 cou-

2159 3657 2356 3712 tulisti.

2227 3750 2490 3817 Docuisti,
2511 3761 2567 3807 et
2594 3772 2611 3802 ‹
2635 3767 2742 3806 non
2766 3751 3108 3822 derelinquas
3131 3767 3240 3819 me,
3273 3772 3291 3805 ι
3312 3767 3348 3808 o
3369 3772 3386 3804 ι
3414 3753 3573 3818 Deus,
3603 3773 3624 3805 ι
3649 3754 3737 3810 do-

2157 3858 2282 3900 cere
2307 3853 2364 3899 et
2391 3859 2712 3900 conservare
2733 3863 2752 3895 ί
2781 3859 2951 3914 usque
2971 3843 3038 3898 ad
3065 3852 3344 3900 senectam
3373 3854 3422 3899 et
3449 3845 3677 3898 senium.
3709 3865 3728 3896 ι

2159 3933 2388 3990 Senecta
2423 3943 2507 3988 est
2547 3933 2823 3999 Ecclesiae,
2861 3934 3076 4004 quando
3118 3934 3296 3990 adhuc
3346 3935 3451 4004 ipsa
3491 3932 3736 3988 Ecclesia

2156 4025 2321 4080 habet
2333 4025 2536 4094 aliquid
2562 4023 2920 4091 fortitudinis;
2949 4025 3164 4079 senium
3185 4034 3270 4080 est
3293 4025 3562 4096 decrepita
3588 4034 3736 4090 mtas,

2155 4116 2299 4186 quod
2339 4117 2445 4171 erit
2468 4117 2521 4171 in
2559 4116 2800 4172 Ecclesia
2827 4125 3070 4190 tempore
3091 4117 3436 4182 Antichristi,
3477 4133 3600 4172 cum
3630 4117 3738 4174 for-

2157 4209 2328 4264 titudo
2353 4209 2520 4280 ipsius
2546 4208 2805 4266 Ecclesiae
2838 4211 3056 4280 penitus
3083 4209 3198 4265 fere
3223 4211 3619 4282 exstinguetur.

2230 4318 2249 4351 ι
2283 4297 2362 4352 Ne
2396 4299 2738 4370 derelinquas
2775 4321 2792 4352 ι
2833 4300 2986 4366 dico,
3029 4320 3048 4351 ‹
3082 4302 3253 4357 donec
3279 4303 3596 4356 annuntiem
3623 4305 3739 4358 bra-

2154 4387 2335 4444 chium
2357 4396 2530 4456 tuum,
2554 4409 2573 4442 ι
2601 4389 2654 4444 id
2674 4399 2759 4446 est
2781 4389 2973 4445 Filium
2996 4397 3144 4446 tuum
3172 4410 3189 4442 ι
3215 4393 3361 4447 omni
3384 4393 3734 4462 generationi,

2153 4494 2274 4548 quae
2297 4486 2523 4536 ventura
2559 4487 2660 4535 est.
2703 4499 2720 4531 ι
2749 4479 2816 4533 Ει
2846 4479 3018 4536 donec
3047 4483 3364 4536 annuntiem
3393 4501 3413 4532 ι
3447 4485 3735 4554 potentiam

477 4584 627 4640 bunt,
651 4583 706 4631 et
733 4577 838 4633 hoc
863 4585 948 4631 est
979 4595 997 4627 ι
1030 4576 1156 4646 quia
1186 4577 1440 4632 dixerunt
1465 4577 1671 4633 inimici
1701 4579 1808 4634 mei
1838 4578 1994 4642 mihi,
2025 4596 2043 4629 ι
2075 4611 2129 4673 D
2154 4578 2310 4673 tuam.
2331 4589 2351 4622 ι
2377 4585 2482 4639 qua
2530 4570 2708 4626 salvas
2749 4571 3043 4637 hominem,
3079 4591 3097 4622 ί
3132 4581 3187 4626 ει
3225 4571 3500 4640 Ῑυεῑίιίεηι
3545 4584 3686 4629 Nam
3713 4593 3730 4624 ι

478 4663 530 4718 id
555 4673 660 4730 est,
689 4665 758 4719 ad
796 4681 975 4721 meum
1017 4667 1423 4735 detrimentum,
1456 4668 1683 4734 scilicet,
1719 4670 1865 4724 istud
1905 4669 2047 4724 Deus

2154 4678 2258 4733 qua
2289 4662 2558 4732 justiﬁcas
2591 4679 2780 4719 omnes
2830 4665 3129 4720 secundum
3179 4667 3433 4721 meritum
3485 4668 3736 4722 uniuscu-

476 4753 761 4823 dereliquit
799 4770 941 4822 eum,
973 4763 1028 4811 et
1074 4772 1182 4811 non
1211 4758 1385 4814 solum
1412 4759 1650 4830 imperiti
1698 4758 1905 4812 inimici
1945 4759 2048 4815 hoc
2143 4755 2376 4824 jusque;
2415 4773 2434 4804 ‹
2469 4755 2781 4808 annuntiem
2817 4775 2834 4803 ι
2863 4754 3016 4820 dico,
3057 4757 3234 4811 eundo
3274 4755 3516 4827 agilitate
3546 4757 3738 4810 mentis

474 4845 745 4912 dixerunt,
762 4846 857 4902 sed
877 4847 953 4902 illi
983 4866 1002 4900 ι
1030 4849 1122 4919 qui
1143 4851 1518 4907 custodiebant
1535 4850 1772 4905 animam
1793 4865 1991 4916 meam,
2021 4871 2041 4903 ι

475 4936 528 4990 id
548 4945 651 5003 est,
681 4953 876 5009 magna
900 4939 1192 4996 calliditate
1223 4941 1619 4997 insidiabantur
1658 4944 1851 4996 animae
1891 4957 2044 5007 meae,

475 5035 534 5082 ut
571 5038 826 5098 caperent
853 5045 989 5094 eam,
1023 5032 1248 5095 scilicet,
1273 5031 1469 5088 diaboli
1491 5041 1546 5087 et
1566 5032 1801 5087 ministri
1827 5047 2044 5088 eorum:

478 5135 499 5169 ι
547 5119 830 5175 consilium
874 5119 1118 5176 fecerunt
1163 5141 1182 5174 ι
1231 5122 1629 5178 consentientes
1676 5141 1695 5174 ‹
1733 5123 1789 5178 in
1823 5139 1992 5179 unum
2019 5143 2039 5176 ›

472 5207 530 5263 in
558 5209 798 5265 eamdem
821 5212 1048 5266 nocendi
1076 5210 1425 5268 voluntatem.

546 5319 566 5352 ‹
595 5300 844 5357 Dicentes
876 5321 894 5354 ι
939 5303 1080 5358 istud
1116 5303 1260 5373 quod
1307 5304 1398 5358 alii
1441 5304 1684 5370 inimici,
1723 5324 1740 5356 ι
1776 5305 1918 5362 Deus
1951 5307 2046 5362 de-

470 5391 688 5464 reliquit
717 5411 861 5462 eum,
892 5415 910 5447 ι
943 5397 996 5452 id
1021 5406 1107 5451 est
1133 5413 1236 5451 non
1285 5407 1439 5452 curat
1473 5413 1618 5462 eum,
1647 5405 1700 5452 et
1727 5397 1847 5453 ideo
1877 5417 1896 5450 ι
1925 5412 2046 5468 per-

471 5485 755 5554 sequimini
789 5506 807 5538 ι
845 5487 1001 5557 quasi
1031 5487 1180 5541 illum
1210 5490 1300 5558 qui
1339 5504 1443 5544 non
1491 5490 1662 5559 possit
1691 5490 1898 5562 fugere,
1944 5509 1963 5541 ι
1994 5500 2050 5546 ει

468 5576 906 5646 comprehendite
941 5598 958 5630 ι
989 5587 1244 5646 tanquam
1295 5578 1544 5644 debilem,
1587 5580 1678 5650 qui
1727 5597 1833 5636 non
1877 5580 2048 5650 possit

470 5667 746 5735 resistere,
769 5679 823 5725 et
841 5671 1016 5726 securi
1040 5679 1235 5735 tenete,
1259 5690 1275 5719 ι
1298 5672 1421 5741 quia
1442 5687 1546 5726 non
1569 5683 1653 5728 est
1675 5674 1990 5744 quieripiat.
2023 5695 2040 5724 ι

539 5757 643 5828 Ipsi
664 5774 749 5814 me
771 5759 1083 5815 derelictum
1105 5769 1310 5828 putant,
1344 5763 1434 5817 sed
1461 5772 1538 5826 tu,
1569 5783 1584 5808 ι
1622 5764 1778 5827 Deus,
1809 5780 1874 5816 ne
1899 5764 2046 5819 elon-

399 5851 422 5868 '
471 5844 614 5917 geris
655 5862 684 5903 a
709 5864 815 5916 me,
855 5867 872 5901 ι
908 5850 959 5906 id
1003 5858 1105 5916 est,
1131 5867 1197 5908 ne
1238 5855 1326 5910 diu
1366 5854 1648 5924 permittas
1701 5871 1788 5910 me
1827 5851 1893 5911 ab
1939 5856 2046 5911 illis

2149 4859 2321 4915 usque
2336 4845 2390 4900 in
2409 4844 2691 4910 altissima,
2720 4866 2737 4898 ι
2765 4845 2820 4901 id
2847 4855 2951 4911 est,
2969 4861 3139 4914 usque
3155 4847 3222 4901 ad
3243 4846 3497 4902 caelestes
3524 4858 3734 4902 creatu—

2147 4949 2256 4999 ras,
2289 4934 2514 4999 scilicet,
2541 4950 2711 5004 usque
2758 4935 2826 4988 ad
2871 4937 3174 4991 contuitum
3221 4935 3549 4999 caelestium,
3599 4934 3737 5004 quod

2149 5027 2324 5096 ipsum
2353 5025 2522 5080 Deum
2551 5035 2606 5080 et
2653 5025 2894 5081 cmlestia
2935 5027 3285 5098 contempler.
3324 5025 3421 5081 Vel
3466 5041 3640 5096 usque
3670 5024 3737 5078 ad

2151 5116 2434 5182 altissima,
2489 5117 2712 5180 scilicet,
2742 5125 2801 5172 ut
2846 5117 3137 5187 praedicem
3181 5117 3442 5188 quasdam
3482 5116 3737 5171 cmlestes

2150 5217 2426 5264 creaturas
2456 5223 2578 5264 esse
2599 5209 2904 5279 redemptas
2939 5225 3038 5280 per
3071 5209 3287 5264 Filium.
3328 5209 3552 5281 Legitur
3592 5208 3736 5262 enim

2149 5301 2291 5372 quod
2321 5301 2540 5371 quidam
2575 5300 2788 5370 angeli,
2819 5301 2945 5356 licet
2989 5317 3097 5357 non
3141 5301 3463 5368 credamus,
3502 5314 3737 5356 consen-

2151 5394 2348 5449 tientes
2370 5393 2572 5464 angelis
2597 5393 2935 5460 cadentibus,
2958 5403 3338 5465 peccaverunt.

2219 5485 2408 5555 incipit
2427 5501 2552 5556 pars
2577 5485 2756 5540 tertia.
2785 5484 3126 5542 Continuatio
3145 5505 3158 5540 :
3179 5487 3245 5540 Et
3275 5485 3414 5540 bene
3442 5486 3620 5542 debeo
3639 5501 3737 5539 an-

2150 5577 2399 5631 nuntiarc
2435 5596 2452 5626 ι
2475 5577 2769 5646 potentiam
2792 5585 2848 5631 et
2869 5576 3136 5645 justitiam
3168 5588 3336 5644 tuam,
3360 5597 3378 5628 ι
3406 5578 3532 5648 quia
3561 5596 3581 5628 ι
3615 5592 3738 5647 qua

2150 5667 2414 5738 magnalia
2437 5666 2626 5729 fecisti,
2666 5687 2682 5719 ι
2713 5684 2746 5723 o
2774 5687 2791 5718 ι
2823 5669 2985 5731 Deus,
3011 5689 3028 5719 ι
3055 5669 3259 5723 infinita
3288 5677 3412 5724 sunt
3442 5667 3733 5726 beneﬁcia.

2150 5758 2291 5812 unde
2321 5773 2480 5826 supra
2504 5758 2884 5822 dixi,cantabo
2914 5777 2933 5812 ‹
2961 5761 3384 5832 magnitudinem
3416 5771 3582 5826 tuam,
3617 5779 3636 5814 ι
3678 5770 3736 5814 et

2149 5853 2274 5922 quia
2303 5853 2414 5910 haec
2452 5853 2658 5920 fecisti,
2689 5869 2818 5925 ergo
2852 5872 2871 5908 ι
2903 5855 3022 5925 quis
3048 5855 3238 5912 similis
3292 5855 3424 5911 tibi?
3449 5875 3466 5910 ι
3503 5854 3686 5911 nullus
3715 5867 3732 5908 :
