3940 6458
203 476 312 532 455

1383 455 1822 516 EXPLANATIO
1857 454 1926 511 IN
1965 452 2304 509 PSALMOS.

3348 447 3454 504 436

202 586 384 642 nullus
438 580 629 636 similis
683 581 758 633 tui
810 579 951 641 dico,
997 575 1122 645 quia
1156 593 1174 624 1
1212 580 1439 643 quantas
1496 567 1779 625 ostendisti
1807 572 1858 630 Α
1886 564 2190 618 nedictum:
2228 581 2246 613 ι
2282 561 2349 616 de
2376 559 2836 617 commendatione
2862 557 3461 630 ipsiusregniJntendit

203 678 339 734 mihi
366 674 738 730 tribulationes
760 691 778 724 ι
807 671 862 724 iu
883 671 998 738 ipsa
1018 666 1098 720 rei
1122 662 1475 734 experientia,
1495 682 1512 711 1
1541 658 1736 714 multas
1756 678 1774 710 ι

203 772 263 827 in
302 781 530 824 numero
562 783 580 816 1
619 762 812 828 malas,
842 782 860 814 ι
896 761 949 815 in
975 757 1233 828 qualitate
1260 767 1474 827 graves,
1502 760 1557 806 et
1607 761 1781 805 tamen

211 879 231 913 1
261 855 549 912 viviﬁcasti
593 868 680 908 me
713 873 730 904 ι
763 867 892 906 vera
940 849 1074 913 vita,
1122 861 1242 918 quin
1271 851 1356 900 est
1382 843 1544 906 Deus,
1568 849 1626 895 tu
1666 841 1784 895 dico

211 970 231 1003 1
266 960 561 1005 conversus
597 963 616 996 ι
651 959 680 998 a
706 941 874 1013 priori
903 949 1069 1005 statu,
1090 939 1182 1010 qui
1217 937 1318 993 fuit
1342 947 1468 993 ante
1496 937 1786 993 adventum

205 1039 435 1106 Christi,
482 1036 697 1107 quando
742 1033 922 1088 nullus
955 1030 1360 1095 viviﬁcabatur;
1410 1049 1429 1080 1
1475 1029 1542 1084 de
1577 1028 1787 1100 abyssis

206 1143 396 1195 terrm,
436 1147 455 1180 ι
488 1127 540 1184 id
566 1135 651 1181 est
677 1125 743 1181 de
769 1123 1135 1194 profunditate
1149 1129 1494 1191 peccatorum
1522 1139 1540 1171 1
1573 1119 1788 1174 reduxi-

204 1223 275 1278 sti
306 1237 393 1276 me
413 1221 634 1283 iterum,
667 1237 685 1270 ›
711 1215 978 1270 etiterum
999 1229 1095 1284 per
1120 1212 1468 1283 baptismum,
1493 1226 1591 1281 per
1617 1210 1789 1281 paeni-

211 1316 446 1370 tentiam
475 1310 771 1367 multoties.

279 1408 344 1461 Et
381 1409 545 1460 etiam
585 1403 716 1457 mihi
747 1401 825 1456 sic
852 1399 1098 1462 reducto,
1131 1415 1151 1448 1
1181 1395 1551 1466 multiplicasti
1581 1394 1790 1465 magni-

205 1497 480 1552 ﬁcentiam
497 1503 664 1557 tuam,
695 1511 712 1542 ι
744 1489 797 1544 id
821 1498 922 1552 est,
958 1487 1141 1543 multis
1165 1487 1339 1541 modis
1361 1500 1553 1556 magna
1575 1493 1631 1538 et
1654 1483 1790 1538 mul-

206 1589 411 1658 tiplicia
450 1583 713 1640 beneﬁcia
738 1578 1030 1643 contulisti,
1063 1596 1082 1628 1
1123 1585 1178 1631 et
1218 1575 1526 1631 consolatus
1562 1588 1622 1629 es
1647 1587 1734 1627 me
1763 1593 1782 1625 ι

207 1694 460 1736 securum
510 1675 759 1732 faciendo
803 1674 871 1728 de
917 1670 1276 1742 promissione
1322 1668 1508 1723 aeterni
1550 1668 1695 1731 boni,
1730 1675 1790 1721 tu

206 1773 331 1828 dico
363 1791 380 1823 1
411 1783 702 1826 conversus
734 1787 752 1820 ›
786 1780 883 1835 per
913 1763 1268 1828 mediatorem,
1294 1760 1591 1825 Christum,
1618 1757 1687 1812 ab
1709 1758 1788 1812 ira

207 1881 373 1936 quam
407 1862 646 1918 habebas
692 1861 759 1914 de
803 1865 1027 1928 peccato
1056 1854 1218 1926 primi
1262 1851 1504 1923 parentis
1533 1865 1661 1922 erga
1688 1851 1790 1905 bu-

209 1973 432 2014 manum
454 1970 640 2026 genus.

288 2047 485 2101 Probat
535 2046 602 2100 ab
641 2042 833 2098 aﬁ‘ectu
873 2057 933 2097 se
978 2054 1099 2095 esse
1131 2037 1466 2094 consolatum
1514 2037 1612 2100 sic,
1664 2049 1794 2090 vere

211 2137 521 2194 consolatus
541 2151 599 2190 es
620 2150 723 2198 me,
755 2153 772 2185 1
794 2148 918 2187 nam
934 2140 988 2186 et
1005 2145 1106 2201 ego
1119 2129 1418 2185 conﬁtebor
1439 2127 1555 2192 tibi,
1578 2147 1596 2178 ι
1621 2127 1789 2192 idest,

210 2229 280 2284 ad
305 2237 454 2282 tuum
482 2229 758 2290 honorem,
790 2244 806 2275 1
829 2224 1110 2278 veritatem
1134 2229 1302 2284 tuam,
1321 2219 1480 2282 Deus,
1512 2237 1530 2269 ι
1564 2217 1618 2272 id
1640 2227 1720 2271 est
1741 2225 1794 2272 te

208 2336 462 2376 veracem
484 2319 536 2373 in
565 2317 861 2388 promissis,
891 2314 1116 2378 scilicet,
1147 2311 1291 2380 quod
1317 2308 1567 2364 homines
1593 2322 1692 2376 per
1711 2306 1796 2360 Fi-

208 2415 345 2470 lium
372 2424 517 2468 tuum
536 2392 865 2468 haereditatis
881 2416 1096 2463 aeternae
1117 2404 1462 2460 securitatem
1492 2401 1792 2465 obtineant,

216 2525 237 2559 1
259 2505 560 2562 conﬁtebor
578 2525 595 2555 ›
619 2503 738 2558 dico
764 2521 784 2554 1
807 2502 862 2556 in
876 2501 1018 2555 vasis
1036 2497 1248 2568 psalmi,
1271 2516 1289 2547 ι
1312 2495 1362 2550 id
1384 2502 1468 2550 est
1484 2493 1536 2548 in
1550 2491 1794 2563 psalmis,

211 2598 307 2668 qui
347 2605 472 2650 sunt
501 2609 644 2649 vasa.
693 2593 794 2646 Per
818 2591 1052 2662 psalmos
1099 2586 1431 2659 spiritualem
1465 2584 1632 2638 vitam
1661 2582 1793 2637 acci-

213 2691 426 2761 pimus,
479 2687 676 2756 quibus
710 2683 928 2753 psalmis
979 2680 1098 2734 aliis
1145 2676 1448 2747 exemplum
1493 2675 1632 2729 bene
1677 2687 1798 2743 ope-

216 2781 376 2836 randi
407 2778 745 2849 propinatur,
801 2773 940 2828 sicut
980 2787 1078 2841 per
1104 2784 1201 2824 vas
1224 2769 1418 2838 aliquis
1453 2776 1610 2836 potus
1634 2805 1648 2830 ,
1690 2779 1796 2819 non

216 2879 432 2926 tantum
473 2883 558 2923 me
587 2868 708 2922 dico
733 2863 979 2921 conﬁteri
1018 2863 1071 2917 in
1100 2859 1345 2931 psalmis,
1378 2859 1431 2913 id
1464 2865 1567 2922 est,
1593 2857 1647 2911 in
1672 2871 1798 2911 con-

216 2963 534 3035 templativa
546 2963 674 3028 vita,
699 2960 814 3025 sed,
837 2975 870 3014 ο
898 2977 916 3010 ‹
940 2964 1156 3013 sanctus
1167 2952 1330 3009 Israel
1350 2972 1367 3003 ι
1387 2949 1798 3022 quisanctiﬁcas

221 3070 439 3111 omnem
486 3052 772 3117 lsraelem,
826 3051 880 3106 id
909 3057 992 3104 est
1040 3060 1253 3102 omnem
1293 3045 1563 3100 videntem
1606 3041 1796 3107 Deum,

229 3167 245 3197 1
274 3145 500 3217 psallam
531 3145 627 3199 tibi
655 3145 708 3198 in
740 3142 964 3206 cithara,
1008 3159 1027 3192 ι
1083 3139 1136 3193 id
1170 3145 1256 3193 est
1288 3137 1342 3191 in
1384 3132 1798 3190 mortiﬁcatione

222 3240 425 3303 carnis,
456 3237 664 3292 scilicet
687 3237 740 3290 in
778 3234 953 3289 activa
975 3232 1105 3286 vita.

1885 656 2101 726 quidem
2130 669 2226 708 nos
2247 654 2553 719 admonere,
2577 663 2637 706 ut
2665 651 3015 722 subjiciamur
3027 652 3152 706 huic
3165 651 3456 708 Salomoni.

1952 744 2070 799 Vox
2116 743 2390 808 Ecclesiae,
2415 743 2761 812 praevidentis
2791 741 3068 798 Christum
3096 741 3338 797 futurum
3371 757 3459 798 re-

1884 853 2026 911 gem,
2048 846 2169 892 orat
2189 836 2257 891 ἰιι
2305 837 2461 890 detur
2488 836 2537 891 ei
2563 852 2808 906 regnum,
2852 835 3036 893 dicens
3070 855 3084 891 :
3125 835 3170 892 Ο
3209 856 3228 888 1
3264 837 3406 892 Deus
3437 855 3456 889 υ

1883 931 2068 996 Pater,
2099 949 2117 981 1
2155 930 2221 983 da
2267 929 2401 999 regi,
2434 947 2452 979 ι
2499 927 2553 981 id
2574 936 2658 983 est
2687 928 2922 995 Christo,
2973 947 2993 980 1
3022 927 3288 998 judicium
3321 947 3340 980 ›
3373 944 3464 984 su-

1885 1035 1982 1092 per
2005 1019 2252 1075 homines
2281 1037 2298 1068 1
2331 1026 2528 1081 tuum,»
2558 1017 2610 1071 id
2638 1027 2739 1081 est,
2763 1019 2905 1073 sicut
2925 1027 2981 1072 tu
2996 1019 3164 1074 habes
3181 1018 3462 1089 judicium,

1888 1113 1961 1167 ita
1991 1112 2058 1166 da
2097 1110 2192 1175 illi,
2225 1119 2287 1165 ut
2313 1109 2402 1164 ille
2430 1108 2626 1164 habeat
2647 1108 2896 1179 judicare
2920 1117 2974 1165 et
3013 1110 3088 1164 illi
3114 1111 3286 1166 eidem
3320 1130 3337 1162 1
3373 1109 3466 1165 Fi-

1886 1205 1959 1260 lio
1984 1205 2150 1276 regis,
2185 1223 2203 1255 ι
2236 1203 2290 1258 id
2340 1211 2423 1258 est
2475 1203 2571 1267 tui,
2620 1201 2711 1271 qui
2742 1202 2889 1257 solus
2932 1217 3029 1257 rex
3051 1219 3132 1268 cs,
3157 1213 3213 1258 et
3245 1205 3298 1258 in
3328 1203 3473 1258 veri-

1889 1305 1998 1352 tate
2029 1304 2120 1350 tua
2147 1296 2315 1366 regis,
2346 1296 2414 1350 da
2445 1314 2463 1346 1
2489 1293 2756 1364 justitiam
2785 1301 2958 1356 tuam,
2996 1311 3016 1343 ι
3065 1293 3119 1347 id
3144 1303 3227 1349 est
3257 1295 3464 1365 justum

1883 1386 2169 1455 judicium,
2190 1387 2318 1456 quia
2348 1401 2444 1442 rex
2486 1385 2575 1440 ille
2606 1397 2819 1453 semper
2850 1385 2904 1439 in
2939 1383 3149 1454 justitia
3179 1386 3468 1455 judicabit.

1888 1477 2136 1532 Endiasis
2160 1485 2265 1541 est,
2299 1477 2424 1546 quia
2463 1491 2561 1546 per
2582 1476 2797 1530 diversa
2826 1475 2967 1530 idem
2995 1474 3162 1539 dicit,
3196 1490 3292 1544 per
3329 1474 3473 1544 judi-

1889 1568 2035 1623 cium
2064 1567 2270 1623 scilicet
2295 1575 2350 1622 et
2390 1567 2702 1638 justitiam;
2743 1573 2799 1620 et
2823 1574 2908 1621 est
2935 1565 3195 1631 endiasis,
3240 1563 3327 1619 bis
3362 1564 3474 1618 dic-

1891 1669 2024 1715 tum.

1967 1769 1986 1802 1
2023 1751 2290 1806 Judicium
2313 1751 2380 1806 da
2409 1770 2428 1802 ι
2462 1751 2617 1815 dico,
2649 1748 2874 1814 scilicet,
2906 1767 2926 1800 1
2955 1747 3200 1818 judicare
3220 1745 3478 1817 papulum

1895 1853 2046 1898 tuum
2078 1844 2130 1896 in
2159 1843 2391 1914 justitia,
2422 1862 2439 1892 ι
2477 1842 2530 1896 id
2559 1851 2660 1906 est,
2693 1850 2752 1895 ut
2781 1841 2985 1912 judicct
3033 1841 3344 1894 universum
3384 1853 3479 1908 po-

1813 1933 1861 1992 B
1887 1933 2095 2004 pulum,
2125 1932 2328 1987 scilicet
2353 1933 2522 1988 bonos
2558 1941 2614 1986 et
2639 1933 2808 1988 malos
2839 1949 2850 1984 :
2883 1951 2902 1984 1
2931 1940 3079 1986 tuum
3111 1952 3129 1983 ι
3161 1931 3309 1995 dicit,
3351 1929 3480 2000 quia

1895 2029 2049 2098 impii
2077 2043 2291 2097 quoque
2319 2026 2453 2081 nihil
2477 2035 2734 2096 possunt,
2763 2025 2868 2080 nisi
2903 2025 3170 2096 permissu
3199 2024 3294 2076 Dei
3322 2041 3335 2076 :
3365 2042 3383 2073 1
3418 2029 3474 2077 et

1892 2135 2156 2192 pauperes
2182 2129 2301 2175 tuos
2337 2141 2354 2170 ι
2387 2120 2453 2174 da
2492 2120 2541 2175 ei
2580 2119 2827 2188 judicare
2859 2137 2879 2170 1
2913 2119 2967 2173 in
3005 2116 3210 2186 judicio
3254 2138 3270 2168 )
3308 2115 3479 2186 justo.

1892 2211 2109 2266 Judicat
2133 2211 2385 2266 Christus
2405 2210 2569 2266 etiam
2615 2211 2670 2264 in
2699 2212 2801 2265 hac
2827 2210 2934 2264 vita
2963 2213 3135 2265 bonos
3172 2219 3227 2263 et
3265 2208 3436 2262 malos
3469 2225 3480 2260 :

1889 2304 2157 2374 judicabit
2187 2305 2423 2368 tandem,
2478 2304 2690 2372 quando
2712 2303 2984 2372 separabit
3020 2303 3191 2358 bonos
3228 2318 3259 2356 a
3301 2301 3482 2356 malis.

1897 2395 2050 2450 Unde
2063 2393 2313 2449 Christus
2335 2394 2387 2448 in
2403 2394 2701 2464 Evangelio
2725 2393 2884 2448 dicit:
2916 2412 2933 2443 1
2972 2392 3132 2447 Pater
3152 2408 3259 2447 non
3279 2391 3487 2461 jndicat

1896 2501 2244 2556 quemquam,
2264 2487 2355 2540 sed
2371 2486 2633 2555 judicium
2650 2501 2811 2540 omne
2826 2485 2972 2539 dedit
2991 2484 3128 2539 Filio
3150 2484 3328 2554 (Joan.
3359 2484 3436 2555 v).
3462 2505 3481 2537 ι

1896 2575 2109 2632 Judicat
2133 2586 2310 2632 tamen
2331 2577 2495 2632 Pater
2519 2593 2624 2631 non
2657 2593 2754 2648 per
2777 2591 2834 2632 se
2851 2577 3089 2645 quidem,
3108 2576 3202 2632 sed
3222 2592 3321 2647 per
3336 2576 3488 2632 illum

1901 2671 2098 2742 ipsum,
2123 2671 2209 2726 cui
2244 2687 2338 2726 sua
2365 2671 2661 2726 substantia
2689 2672 2834 2726 unita
2874 2678 2976 2726 est.

1970 2762 2101 2818 Dico
2118 2805 2132 2829 ,
2164 2783 2181 2813 1
2203 2763 2270 2818 da
2290 2783 2308 2814 ι
2337 2764 2386 2819 ei
2415 2783 2434 2814 1
2450 2762 2736 2832 judicium,
2761 2783 2779 2815 ι
2797 2764 2952 2819 etfac
2970 2779 3093 2818 eum
3116 2763 3366 2834 cognosci
3389 2777 3488 2834 per

1902 2861 2073 2908 totum
2101 2855 2355 2909 mundum
2381 2871 2476 2926 per
2501 2856 2791 2927 apostolos,
2817 2864 2873 2911 et
2895 2857 2999 2911 hoc
3019 2865 3129 2911 est:
3155 2873 3173 2908 1
3199 2864 3411 2910 montes
3427 2897 3442 2921 ,
3467 2875 3486 2907 ι

1900 2945 1954 2999 id
1982 2955 2063 3000 est
2104 2946 2274 3001 sancti
2309 2947 2572 3017 apostoli,
2607 2967 2626 2998 1
2657 2948 2956 3018 suscipiant
2980 2963 3167 3017 pacem
3190 2989 3205 3012 ,
3241 2967 3259 2999 ι
3305 2947 3359 3002 id
3408 2956 3497 3004 est

1901 3035 2196 3104 Christum,
2245 3058 2262 3088 1
2296 3038 2514 3108 populo,
2555 3058 2572 3089 ι
2623 3038 2678 3092 id
2727 3049 2831 3103 est,
2859 3038 2926 3092 ad
2956 3037 3242 3092 utilitatem
3284 3036 3491 3107 populi,

1903 3127 2128 3195 scilicet,
2167 3137 2225 3182 ut
2255 3129 2430 3199 ipsum
2463 3129 2744 3185 notiﬁcent
2767 3129 3002 3200 p0pulo:
3036 3147 3055 3179 1
3088 3139 3143 3185 et
3172 3127 3356 3195 colles,
3389 3148 3406 3179 ι
3436 3129 3490 3184 id

1902 3229 1986 3276 est
2018 3221 2254 3275 minores
2291 3222 2497 3277 sanctis
2526 3221 2803 3293 apostolis,
2845 3221 3066 3275 altiores
3111 3232 3291 3275 tamen
3321 3236 3465 3290 popu

297 3328 607 3385 Conﬁtebor
635 3327 687 3380 in
715 3325 954 3394 psalmis,
982 3331 1036 3377 et
1063 3335 1188 3376 cum
1207 3317 1588 3381 exsultatione,
1612 3323 1668 3369 et
1687 3315 1802 3369 hac
1830 3297 1876 3361 C
1908 3308 1999 3373 lis,
2025 3309 2166 3364 sicut
2193 3311 2383 3365 beatus
2412 3311 2694 3376 Martinus,
2723 3319 2779 3366 et
2818 3311 3007 3365 beatus
3033 3309 3288 3375 Hilarius,
3317 3311 3492 3366 susci-

225 3424 372 3480 1abia
398 3438 518 3478 mea
548 3421 826 3484 inm-ima,
861 3419 915 3472 id
945 3425 1030 3472 es;
1065 3413 1377 3469 aﬂ‘ecuones
1417 3413 1630 3476 animae,
1687 3425 1808 3480 qua;
1906 3400 2061 3468 piant
2095 3417 2114 3450 1
2138 3398 2424 3468 justitiam,
2463 3422 2481 3454 ›
2515 3402 2569 3456 id
2593 3411 2675 3457 est
2699 3403 2871 3472 ipsum
2903 3403 3196 3468 Christum,
3232 3411 3291 3456 ut
3314 3402 3496 3458 notiﬁ-

228 3518 299 3572 ad
313 3517 484 3570 Deum
505 3514 656 3568 hiant
677 3525 908 3581 semper,
929 3510 1104 3565 sicut1
1126 3507 1268 3561 labia
1296 3506 1662 3570 exsultabimt,
1683 3521 1807 3560 cum
1909 3497 2034 3544 cem
2063 3489 2279 3560 Popuio-
2333 3490 2582 3547 Chrisms
2614 3492 2815 3547 diem"
2858 3509 2987 3564 ΡΜ»
3019 3495 3147 3564 (lilia
3172 3495 3288 3564 ipse
3320 3496 3501 3566 Ροδυῖι

233 3615 528 3661 cantavero
558 3603 676 3667 tibi,
706 3621 724 3652 ι
755 3601 807 3655 id
829 3607 932 3664 cst,
959 3597 1248 3653 laudavcro
1285 3604 1358 3663 tc,
1389 3605 1444 3651 et
1463 3611 1569 3650 non
1599 3603 1808 3648 tantum
1909 3585 2414 3641 reconciliationem
2466 3589 2607 3642 inler
2636 3589 2805 3642 Deum
2855 3596 2910 3643 et
2949 3589 3225 3644 hominem
3257 3588 3499 3658 :justitia

239 3697 384 3750 labia
405 3737 419 3760 ,
454 3695 546 3751 sed
575 3693 738 3749 etiam
774 3701 884 3748 tota
915 3712 933 3744 1
967 3690 1146 3745 anima
1174 3703 1292 3744 mea
1330 3702 1490 3758 quam
1529 3707 1547 3739 ι
1582 3695 1639 3740 ιιι
1673 3704 1692 3737 ‹
1727 3699 1811 3739 re-

236 3788 451 3843 demisti
468 3829 483 3854 ,
515 3808 533 3840 »
561 3788 700 3842 unde
721 3787 835 3856 ipsa
860 3805 878 3837 1
902 3786 1078 3840 anima
1098 3803 1116 3835 ›
1142 3781 1517 3838 exsultantium
1539 3777 1807 3850 intelligit.

305 3878 373 3932 Et
396 3894 503 3933 non
531 3878 702 3932 solum
737 3897 753 3928 1
775 3876 972 3941 anima,
999 3896 1017 3927 ι
1039 3873 1132 3930 sed
1147 3873 1312 3928 etiam
1334 3879 1506 3926 totum
1524 3884 1738 3939 corpus,
1755 3877 1811 3924 et

235 3973 342 4028 hoc
368 3987 464 4041 per
493 3969 780 4041 quamdam
805 3975 1014 4039 partem
1042 3965 1189 4030 dicit,
1227 3977 1554 4033 supponens,
1584 3980 1603 4012 1
1641 3962 1738 4016 sed
1757 3969 1812 4016 et

233 4063 418 4133 lingua
442 4075 562 4116 mea
590 4080 608 4111 ι
636 4075 698 4115 ex
729 4057 1010 4114 affectione
1037 4055 1214 4111 cordis
1243 4052 1481 4125 proferet
1511 4071 1528 4103 1
1545 4051 1811 4121 justitiam

235 4165 385 4213 tuam
409 4177 426 4208 ι
452 4155 624 4210 ethoc
644 4174 661 4204 1
685 4162 792 4208 tota
815 4151 901 4208 die
927 4149 1292 4212 meditabitur,
1314 4168 1331 4200 ι
1355 4146 1579 4212 scilicet,
1596 4145 1812 4216 quando

234 4247 494 4304 continua
517 4245 632 4300 dies
645 4245 767 4310 erit,
793 4243 1018 4308 scilicet,
1035 4239 1319 4310 injudicio,
1337 4238 1532 4309 etquid
1548 4236 1812 4308 intelligat

242 4359 265 4394 1
299 4341 386 4396 die
413 4347 543 4404 tota,
573 4359 590 4391 ι
612 4336 952 4401 determinat,
969 4335 1172 4398 dicens,
1193 4352 1210 4384 1
1241 4347 1364 4386 cum
1385 4350 1402 4382 ›
1429 4329 1504 4384 illi
1532 4328 1650 4398 1qui
1668 4344 1815 4398 quae-

239 4442 367 4487 runt
397 4429 536 4484 mala
561 4429 690 4483 mihi
713 4448 730 4480 ι
762 4429 815 4482 in
831 4427 933 4482 hac
956 4425 1064 4480 vita
1096 4422 1296 4479 fuerint
1315 4442 1333 4474 1
1351 4419 1584 4484 confusi,
1609 4438 1626 4468 ›
1656 4418 1710 4472 id
1732 4425 1817 4472 est

241 4524 626 4580 erubescentes
639 4521 704 4575 de
716 4519 972 4590 peccatis,
997 4535 1015 4566 1
1036 4524 1090 4571 et
1115 4513 1334 4571 reveriti
1361 4512 1580 4576 fuerint,
1604 4529 1622 4562 ›
1646 4509 1698 4564 id
1712 4516 1812 4572 est,

240 4617 522 4672 timuerint
542 4613 867 4670 sententiam
885 4609 1102 4679 judicis,
1127 4608 1267 4662 hanc
1292 4604 1498 4661 scilicet
1525 4621 1538 4656 :
1577 4620 1596 4654 1
1629 4601 1815 4657 Disce-

242 4709 353 4764 dite
373 4724 404 4765 a
425 4703 836 4775 me,maledicti,
853 4703 904 4756 in
922 4702 1099 4772 ignem
1119 4695 1401 4769 aeternum(
1422 4695 1610 4751 Matth.
1625 4693 1774 4765 xxv).
1789 4713 1808 4746 ι

703 4847 770 4904 IN
799 4842 1128 4902 PSALMUM
1173 4841 1356 4897 LXXI.

424 4966 681 5020 TtrULus.
717 4960 962 5018 Psalmus
991 4957 1160 5014 David
1189 4958 1244 5011 in
1273 4955 1627 5012 Salomonem.

326 5101 342 5129 1
387 5078 528 5133 Deus
561 5077 871 5148 judicium.»
919 5072 1206 5128 Tractatus
1237 5070 1336 5124 iste
1363 5066 1534 5124 tendit
1579 5064 1633 5119 in
1663 5061 1816 5118 Salo-

246 5185 486 5233 monem,
515 5168 569 5223 id
593 5176 676 5223 est
706 5167 759 5222 in
784 5165 1078 5229 Christum,
1117 5161 1210 5232 qui
1235 5174 1394 5215 verus
1436 5165 1517 5212 est
1541 5155 1816 5221 Salomon,

249 5265 309 5322 id
338 5273 422 5320 est
448 5262 727 5334 paciﬁcus,
772 5259 865 5332 qui
906 5257 1086 5329 posuit
1132 5269 1320 5326 pacem
1370 5251 1512 5306 inter
1557 5249 1726 5303 Deum
1765 5253 1821 5301 et

251 5357 528 5416 hominem
553 5374 566 5412 :
597 5355 721 5426 quia
752 5353 805 5408 in
839 5353 942 5407 hoc
965 5349 1171 5420 psalmo
1193 5345 1442 5401 Christus
1469 5349 1552 5397 est
1593 5339 1819 5394 materia

253 5447 554 5507 secundum
585 5454 868 5512 utramque
912 5449 1180 5502 naturam,
1232 5435 1469 5491 divinam
1497 5430 1722 5495 scilicet,
1766 5436 1824 5484 et

249 5541 571 5602 humanam.
599 5535 796 5591 Modus
827 5551 840 5588 :
875 5531 933 5586 ln
965 5531 1138 5602 prima
1163 5536 1317 5598 parte
1337 5523 1471 5595 petit
1502 5523 1552 5577 ei
1599 5520 1715 5575 dari
1735 5519 1822 5590 ju-

253 5634 483 5698 dicium,
513 5639 567 5686 ct
595 5627 826 5684 aﬁlrmat
853 5622 995 5693 quod
1025 5618 1261 5675 habebit.
1283 5615 1342 5670 In
1384 5612 1621 5670 secunda
1647 5618 1822 5682 parte,

255 5742 382 5800 qua:
406 5723 625 5793 incipit:
648 5738 667 5772 1
687 5719 902 5776 Orietur
927 5716 980 5770 in
1003 5712 1192 5768 diebus
1213 5708 1330 5778 ejus
1349 5706 1552 5778 justitia
1569 5747 1582 5772 ,
1606 5725 1623 5756 ι
1655 5704 1829 5772 loqui-

256 5797 352 5877 tur
369 5819 434 5874 de
455 5831 636 5888 regno,
652 5807 1074 5870 commendando
1089 5807 1264 5876 ipsum
1281 5815 1504 5872 regnum
1519 5797 1702 5854 multis
1714 5811 1829 5852 mo-

259 5915 367 5972 dis.
396 5912 452 5968 ln
477 5913 630 5968 tertia
653 5915 826 5980 parte,
849 5918 966 5974 qua:
987 5900 1172 5971 incipit
1195 5919 1206 5954 :
1238 5915 1256 5950 1
1287 5895 1369 5952 Sit
1386 5908 1579 5951 nomen
1600 5891 1717 5962 ejus
1735 5889 1828 5945 be-

1912 3677 2128 3740 dicitur,
2171 3678 2297 3746 quia
2325 3678 2466 3732 Deus
2497 3679 2561 3732 ad
2591 3693 2649 3733 se
2677 3687 3054 3735 convertentes
3070 3679 3354 3746 justiﬁeat.

1987 3786 2006 3819 1
2037 3766 2325 3824 Judicabit.
2365 3789 2383 3820 ι
2431 3769 2558 3822 Dari
2606 3769 2898 3840 postulavit
2927 3770 3143 3825 Christo
3185 3770 3494 3838 judicium:

1912 3859 2002 3915 hic
2035 3857 2268 3914 afﬁrmat
2309 3859 2452 3929 quod
2494 3873 2682 3914 revera
2726 3860 2946 3916 habebit
2985 3860 3269 3931 judicium.
3309 3861 3502 3917 Conti-

1910 3951 2098 4006 nuatio
2117 3969 2130 4004 :
2148 3950 2294 4015 Dico,
2328 3971 2346 4001 1
2367 3951 2433 4005 da
2455 3970 2473 4002 ι
2495 3951 2545 4005 ei
2573 3969 2590 4001 1
2604 3949 2889 4018 judicium,
2913 3971 2931 4001 ι
2952 3960 3007 4007 et
3025 3965 3151 4007 vere
3175 3951 3349 4016 dabis,
3373 3952 3501 4022 quia

1911 4044 2027 4114 ipse
2055 4062 2073 4095 1
2101 4042 2366 4112 judicabit
2385 4057 2651 4113 pauperes
2680 4043 2914 4112 populi,»
2949 4043 3001 4098 id
3024 4051 3106 4099 est
3124 4058 3282 4100 veros
3302 4058 3490 4114 paupe-

1911 4152 2020 4202 res,
2073 4136 2396 4191 removcndo
2444 4149 2540 4190 eos
2590 4150 2623 4189 a
2668 4135 2810 4190 malo
2862 4134 3101 4206 populo;
3148 4154 3165 4186 1
3197 4144 3251 4189 et
3280 4155 3299 4188 ι
3335 4135 3501 4190 etiam

1921 4250 1940 4281 1
1978 4228 2118 4285 ﬁlios
2171 4243 2489 4298 pauperum,
2523 4246 2542 4280 ι
2578 4227 2632 4282 id
2661 4236 2746 4282 est
2785 4227 3087 4284 imitatores
3113 4228 3499 4297 apostolorum,

1921 4341 1940 4372 1
1975 4320 2154 4376 salvos
2186 4318 2364 4385 faciet,
2396 4338 2416 4371 ι
2443 4327 2499 4373 et
2533 4337 2552 4368 1
2583 4317 3050 4384 calumniatorem,
3084 4339 3102 4370 ι
3152 4319 3204 4373 id
3254 4328 3338 4374 est
3387 4318 3504 4383 dih-

1917 4411 2122 4477 bolum,
2167 4411 2260 4480 qui
2305 4418 2390 4464 est
2441 4409 2673 4480 injustus
2718 4418 3000 4465 accusator
3028 4409 3257 4464 fratrum
3290 4417 3504 4464 nostro-

1917 4521 2059 4570 rum,
2097 4523 2115 4556 1
2148 4503 2454 4558 humiliabit
2485 4502 2648 4568 Deus,
2688 4521 2707 4554 ›
2740 4502 2792 4557 id
2818 4510 2902 4557 est
2929 4504 3213 4573 opprimet.

1990 4597 2091 4653 Hic
2127 4596 2468 4652 commendat
2520 4595 2696 4664 ipsum
2736 4593 2941 4664 justum
2967 4593 3204 4664 judiccm
3229 4612 3242 4648 :
3268 4594 3373 4650 iste
3416 4591 3505 4662 ju-

1844 4649 1896 4712 Β
1924 4649 2055 4745 de:
2067 4649 2100 4740 v1
2125 4649 2413 4759 judicabit:
2439 4694 2496 4742 et
2588 4649 2710 4740 iste
2736 4649 2918 4754 'judex
2954 4649 2988 4737 ι’
3005 4649 3503 4756 permanebitcum

1924 4782 2059 4848 sole,
2091 4802 2111 4835 ι
2145 4781 2200 4836 id
2219 4790 2305 4837 est
2333 4794 2548 4850 semper
2571 4779 2756 4834 unitus
2785 4793 2909 4834 cum
2931 4779 3149 4844 deitate,
3179 4793 3300 4850 qua:
3333 4778 3504 4834 deitas

1924 4873 2121 4928 dicitur
2153 4871 2249 4937 sol,
2308 4871 2434 4941 quia
2484 4869 2750 4925 illuminat
2793 4884 3008 4924 omnem
3057 4870 3330 4924 hominem
3377 4884 3504 4924 vera

1926 4963 2227 5033 cognitione
2256 4961 2438 5033 (Joan.
2467 4959 2508 5031 ι)
2537 4978 2551 5014 :
2589 4978 2608 5010 1
2643 4968 2698 5015 et
2727 4967 2852 5015 ante
2881 4959 3086 5023 lunam,
3117 4976 3136 5009 ι
3167 4959 3220 5012 id
3251 4963 3335 5011 est
3376 4965 3504 5011 ante

1924 5053 2243 5119 Ecclesiam,
2288 5051 2414 5122 quia
2443 5065 2656 5120 semper
2678 5053 2782 5105 erit
2813 5050 2867 5105 in
2899 5047 3185 5120 praesentia
3224 5045 3502 5113 Ecclesizn,

1926 5159 1986 5201 ut
2013 5157 2226 5214 semper
2245 5142 2486 5199 Ecclesia
2513 5141 2737 5212 recipiat
2758 5142 2826 5196 ab
2846 5141 2962 5211 ipso
2982 5138 3183 5204 lumen,
3209 5138 3350 5193 sicut
3376 5137 3502 5193 luna

1928 5253 1958 5292 a
1981 5235 2093 5292 sole
2112 5235 2320 5306 recipit.
2347 5233 2450 5290 Per
2467 5253 2484 5286 1
2504 5233 2685 5288 lunam
2708 5252 2726 5284 ι
2753 5229 3073 5300 intelligitur
3086 5227 3351 5292 Ecclesia,
3375 5229 3503 5297 quia

1927 5327 2110 5386 deﬁcit
2130 5337 2184 5382 et
2211 5325 2408 5382 crescit
2433 5326 2572 5381 sicut
2593 5324 2718 5379 luna
2739 5341 2752 5376 :
2775 5340 2793 5373 1
2815 5319 3198 5392 permanebit»
3235 5318 3357 5374 dico
3390 5336 3409 5369 1
3447 5319 3502 5372 in

1928 5420 2274 5494 generatione
2300 5439 2319 5471 ι
2354 5419 2458 5474 ista
2492 5436 2511 5468 1
2538 5427 2593 5473 et
2615 5414 3013 5487 generationem
3049 5431 3067 5463 ›
3103 5410 3499 5474 succedentem,
3599 5419 3604 5426 '

1929 5515 1982 5570 id
2006 5522 2089 5569 est
2124 5525 2336 5582 semper
2362 5510 2502 5566 idem
2534 5515 2659 5564 sunt
2697 5507 2750 5560 in
2781 5503 3161 5576 generationes
3193 5499 3499 5571 generatio-

1929 5623 2057 5664 num
2089 5625 2101 5660 :
2133 5604 2217 5660 vel
2239 5618 2362 5659 cum
2383 5601 2514 5669 sole,
2543 5601 2596 5654 id
2620 5606 2702 5654 est
2722 5597 2957 5667 quandiu
2981 5594 3062 5650 sol
3086 5594 3210 5660 erit,
3235 5601 3290 5648 et
3316 5591 3501 5647 ﬁrma-

1928 5707 2168 5756 mentum
2199 5695 2362 5752 stabit
2391 5712 2404 5748 :
2438 5701 2493 5749 et
2521 5691 2623 5747 fuit
2656 5709 2675 5742 1
2705 5697 2832 5744 ante
2861 5688 3063 5753 lunam,
3095 5705 3114 5738 ι
3155 5684 3212 5741 id
3236 5694 3318 5741 est
3347 5692 3500 5740 ante-

1931 5809 2090 5866 quam
2116 5790 2345 5847 mundus
2371 5787 2544 5844 ﬁeret.

2002 5887 2243 5950 Dixerat,
2263 5901 2281 5930 1
2299 5879 2592 5952 judicabit:
2619 5897 2638 5931 ›
2657 5884 2713 5934 et
2730 5889 2856 5932 ecce
2873 5873 2940 5932 de
2957 5887 3066 5948 quo
3081 5871 3304 5932 dixisset
3315 5868 3497 5926 deter-
