3940 6454
528 507 631 561 £35

987 503 1343 560 HAYMONIS
1381 503 1860 562 HALBERSTAT.
1904 506 2118 565 EPISC.
2156 507 2307 564 OPP.
2348 492 2526 563 PARS
2562 494 2604 562 l.
2630 537 2703 548 —
2738 508 3089 567 COMMENT.
3130 511 3299 568 BlBL.

3661 513 3758 572 456

528 618 717 685 minat,
739 617 945 676 scilicet
973 619 1040 676 de
1066 602 1203 676 Filio
1215 621 1464 691 virginis:
1496 632 1553 676 et
1571 622 1661 677 hic
1688 622 1973 680 manifeste
2000 626 2082 680 in-
2108 632 2157 691 Α
2184 598 2304 679 illos
2338 624 2428 693 qui
2456 631 2580 679 sunt
2617 624 2755 680 sicci
2781 639 2814 678 a
2842 624 3092 683 fluctibus
3131 628 3349 695 mundi,
3387 643 3492 685 nec
3521 598 3759 702 coinqui;

524 712 893 767 carnationem
914 711 1207 768 divinitatis
1226 715 1525 768 annuntiat.
1554 712 1897 771 Continuatio
1923 734 1936 770 :
1961 716 2091 772 Dico

529 820 545 852 ι
571 800 860 871 judicabit,
887 822 911 857 ι
939 811 996 857 et
1015 804 1129 873 ipse
1149 804 1240 873 qui
1279 824 1297 855 ‹
1321 804 1607 874 judicabit,
1636 806 1927 863 descendet
1958 828 1977 860 υ
2006 824 2093 864 se-

524 893 757 947 cundum
787 893 1141 959 divinitatem,
1174 895 1228 950 iu
1257 896 1515 967 virginem
1547 912 1562 951 :
1599 916 1617 948 ι
1652 899 1791 955 sicut
1832 901 2010 970 pluvia
2034 902 2089 957 in

522 984 708 1047 vellus,
748 1005 767 1036 ι
803 985 875 1039 ita
915 987 1152 1041 suaviter
1181 988 1300 1043 sine
1339 989 1484 1043 omni
1521 992 1767 1060 strepitu,
1797 992 1914 1047 sine
1942 994 2087 1048 omni

524 1083 744 1129 terrore.
777 1075 875 1130 Hic
904 1078 1069 1131 mittit
1095 1093 1195 1133 nos
1237 1079 1305 1134 ad
1337 1080 1640 1137 historiam.
1674 1081 1814 1138 Dens
1837 1085 2090 1154 praecepit

519 1161 779 1231 Gedeoni,
805 1177 862 1220 ut
884 1168 990 1224 iret
1018 1169 1084 1223 ad
1112 1184 1365 1241 pugnam,
1390 1172 1481 1241 qui
1505 1188 1629 1227 cum
1674 1174 1907 1239 timeret,
1936 1191 2085 1245 quaa-

515 1254 641 1311 sivit
686 1258 897 1328 signum
931 1260 1189 1325 victoriae,
1212 1269 1266 1315 et
1300 1261 1560 1337 Dominus
1600 1263 1749 1318 dedit
1797 1265 1903 1319 tale
1945 1266 2088 1335 quod

512 1345 691 1416 posito
721 1346 921 1404 vellere
955 1350 1013 1405 in
1039 1365 1189 1416 area,
1215 1352 1259 1407 si
1307 1352 1474 1408 vellus
1516 1354 1847 1424 completum
1878 1355 2085 1411 inveni-

515 1444 683 1501 retur,
718 1449 774 1494 et
808 1455 933 1497 area
968 1441 1135 1508 sicca,
1174 1444 1339 1501 sciret
1371 1460 1429 1501 se
1472 1445 1589 1500 fore
1615 1447 1896 1514 victorem,
1929 1457 1977 1502 et
2012 1448 2084 1502 ita

514 1524 716 1581 factum
738 1537 841 1595 est,
873 1529 1047 1587 adhuc
1074 1533 1219 1590 enim
1243 1535 1455 1602 timens,
1483 1537 1728 1605 quaesivit
1756 1538 2084 1594 contrarium

512 1616 749 1686 signum,
773 1629 831 1674 ut
877 1636 1003 1676 area
1051 1626 1320 1693 compluta
1352 1636 1515 1692 esset,
1563 1636 1617 1682 et
1666 1628 1834 1684 vellus
1881 1631 2083 1686 siccum

514 1706 687 1774 fieret,
718 1720 774 1763 et
801 1709 876 1764 ita
909 1710 1123 1768 ‘faclum
1165 1724 1263 1780 et,
1318 1726 1372 1771 et
1410 1717 1509 1773 fuit
1551 1719 1722 1775 victor
1752 1719 1949 1791 (Judic.
1983 1722 2079 1792 vi).

509 1794 693 1853 Velius
740 1801 890 1870 prius
917 1803 1245 1873 complutum
1295 1807 1636 1880 signiﬁcabat
1678 1808 1890 1867 Iudaeos
1933 1812 2083 1882 prius

511 1892 790 1948 credentes
832 1906 890 1950 et
924 1895 1170 1951 doctrina
1203 1899 1297 1953 Dei
1327 1900 1665 1970 complutos;
1701 1917 1828 1957 area
1873 1903 2080 1974 signifi-

2191 721 2389 768 nantur
2414 730 2443 768 a
2481 714 2784 770 turbinibus
2818 714 2979 785 hujus
3001 716 3145 782 vitae,
3175 717 3303 772 licet
3343 720 3761 792 circumquaque

2190 802 2486 856 tundantur
2517 820 2548 859 a
2590 804 2840 873 procellis
2873 805 3035 876 hujus
3063 808 3280 874 mundi,
3309 817 3365 865 et
3393 829 3411 860 ι
3447 825 3617 881 rcges
3641 811 3762 867 Ara-

2189 891 2316 947 bum
2336 902 2389 949 et
2414 892 2553 949 Saba
2576 912 2595 946 ι
2628 894 2766 949 illius
2794 896 3016 952 alterius
3038 899 3189 968 regni
3215 919 3232 949 ί
3264 901 3544 958 adducent
3565 905 3719 971 dona,
3738 925 3755 958 ι

2188 984 2332 1053 quod
2378 994 2461 1040 est
2505 988 2830 1056 completum
2868 988 2923 1042 in
2962 990 3245 1046 nativitate
3280 991 3507 1061 Christi,
3540 1012 3666 1050 cum
3695 998 3760 1053 illi

2189 1090 2362 1146 reges,
2392 1076 2545 1131 stella
2583 1078 2747 1143 duce,
2776 1078 2992 1134 Christo
3022 1082 3250 1139 Domino
3284 1084 3500 1143 diversa
3545 1104 3760 1144 munera

2187 1165 2498 1220 obtulerunt
2530 1156 2754 1238 (Matth.
2792 1171 2887 1241 ιι).
2935 1170 3061 1237 Vel,
3093 1172 3218 1241 quia
3261 1172 3469 1230 Arabes
3511 1176 3761 1234 dicuntur

2186 1270 2305 1310 esse
2332 1257 2579 1312 ditissimi
2610 1267 2664 1311 et
2692 1260 3024 1315 abundantes
3068 1262 3121 1316 in
3165 1262 3368 1319 divitiis
3408 1267 3573 1337 hujus
3605 1269 3756 1335 vitae,

2189 1344 2360 1400 Snbzni
2391 1348 2725 1405 abundantes
2766 1351 2819 1406 in
2857 1352 3110 1408 odoribus
3139 1362 3192 1409 et
3219 1355 3339 1411 aliis
3366 1345 3581 1413 deliciis
3611 1361 3755 1430 hujus

2185 1437 2326 1500 vitai,
2356 1453 2641 1506 possumus
2671 1441 2747 1497 sic
2774 1441 2978 1497 dicere:
3020 1464 3037 1495 ι
3068 1460 3223 1515 reges
3249 1436 3509 1513 Arabum,
3547 1471 3566 1500 ›
3596 1451 3657 1504 id
3686 1462 3757 1506 est

2186 1530 2277 1598 qui
2298 1530 2535 1588 dimissis
2561 1532 2783 1600 divitiis,
2805 1543 2859 1590 et
2884 1536 3109 1602 deliciis,
3133 1547 3187 1592 et
3218 1539 3593 1597 odoramentis
3611 1542 3754 1610 hujus

2185 1619 2326 1685 vitae,
2358 1623 2565 1692 seipsos
2589 1623 2848 1681 facientes
2878 1642 3049 1698 reges,
3086 1627 3318 1684 otl'erunt
3344 1633 3557 1702 seipsos
3578 1633 3751 1689 Deoia

2186 1726 2409 1767 munera
2449 1733 2461 1767 :
2504 1716 2586 1770 vel
2629 1717 2755 1787 quia
2802 1718 2998 1774 Arabia
3040 1720 3425 1790 interpretatur
3464 1726 3747 1795 humilitas,

2182 1805 2451 1858 succensio
2482 1802 2641 1870 Saba,
2676 1807 3025 1882 intelligimus
3070 1811 3315 1878 humiles,
3350 1814 3440 1882 qui
3470 1814 3527 1868 in
3557 1831 3615 1870 se
3646 1833 3750 1871 suc-

2182 1895 2418 1949 cendunt
2444 1897 2624 1952 omnia
2651 1898 2808 1966 vitia,
2844 1908 2899 1955 et
2942 1901 3022 1957 sic
3058 1902 3200 1969 facti,
3219 1919 3390 1976 reges,
3418 1922 3476 1961 se
3506 1905 3621 1962 Deo
3647 1925 3747 1962 mu-

511 1991 600 2037 cat
622 1984 847 2057 gentiles
872 1986 1022 2056 prius
1050 2002 1079 2039 a
1103 1989 1207 2043 fide
1242 1990 1439 2045 aridos.
1467 1991 1672 2046 ltursus
1696 1992 1912 2046 humida
1941 1992 2084 2049 facta
2112 1992 2160 2052 B
2186 1997 2316 2038 “era
2342 1985 2591 2042 οίΥθιἮηῐο

506 2073 775 2144 signiﬁcat
803 2078 949 2146 ipsos
982 2078 1208 2147 gentiles
1227 2096 1319 2150 po:
1332 2090 1413 2135 tea
1459 2083 1528 2136 ad
1572 2081 1728 2137 fidem
1758 2083 2075 2152 venientes;

504 2175 559 2220 et
580 2166 750 2223 vellus
777 2170 1002 2235 siccum,
1028 2171 1261 2239 indecus,
1283 2174 1373 2243 qui
1402 2175 1699 2229 doctrinam
1725 2174 1937 2230 Domini
1980 2193 2075 2233 vo-

502 2262 739 2326 luerunt,
767 2263 906 2318 sicut
931 2264 1061 2319 dicit
1100 2266 1153 2319 in
1181 2264 1402 2322 Actibus
1442 2268 1804 2336 apostolorum
1848 2267 2077 2339 Aposto-

500 2354 588 2411 lus
613 2373 626 2408 :
652 2353 817 2410 Vobis
848 2355 948 2410 fuit
972 2358 1194 2412 missum
1220 2360 1441 2415 verbum
1466 2359 1583 2425 Dei,
1606 2362 1700 2416 sed
1719 2362 1845 2433 quia
1871 2365 2077 2433 respui-

498 2445 600 2502 stis
628 2444 779 2511 illud,
819 2461 948 2502 ecce
985 2449 1351 2504 convertimur
1390 2451 1457 2504 ad
1500 2458 1708 2519 gentes.
1746 2449 1839 2505 Vel
1880 2468 2072 2521 pussu-

498 2552 622 2594 mus
641 2538 782 2593 hanc
822 2538 1229 2595 similitudinem
1255 2541 1565 2611 expressius
1592 2549 1803 2605 notare,
1824 2543 1967 2611 quod
2001 2544 2075 2598 si-

498 2640 590 2685 cut
608 2628 787 2700 pluvia
813 2644 987 2699 neque
1029 2632 1325 2701 corrumpit
1350 2631 1516 2685 vellus
1544 2633 1765 2697 cadens,
1794 2648 1890 2688 nec
1910 2635 2072 2689 etiam

496 2721 703 2786 exiens,
755 2720 835 2776 sic
880 2737 980 2777 nec
1015 2731 1321 2793 conceptus,
1366 2739 1539 2795 neque
1591 2733 1777 2795 partus
1833 2728 2073 2799 corrupit

495 2813 779 2883 virginem,
815 2821 873 2869 et
894 2813 996 2870 iste
1025 2813 1145 2870 talis
1180 2815 1426 2888 irrigabit
1466 2825 1638 2872 totum
1681 2818 1938 2873 mundum
1974 2834 2071 2889 per

494 2903 796 2961 doctrinam
827 2922 999 2973 suam,
1025 2916 1079 2964 et
1105 2908 1230 2964 inde
1254 2910 1401 2976 dicit,
1432 2929 1450 2961 ι
1483 2918 1538 2964 et
1562 2911 1702 2966 sicut
1720 2912 2018 2979 stillicidia,
2044 2933 2062 2965 ι

495 2994 550 3050 id
570 3003 655 3051 est
679 3012 818 3066 aqua
846 2998 1055 3054 stillans
1075 2997 1141 3053 de
1162 2999 1299 3054 caelo
1324 3018 1337 3054 :
1363 3019 1379 3050 ι
1400 2988 1669 3057 stillicidia
1690 3024 1708 3052 ι
1736 3002 1877 3068 dico,
1913 3022 1931 3055 ι
1954 3002 2071 3058 stil-

495 3084 659 3144 lantia
698 3105 858 3161 super
884 3100 1103 3158 terram,
1138 3112 1158 3144 ι
1188 3093 1241 3148 id
1266 3101 1351 3149 est
1373 3107 1533 3165 super
1560 3102 1762 3166 gentes.

571 3200 589 3232 ι
619 3179 852 3237 Orietur.
892 3202 912 3235 ι
950 3181 1083 3238 Pars
1110 3183 1361 3238 secunda.
1387 3184 1529 3239 Ecce
1553 3203 1571 3234 ι
1607 3184 1662 3238 in
1691 3185 1877 3240 diebus
1898 3184 2014 3256 ejus
2040 3205 2059 3239 ι

493 3275 655 3347 regis,
686 3275 738 3329 id
761 3283 845 3329 est
884 3275 938 3330 in
971 3284 1211 3346 tempore
1233 3274 1456 3341 Christi,
1502 3294 1521 3327 ί
1552 3276 2001 3347 orieturjustitia,
2039 3296 2059 3329 ι

2256 2096 2273 2127 ‹
2294 2077 2359 2131 Ει
2384 2098 2400 2129 ι
2419 2090 2640 2150 propter
2655 2081 2755 2137 hoc
2775 2100 2793 2133 ε
2816 2098 2937 2141 cum
2963 2104 2982 2137 ι
3004 2101 3181 2158 regem
3202 2107 3219 2139 ι
3243 2089 3550 2145 adorabunt
3574 2108 3744 2148 omnes

2179 2183 2333 2239 reges
2386 2190 2403 2221 ι
2439 2172 2529 2241 qui
2559 2174 2706 2242 prius
2735 2174 2979 2230 solebant
3007 2178 3245 2246 adorari,
3298 2168 3349 2236 id
3376 2192 3461 2237 est
3488 2184 3660 2255 aliqui
3688 2188 3740 2238 de

2176 2261 2322 2314 omni
2349 2276 2547 2333 genere
2577 2279 2784 2335 regum,
2814 2276 2869 2320 et
2903 2268 3066 2323 etiam
3097 2289 3114 2321 ι
3144 2286 3334 2327 omnes
3360 2282 3554 2345 gentes
3585 2296 3602 2326 ι
3639 2292 3740 2345 qua

2174 2356 2324 2426 prius
2345 2357 2592 2413 solebant
2615 2360 2820 2416 servire
2842 2362 3073 2419 terrenis
3093 2366 3330 2436 regibus,
3360 2385 3377 2418 ι
3400 2369 3641 2423 servient
3658 2372 3700 2424 ei
3718 2390 3736 2420 ι

2174 2453 2381 2510 caelesti
2412 2457 2546 2526 regi.

2249 2564 2267 2597 ε
2304 2547 2555 2604 Servient
2587 2569 2606 2603 ι
2637 2551 2777 2619 dico,
2807 2561 2862 2609 et
2888 2554 3098 2619 merito,
3134 2575 3152 2608 ι
3190 2558 3317 2628 quia
3350 2559 3468 2631 ipse
3504 2561 3736 2619 liberavit

2170 2652 2459 2707 pauperem
2495 2659 2513 2692 ι
2542 2654 2731 2696 verum
2760 2663 2776 2695 ς
2825 2660 2855 2698 a
2884 2655 3136 2715 potente,
3168 2668 3188 2700 ι
3232 2650 3283 2704 id
3312 2661 3396 2706 est
3422 2669 3454 2707 a
3496 2654 3731 2720 diabolo,

2172 2728 2323 2799 cujus
2351 2734 2651 2802 potentiam
2677 2738 2915 2793 ostendit
2940 2740 3032 2795 ille
3067 2740 3163 2810 qui
3189 2743 3358 2798 dicit:
3387 2764 3405 2797 ι
3429 2746 3569 2800 Cum
3594 2747 3732 2802 fortis

2169 2830 2409 2879 armatus
2432 2827 2666 2885 custodit
2686 2828 2883 2883 atrium
2896 2831 3215 2902 suum(Luc.
3233 2833 3344 2905 xi):
3370 2854 3388 2887 ι
3419 2845 3476 2891 et
3499 2852 3607 2891 non
3627 2838 3732 2893 dico

2176 2931 2193 2961 ι
2212 2927 2523 2984 pauperem,
2549 2934 2568 2969 ι
2588 2917 2678 2988 qui
2709 2920 2903 2974 habeat
2926 2921 3127 2992 aliquid
3156 2925 3404 2991 subsidii,
3427 2926 3483 2983 id
3511 2929 3728 2984 estlihe'

2169 3003 2469 3060 rationem:
2503 3008 2597 3063 sed
2634 3009 2785 3065 illum
2815 3031 2832 3063 c
2860 3027 3173 3085 pauperem,
3206 3017 3294 3072 cui
3325 3034 3434 3075 non
3458 3031 3580 3075 erat
3603 3022 3730 3090 adju-

2168 3103 2273 3163 tor,
2332 3118 2350 3150 ι
2382 3099 2435 3154 id
2478 3103 2681 3172 estqui
2711 3120 2817 3163 non
2852 3114 3067 3176 poterat
3090 3108 3327 3176 liberari,
3365 3112 3451 3166 vel
3486 3128 3583 3183 per
3617 3114 3729 3167 litae-

2166 3203 2286 3243 rum
2316 3192 2618 3261 arbitrium,
2655 3196 2738 3251 vel
2768 3198 2875 3253 alio
2904 3201 3095 3268 modo,
3126 3202 3232 3256 nisi
3254 3217 3355 3272 per
3379 3204 3558 3274 ipsum
3584 3205 3727 3260 Chri-

2166 3288 2331 3335 stum.
2364 3281 2516 3338 Unde
2540 3283 2777 3342 Joannes
2805 3289 2858 3342 in
2880 3290 3235 3363 Apocalypsi:
3267 3312 3285 3343 ‹
3303 3292 3422 3349 Non
3449 3305 3537 3351 est
3565 3298 3728 3351 ίοτειιο

491 3365 616 3435 quia
644 3380 739 3435 per
767 3364 882 3434 ejus
919 3365 1201 3420 adventum
1224 3364 1612 3436 justificanitur
1638 3367 1816 3422 omnis
1857 3368 2060 3437 justus,
2090 3349 2134 3411 (ἶ
2169 3378 2254 3425 tus
2278 3371 2436 3439 alius,
2468 3376 2560 3445 qui
2590 3375 2789 3433 librum
2819 3349 3203 3453 aperiret,iiisi
3223 3399 3396 3459 agnus
3418 3387 3515 3457 qui
3535 3388 3729 3443 occisus

494 3470 515 3506 ι
542 3462 597 3508 et
642 3453 966 3509 abundantia
1011 3456 1182 3526 pacis,
1222 3475 1239 3508 ι
1271 3457 1326 3511 id
1370 3466 1451 3512 est
1489 3457 1853 3513 reconciliatio
1890 3458 2061 3513 abun-

488 3548 645 3611 dans,
690 3548 816 3616 quia
840 3562 937 3618 per
969 3554 1135 3602 totum
1182 3548 1439 3603 mundum
1485 3549 1609 3615 erit,
1640 3548 1763 3619 quia
1804 3547 1873 3603 de
1915 3550 2061 3605 omni

487 3651 640 3711 parte
664 3641 1096 3716 eruntqbomines
1126 3643 1458 3699 reconciliati
1494 3643 1625 3709 Deo,
1653 3660 1756 3713 pax
1796 3645 1916 3701 dico
1939 3660 2063 3715 per-

487 3749 732 3799 manens,
761 3752 780 3784 ί
811 3735 983 3789 donec
1015 3734 1293 3790 auferatur
1318 3735 1463 3801 luna,
1493 3755 1513 3788 ι
1543 3735 1594 3789 id
1622 3744 1706 3790 est
1734 3736 1905 3791 donec
1924 3751 2062 3806 prae-

485 3840 610 3879 sens
635 3824 872 3881 Ecclesia
918 3825 1213 3890 auferatur,
1244 3826 1298 3881 id
1325 3835 1407 3883 est
1442 3827 1537 3881 fiat
1565 3827 1883 3897 spiritualis,
1910 3828 2059 3882 scili-

484 3921 570 3970 cet
592 3915 944 3980 immortalis,
979 3914 1345 3984 impassibilis,
1374 3934 1392 3965 ι
1422 3917 1591 3971 donec
1626 3916 1920 3984 auferatur,
1952 3936 1969 3969 ι
2006 3916 2060 3972 id

483 4011 566 4058 cst
601 4003 837 4073 quandiu
862 4004 1092 4058 mundus
1128 4004 1242 4074 erit,
1267 4022 1282 4059 :
1306 3996 1411 4058 alia
1440 4003 1718 4060 translatio
1755 4004 1942 4071 habet,
1971 4021 2060 4061 su-

481 4096 635 4152 stella
645 4104 750 4152 tur.

553 4188 654 4243 Hic
680 4189 913 4244 ostendit
940 4188 1344 4259 amplitudinem
1382 4188 1555 4259 regni,
1585 4208 1605 4241 ι
1634 4197 1686 4243 et
1715 4209 1733 4243 ι
1770 4190 1870 4246 iste
1906 4208 1923 4242 ι
1959 4189 2055 4247 do-

482 4280 780 4336 minabitur
804 4298 835 4335 a
863 4282 996 4337 mari
1032 4302 1051 4334 ι
1082 4282 1331 4338 orientali
1367 4302 1384 4333 ι
1422 4298 1590 4354 usque
1624 4283 1690 4338 ad
1729 4298 1880 4340 mare
1907 4304 1926 4338 ι
1966 4300 2057 4340 oc-

481 4371 771 4438 cidentale,
802 4393 818 4424 ι
847 4380 949 4427 eta
975 4372 1219 4441 flumine,
1247 4394 1266 4426 ι
1292 4374 1346 4429 id
1380 4382 1464 4429 est
1489 4392 1517 4429 a
1546 4373 1796 4441 Jordane,
1837 4394 1853 4426 ι
1888 4390 2057 4446 usque

480 4462 549 4517 ad
577 4462 834 4541 terminos
865 4463 1011 4517 orbis
1042 4472 1328 4529 terrarum,
1372 4484 1391 4516 ι
1427 4464 1478 4519 id
1507 4465 1670 4520 estin
1713 4465 1941 4520 circuitu
1976 4474 2056 4521 to-

484 4557 590 4612 tius
615 4556 781 4611 orbis.
806 4556 911 4611 Per
949 4552 1143 4611 ﬂumen
1171 4554 1442 4623 Jordanis,
1470 4558 1523 4610 in
1553 4572 1658 4627 quo
1684 4556 1932 4613 Christus
1962 4559 2056 4612 ba-

479 4649 713 4719 ptizatus
753 4657 856 4715 est,
886 4647 1183 4718 accipimus
1223 4648 1548 4719 baptismum
1591 4664 1687 4719 per
1712 4664 1873 4719 quem
1898 4649 2055 4704 Chri-
2083 4692 2111 4719 ε

479 4747 597 4795 stus
624 4740 878 4794 dilatatur
914 4755 1012 4810 per
1041 4748 1211 4795 totum
1243 4741 1521 4797 mundum.

555 4849 574 4882 ι
610 4829 805 4886 Coram
848 4831 939 4887 illo
975 4852 995 4885 ι
1031 4847 1179 4904 rege,
1222 4851 1241 4883 ι
1273 4832 1554 4902 procident
1593 4829 1906 4901 Ethiopes,
1944 4850 1962 4882 ι
2000 4831 2055 4888 id

476 4931 561 4977 est
603 4923 882 4994 nigerrimi
920 4924 977 4979 in
1016 4924 1290 4996 peccatis,
1340 4944 1359 4976 ι
1390 4932 1446 4978 et
1469 4923 1670 5003 inimici
1705 4922 1822 4991 ejus
1850 4931 2051 4980 terram

478 5011 698 5086 lingent,
745 5034 762 5067 ι
811 5022 867 5070 et
906 5016 1023 5071 hazc
1074 5022 1288 5071 terrena
1333 5031 1546 5089 semper
1601 5026 1889 5088 appetent,
1932 5034 2050 5089 quae

474 5111 603 5159 sunt
629 5103 783 5161 cibus
813 5106 1032 5162 diaboli.

555 5210 576 5245 ι
614 5193 790 5267 Reges
805 5195 1051 5263 Tharsis,
1072 5205 1130 5252 et
1143 5196 1351 5251 insulae.
1379 5216 1398 5249 ι
1424 5215 1442 5248 ι
1468 5196 1691 5253 Tharsis
1715 5218 1731 5250 ι
1756 5198 2044 5269 exploratio

474 5281 863 5355 interpretatur
896 5288 1098 5358 gaudii,
1127 5288 1216 5344 vel
1243 5290 1628 5359 contemplatio.
1672 5290 1821 5347 Unde
1853 5292 1981 5347 dicit
2026 5311 2039 5347 :

474 5374 650 5446 Aliqui
697 5377 974 5432 venientes
1017 5379 1091 5434 de
1133 5377 1504 5448 exploratione
1547 5382 1757 5451 gaudii,
1804 5383 2040 5450 scilicet,

474 5468 783 5538 postpositis
796 5469 1007 5541 gaudiis
1021 5471 1174 5525 istius
1189 5470 1398 5537 mundi,
1415 5470 1675 5529 facientes
1690 5476 1894 5546 seipsos
1909 5478 2044 5534 bene

472 5569 784 5630 regnantes,
807 5561 1179 5617 carnalitatem
1199 5577 1349 5616 suam
1373 5563 1457 5617 vel
1482 5563 1614 5620 alios
1636 5565 1882 5633 offerent,
1907 5586 2042 5641 quos

472 5649 537 5703 ad
566 5664 689 5705 eum
714 5660 1048 5707 convertent.
1090 5650 1186 5708 Vel
1217 5671 1236 5705 ι
1274 5654 1529 5722 Tharsis,
1561 5676 1580 5709 ι
1608 5657 1659 5711 id
1694 5667 1778 5713 est
1804 5672 2042 5717 contem-

471 5741 722 5810 plationis
750 5761 920 5816 reges,
954 5765 972 5797 ι
995 5747 1223 5804 offerent
1244 5766 1468 5807 munera
1490 5773 1507 5804 ι
1536 5766 1589 5809 et
1623 5774 1641 5806 t
1664 5756 1849 5811 insulse
1869 5778 1887 5810 ι
1921 5774 2041 5829 quae

470 5842 597 5893 sunt
620 5834 675 5889 in
702 5835 877 5892 medio
902 5838 1091 5905 maris,
1123 5849 1177 5894 et
1206 5850 1329 5896 sunt
1359 5850 1498 5899 terra
1523 5846 1684 5901 sicca.
1715 5846 1814 5901 Per
1838 5849 2039 5906 insulas

470 5940 591 5996 qua
615 5935 741 5980 sunt
775 5936 918 5982 terra
942 5931 1083 5987 sicca
1127 5945 1180 5990 et
1204 5936 1534 5994 circumdata
1556 5941 1715 6007 mari,
1744 5942 2039 6016 accipimus

2164 3471 2247 3517 est
2275 3463 2456 3535 (Apoc.
2482 3467 2560 3539 v).
2592 3490 2610 3522 ι

2214 3554 2342 3613 Dico
2363 3577 2379 3608 ι
2402 3575 2695 3631 pauperem
2710 3562 3012 3633 liberabit,»
3031 3568 3171 3623 etilli
3186 3568 3436 3637 liberato,
3457 3592 3475 3623 ι
3496 3580 3722 3643 parcet»

2160 3647 2215 3702 id
2236 3663 2436 3705 estnon
2449 3654 2636 3722 puniet
2650 3658 2940 3714 secundum
2967 3660 3172 3730 singula
3200 3672 3441 3731 peccata,
3463 3664 3544 3718 vel
3574 3686 3591 3715 ε
3612 3680 3730 3735 par-

2160 3749 2247 3797 cet
2268 3745 2491 3814 pauperi
2513 3766 2531 3798 ›
2562 3748 2687 3817 quia
2718 3765 2821 3805 non
2856 3752 3093 3821 patietur
3118 3768 3243 3809 eum
3275 3757 3465 3810 tentari
3492 3772 3654 3824 supra
3676 3755 3729 3811 id

2160 3834 2303 3904 quod
2327 3845 2503 3906 potest
2522 3838 2573 3910 (Ι
2603 3838 2723 3894 Cor.
2756 3840 2809 3913 κ)
2836 3860 2848 3895 :
2879 3860 2897 3893 ‹
2931 3852 2986 3898 et
3014 3842 3158 3915 inopi
3185 3864 3204 3895 ι
3231 3845 3392 3901 etiam
3416 3865 3433 3896 ι
3459 3854 3664 3914 parcet,
3699 3866 3721 3899 ι

2159 3924 2235 3977 illi
2262 3925 2349 3980 cui
2373 3928 2579 3985 nullum
2605 3940 2688 3985 est
2714 3932 3056 4003 adjutoriunt,
3087 3936 3189 3989 nisi
3221 3938 3290 3992 ab
3312 3937 3449 4007 ipso:
3482 3953 3502 3987 ι
3526 3944 3581 3988 et
3604 3936 3725 3990 ani-

2158 4033 2275 4074 mas
2300 4034 2595 4091 pauperum
2624 4024 2802 4082 salvas
2848 4025 3009 4082 faciet
3047 4046 3069 4078 ι
3118 4028 3333 4083 tandem
3383 4029 3434 4083 in
3448 4026 3651 4097 judicio
3676 4035 3733 4084 et

2155 4122 2280 4181 post
2305 4123 2555 4169 mortem.

2224 4204 2292 4261 Et
2306 4222 2404 4276 per
2424 4207 2527 4264 hoc
2548 4208 2754 4265 scilicet
2774 4211 2917 4282 quod
2939 4230 2958 4262 ι
2983 4213 3209 4268 redimet
3228 4234 3247 4265 ι
3267 4213 3443 4284 pretio
3457 4213 3734 4284 sanguinis

2155 4295 2277 4355 sui:
2329 4306 2384 4352 et
2425 4299 2515 4354 hic
2563 4300 2846 4357 manifeste
2892 4312 3123 4359 mortem
3168 4303 3367 4360 Christi
3410 4304 3731 4358 annuntiat:

2158 4407 2179 4439 ς
2216 4389 2427 4445 animas
2449 4406 2636 4447 eorum
2658 4408 2726 4448 ex
2761 4394 2958 4461 usuris,
2991 4414 3008 4447 ι
3035 4396 3089 4450 id
3108 4406 3275 4451 estex
3306 4411 3466 4466 pcena
3493 4411 3618 4465 quae
3640 4410 3733 4465 pro

2152 4487 2376 4551 peccato
2401 4480 2598 4537 datur:
2637 4493 2695 4539 et
2721 4503 2739 4536 ι
2769 4484 3073 4555 iniquitate,
3108 4506 3127 4538 ι
3170 4488 3223 4543 id
3251 4498 3333 4541 est
3362 4486 3431 4541 ab
3462 4487 3582 4557 ipso
3613 4502 3732 4557 pec-

2152 4584 2324 4640 cato,c
2343 4584 2396 4629 et
2417 4591 2612 4632 nomen
2634 4592 2820 4632 eorum
2840 4599 2858 4631 ι
2880 4580 3087 4635 scilicet
3106 4578 3247 4654 quod
3269 4580 3565 4637 Christiani
3588 4592 3731 4644 sunt,

2156 4666 2283 4723 licet
2308 4681 2433 4724 ante
2458 4680 2709 4740 potentes
2734 4672 2892 4744 hujus
2926 4674 3111 4729 mundi
3141 4683 3521 4730 contemnatur
3547 4685 3607 4730 ut
3633 4675 3733 4728 vile

2156 4758 2375 4827 aliquid,
2409 4768 2586 4815 tamen
2612 4763 2717 4816 erit
2747 4782 2764 4814 ι
2794 4763 3106 4819 honorabile
3131 4779 3316 4819 coram
3345 4763 3464 4829 illo,
3508 4784 3525 4815 ι
3572 4764 3626 4819 id
3655 4772 3730 4817 est

2155 4848 2207 4903 in
2240 4851 2577 4919 beneplacito
2603 4852 2763 4908 illius.

2224 4940 2731 4999 Commendationes
2761 4944 2903 5000 illius
2931 4945 3075 5015 regis
3101 4931 3161 5000 εἰ
3180 4951 3237 5000 et
3256 4945 3438 5001 vivet»
3461 4943 3733 4999 aeternali.

2158 5042 2257 5089 ter.
2275 5032 2393 5097 Vel,
2416 5054 2433 5085 ι
2457 5036 2621 5103 vivet,
2645 5058 2662 5091 ›
2684 5038 2832 5094 idest
2856 5048 3100 5094 mortuus
3114 5046 3379 5110 resurget,
3401 5056 3419 5089 ι
3441 5047 3497 5092 ct
3512 5038 3736 5092 dabitur

2152 5123 2201 5176 ei
2237 5125 2303 5178 de
2348 5142 2481 5179 auro
2499 5126 2729 5193 Arabica,
2755 5149 2771 5180 ι
2793 5130 2845 5182 id
2866 5138 2948 5184 est
2972 5130 3036 5185 de
3067 5130 3351 5201 praecipuis
3373 5129 3734 5200 sapientibus,

2154 5218 2211 5264 ut
2246 5211 2534 5287 Dionysius
2566 5227 2617 5271 et
2655 5215 2868 5273 Paulus.
2920 5218 3021 5273 Per
3060 5235 3249 5273 aurum
3292 5206 3540 5283 Arabiae,
3588 5215 3737 5289 quod

2151 5301 2369 5358 charius
2396 5313 2479 5358 est
2505 5305 2609 5360 alio
2642 5324 2796 5374 auro,
2823 5325 2989 5363 unum
3028 5306 3342 5380 intelligitur
3367 5324 3559 5363 aurum
3591 5308 3740 5362 illius

2154 5400 2310 5449 terrae
2349 5412 2468 5453 esse
2504 5398 2763 5468 optimum
2786 5440 2799 5464 ,
2833 5401 3179 5471 intelligimus
3212 5401 3480 5470 pretiosos
3517 5401 3740 5470 sapien-

2154 5493 2253 5552 tes,
2290 5505 2308 5537 ι
2347 5497 2399 5542 et
2424 5490 2726 5547 adorabunt
2762 5493 2827 5547 de
2858 5493 2974 5562 ipso
3006 5507 3241 5563 semper,
3271 5513 3288 5544 ι
3316 5486 3371 5547 id
3398 5500 3481 5546 est
3508 5501 3742 5561 pr0pter

2150 5580 2344 5648 ipsum,
2379 5590 2440 5634 ut
2467 5584 2701 5653 seipsum
2731 5585 2822 5640 det
2854 5587 2952 5650 eis,
2990 5586 3127 5640 sicut
3164 5586 3435 5641 diceretur
3459 5584 3528 5639 de
3556 5600 3740 5645 auro,

2149 5671 2361 5735 adorat,
2394 5672 2484 5743 qui
2507 5689 2696 5729 aurum
2726 5676 2975 5745 postulat.
3012 5677 3105 5729 Vel
3127 5676 3194 5731 de
3221 5677 3356 5748 ipso,
3384 5670 3437 5730 id
3467 5686 3553 5731 est
3566 5673 3743 5743 juxta

2147 5760 2341 5827 ipsum,
2364 5762 2415 5815 id
2442 5771 2525 5816 est
2545 5766 2837 5820 secundum
2862 5767 2963 5821 hoc
2983 5767 3123 5835 quod
3150 5767 3264 5839 ipse
3287 5767 3524 5821 instituit
3541 5782 3643 5821 ora
3656 5778 3741 5831 re,

2147 5852 2371 5919 scilicet,
2400 5856 2732 5910 cantabunt:
2776 5858 2933 5912 Pater
2959 5867 3158 5922 noster,
3189 5869 3245 5914 et
3280 5878 3295 5910 ε
3334 5866 3445 5915 tota
3473 5858 3582 5925 die,
3625 5877 3647 5909 ι
3682 5855 3742 5912 id

2144 5955 2224 6001 est
2251 5947 2400 6001 omni
2425 5957 2664 6025 tempore
2695 5971 2711 6001 ι
2744 5952 3061 6008 benedicent
3081 5953 3132 6008 ei
3165 5972 3208 6008 ι.
