3940 6456
159 481 270 542 437

1325 426 1767 514 unumne
1804 430 1873 505 1N
1909 420 2251 501 rsaLuos.

3306 414 3409 481 438

234 593 354 666 [pse
386 586 553 646 etiam
584 598 607 636 ι
640 580 750 639 erit
783 576 1181 634 ﬁrmamentum
1222 570 1281 647 in
1319 564 1557 625 summis
1584 578 1735 618 mon—
1760 563 1814 624 Α
1837 556 1975 613 nalis
1998 552 2206 610 Judaici
2226 549 2425 622 populi,
2445 526 2799 618 comprobant
2812 528 2915 625 boc
2944 539 3252 597 testimonia
3285 537 3416 597 ﬁde—

1268 662 1288 666 -
1492 656 1512 666 -
1576 655 1588 666 .
1631 661 1642 666 -
1724 659 1736 666 Α
1843 648 1904 666 ιη
1948 645 2239 666 ο--..-..-....ι
2294 641 2482 666 -.-ειηη
2524 638 2729 666 n-...:....
2769 633 3090 666 ηηηΔοηιιηηι
3125 640 3202 666 Mn
3233 651 3244 663 .
3287 624 3414 666 ιιι-εμὲ

163 655 300 744 tium
326 722 343 750 ,
380 699 401 736 ι
458 678 514 734 id
543 682 629 733 est
662 669 1063 750 apostolorum,
1100 679 1209 735 quo
1259 662 1447 716 ﬁrmos
1487 655 1652 711 faciet
1687 659 1744 708 et

166 741 487 833 constantes
508 786 529 822 ι
555 766 613 825 in
638 741 808 828 terra,
840 779 861 813 ι
888 757 981 814 ubi
1005 754 1165 828 pauci
1193 756 1416 827 possunt
1437 759 1556 803 esse
1580 741 1744 805 ﬁrmi,

166 878 223 925 et
248 866 342 922 ubi
367 860 603 920 maxime
623 868 761 928 opus
784 845 1192 908 conﬁrmatione
1228 841 1323 898 Dei
1349 858 1363 894 :
1403 849 1459 894 et
1490 856 1509 887 ι
1543 834 1749 888 fructus

166 923 307 1029 ejus,
340 973 360 1006 ι
391 952 446 1009 id
477 956 562 1005 est
587 923 728 1003 bona
777 937 1041 1014 Operatio,
1065 949 1227 1006 quam
1275 945 1370 1002 per
1400 942 1524 984 eum
1544 923 1750 979 faciunt

166 1015 277 1114 siti,
292 1015 331 1100 ἰ
362 1043 648 1103 extolletur
671 1050 833 1107 super
857 1031 1140 1094 Libanum,
1177 1047 1196 1080 ι
1235 1026 1289 1079 id
1314 1029 1398 1078 est
1416 1015 1747 1076 candidatio-

168 1157 295 1199 nem
341 1137 503 1208 hujus
547 1128 753 1195 mundi,
784 1126 911 1196 quia
948 1123 1105 1192 longe
1148 1116 1391 1186 digniora
1422 1117 1548 1167 sunt
1588 1119 1752 1178 opera

167 1200 629 1304 iustorum,quam
650 1221 720 1277 sit
736 1226 1150 1289 quantacunque
1169 1207 1409 1281 potentia
1426 1202 1584 1274 hujus
1597 1200 1749 1253 vitae:

168 1288 227 1381 ἐι
255 1288 329 1378 illi
360 1288 552 1375 ηιὲιόιί
582 1333 601 1365 ι
634 1312 699 1367 de
728 1288 886 1364 {hac
921 1324 940 1357 ι
971 1301 1191 1359 civitate
1219 1318 1237 1351 ι
1262 1305 1316 1352 et
1347 1292 1494 1350 ducti
1514 1291 1568 1345 in
1593 1288 1754 1343 aliam

168 1378 478 1471 civitatem,
511 1404 565 1461 id
591 1410 675 1459 est
711 1401 763 1455 in
800 1409 1088 1469 supernam
1120 1387 1489 1450 Hierusalem,
1535 1399 1554 1433 ι
1593 1378 1755 1434 ﬂore-

1843 648 1909 704 lis
1948 645 2261 718 Synagogaa
2291 641 2484 711 quibus
2524 638 2733 693 ﬁrmius
2768 624 3093 691 credendum
3124 640 3245 687 est:
3287 624 3418 717 quia

1843 712 2004 812 prius.
2032 712 2149 808 ipsa
2172 712 2463 811 “Synagoga
2491 729 2804 785 laudaverat
2826 725 2993 781 Deum
3019 739 3117 794 pro
3146 722 3273 807 solis
3309 712 3420 777 ter-

1845 802 1992 887 renis
2017 848 2030 883 :
2052 802 2119 883 “et
2145 802 2250 882 hoc
2269 802 2401 879 dicit
2425 822 2660 893 psalmus
2683 819 2885 890 Asaph,
2913 817 2967 873 id
2999 824 3083 872 est
3108 802 3281 871 ﬁdelis
3310 811 3419 886 Sy-

1847 935 2068 993 nagogze
2105 932 2120 971 :
2160 915 2338 984 Asapb
2366 914 2511 968 enim
2542 914 2925 993 interpretatur
2961 904 3329 978 congregatio,
3365 912 3421 958 et

1849 990 1934 1091 est
1957 990 2124 1085 ipsius
2145 1011 2441 1083 prophetae,
2467 1006 2552 1062 vel
2582 992 2805 1087 alicujus
2831 1002 3003 1059 ﬁdelis
3027 990 3092 1055 de
3119 1000 3420 1072 Synagoga.

1851 1084 2076 1165 Mamria
2103 1115 2187 1161 est
2213 1106 2323 1175 ipsa
2355 1098 2531 1157 ﬁdelis
2560 1084 2858 1171 synagoga.
2890 1097 3114 1166 Modus:
3156 1095 3211 1152 In
3246 1094 3423 1163 prima

1851 1211 2006 1274 parte
2031 1198 2268 1256 ostendit
2288 1213 2346 1269 se
2374 1193 2666 1264 aliquando
2686 1205 2917 1254 errasse,
2935 1190 3048 1243 visa
3071 1187 3430 1257 prosperitate

1852 1294 2137 1349 malorum.
2164 1289 2222 1343 In
2254 1286 2486 1344 secunda
2517 1292 2690 1357 parte,
2708 1298 2828 1353 quae
2854 1281 3039 1351 incipit
3064 1298 3077 1331 :
3109 1298 3127 1329 ι
3151 1278 3275 1333 Ideo
3301 1292 3429 1331 con-

1852 1391 2094 1439 vertetur
2134 1378 2361 1451 populus
2397 1390 2550 1431 meus
2575 1374 2664 1430 hic
2692 1392 2711 1423 ι
2743 1370 2981 1426 ostendit
3024 1367 3432 1424 conversionem

170 1505 308 1560 bunt
371 1519 391 1553 ι
444 1495 575 1574 facti
621 1482 955 1548 immortales
994 1493 1053 1541 et
1097 1477 1491 1552 impassibiles,
1534 1492 1553 1524 ε
1618 1470 1758 1525 sicut
1856 1488 2011 1528 suam
2052 1472 2119 1526 ab
2149 1471 2253 1524 hoc
2296 1481 2516 1531 errore,
2559 1472 2615 1519 et
2658 1462 2885 1541 aliorum
2916 1456 3274 1514 consimilium
3308 1455 3433 1509 sibi.

1249 1571 1270 1574 _
1344 1570 1354 1574 -
1383 1570 1390 1574 .
1663 1562 1674 1574 ι
1718 1561 1729 1573 ι
1856 1565 1875 1574 -
1950 1573 1953 1574 ,
2035 1563 2063 1574 .o
2242 1568 2251 1574 .
2496 1557 2507 1568 ·
2532 1556 2675 1574 ξᾼρέε.
2707 1573 2712 1574 ,
2766 1572 2775 1574 Α
2808 1551 3190 1574 ἶῚ-..--....ι.-...Α.ι
3215 1555 3433 1574 ...π-..ηια-

173 1534 308 1560 uuln
371 1534 391 1553 .
445 1534 575 1551 μιν..
621 1534 953 1548 ........,.-.----
999 1534 1048 1541 _-
1097 1534 1195 1552 μ,
1478 1534 1488 1539 _

173 1595 362 1651 fenum
390 1571 546 1645 terrae
575 1606 595 1638 ι
646 1581 791 1653 quod
826 1587 912 1635 est
944 1575 1119 1631 viride
1166 1580 1220 1627 et
1240 1570 1488 1625 ﬂoridum
1518 1583 1530 1620 :
1563 1561 1760 1632 accipi-
1856 1565 1914 1620 In
1941 1563 2101 1619 tertia
2136 1568 2321 1631 parte,
2350 1573 2470 1628 quae
2495 1556 2716 1626 incipit:
2759 1572 2777 1605 ι
2808 1534 3191 1607 Verumtamen
3215 1555 3437 1618 propter

174 1696 268 1743 tur
301 1705 319 1738 1
343 1683 521 1738 fenum
545 1700 563 1732 ι
598 1678 649 1733 in
680 1675 820 1731 mala
851 1668 1264 1744 signiﬁcatione,
1287 1662 1414 1735 quia
1436 1660 1543 1716 cito
1563 1654 1763 1712 arescit
1859 1654 2028 1717 dolos,
2066 1674 2083 1706 ι
2112 1650 2347 1707 ostendit
2368 1648 2510 1719 quod
2538 1662 2645 1701 non
2668 1652 2876 1700 tantum
2901 1656 2997 1712 per
3018 1640 3311 1695 novissima
3340 1637 3435 1691 ho-

176 1788 236 1834 et
267 1776 483 1840 transit,
510 1771 603 1827 sed
632 1783 739 1823 non
766 1766 877 1820 hic.
1330 1783 1335 1787 -
1860 1748 2021 1802 minis
2049 1744 2379 1815 prosperitas
2407 1739 2569 1810 hujus
2595 1736 2775 1794 saeculi
2813 1750 2931 1790 esse
2965 1731 3106 1787 mala
3131 1729 3441 1786 considera-

1670 1834 1693 1840 “
2080 1835 2092 1840 ·
2184 1836 2192 1840 ·
2657 1826 2689 1840 -·
2854 1824 2865 1836 ·
2958 1831 2971 1840 -
3003 1822 3141 1840 μη-
3188 1819 3358 1840 1:--2.--
3385 1817 3436 1840 ε..

257 1887 275 1919 ι
310 1817 604 1923 Sitndmen
620 1859 772 1929 ejus:
808 1876 827 1909 ι
846 1850 980 1909 Pars
1005 1848 1184 1905 tertia.
1204 1845 1339 1913 Quia
1369 1841 1497 1897 facit
1520 1853 1647 1896 suos
1662 1834 1761 1891 ﬂo-
1861 1845 1971 1902 tur,
2002 1835 2095 1891 'sed
2125 1836 2285 1890 etiam
2310 1847 2408 1903 per
2438 1826 2748 1900 praesentia,
2778 1824 2902 1896 quia
2924 1831 2977 1879 et
3001 1822 3145 1894 ipsos
3168 1819 3362 1875 divites
3385 1817 3439 1871 in

176 1978 337 2025 rere,
362 1969 416 2015 et
443 1960 559 2014 haec
589 1952 769 2009 omnia
799 1950 939 2004 bona
977 1942 1188 2000 confert
1211 1940 1323 2004 eis,
1353 1936 1473 1991 ideo
1512 1953 1530 1986 ι
1562 1945 1758 2017 nomen
1790 1923 1834 1982 Β
1859 1918 2080 2000 peccato
2105 1926 2468 1996 praecipitant,
2495 1929 2550 1976 et
2579 1921 2748 1975 bonos
2777 1917 2975 1971 invidia
3004 1928 3190 1971 eorum
3217 1923 3442 1983 peccare

1714 2024 1717 2025 ,
1876 2020 1892 2025 Α
1958 2021 1967 2025 -
2126 2018 2143 2025 -
2364 2023 2370 2025 Α
2543 2022 2552 2025 Α
2808 2009 2820 2021 ο
2876 2009 2909 2025 ,ο
2930 2008 2987 2025 ,9.
3116 2005 3213 2025 nu:
3238 2004 3250 2025 I
3300 2002 3437 2025 -..!_..

180 2002 337 2025 μην,
362 2002 416 2015 ν.
444 2002 559 2014 ...η
592 2002 768 2009 η----ν
804 2002 859 2004 η
1310 2002 1316 2004 _

180 2055 302 2125 ejus
349 2053 420 2108 sit
466 2047 830 2121 benedictum,
883 2061 903 2094 ι
938 2039 992 2095 id
1019 2045 1104 2093 est
1129 2037 1245 2108 ipse
1278 2010 1624 2089 nominabilis
1655 2044 1673 2076 ι
1708 2024 1764 2079 in
1867 2020 2090 2076 faciunt.
2126 2018 2181 2072 ln
2219 2023 2409 2099 quarta
2440 2022 2608 2084 parte,
2644 2025 2762 2081 qua:
2806 2008 3028 2077 incipit:
3067 2025 3084 2058 ι
3115 2004 3254 2073 Quid
3295 2002 3439 2057 enim

1386 2124 1389 2125 ⁷
1520 2122 1530 2125 ⁸
1683 2116 1695 2125 ‘
1925 2113 1957 2125 "
1985 2112 1996 2124 '
2091 2121 2101 2125 λ
2134 2110 2146 2121 ·
2222 2108 2333 2125 ηκικ
2355 2108 2377 2125 ο
2457 2102 2680 2125 “ama:-
2710 2117 2764 2125 ρ-
2788 2115 2974 2125 -.Λ-...κ
3002 2097 3328 2125 εηηιιωηηη,
3349 2090 3439 2125 ιη,-

241 2090 302 2109 υδ
351 2090 420 2108 οι.
469 2090 830 2110 WIIV\Ilvku—,
883 2090 897 2094 -
938 2090 991 2095 __
1026 2090 1097 2093 --κ
1134 2090 1173 2108 νιν
1226 2090 1229 2091 ,

179 2090 405 2212 gerula,
433 2164 452 2196 ι
484 2118 622 2213 quod
652 2157 669 2190 ι
694 2151 889 2193 nomen
914 2153 932 2186 ι
967 2131 1126 2187 debet
1153 2124 1420 2189 benedici,
1442 2122 1571 2192 quia
1597 2137 1615 2171 ι
1651 2116 1768 2188 ejus
1866 2112 2000 2168 mihi
2027 2121 2109 2166 est
2134 2110 2187 2163 in
2207 2092 2377 2163 cmlo‘?
2402 2126 2420 2158 ι
2451 2102 2685 2159 ostendit
2709 2117 2766 2156 se
2788 2115 2977 2155 verum
3002 2097 3331 2152 intellectum
3349 2090 3445 2147 ha-

1867 2203 1880 2213 ι
2086 2209 2095 2213 ,
2127 2197 2140 2210 ο
2399 2205 2409 2213 .
2430 2212 2439 2213 κ
2470 2191 2705 2213 ,-..___-I!..
2772 2190 2860 2213 ,ΑΔ
2894 2187 3062 2213 ’.ΛιιιΜ
3101 2187 3264 2213 nn...“
3296 2197 3413 2213 (unum

179 2253 404 2303 nomen,
435 2258 453 2290 ι
483 2236 535 2290 id
559 2241 644 2290 est
671 2235 785 2302 ipse
809 2223 1151 2284 nominabilis
1179 2241 1197 2274 ι
1222 2222 1276 2275 in
1302 2216 1500 2274 saecula
1533 2234 1554 2267 ι
1596 2231 1614 2264 ‹
1645 2226 1767 2283 per-

181 2338 372 2386 manet
420 2335 546 2383 ante
599 2324 807 2390 solem,
842 2340 861 2373 ›
903 2318 955 2375 id
986 2326 1069 2373 est
1110 2324 1237 2370 ante
1278 2309 1463 2367 mundi
1507 2306 1771 2364 constitu-

178 2423 414 2479 tionem.

260 2514 327 2568 Et
352 2526 459 2566 non
494 2508 667 2566 solum
695 2506 810 2577 ipse
834 2505 940 2560 erit
972 2500 1320 2579 benedictus,
1347 2495 1440 2550 sed
1471 2506 1661 2548 omnes
1686 2488 1772 2545 sui

182 2620 285 2679 per
307 2604 505 2675 ipsum,
538 2608 595 2656 et
622 2600 724 2654 hoc
752 2605 856 2661 est,
886 2612 906 2646 ι
940 2603 996 2650 et
1020 2591 1407 2648 benedicentur
1429 2585 1484 2640 iu
1513 2584 1630 2653 ipso
1657 2595 1774 2636 om-

185 2676 291 2753 nes
347 2696 520 2750 tribus
548 2702 742 2757 terrae,
772 2709 790 2741 ι
825 2687 876 2743 id
911 2695 994 2742 est
1018 2682 1184 2755 aliqui
1232 2682 1296 2737 de
1328 2679 1473 2734 omni
1502 2676 1675 2741 tribu,
1719 2679 1775 2728 et

187 2803 286 2861 per
317 2788 420 2842 hoc
449 2804 467 2836 ι
485 2797 675 2861 omnes
694 2788 882 2854 gentes
903 2774 1323 2844 magniﬁcabunt
1344 2784 1491 2825 eum.
1516 2787 1533 2819 ι
1562 2767 1627 2822 Et
1647 2764 1775 2836 quia

190 2858 464 2948 l’ropheta
502 2858 755 2945 intelligit
798 2885 856 2926 se
894 2869 948 2923 in
985 2869 1102 2937 ipso
1137 2878 1259 2920 esse
1294 2860 1670 2922 benedictum,
1707 2870 1776 2911 ex

192 2979 351 3043 parte
378 2984 474 3024 sua
505 2964 771 3024 benedicit
794 2964 925 3019 Deo.
943 2957 1288 3016 Continuatio
1313 2974 1324 3009 :
1360 2953 1515 3017 Dico,
1535 2969 1552 3002 ι
1578 2950 1631 3005 in
1659 2950 1777 3020 ipso

194 3038 580 3118 benedicentur
608 3072 796 3112 omnes
827 3052 996 3109 tribus
1022 3060 1215 3115 terrae,
1251 3067 1269 3099 ι
1300 3053 1354 3102 et
1400 3045 1521 3099 ideo
1553 3042 1668 3114 ipse
1708 3038 1779 3095 sit

202 3171 223 3204 ι
253 3150 569 3207 benedictus
598 3147 854 3203 Dominus
876 3124 1016 3199 Deus
1037 3139 1221 3206 lsrael,
1245 3137 1335 3208 q'ui
1357 3134 1488 3190 facit
1512 3122 1777 3188 mirabilia

196 3258 415 3316 magna,
456 3262 475 3295 ι
518 3240 571 3297 id
620 3247 703 3296 est
733 3236 1132 3309 reparationem
1172 3227 1391 3287 humani
1436 3224 1685 3300 generis,
1725 3230 1781 3277 et

196 3338 308 3394 alia
345 3353 359 3391 :
407 3355 426 3388 ι
455 3334 602 3392 solus
636 3353 655 3386 ι
686 3332 811 3403 quia
839 3328 1019 3385 nullus
1045 3326 1184 3381 alius
1204 3330 1384 3396 potest
1400 3335 1485 3375 ea.
1511 3316 1609 3375 Vel
1639 3334 1659 3369 ι
1694 3330 1782 3373 so—

197 3429 305 3495 lus,
330 3447 350 3481 r
370 3427 498 3498 quia
525 3426 637 3494 ipse
651 3438 750 3494 per
774 3435 835 3477 se
857 3437 872 3474 ι
1004 3428 1132 3474 vero
1147 3414 1193 3469 si
1208 3413 1410 3469 faciunt
1430 3407 1707 3472 miracula,
1726 3396 1788 3463 ut

200 3519 401 3575 Petrus
442 3524 499 3573 et
534 3512 752 3579 czeteri,
790 3525 898 3566 non
928 3521 1025 3580 per
1065 3519 1125 3562 se
1152 3513 1359 3560 tantum
1383 3543 1402 3569 ,
1440 3500 1535 3557 sed
1576 3515 1644 3556 ex
1671 3500 1788 3569 ipso

206 3608 436 3664 faciunt.

289 3719 307 3752 ι
346 3698 413 3754 Et
439 3709 637 3753 nomen
678 3690 981 3764 maiestatis
1023 3689 1173 3762 ejus,
1214 3708 1236 3742 r
1286 3688 1342 3746 id
1383 3694 1468 3764 est
1507 3682 1651 3757 quod
1694 3696 1790 3739 sua

208 3793 487 3864 maiestas,
502 3791 556 3846 id
576 3796 660 3845 est
684 3761 799 3860 ipse
825 3800 1052 3858 magnus
1074 3784 1189 3851 dat,
1204 3780 1411 3839 scilicet
1422 3761 1789 3835 Christianum

207 3899 431 3948 nomen,
449 3868 518 3937 sit
546 3898 564 3934 ι
587 3876 925 3936 benedictum
944 3896 964 3929 ι
984 3889 1310 3946 permanens
1338 3891 1356 3925 ‹
1376 3872 1431 3928 in
1448 3876 1707 3927 azternum
1730 3905 1745 3932 ,
1767 3885 1785 3917 ι

207 3979 333 4035 ideo
354 3976 474 4034 dico
498 3996 517 4030 ι
557 3990 752 4031 nomen
772 3970 1088 4042 maiestatis,
1111 3988 1130 4022 ι
1152 3965 1276 4039 quia
1309 3981 1328 4017 ι
1362 3959 1665 4032 majestate,
1689 3978 1707 4010 ι
1737 3957 1793 4013 id

208 4079 299 4128 est
319 4069 597 4127 divinitate
625 4087 644 4122 ‹
671 4065 788 4138 ejus
813 4063 1105 4136 replebitur
1122 4059 1301 4117 omnis
1319 4065 1487 4122 terra,
1517 4074 1536 4108 ι
1569 4061 1625 4109 et
1652 4052 1794 4107 hanc

210 4164 585 4237 operationem
622 4161 949 4234 ingeminat,
989 4158 1115 4229 quia
1142 4170 1259 4213 rem
1284 4151 1440 4210 valde
1462 4147 1792 4208 desiderabi-

211 4259 327 4317 lem
348 4264 499 4331 optat
523 4271 646 4313 cum
672 4255 820 4318 dicit,
857 4272 874 4305 ι
910 4250 1138 4307 ﬁatﬁat.
1173 4269 1193 4303 ι

669 4388 737 4445 IN
774 4383 1104 4443 PSALMUM
1135 4380 1346 4439 LXXII.

322 4498 580 4564 Tl'rows.
613 4501 922 4572 Defece‘runt
954 4494 1134 4572 laudes
1164 4491 1335 4572 Dauid
1351 4532 1367 4560 ,
1395 4489 1494 4562 ﬁlii
1514 4486 1682 4545 leue.

775 4568 1025 4624 Paulinus
1046 4567 1242 4637 Amph.

303 4738 321 4771 σ
359 4714 530 4786 Quam
561 4715 734 4770 bonus
759 4700 922 4767 lsrael
952 4690 1111 4765 Deus.
1150 4727 1168 4760 ι
1208 4703 1454 4761 Psalmus
1491 4702 1592 4758 iste
1620 4706 1802 4755 osten-

223 4806 309 4865 dit
349 4809 519 4863 Deum
543 4805 656 4878 jam
702 4817 806 4858 non
846 4788 976 4857 dare
1009 4796 1303 4854 cultoribus
1329 4795 1471 4860 suis,
1519 4801 1579 4848 ut
1613 4790 1802 4848 solitus

226 4899 354 4965 fuit,
384 4911 662 4970 prospera,
691 4894 785 4950 sed
811 4892 1070 4948 adversa:
1104 4887 1247 4958 quod
1274 4884 1573 4957 intelligens
1605 4882 1805 4938 Esdras

228 4976 555 5063 Prophetam
574 4987 896 5044 intellexisse
925 4984 977 5039 in
1005 4984 1108 5037 hoc
1131 4980 1356 5052 psalmo,
1385 4979 1464 5034 sic
1490 4974 1801 5039 intitulavit,

229 5083 420 5139 laudes
445 5079 629 5134 David.
662 5076 731 5131 Et
753 5090 820 5130 ne
846 5088 942 5144 per
977 5071 1144 5125 David
1176 5067 1503 5140 accipiamus
1532 5065 1803 5121 Christum

229 5168 319 5231 vel
356 5170 679 5233 Ecclesium,
724 5163 1048 5222 determinat
1089 5159 1487 5232 generationem
1537 5155 1807 5212 carnalem

231 5262 443 5329 David,
477 5277 597 5318 cum
625 5253 782 5322 dicit,
815 5254 909 5310 ﬁlii
938 5250 1120 5318 Jesse,
1167 5259 1221 5306 et
1249 5265 1345 5322 per
1374 5250 1476 5305 hoc
1520 5248 1611 5302 dat
1655 5247 1810 5301 nobis

236 5358 540 5429 intelligere
566 5351 845 5409 Iudaicum
868 5346 1139 5403 carnalem
1167 5342 1418 5414 populum
1435 5382 1450 5407 ,
1478 5340 1603 5411 quia
1642 5337 1812 5394 David

237 5449 537 5509 secundum
565 5438 837 5501 carnalem
866 5437 1267 5510 generationem
1300 5449 1439 5489 unus
1475 5430 1575 5487 fuit
1600 5432 1666 5487 de
1695 5445 1814 5485 car-

237 5545 350 5603 nali
372 5541 569 5614 populo
591 5555 605 5592 :
637 5534 789 5605 cujus
808 5531 997 5595 David,
1012 5526 1065 5585 id
1085 5538 1169 5586 est
1192 5526 1400 5583 Iudaici
1420 5524 1598 5598 populi
1625 5521 1811 5577 laudes

242 5640 594 5698 defecerunt:
632 5632 755 5704 quia
787 5629 930 5684 Deus
1102 5639 1209 5679 non
1240 5623 1330 5678 dat
1357 5621 1469 5677 suis
1493 5615 1812 5690 temporalia

240 5727 618 5797 bona,quibus
636 5720 763 5776 solis
792 5717 1023 5774 carnalis
1044 5712 1296 5768 Judaicus
1315 5709 1542 5783 populus
1563 5706 1814 5763 laudabat

241 5837 396 5887 eum,
425 5826 482 5874 et
508 5825 567 5872 ut
593 5812 729 5870 certi
770 5810 937 5865 simus
966 5804 1106 5876 quod
1124 5805 1236 5876 jam
1264 5802 1405 5857 Deus
1428 5816 1535 5857 non
1566 5799 1661 5854 dat
1688 5806 1818 5854 tem-

245 5911 454 5984 poralia
490 5909 654 5972 bona,
686 5902 881 5977 quibus
914 5896 1153 5975 negatis,
1195 5893 1380 5949 laudes
1420 5891 1673 5948 deﬁciunt
1698 5905 1816 5945 car-

1867 2203 2019 2267 bere,
2048 2209 2103 2255 et
2121 2197 2233 2269 jam
2262 2212 2366 2252 non
2398 2191 2733 2265 temporalia,
2771 2190 2863 2245 sed
2893 2187 3064 2243 solum
3099 2187 3266 2241 Deum
3294 2197 3444 2254 quae-

1869 2308 2011 2349 rere.
2043 2289 2278 2346 Intentio
2319 2296 2433 2352 est,
2467 2296 2811 2354 compescere
2849 2278 3149 2348 simplices,
3196 2291 3266 2330 ne
3302 2289 3449 2328 mur-

1870 2391 2091 2441 murent
2116 2381 2184 2437 de
2208 2379 2475 2436 malorum
2497 2373 2855 2447 prosperitate
2893 2379 2949 2425 et
2974 2371 3236 2426 bonorum
3261 2366 3449 2420 adver—

1873 2476 2055 2532 sitate.
2472 2536 2477 2543 κ

1944 2568 2147 2624 Videns
2167 2579 2297 2635 ergo
2317 2562 2579 2633 quosdam
2606 2557 2879 2630 simplices
2902 2554 3075 2609 adhuc
3096 2566 3299 2614 errare,
3310 2546 3452 2618 judi-

1875 2668 2060 2718 cantes
2085 2660 2251 2713 Deum
2278 2668 2615 2726 perversum,
2648 2649 2741 2719 qui
2767 2648 2924 2702 malis
2941 2658 3198 2716 prospera
3229 2643 3452 2704 tribuat,

1875 2761 1931 2808 et
1958 2750 2071 2806 suis
2100 2746 2241 2804 mala
2280 2742 2558 2809 conferat,
2584 2752 2932 2809 compescens
2960 2750 3148 2790 eorum
3178 2745 3450 2791 errorem,

1877 2843 2049 2900 dicit:
2090 2842 2135 2897 0
2170 2858 2188 2891 ι
2224 2839 2367 2893 Deus
2391 2833 2556 2890 lsrael
2593 2852 2612 2885 ι
2654 2828 2744 2903 qui
2780 2830 2873 2885 tibi
2901 2829 3114 2884 videtur
3145 2839 3453 2897 perversos,

1875 2950 2040 3007 quam
2095 2934 2268 2988 bonus
2302 2949 2320 2983 ι
2365 2935 2481 2992 est,
2514 2926 2566 2981 id
2606 2933 2691 2980 est
2738 2921 2945 2978 inﬁnite
2980 2920 3153 2975 bonus
3183 2923 3285 2971 est.
3332 2910 3454 2977 Vel,

1883 3044 1902 3079 ι
1930 3025 2073 3081 Deus
2100 3018 2266 3079 lsrael
2285 3039 2303 3072 ›
2340 3032 2503 3089 quam
2531 3016 2704 3071 bonus
2725 3022 2830 3080 est,
2851 3026 2971 3083 quae
2993 3009 3207 3066 bonitas
3227 3022 3332 3060 non
3358 3020 3453 3073 ap-

1878 3125 2035 3189 paret
2061 3114 2312 3171 omnibus
2349 3109 2691 3173 hominibus,
2723 3105 2818 3161 sed
2852 3124 2870 3156 ι
2906 3103 2989 3159 his
3026 3101 3118 3173 qui
3151 3108 3299 3155 recto
3332 3105 3457 3151 sunt

1884 3209 2068 3273 corde,
2105 3226 2124 3260 ›
2154 3204 2209 3261 id
2235 3212 2320 3260 est
2347 3202 2440 3273 qui
2471 3207 2723 3272 reputant
2753 3196 2969 3252 utiliora
2995 3209 3115 3252 esse
3144 3182 3369 3247 adversa
3406 3180 3458 3242 in

1808 3278 1854 3343 (ἶ
1886 3300 1991 3381 hac
2016 3296 2149 3361 vita,
2176 3309 2341 3365 quam
2370 3304 2646 3363 prospera.

1959 3374 2059 3445 Hic
2086 3388 2276 3458 incipit
2306 3362 2545 3440 errorem
2575 3395 2732 3437 suum
2753 3368 3042 3449 esponcre.
3075 3362 3459 3458 Continuatio:

1887 3442 2335 3543 Modovconﬁ'teor
2357 3479 2528 3533 Deum
2552 3468 2752 3532 bonum
2779 3442 2931 3537 esse,
2961 3467 3053 3525 sed
3089 3465 3217 3523 olim
3251 3484 3268 3517 ι
3302 3442 3465 3535 pedes

1886 3580 2026 3643 mei,
2066 3597 2088 3631 ι
2131 3577 2185 3632 id
2218 3582 2303 3631 est
2329 3570 2639 3626 aﬁ'ectiones
2664 3558 2829 3631 meae,
2871 3584 2889 3617 ι
2922 3578 3059 3635 pene
3098 3559 3231 3616 moti
3270 3550 3394 3614 sunt
3434 3575 3451 3605 ι

1891 3684 1922 3724 a
1950 3669 2100 3723 Deo:
2131 3674 2188 3721 et
2206 3678 2312 3719 non
2346 3669 2553 3717 tantum
2580 3658 2916 3718 voluntates,
2960 3652 3054 3708 sed
3095 3651 3256 3707 etiam
3301 3663 3466 3720 opera

1890 3772 2027 3833 pene
2066 3761 2410 3813 recesserunt
2450 3767 2481 3806 a
2526 3751 2657 3817 Deo,
2688 3750 2755 3803 ad
2789 3744 3058 3802 culturam
3094 3740 3382 3804 idolorum,
3415 3747 3469 3794 et

1891 3828 1995 3908 hoc
2015 3856 2120 3914 est,
2155 3866 2175 3899 ι
2207 3860 2425 3920 gressus
2450 3841 2589 3907 mei,
2635 3858 2654 3891 ι
2699 3828 2753 3893 id
2781 3843 2865 3893 est
2888 3847 3049 3904 opera
3090 3846 3239 3898 mea,
3277 3846 3295 3880 ί
3332 3841 3470 3899 pene

1891 3951 2018 4000 sunt
2040 3924 2213 4005 eﬁ'usi,
2248 3957 2268 3989 ι
2299 3936 2352 3993 id
2374 3943 2456 3991 est
2483 3926 2821 4004 praecipitati.

1963 4051 2110 4118 Ideo,
2145 4068 2164 4101 ι
2194 4049 2321 4120 quia
2346 4045 2515 4102 zelavi
2539 4056 2702 4113 super
2726 4037 2960 4108 iniquos,
2992 4053 3012 4087 ι
3044 4020 3097 4089 id
3125 4040 3209 4088 est
3232 4029 3473 4120 indigna-

1891 4116 2103 4200 tionem
2132 4116 2294 4193 babui
2323 4134 2389 4188 de
2418 4129 2649 4201 iniquis,
2696 4143 2716 4179 (
2749 4124 2937 4178 videns
2974 4135 3163 4191 pacem
3183 4159 3198 4185 ,
3238 4138 3255 4170 ι
3299 4116 3351 4173 id
3386 4124 3472 4171 est

1896 4229 2343 4302 tranquillitatem
2367 4224 2581 4279 illorum
2614 4238 2631 4273 ε
2665 4223 3030 4290 peccatorum.
3069 4232 3088 4265 ι

1964 4327 2088 4384 Ideo
2119 4323 2389 4380 habebant
2422 4332 2611 4388 pacem
2633 4357 2649 4382 ,
2693 4332 2712 4364 ι
2744 4311 2870 4383 quia
2903 4329 2923 4363 ι
2961 4309 3012 4363 in
3038 4306 3146 4363 illis
3190 4326 3208 4358 ι
3244 4319 3350 4361 non
3388 4310 3472 4359 est

1896 4426 2175 4491 respectus
2203 4413 2362 4470 morti
2400 4424 2607 4472 eorum,
2630 4394 2666 4460 ἰ
2700 4403 2756 4461 id
2783 4410 2866 4459 est
2889 4415 2995 4457 non
3025 4398 3309 4455 attendunt
3331 4412 3450 4451 mor

1899 4487 2008 4569 tem
2034 4522 2207 4572 suam,
2235 4517 2395 4576 quam
2427 4500 2473 4557 si
2503 4498 2863 4561 attenderent,
2906 4501 2963 4548 et
3001 4489 3290 4561 unicuique
3331 4487 3475 4558 quod

1903 4602 2161 4660 reddatur
2182 4598 2237 4653 in
2264 4600 2438 4651 morte
2458 4606 2557 4664 pro
2585 4587 2795 4645 meritis
2812 4627 2827 4653 ,
2857 4599 2963 4641 non
2997 4582 3262 4638 baberent
3289 4594 3476 4651 pacem

1903 4700 1959 4750 et
1983 4686 2398 4762 prosperitatem
2430 4676 2589 4751 hujus
2630 4678 2786 4743 vita),
2829 4674 2922 4731 sed
2951 4674 3214 4745 lugerent,
3259 4677 3315 4725 et
3358 4669 3479 4725 ideo

1907 4760 2013 4838 non
2041 4760 2243 4835 habent
2268 4788 2456 4847 pacem
2483 4781 2536 4827 et
2564 4767 2998 4842 prOSperitatem,
3034 4764 3161 4835 quia
3192 4781 3211 4815 ι
3241 4760 3296 4818 in
3317 4760 3476 4832 plaga

1907 4886 2119 4936 eorum,
2154 4889 2171 4922 ι
2200 4868 2255 4923 id
2288 4874 2371 4922 est
2393 4865 2447 4920 in
2478 4861 2792 4917 vulneribus
2812 4857 3084 4921 vitiorum,
3102 4870 3208 4911 non
3230 4862 3314 4909 est
3343 4872 3363 4905 «
3385 4853 3478 4907 ﬁr—

1909 4971 2260 5026 mamentum,
2297 4978 2316 5011 ι
2351 4956 2476 5028 quia
2499 4953 2602 5009 etsi
2632 4952 2773 5006 Deus
2799 4949 2978 5021 aliqua
3025 4945 3338 5002 inﬁrmitate
3369 4958 3481 4997 mo-

1908 5064 2063 5113 verat
2089 5068 2182 5109 eos
2203 5050 2271 5105 ad
2298 5045 2761 5119 compunctionem
2780 5083 2795 5109 ,
2827 5057 2931 5097 non
2960 5050 3139 5094 tamen
3165 5035 3448 5090 ﬁrmantur
3465 5074 3481 5100 ,

1910 5146 2051 5218 quod
2066 5150 2287 5214 peccata
2301 5153 2485 5194 eorum
2500 5148 2721 5206 prorsus
2736 5140 2993 5188 sanentur
3006 5135 3060 5183 et
3070 5125 3480 5180 conﬁrmentur.

1912 5208 2008 5294 lci
2034 5208 2209 5299 aliter,
2230 5246 2339 5286 non
2360 5237 2444 5284 est
2463 5245 2483 5279 ς
2519 5235 2796 5294 respectus
2833 5242 2850 5275 ι
2879 5219 3073 5275 divinae
3100 5208 3483 5273 misericordiae

1917 5348 1937 5384 ι
1973 5328 2135 5386 morti
2164 5338 2350 5382 eorum
2370 5362 2384 5389 ,
2418 5341 2436 5372 ι
2470 5320 2523 5375 id
2563 5327 2779 5375 estnon
2813 5313 2907 5369 dat
2947 5311 3091 5366 Deus
3127 5310 3218 5389 eis;
3247 5300 3483 5376 aliquam

1913 5417 2331 5479 tribulationem,
2360 5427 2458 5483 per
2481 5424 2640 5481 quam
2663 5423 2691 5461 a
2718 5412 2889 5460 morte
2908 5402 3100 5458 animae
3127 5386 3484 5461 redimantur,

1914 5512 2001 5568 vel
2027 5506 2260 5580 aliquam
2291 5504 2455 5558 mittit
2488 5499 3033 5580 adversitatem,lnon
3055 5501 3233 5546 tamen
3262 5502 3482 5553 eorum,

1918 5605 2011 5664 sed
2040 5574 2211 5675 plagis
2237 5612 2446 5662 eorum,
2491 5592 2544 5647 id
2578 5597 2663 5646 est
2698 5584 2803 5643 non
2833 5574 2925 5643 dat
2954 5584 3116 5639 talem
3154 5597 3272 5651 qua:
3312 5578 3491 5634 ﬁrmet

1920 5715 2012 5756 eos
2044 5670 2165 5762 vitai,
2211 5700 2270 5747 ut
2312 5695 2531 5762 peccata
2558 5696 2782 5762 prorsus
2809 5678 3105 5740 deleantur,
3135 5683 3191 5729 et
3218 5672 3395 5727 anima
3435 5670 3491 5725 in

1918 5793 2123 5848 virtute
2147 5756 2361 5857 propria
2391 5756 2729 5835 restitua'tur.
2755 5770 3018 5842 Loquitur
3038 5767 3102 5824 de
3122 5765 3232 5821 Deo
3253 5763 3318 5818 ad
3342 5760 3493 5853 simi-

1922 5844 2202 5941 litudinem
2242 5844 2454 5935 medici,
2484 5867 2575 5939 qui
2606 5880 2730 5922 cum
2758 5860 3043 5936 prmnoscit
3080 5864 3341 5929 aegrotum
3381 5844 3489 5911 non

2560 6138 2569 6147 τ
2598 6138 2603 6143 -
2627 6125 2827 6157 ’νεέεῖ-α-
