3940 6492
410 403 517 466 459

868 396 1223 455 HAYMONIS
1260 391 1735 452 HALBERSTAT.
1776 389 1989 447 EPISC.
2033 387 2181 445 OPP.
2225 390 2406 447 PARS
2444 389 2485 445 ἰ.
2527 417 2598 433 --
2634 386 2990 445 COMMENT.
3029 385 3203 442 BIBL.

3562 387 3683 445 440

413 535 573 594 posse
593 515 842 579 evadere,
860 512 994 569 nihil
1009 512 1060 567 ei
1082 508 1364 583 prohibet:
1393 506 1473 562 sic
1489 506 1653 571 Deus,
1669 518 1807 575 quos
1827 502 1988 557 morti
2016 501 2232 585 AjDeus
2262 502 2491 573 injustus
2518 512 2601 559 est
2624 520 2637 557 :
2679 502 2775 558 sed
2801 501 2954 572 ponit
2979 500 3300 557 defectivam
3329 503 3645 562 orationem
3665 548 3682 573 ,

414 593 633 685 praescit
655 604 1081 679 praedestinatos,
1119 599 1299 656 omnia
1325 598 1504 652 facere
1531 593 1814 661 concedit,
1840 600 1897 648 et
1923 593 1993 648 ab
2094 595 2220 665 quia
2246 595 2409 651 nimis
2434 602 2621 665 aperta
2645 593 2912 649 calumnia
2940 601 3085 650 esset
3113 603 3301 651 contra
3327 595 3520 652 Deum.

418 703 575 760 istius
599 697 785 755 mundi
812 693 1167 768 prosperitate
1193 705 1301 746 non
1328 688 1578 745 retrahit.

488 794 629 848 Vere
649 811 667 843 ι
696 806 806 847 non
832 794 914 843 est
935 792 1210 856 respectus
1230 782 1393 837 morti
1417 794 1627 845 eorum,
1650 798 1669 833 ι
1702 778 1829 849 quia
1850 775 1995 832 nulla

419 890 687 946 medicina
733 882 1014 941 adhibetur
1049 879 1169 935 eis:
1209 893 1336 932 nam
1371 895 1390 928 ι
1418 891 1526 931 non
1556 882 1683 930 sunt
1718 872 1774 928 in
1811 871 1999 927 labore

419 982 717 1040 hominum,
759 996 778 1028 ι
812 974 865 1029 id
887 980 970 1028 est
996 967 1418 1033 rationabilium,
1450 974 1512 1020 ut
1536 963 1776 1036 vigilent,
1814 961 1897 1017 vel
1919 961 1999 1015 vi-

419 1086 569 1140 vant,
593 1070 675 1124 vel
698 1066 900 1137 aliquid
926 1063 1031 1118 tale
1056 1062 1292 1116 faciant:
1323 1078 1343 1112 ι
1379 1066 1435 1113 et
1462 1077 1481 1108 ι
1511 1065 1795 1128 propterea
1831 1071 1851 1104 ι
1878 1067 2001 1109 cum

366 1183 376 1201 ι
420 1163 726 1221 hominibus
766 1175 872 1215 non
901 1155 1307 1228 flagellabuntur
1337 1172 1355 1205 ι
1390 1152 1458 1208 ab
1480 1150 1569 1206 illo
1593 1149 1686 1220 qui
1720 1169 1738 1202 ι
1771 1145 2002 1220 ﬂagellat

420 1270 635 1313 omnem
665 1252 835 1306 filium
863 1264 1021 1319 quem
1053 1246 1242 1317 recipit
1271 1242 1428 1315 (Heb.
1463 1242 1583 1313 xu).
1621 1260 1642 1292 ι

493 1346 562 1400 Ει
595 1346 722 1414 quia
751 1358 848 1413 per
877 1356 936 1395 se
974 1353 1147 1408 neque
1180 1337 1422 1397 laborat,
1450 1346 1623 1402 neque
1653 1347 1684 1386 a
1712 1329 1824 1385 Deo
1851 1347 1870 1380 ι
1904 1327 2003 1383 lla-

422 1438 782 1512 gellabuntur,
806 1453 824 1485 »
844 1441 897 1488 et
920 1430 1163 1485 obtinent
1189 1425 1600 1497 prosperitatem
1623 1419 1781 1489 hujus
1803 1417 2003 1484 saeculi,

428 1508 449 1580 ἶ
481 1528 599 1583 ideo
627 1523 877 1595 superbia
906 1520 1077 1577 tenuit
1100 1533 1193 1574 eos
1229 1537 1248 1569 ι
1291 1515 1446 1586 quasi
1477 1510 1800 1584 quibusdam
1834 1508 2008 1564 mani-

423 1622 556 1685 bus,
602 1634 668 1673 ne
697 1615 897 1672 auferri
927 1614 1173 1687 possint:
1219 1620 1276 1667 et
1312 1626 1379 1665 ne
1418 1608 1744 1678 resipiscant
1777 1624 1796 1657 ‹
1832 1604 2008 1675 operti

426 1720 597 1777 sunt,
618 1730 635 1761 )
668 1710 722 1764 id
750 1716 833 1764 est
860 1706 1080 1763 involuti
1124 1724 1142 1757 ι
1177 1704 1459 1774 iniquitate
1498 1721 1515 1754 ι
1547 1701 1703 1771 quasi
1729 1699 1797 1755 ad
1821 1696 2009 1770 proxi-

428 1820 597 1868 mum,
631 1822 648 1853 ‹
686 1811 739 1858 et
766 1801 1042 1872 impietate
1069 1812 1184 1863 sua,
1224 1816 1241 1847 ι
1277 1796 1329 1850 id
1366 1803 1451 1851 est
1478 1793 1814 1864 blasphemia
1856 1790 2010 1861 quasi

426 1895 494 1950 ad
528 1862 693 1947 Deum
727 1911 738 1946 :
774 1911 791 1943 ‹
825 1862 918 1945 sua
955 1911 973 1943 ι
994 1889 1143 1955 dicit,
1170 1887 1295 1958 quia
1316 1901 1384 1942 ex
1405 1902 1487 1952 se,
1512 1862 1619 1941 non
1633 1883 1826 1939 exDeo
1850 1882 2012 1938 habet
2038 1862 2087 1924 Β

426 1985 586 2042 homo
611 1984 923 2055 nequitiam.

496 2079 564 2134 Et
591 2094 698 2132 non
742 2074 940 2131 suﬂicit
985 2072 1064 2128 eis
1100 2086 1220 2127 esse
1263 2068 1435 2125 malos
1474 2068 1531 2124 in
1577 2082 1654 2132 se,
1702 2066 1797 2124 sed
1845 2066 2009 2120 etiam

432 2189 454 2226 ι
488 2168 690 2242 prodiit
724 2187 742 2219 ι
787 2167 843 2222 in
889 2171 1075 2235 aperto
1118 2180 1135 2213 ί
1172 2160 1429 2230 iniquitas
1474 2172 1695 2223 eorum,
1741 2150 2011 2226 quasiex

428 2262 604 2332 adipe,
644 2280 662 2312 ι
699 2259 752 2314 id
777 2246 863 2313 ‘est
887 2270 955 2311 ex
980 2252 1347 2324 superfluitate
1377 2249 1685 2305 divitiarum
1714 2263 1743 2332 a
1767 2246 2013 2302 similitu-

430 2331 554 2404 dine
582 2345 795 2417 pinguis
812 2339 1080 2405 animalis,
1103 2339 1243 2394 sicut
1265 2336 1426 2401 tauri,
1444 2344 1502 2389 ut
1532 2334 1661 2389 dent
1687 2331 1807 2388 aliis
1827 2347 2012 2386 exem-

429 2442 577 2514 plum
606 2437 972 2510 superbiendi,
1005 2443 1059 2491 et
1083 2433 1327 2504 deposito
1361 2431 1507 2487 omni
1535 2430 1751 2494 timore,
1783 2445 1802 2478 ι
1837 2435 2014 2481 trans-

432 2533 615 2588 ierunt
642 2550 660 2582 ι
694 2535 989 2585 humanum
1033 2541 1261 2589 morem,
1310 2522 1591 2580 tendentes
1624 2539 1643 2571 ι
1677 2520 1732 2574 in
1761 2518 2014 2576 affectum

433 2618 614 2677 cordis
645 2638 665 2672 ι
702 2617 940 2682 scilicet,
993 2623 1052 2669 ut
1092 2614 1421 2685 impleretur,
1451 2611 1596 2681 quod
1632 2610 1795 2665 corda
1826 2622 2014 2664 eorum

434 2709 831 2767 desiderabant.

502 2801 572 2856 Et
600 2801 705 2855 hoc
729 2815 835 2854 non
866 2797 1023 2869 quasi
1052 2812 1117 2853 ex
1142 2794 1434 2866 improviso
1469 2794 1734 2860 fecerunt,
1769 2793 1865 2849 sed
1887 2807 2010 2847 cum

436 2908 629 2965 magna
659 2892 953 2948 attentione
974 2910 991 2941 ε
1014 2890 1389 2962 cogitaverunt
1415 2887 1732 2958 nequitiam,
1764 2905 1781 2937 ι
1808 2893 1863 2941 et
1882 2886 2017 2941 adeo

435 2987 579 3042 bona
609 2984 721 3040 visa
751 2992 833 3040 est
850 2984 930 3037 eis
951 2982 1207 3052 nequitia,
1239 2980 1382 3050 quod
1412 2998 1431 3031 ί
1452 2979 1615 3035 etiam
1636 2977 1800 3033 locuti
1823 2983 1969 3042 sunt,
1991 2996 2010 3029 ι

438 3077 495 3133 id
529 3084 613 3132 est
641 3076 774 3131 alios
802 3075 1100 3129 docuerunt
1129 3071 1465 3143 nequitiam:
1499 3077 1554 3126 et
1583 3070 1749 3125 etiam
1794 3087 1813 3120 ι
1851 3067 2019 3124 locuti

438 3179 564 3226 sunt
608 3168 979 3240 iniquitatem,
1013 3186 1031 3219 ι
1064 3176 1121 3221 et
1146 3167 1286 3221 hanc
1320 3165 1658 3237 iniquitatem
1693 3162 2020 3219 determinat

436 3270 626 3335 postea
657 3279 676 3313 ι
719 3260 772 3315 in
798 3259 1033 3325 excelso,
1069 3279 1087 3310 ι
1122 3257 1177 3313 id
1201 3265 1285 3312 est
1312 3257 1366 3311 in
1394 3256 1645 3328 superbia
1670 3270 1787 3312 sua.

508 3354 648 3412 Ecce
681 3372 701 3406 ι
728 3353 1065 3424 iniquitatem
1096 3371 1114 3403 ι
1150 3365 1313 3422 quam
1344 3348 1550 3406 «locuti
1576 3357 1721 3415 sunt,
1747 3368 1766 3400 ι
1790 3346 2014 3412 scilicet,

448 3467 467 3501 ι
490 3453 785 3520 posuerunt
806 3444 861 3499 in
883 3442 1080 3500 coelum
1101 3459 1164 3499 os
1181 3458 1360 3508 suum,
1383 3462 1402 3494 ι
1430 3440 1637 3497 scilicet
1654 3438 2016 3509 blasphemias

437 3548 627 3598 contra
650 3539 817 3593 Deum
850 3554 870 3587 ι
889 3536 1051 3591 locuti
1072 3543 1216 3601 sunt,
1234 3542 1290 3589 et
1308 3533 1486 3604 lingua
1508 3546 1694 3587 eorum
1721 3529 1974 3586 transivit
1992 3548 2011 3582 ι

436 3635 657 3691 modum
680 3630 1050 3695 humanitatis,
1083 3627 1329 3701 quamvis
1360 3626 1434 3681 illi
1456 3631 1637 3681 essent
1669 3643 1688 3676 ι
1725 3624 1780 3679 in
1810 3631 1955 3679 terra
1993 3640 2012 3673 ι

434 3723 761 3790 habitantes,
793 3722 848 3778 in
877 3736 985 3794 quo
1007 3726 1229 3792 apparet
1252 3718 1488 3773 maxima
1517 3732 1706 3774 eorum
1731 3714 2014 3786 superbia,

436 3825 501 3874 ut
525 3831 647 3872 cum
677 3815 732 3870 in
758 3822 903 3870 terra
933 3814 1061 3879 sint,
1098 3812 1166 3867 de
1198 3810 1308 3866 Deo
1336 3809 1600 3865 altissimo
1625 3806 1916 3879 loquantur
1936 3821 2021 3861 su-

434 3908 678 3982 perbiam
694 3921 867 3961 suam.
887 3902 984 3959 Vel
1003 3921 1022 3955 ι
1046 3903 1229 3973 lingua
1248 3916 1435 3956 eorum
1454 3898 1704 3954 transivit
1723 3918 1741 3949 ι
1768 3897 1905 3954 alios
1923 3911 2022 3967 po-

436 4002 574 4061 sitos
595 4003 653 4057 in
678 4010 844 4065 terra,
868 3996 1106 4053 deterius
1127 4010 1290 4065 quam
1318 3992 1407 4047 alii
1435 3992 1637 4047 terreni
1658 3990 1945 4062 loquendo.

519 4112 540 4145 ι
574 4093 701 4147 Ideo
725 4095 1090 4146 convertetur.
1131 4106 1150 4138 ι
1184 4084 1319 4139 Pars
1344 4082 1601 4139 secunda.
1639 4081 1754 4138 Hoc
1777 4081 2023 4138 conside-

437 4195 581 4250 rato,
595 4184 724 4255 quia
744 4181 1075 4253 prosperitas
1095 4193 1283 4234 eorum
1306 4177 1457 4234 ducit
1474 4177 1531 4233 in
1552 4176 1879 4247 superbiam,
1893 4173 2024 4232 facit

436 4280 605 4338 etiam
631 4275 777 4346 loqui
816 4274 1190 4345 iniquitatem:
1238 4290 1257 4323 ι
1294 4271 1414 4327 ideo
1448 4270 1676 4343 populus
1698 4286 1873 4339 meus,
1911 4293 1930 4325 ι
1967 4272 2024 4328 id

438 4381 523 4429 est
548 4372 681 4428 mihi
707 4367 1030 4435 consimilis,
1058 4368 1125 4424 de
1153 4382 1262 4438 quo
1289 4382 1390 4439 ego
1420 4382 1558 4422 unus
1586 4382 1728 4433 sum,
1757 4386 1776 4417 ι
1799 4380 2025 4423 conver-

441 4473 588 4524 tetur
617 4484 637 4517 ι
677 4464 745 4520 ab
769 4476 990 4527 errore,
1030 4476 1098 4515 ne
1129 4467 1411 4515 moveatur
1451 4473 1579 4529 erga
1621 4457 1813 4514 divites
1855 4457 2025 4514 malos

2043 3227 2090 3292 C

2166 686 2290 742 Ideo
2313 686 2434 742 dico
2454 686 2598 757 quod
2624 687 2766 743 Deus
2787 686 2874 742 vel
2905 702 3012 743 non
3036 688 3310 759 disponat,
3337 691 3421 746 vel
3444 692 3689 763 injustas

2097 778 2201 846 sit,
2243 779 2372 850 quia
2408 797 2427 830 ι
2460 792 2589 834 ecce
2627 797 2646 830 ι
2678 778 2734 833 in
2759 777 3047 835 manifesto
3071 787 3186 846 est,
3234 799 3254 832 ι
3289 781 3391 852 ipsi
3418 791 3686 853 peccato-

2098 886 2216 938 res,
2256 879 2310 925 et
2337 870 2670 925 abundantes
2710 869 2767 923 in
2810 868 3006 925 sreculo
3036 888 3054 921 ι
3088 870 3232 940 quod
3271 871 3487 926 videtur
3524 873 3692 930 valde

2100 960 2380 1032 injustum,
2412 960 2554 1031 quod
2580 970 2636 1015 et
2662 969 2976 1032 peccatores
3004 961 3133 1027 sint,
3173 970 3228 1016 et
3255 972 3687 1034 prosperentur,

2107 1072 2127 1105 ί
2161 1053 2512 1109 obtinuerunt
2525 1052 2741 1108 divitias
2757 1092 2772 1118 ,
2802 1070 2821 1105 ι
2845 1051 2971 1123 quia
2996 1051 3263 1123 si‘aliquis
3282 1053 3457 1110 voluit
3481 1057 3562 1111 eis
3587 1070 3688 1111 an-

2101 1142 2266 1210 ferre,
2296 1158 2402 1199 non
2430 1144 2626 1214 potuit.

2172 1237 2252 1292 llli
2277 1237 2550 1303 dixerunt,
2580 1254 2601 1288 ι
2628 1244 2685 1292 et
2710 1256 2730 1288 ι
2758 1250 2859 1308 ego
2877 1250 3069 1291 errans
3090 1235 3381 1308 aliquando
3400 1236 3548 1294 sicut
3564 1239 3688 1310 ipsi,

2110 1347 2130 1382 ι
2163 1329 2274 1384 dixi
2301 1349 2319 1381 ι
2352 1327 2786 1399 quandoquidem
2814 1327 2887 1382 ita
2912 1335 3227 1397 peccatores
3248 1328 3533 1383 abundant
3558 1329 3693 1384 divi-

2106 1420 2216 1486 tiis,
2247 1438 2265 1471 ‹
2287 1434 2418 1490 ergo
2444 1440 2463 1473 ι
2494 1434 2592 1491 ego
2622 1437 2641 1470 ι
2673 1419 2791 1475 sine
2814 1434 2979 1475 causa
2995 1417 3289 1487 iustificari
3309 1435 3410 1475 cor
3432 1435 3635 1485 meum,
3667 1443 3686 1475 ι

2106 1512 2162 1568 id
2187 1520 2272 1569 est
2296 1512 2630 1567 voluntatem
2651 1527 2866 1567 meam:
2901 1530 2920 1563 ι
2952 1520 3007 1568 et
3037 1529 3230 1569 manus
3264 1529 3438 1580 meas,
3475 1535 3497 1567 ι
3536 1516 3588 1570 id
3616 1528 3693 1572 est

2107 1619 2271 1675 opera
2298 1619 2438 1669 mea,
2473 1622 2493 1656 ‹
2527 1603 2658 1670 lavi,
2693 1623 2712 1656 ι
2746 1604 2799 1659 id
2821 1611 2905 1658 est
2934 1603 3181 1676 purgavi,
3214 1622 3236 1655 ι
3268 1604 3416 1660 inter
3440 1605 3695 1661 innocen-

2108 1702 2191 1751 tes
2227 1713 2245 1748 ι
2280 1704 2342 1750 ut
2360 1709 2537 1751 essem
2560 1693 2627 1750 de
2656 1708 2882 1749 numero
2910 1709 3120 1749 eorum.

2180 1786 2250 1843 Et
2277 1787 2439 1842 etiam
2468 1786 2589 1842 sine
2612 1799 2777 1841 causa
2811 1802 2831 1836 ι
2861 1783 2939 1839 fui
2963 1783 3261 1856 flagellatur.
3289 1803 3309 1838 ι
3332 1800 3436 1855 per
3458 1786 3694 1858 discipli-

2113 1893 2240 1934 nam
2264 1875 2359 1933 Dei
2399 1896 2418 1928 ι
2454 1885 2569 1934 tota
2595 1877 2704 1942 die,
2742 1898 2760 1930 ι
2790 1877 2843 1932 id
2874 1885 2960 1932 est
2985 1876 3230 1943 assidue,
3266 1896 3287 1930 ¢
3325 1886 3383 1934 et
3410 1880 3696 1952 castigatio

2115 1986 2235 2028 mea
2270 1991 2289 2024 ι
2319 1986 2479 2043 quam
2529 1979 2718 2026 contra
2766 1954 3076 2036 libidine'm,
3121 1978 3176 2026 et
3221 1971 3481 2029 similiter
3512 1985 3693 2030 contra

2114 2074 2309 2121 caetera
2336 2063 2467 2117 vitia
2494 2060 2848 2128 refrenanda,
2885 2059 3104 2117 exhibui
3132 2080 3151 2112 ‹
3179 2062 3233 2116 in
3256 2064 3567 2130 matutinis,
3599 2083 3619 2116 ι
3650 2062 3696 2120 id

2113 2164 2196 2213 est
2243 2155 2517 2211 studiose:
2558 2154 2683 2225 quia
2711 2168 2825 2209 rem
2859 2168 3022 2225 quam
3052 2153 3291 2210 studiose
3330 2153 3607 2222 facimus,
3648 2158 3695 2211 in

2114 2262 2273 2304 mane
2304 2247 2589 2317 incipimus
2613 2263 2626 2299 :
2648 2244 2750 2300 fuit
2781 2264 2801 2297 ι
2823 2245 2940 2301 sine
2956 2260 3117 2302 causa
3133 2286 3148 2310 ,
3172 2265 3192 2298 ι
3221 2245 3274 2301 id
3299 2254 3384 2302 est
3404 2248 3527 2303 sine
3555 2249 3694 2304 utili-

2118 2349 2246 2397 tate.
2284 2341 2469 2395 Potest
2499 2339 2664 2395 etiam
2693 2339 2809 2394 haec
2850 2338 3029 2394 littera
3059 2339 3163 2408 legi
3213 2341 3536 2409 suspensive
3574 2360 3587 2393 :
3629 2341 3693 2394 ita

2116 2450 2247 2506 ergo
2275 2453 2293 2485 ι
2316 2431 2605 2502 justiﬁcavi
2630 2445 2727 2488 cor
2750 2446 2929 2487 meum
2949 2431 3068 2487 sine
3089 2446 3275 2499 causa,
3306 2451 3325 2483 ι
3350 2441 3409 2488 et
3453 2430 3695 2489 similiter

2117 2534 2334 2583 caetera.

2187 2617 2345 2673 Prius
2370 2616 2474 2672 hoc
2502 2615 2637 2684 dixi,
2667 2613 2763 2673 sed
2794 2625 2983 2687 postea
3013 2630 3349 2689 cognoscens
3376 2616 3691 2686 veritatem,

2123 2730 2143 2764 ι
2177 2712 2442 2776 dicebam,
2460 2709 2507 2766 si
2521 2711 2756 2767 narrabo
2772 2709 2851 2766 sic
2883 2729 2903 2762 ι
2926 2711 3070 2781 quod
3094 2731 3113 2764 ι
3144 2711 3262 2767 sine
3289 2726 3460 2767 causa
3487 2731 3506 2764 ι
3544 2713 3693 2767 homo

2125 2823 2144 2856 ι
2164 2819 2261 2860 cor
2277 2825 2298 2857 ›
2321 2818 2474 2859 suum
2485 2800 2766 2872 justificet,
2783 2811 2837 2857 et
2850 2818 3014 2873 opera
3031 2804 3280 2870 mundet,
3296 2812 3353 2860 et
3367 2813 3568 2859 extera
3584 2820 3692 2874 qua:

2120 2895 2263 2952 dicta
2293 2904 2440 2960 sunt,
2478 2914 2496 2947 ι
2527 2894 2644 2949 sine
2670 2908 2831 2948 causa
2859 2913 2877 2946 ι
2914 2892 3102 2960 faciat,
3129 2894 3235 2950 hoc
3254 2896 3588 2950 conveniens
3613 2910 3690 2949 se-

2118 2988 2303 3059 quitur
2318 3028 2333 3053 ,
2365 2987 2570 3044 scilicet
2588 3006 2607 3037 ‹
2630 3001 2758 3042 ecce
2769 2985 3017 3057 probavi,
3040 3004 3058 3037 ι
3080 2986 3134 3041 id
3149 2996 3235 3042 est
3261 2985 3691 3058 reprobamjudi—

2120 3084 2260 3151 cavi,
2284 3082 2422 3139 vela
2444 3096 2531 3139 me
2554 3082 2803 3153 separavi
2832 3100 2851 3133 ι
2883 3082 3156 3138 nationem
3182 3080 3415 3137 filiorum
3437 3090 3645 3137 tuorum
3669 3102 3684 3134 I

2118 3177 2415 3242 Abraham,
2453 3175 2626 3241 Isaac,
2671 3183 2725 3231 et
2767 3172 2966 3241 Iacob,
3010 3182 3067 3231 et
3104 3173 3365 3241 aliorum,
3394 3174 3496 3230 Vel
3525 3174 3687 3237 aliter,

2120 3266 2392 3334 dixerunt,
2420 3274 2513 3322 aut
2538 3265 2682 3322 Deus
2709 3266 2882 3321 nescit
2923 3267 3038 3320 haec
3064 3272 3280 3322 terrena
3301 3307 3317 3332 ,
3359 3274 3456 3320 aut
3485 3265 3529 3320 si
3565 3265 3688 3329 scit,

2118 3358 2351 3429 injustus
2396 3366 2513 3424 est,
2558 3365 2614 3412 et
2637 3357 2704 3411 ad
2732 3356 3116 3413 confutandam
3141 3372 3333 3412 eorum
3379 3356 3685 3414 sententiam

2119 3467 2219 3524 ego
2244 3452 2391 3507 dixi:
2420 3450 2479 3507 Si
2506 3448 2649 3505 Deus
2673 3458 2756 3506 est
2783 3450 2988 3505 inscius
3014 3449 3097 3506 vel
3128 3449 3382 3521 injustus,
3411 3459 3475 3506 ut
3500 3465 3590 3506 vos
3614 3449 3685 3503 di-

2119 3540 2263 3608 citis,
2310 3552 2437 3596 tunc
2474 3554 2574 3611 ego
2601 3546 2658 3595 et
2696 3538 2923 3610 quilibet
2951 3538 3041 3594 alii
3084 3538 3211 3595 boni
3254 3540 3461 3596 frustra
3506 3539 3684 3595 fuimus

2121 3635 2516 3692 correctionem
2552 3632 2649 3688 Dei
2677 3632 3027 3698 sustinentes,
3058 3632 3187 3703 quia
3224 3633 3366 3688 sicut
3404 3633 3533 3689 dicit
3557 3633 3686 3704 Apo-

2120 3725 2289 3784 stolus
2301 3725 2356 3799 (Ι
2372 3724 2493 3780 Cor.
2511 3724 2603 3797 xv)
2623 3743 2636 3779 :
2660 3742 2679 3776 ι
2700 3722 3110 3779 Miserabiliorcs
3124 3722 3375 3780 omnibus
3394 3724 3691 3779 hominibus

2120 3832 2330 3884 sumus,
2360 3838 2379 3871 ι
2411 3817 2457 3873 si
2479 3818 2623 3873 Deus
2650 3815 2880 3885 injustus
2896 3814 3153 3871 creditur.
3177 3814 3246 3870 Et
3273 3824 3461 3888 praeter
3485 3816 3690 3871 hocin-

2121 3910 2467 3975 conveniens,
2490 3907 2635 3964 aliud
2649 3907 3032 3963 inconveniens
3048 3906 3173 3962 inde
3187 3907 3539 3971 ostendebam,
3555 3909 3684 3977 quia

2121 4002 2406 4057 dicebam:
2443 4021 2461 4053 ι
2496 3998 2555 4057 Si
2581 4001 2816 4056 narrabo
2850 4000 2960 4066 sic,
2989 4019 3008 4050 ι
3041 3999 3095 4055 id
3127 4008 3213 4056 est
3247 4000 3412 4055 Deum
3434 3997 3692 4069 injustam

2122 4091 2207 4148 vel
2228 4092 2478 4159 inscium,
2507 4109 2526 4143 ι
2556 4097 2682 4147 ecce
2697 4090 2971 4147 nationem
2996 4089 3229 4146 ﬁliorum
3245 4089 3553 4160 reprobavi,
3586 4110 3606 4144 ι
3639 4101 3695 4146 ut

2123 4200 2305 4255 supra,
2321 4185 2448 4256 quia
2470 4183 2678 4240 scilicet
2697 4182 2971 4239 Abraham
2989 4192 3046 4239 et
3065 4181 3198 4239 alios
3226 4183 3432 4240 credidi
3455 4199 3560 4239 non
3580 4198 3695 4241 esse

2124 4288 2523 4343 remuneratos,
2554 4276 2641 4332 vel
2676 4296 2694 4329 ι
2730 4276 3044 4349 reprobavi,
3081 4297 3100 4329 ι
3135 4277 3187 4333 id
3225 4284 3309 4333 est
3338 4278 3485 4333 sensi
3514 4285 3694 4334 contra

2122 4386 2311 4427 omnes
2336 4368 2474 4426 ﬁlios
2501 4369 2619 4425 Dei.

2194 4469 2263 4527 Et
2286 4472 2532 4528 videbam
2557 4473 2660 4528 hoc
2685 4470 3071 4528 inconveniens
3094 4487 3161 4526 ex
3182 4471 3453 4527 sententia
3474 4470 3566 4526 illa
3583 4484 3689 4541 pro

438 4554 798 4646 Prospe'i‘a'fe
822 4553 982 4624 huius
1006 4551 1149 4617 νίιπυ
1180 4558 1240 4605 ιη
1267 4549 1339 4606 Sil
1370 4567 1390 4601 ί
1421 4550 1544 4617 hic,
1580 4568 1599 4602 ³
1637 4548 1689 4605 id
1717 4558 1801 4605 εει
1826 4550 1884 4646 ill
1917 4550 2021 4646 P30
2044 4584 2097 4646 ι)
2123 4563 2329 4628 venire,
2364 4562 2486 4619 ideo
2520 4581 2539 4615 α
2569 4561 2978 4628 existimabam,
3012 4581 3031 4615 ι
3071 4561 3126 4617 id
3152 4571 3237 4617 est
3270 4560 3691 4631 cognoscebam,

441 4646 725 4710 sententia,
757 4644 812 4699 in
837 4658 943 4713 qua
965 4656 1063 4714 ego
1085 4655 1202 4696 sum
1222 4655 1237 4694 :
1260 4648 1315 4696 et
1333 4647 1618 4711 postquam
1642 4640 1887 4695 conversi
1910 4639 2021 4697 fue~

440 4738 582 4805 rint,
618 4756 637 4789 ι
674 4736 1016 4792 inveniantur
1044 4735 1099 4788 in
1123 4733 1203 4789 eis
1242 4732 1386 4805 pleni
1424 4732 1538 4788 dies
1571 4751 1590 4785 ι
1636 4747 1735 4802 per
1769 4730 2017 4787 effectum

442 4846 622 4896 suum,
649 4829 773 4899 quia
802 4827 907 4883 erit
930 4828 983 4881 in
1008 4826 1089 4882 eis
1116 4826 1237 4890 hoc,
1256 4824 1401 4895 quod
1426 4822 1676 4879 effeetum
1699 4829 1783 4877 est
1810 4821 1865 4875 in
1889 4832 2020 4877 tem-

439 4937 574 4998 pore
599 4921 807 4994 gratiae,
836 4920 891 4975 id
912 4927 994 4974 est
1016 4926 1356 4987 contemptus
1384 4926 1744 4980 terrenarum,
1778 4922 1832 4972 et
1857 4926 2017 4983 appe-

440 5015 574 5073 titus
600 5013 924 5070 cmleStium.
951 5010 1048 5066 Vel
1079 5028 1096 5059 ι
1120 5007 1236 5064 dies
1264 5004 1439 5079 pleni,
1463 5026 1480 5058 ι
1516 5004 1570 5061 id
1597 5014 1681 5061 est
1701 5003 1911 5068 aeterni,
1936 5004 2014 5057 in-

438 5104 723 5181 venientur
756 5103 810 5157 in
835 5102 945 5168 eis,
974 5109 1030 5156 et
1053 5100 1098 5154 si
1127 5098 1287 5155 modo
1317 5113 1425 5153 non
1454 5102 1742 5167 appareat,
1775 5094 2012 5162 scilicet,

440 5198 569 5270 quia
604 5197 879 5252 habebunt
907 5193 1285 5249 aeternitatem.

509 5288 670 5346 Ponit
697 5286 839 5342 unde
868 5290 1288 5341 convertantur:
1318 5279 1481 5345 illud,
1510 5287 1565 5334 et
1608 5276 1894 5344 dixerunt,
1927 5292 2013 5333 re-

441 5381 600 5455 spicit
628 5380 697 5436 ad
721 5392 956 5449 sequens
977 5416 992 5443 ,
1022 5374 1113 5430 ubi
1142 5373 1292 5440 dicit,
1320 5390 1338 5423 ι
1364 5371 1563 5427 etdixi.
1591 5392 1609 5424 ι
1627 5370 1970 5428 Continuatio
1995 5387 2009 5424 :

439 5474 574 5534 Dico
609 5495 628 5527 ι
661 5478 1041 5535 convertetur,
1079 5489 1099 5521 ι
1143 5475 1198 5524 et
1221 5481 1443 5524 necesse
1468 5475 1553 5523 est
1574 5467 1656 5523 eis
1676 5508 1692 5534 ,
1723 5466 1850 5536 quia
1889 5474 2014 5522 ante

439 5569 856 5626 conversionem
900 5584 919 5616 ι
956 5564 1246 5619 dixerunt:
1279 5561 1548 5632 quomodo
1580 5561 1682 5617 scit
1724 5560 1866 5617 Deus
1906 5582 1925 5615 ›
1959 5569 2014 5616 et

440 5660 713 5733 quomodo
732 5667 907 5731 potest
928 5671 1050 5713 esse
1062 5671 1274 5720 verum,
1293 5655 1437 5725 quod
1464 5654 1606 5711 Deus
1632 5656 1878 5726 disponat
1899 5656 2015 5713 haec

441 5752 698 5809 terrena?
726 5751 952 5816 scilicet,
1001 5762 1107 5803 non
1152 5747 1424 5819 disponit:
1462 5767 1480 5799 ι
1516 5755 1572 5804 et
1604 5767 1623 5801 ι
1662 5750 1705 5803 si
1743 5748 2011 5819 disponit,

442 5846 546 5903 hoc
566 5854 683 5903 est:
719 5862 739 5897 ι
770 5843 814 5900 si
840 5850 923 5900 est
956 5841 1181 5899 scientia
1216 5841 1272 5898 in
1300 5841 1557 5901 excelso?
1591 5862 1610 5894 ι
1650 5841 1855 5898 scilicet
1883 5849 2010 5898 tunc

2121 4655 2263 4726 quod
2288 4653 2455 4710 habet
2481 4653 2585 4709 alia
2615 4651 2913 4720 translatio,
2949 4669 2969 4704 ι
2989 4662 3050 4707 ιιι
3074 4666 3459 4723 cognoscerem
3478 4670 3499 4704 ι
3532 4666 3691 4723 quare

2121 4747 2299 4818 impiis
2322 4745 2669 4817 prosperitas,
2701 4753 2755 4800 et
2784 4744 2942 4801 bonis
2979 4744 3136 4800 detur
3171 4759 3203 4798 a
3229 4743 3339 4799 Deo
3365 4744 3692 4810 adversitas,

2119 4845 2174 4893 et
2200 4856 2218 4888 ι
2250 4838 2352 4893 hoc
2389 4856 2407 4890 ι
2453 4852 2779 4908 cognoscere
2800 4877 2814 4901 ,
2848 4855 2867 4887 ι
2896 4843 2980 4890 est
3002 4834 3155 4891 labor
3173 4844 3300 4891 ante
3320 4851 3429 4903 me,
3450 4856 3471 4888 ι
3490 4835 3693 4894 scilicet

2119 4930 2368 4999 superior
2399 4943 2504 4982 me.
2547 4926 2647 4983 Vel
2680 4946 2699 4979 ι
2736 4938 2861 4983 ante
2900 4942 3017 4994 me,
3056 4946 3075 4977 ι
3119 4926 3173 4981 id
3200 4934 3285 4982 est
3323 4937 3585 4997 quantum
3625 4928 3691 4983 ad

2118 5020 2232 5075 haec
2260 5018 2564 5089 praesentia.

2194 5130 2210 5161 ‹
2246 5109 2424 5165 Labor
2459 5129 2477 5162 ι
2514 5109 2670 5177 dico,
2699 5127 2718 5161 ι
2749 5110 2919 5165 donec
2954 5110 3150 5165 intrem
3179 5129 3198 5163 ι
3224 5110 3467 5183 agilitate
3495 5110 3695 5168 mentis

2122 5219 2140 5253 ‹
2172 5201 2227 5256 in
2254 5199 2620 5256 sanctuarium
2648 5199 2765 5267 Dei,
2805 5220 2823 5253 ι
2869 5201 2922 5256 id
2950 5208 3034 5255 est
3073 5200 3125 5256 in
3155 5200 3441 5256 consilium
3470 5200 3597 5267 Dei,
3636 5202 3692 5257 id

2114 5301 2198 5375 est
2231 5292 2401 5348 donec
2429 5307 2529 5364 ego
2553 5292 2891 5350 considerem
2913 5308 3016 5364 qua
3038 5292 3376 5363 providentia
3407 5293 3554 5348 Deus
3588 5291 3690 5348 hoc

2115 5384 2279 5443 faciat
2316 5383 2491 5451 malis,
2534 5393 2588 5440 et
2616 5385 2720 5441 hoc
2747 5385 2926 5452 bonis,
2954 5384 3161 5441 scilicet
3187 5385 3330 5457 quod
3354 5385 3535 5457 impiis
3560 5401 3689 5457 pro-

2118 5491 2273 5546 spera
2295 5475 2404 5543 dat,
2420 5473 2567 5544 justo
2581 5474 2785 5545 judicio
2806 5490 2924 5542 suo,
2943 5475 3010 5530 ad
3026 5490 3211 5531 eorum
3234 5475 3653 5531 excaecationem
3670 5514 3691 5542 ,

2114 5566 2270 5623 bonis
2293 5582 2422 5643 vero
2447 5565 2609 5632 mala,
2640 5566 2707 5620 ad
2742 5580 2929 5621 eorum
2965 5565 3362 5637 purgationem.
3399 5562 3492 5618 Vel
3517 5563 3692 5620 donec

2121 5678 2138 5710 ‹
2168 5645 2222 5711 in
2253 5658 2617 5712 sanctuarium
2639 5655 2735 5712 Dei
2752 5698 2769 5723 ,
2796 5676 2816 5710 ι
2845 5656 2899 5713 id
2927 5666 3011 5712 est
3037 5657 3091 5711 in
3114 5664 3330 5712 sanctas
3352 5653 3687 5727 Scriptura.

2115 5763 2234 5819 qua:
2267 5748 2332 5802 de
2359 5747 2443 5802 his
2481 5749 2729 5804 omnibus
2760 5749 2999 5805 rationes
3029 5749 3289 5816 reddunt,
3324 5767 3345 5801 ι
3379 5756 3435 5805 et
3464 5767 3485 5802 ι
3521 5745 3690 5804 etiam

2116 5840 2298 5897 tandiu
2334 5840 2526 5898 c-labor
2540 5849 2644 5908 est,
2671 5863 2689 5895 ι
2712 5841 2883 5898 donec
2912 5858 2931 5894 ι
2959 5839 3256 5912 intelligam
3284 5860 3304 5894 ι
3333 5847 3512 5897 mente
3537 5838 3689 5913 posi-

3632 6090 3667 6113 Ι
