3940 6486
200 473 308 530 Ml

1371 472 1812 530 EXPLANATIO
1849 472 1915 527 IN
1956 472 2082 528 PSA
2091 475 2292 532 LMOS.

3347 475 3455 533 M2

201 600 297 646 tus
323 605 343 640 ι
368 587 420 643 in
450 585 759 643 novissimis
781 600 1000 653 eorum,
1025 605 1045 639 ι
1072 584 1126 641 id
1145 592 1228 641 est
1247 582 1420 641 donec
1442 585 1777 640 considerem
1804 587 1858 649 Α
1883 585 1935 640 in
1982 586 2081 641 hac
2122 588 2231 641 vita
2261 587 2316 641 in
2361 601 2616 659 prospera
2659 587 2804 642 ducit
2837 604 2849 641 :
2886 603 2904 637 ς
2941 585 3208 641 deduxisti
3237 604 3255 638 ι
3288 586 3453 642 etiam

200 684 416 739 futuras
452 695 642 752 poenas
689 679 903 736 illorum
943 680 1035 750 qui
1079 681 1131 734 in
1169 680 1454 735 mundanis
1496 681 1775 750 superbie-

192 783 364 862 ξιιηι,
392 782 448 828 ει
480 771 706 842 gloriam
735 787 924 828 eorum
949 773 1042 844 qui
1071 771 1127 827 in
1160 770 1591 827 tribulationibus
1621 771 1778 841 hujus

199 861 390 921 mundi
418 861 655 918 fuerunt.

279 972 298 1005 ‹
333 951 738 1007 Verumtamen.
760 969 781 1003 ι
810 949 994 1006 Tertia
1014 966 1160 1022 pars.
1176 950 1306 1006 Dico
1346 971 1363 1001 ι
1387 950 1538 1006 labor
1565 959 1649 1006 est
1674 970 1691 1003 ›
1719 952 1778 1006 il-

198 1044 310 1099 lam
340 1057 687 1114 cognoscere,
709 1040 814 1096 nisi
841 1056 939 1112 per
970 1041 1282 1106 novissima,
1309 1058 1328 1091 ι
1351 1049 1719 1096 verumtamen
1752 1062 1769 1093 ι

195 1152 297 1209 ρει·
309 1135 594 1208 praesentia
619 1149 830 1203 quoque
844 1142 1024 1204 potest
1043 1133 1293 1203 cognosci
1316 1133 1442 1202 quia
1467 1140 1543 1198 tu,
1564 1148 1597 1186 o
1613 1134 1774 1200 Deus,

203 1248 223 1282 ε
259 1227 488 1300 posuisti
505 1227 588 1281 eis
624 1245 642 1277 ι
665 1225 799 1281 istas
828 1224 1045 1280 divitias
1073 1245 1092 1275 ι
1122 1233 1340 1295 pr0pter
1367 1223 1536 1290 dolos,
1567 1245 1585 1276 ι
1620 1224 1672 1279 id
1694 1233 1777 1279 est

195 1318 486 1374 admodum
511 1315 706 1380 dolosi,
735 1314 833 1370 sub
856 1313 1035 1384 specie
1073 1313 1198 1369 boni
1229 1315 1365 1368 dans
1391 1313 1531 1368 mala
1561 1315 1628 1368 ad
1651 1330 1777 1369 cau-

196 1424 317 1464 sam
343 1405 744 1471 excmcationis,
771 1413 827 1458 et
848 1423 866 1456 ι
900 1403 1026 1457 dum
1060 1423 1078 1455 ›
1099 1403 1263 1459 etiam
1293 1422 1310 1453 ι
1343 1403 1720 1470 allevarentur,
1750 1423 1768 1456 ι

195 1498 250 1554 id
278 1506 361 1553 est
405 1498 460 1552 in
502 1496 732 1552 terrenis
759 1495 1154 1560 exaltarentur,
1186 1514 1204 1546 ‹
1242 1493 1484 1563 dejecisti
1512 1509 1605 1550 eos
1639 1515 1658 1547 ι
1686 1510 1776 1550 ex-

193 1589 472 1655 cecando,
500 1596 554 1643 et
573 1588 699 1658 quia
723 1595 924 1658 quanto
947 1586 1121 1656 magis
1153 1586 1458 1640 exaltantur
1486 1586 1539 1641 in
1571 1598 1776 1657 tempo-

193 1680 420 1748 ralibus,
471 1691 619 1736 tanto
665 1681 836 1752 magis
862 1681 918 1735 in
947 1681 1160 1735 ruinam
1187 1678 1532 1748 dejiciuntur,
1560 1690 1615 1736 et
1657 1681 1774 1752 ipsa

190 1773 426 1830 elevatio
444 1782 527 1829 est
549 1773 628 1828 eis
649 1787 812 1828 causa
844 1773 1032 1828 ruinae.

262 1866 408 1921 Bene
455 1865 575 1921 dico
607 1884 627 1917 ι
656 1864 934 1936 deiecisti,
975 1883 992 1914 ι
1023 1863 1147 1934 quia
1184 1883 1201 1915 ι
1231 1863 1499 1933 quomodo
1542 1862 1670 1918 facti
1715 1864 1770 1919 in

1884 695 1903 730 ι
1939 693 2046 744 me,
2079 698 2096 731 ι
2122 678 2345 734 Domine
2366 722 2382 748 ,
2415 680 2481 736 de
2508 681 2706 735 virtute
2744 680 2798 734 in
2827 679 3102 744 virtutem,
3127 688 3181 735 et
3206 681 3309 736 hoc
3343 696 3451 738 non

1877 771 2011 826 meis
2059 770 2284 834 meritis,
2323 771 2418 825 sed
2452 789 2470 822 ς
2508 771 2561 826 ἱη
2600 771 2876 826 voluntate
2922 779 3012 826 tua
3063 780 3117 824 et
3167 770 3450 841 suscepisti

1877 875 1964 916 me
1997 881 2014 914 ι
2046 861 2101 916 in
2131 861 2346 916 domum
2396 871 2543 916 tuam
2592 878 2698 918 non
2748 862 3132 930 manufactam,
3167 862 3222 917 in
3275 862 3446 930 caelis,

1885 967 1902 1002 ‹
1934 965 2056 1006 cum
2084 951 2272 1022 gloria.
2312 971 2331 1003 ι

1952 1058 1974 1094 ι
2001 1041 2138 1108 Quid
2158 1041 2319 1095 enim.
2351 1060 2370 1092 ι
2391 1041 2592 1109 Quarta
2615 1057 2763 1110 pars.
2780 1042 2923 1098 Bene
2947 1045 3088 1109 dico,
3115 1063 3134 1096 ‹
3163 1045 3446 1116 suscepisti

1875 1148 1964 1188 me
1990 1149 2113 1189 cum
2147 1134 2337 1206 gloria.
2371 1134 2511 1202 Quid
2543 1136 2687 1190 enim
2733 1137 2866 1190 mihi
2905 1157 2924 1189 ι
2956 1146 3201 1206 paratum
3238 1157 3255 1189 ‹
3288 1147 3370 1193 εει
3397 1139 3449 1191 in

1875 1224 2048 1280 coelo?
2082 1245 2100 1278 ι
2131 1223 2413 1281 ineﬂ‘abilis
2461 1225 2668 1280 scilicet
2694 1226 2886 1294 gloria,
2926 1243 3089 1296 quam
3132 1244 3235 1284 nec
3263 1229 3451 1285 oculus

1874 1314 2023 1378 vidit,
2052 1330 2150 1370 nec
2175 1315 2320 1369 auris
2347 1315 2570 1382 audivit,
2597 1325 2651 1370 et
2673 1325 2866 1371 caetera
2896 1334 2909 1368 :
2941 1334 2959 1366 ι
2989 1324 3044 1370 et
3069 1317 3196 1386 quid
3220 1326 3320 1383 est,
3353 1339 3370 1371 ›
3399 1320 3450 1375 id

1874 1413 1956 1458 est
2002 1420 2163 1474 quam
2207 1404 2526 1460 vilissimum
2567 1414 2651 1460 est
2702 1405 2828 1460 illud
2863 1405 3006 1475 quod
3041 1425 3057 1456 ‹
3089 1407 3231 1462 volui
3267 1426 3284 1458 ι
3318 1410 3451 1464 mihi

1876 1496 1990 1552 dari
2035 1516 2052 1547 ‹
2103 1511 2264 1566 super
2305 1505 2503 1550 terram
2553 1511 2582 1549 a
2632 1497 2726 1550 te?
2771 1517 2788 1549 ι
2837 1498 2962 1567 quia
2995 1496 3122 1552 licet
3165 1496 3451 1565 aliquando

1875 1586 2190 1656 temporalia
2218 1586 2513 1657 petiissem,
2557 1594 2740 1641 tamen
2779 1601 2876 1658 ego
2922 1600 3135 1657 semper
3167 1593 3217 1640 te
3254 1585 3451 1643 habere

1872 1680 2039 1735 volui.
3131 1751 3145 1762 ε

1941 1772 2100 1828 Prius
2128 1773 2270 1828 volui
2293 1782 2529 1840 terrena,
2560 1773 2655 1829 sed
2678 1789 2838 1830 eccec
2867 1773 3063 1830 defecit
3090 1791 3217 1830 caro
3242 1782 3397 1832 meat
3424 1797 3443 1830 ι

1873 1865 1999 1934 quia
2020 1865 2462 1931 carnalitasmea,
2480 1881 2597 1934 qua:
2610 1866 2761 1935 prius
2786 1866 3070 1936 appetebat
3095 1875 3329 1932 terrena,
3338 1867 3450 1938 jam

188 1957 601 2019 desolationem,
644 1975 663 2008 ι
691 1955 746 2010 id
777 1963 860 2010 est
905 1969 1064 2024 quam
1109 1954 1462 2009 immoderate
1507 1954 1604 2008 tibi
1647 1962 1771 2009 sunt
1802 1947 1848 2007 Β
1882 1974 1900 2006 ι
1924 1954 2140 2022 defecit,
2165 1977 2182 2008 ›
2203 1957 2578 2011 mortificando
2607 1971 2726 2011 sese
2757 1976 2774 2009 ‹
2805 1966 2857 2011 et
2876 1957 3159 2028 etiam‘cor
3181 1974 3357 2013 meum
3377 2000 3392 2026 ,
3426 1980 3442 2011 ›

189 2049 444 2114 desolati,
473 2047 686 2119 quando
708 2047 793 2103 vel
813 2047 1041 2118 juvenes
1070 2046 1302 2116 perdunt
1325 2046 1466 2100 bona
1494 2045 1652 2114 hujus
1682 2047 1766 2100 vi-

185 2153 263 2200 tae
309 2160 430 2215 qua:
469 2150 802 2207 amaverunt,
835 2141 920 2195 vel
958 2141 1249 2196 morientes
1285 2157 1303 2190 ι
1333 2133 1512 2195 subito
1560 2138 1769 2194 defece-

185 2243 319 2288 runt
346 2254 363 2284 ι
391 2241 587 2298 morte,
617 2234 742 2302 quia
773 2231 932 2286 citius
960 2239 1177 2302 sperato
1201 2230 1540 2284 moriuntur:
1566 2239 1620 2284 et
1640 2229 1767 2299 quia

186 2336 372 2399 posset
399 2327 524 2392 dici,
547 2326 794 2382 similiter
818 2327 1119 2381 moriuntur
1138 2334 1192 2381 et
1207 2325 1362 2395 justi,
1389 2325 1538 2380 addit
1563 2333 1619 2379 et
1640 2324 1762 2390 ista,

191 2440 208 2472 ι
245 2420 527 2488 perierunt
572 2427 790 2490 prepter
837 2417 1171 2488 iniquitatem
1218 2431 1369 2473 suam
1406 2437 1422 2468 ι
1467 2431 1590 2471 cum
1633 2416 1766 2485 justi

183 2511 374 2566 vivant
401 2511 456 2565 in
494 2520 774 2566 arternum.

258 2602 336 2657 Ita
383 2601 714 2668 defecerunt,
749 2623 767 2653 ι
804 2601 948 2656 velut
983 2619 1002 2654 ι
1049 2600 1229 2657 deﬁcit
1269 2619 1286 2651 ι
1333 2600 1600 2655 somnium
1648 2616 1766 2655 sur-

180 2694 425 2767 gentium
459 2713 473 2748 :
511 2713 530 2746 ι
563 2694 688 2764 quia
716 2693 856 2748 sicut
879 2693 1211 2748 dormientes
1241 2691 1436 2747 multas
1468 2691 1683 2746 divitias
1710 2692 1763 2746 in

179 2787 391 2843 somnis
419 2787 640 2852 habent,
667 2785 980 2856 evigilantes
1009 2793 1187 2841 tamen
1230 2785 1364 2839 nihil
1392 2784 1762 2849 adinveniunt,

179 2886 239 2932 et
263 2876 443 2931 inania
467 2886 718 2946 reputant
745 2892 864 2946 qua:
894 2876 1144 2930 viderunt
1169 2875 1220 2929 in
1243 2875 1485 2940 somniis,
1515 2876 1593 2930 sic
1637 2874 1764 2929 mali

179 2969 239 3024 in
264 2969 365 3023 hac
386 2969 496 3024 vita
526 2969 580 3024 in
602 2969 812 3025 somnio
851 2978 1010 3034 sunt,
1046 2969 1097 3023 in
1145 2977 1318 3023 morte
1349 2968 1676 3040 evigilahunt
1709 2976 1763 3022 et

177 3070 513 3132 cognoscent
543 3063 658 3118 hzec
681 3077 802 3118 esse
843 3063 1045 3128 inania,
1075 3077 1193 3132 quae
1216 3061 1270 3116 in
1298 3062 1400 3116 hac
1427 3063 1536 3116 vita
1566 3061 1763 3116 habue-

182 3159 332 3218 runt,
362 3160 418 3206 et
437 3166 564 3206 vere
591 3152 858 3222 peribunt,
886 3152 1011 3222 quia
1046 3167 1079 3206 o
1115 3170 1132 3202 ι
1168 3151 1414 3217 Domine,
1454 3153 1508 3206 in
1540 3152 1761 3208 civitate

184 3255 298 3308 tua,
321 3263 340 3296 ι
372 3244 426 3299 id
445 3252 531 3298 est
555 3243 611 3298 in
634 3259 868 3314 superna
885 3243 1235 3306 Hierusalem,
1263 3251 1319 3297 tu
1346 3264 1363 3295 t
1387 3244 1596 3315 rediges
1627 3243 1758 3297 ima—

181 3336 362 3405 ginem
391 3335 602 3390 illorum
629 3336 696 3390 ad
727 3336 974 3399 nihilum,
1012 3355 1029 3386 ι
1060 3337 1112 3389 id
1134 3345 1218 3390 est
1252 3353 1358 3390 non
1392 3337 1662 3392 habebunt
1687 3337 1761 3392 lo-

181 3445 310 3484 cum
341 3430 396 3484 in
422 3430 641 3484 civitate
678 3436 791 3495 tua,
823 3429 876 3482 id
908 3437 991 3482 est
1027 3430 1152 3498 quia
1195 3431 1248 3484 in
1276 3431 1378 3485 hoc
1423 3436 1641 3499 mundo,
1671 3437 1763 3504 qui

183 3529 271 3575 est
309 3520 504 3574 civitas
548 3518 743 3573 diaboli
775 3527 830 3572 et
872 3519 1240 3574 ministrorum
1269 3519 1406 3586 ejus,
1440 3523 1765 3594 redegerunt

187 3611 477 3680 imaginem
506 3620 650 3664 tuam
681 3609 749 3664 ad
773 3609 1022 3673 nihilum,
1057 3611 1264 3666 scilicet
1297 3612 1559 3668 rationem
1587 3632 1760 3682 suam,

187 3717 294 3771 qua
339 3709 464 3756 sunt
494 3702 590 3756 tibi
615 3702 943 3765 consimiles,
975 3703 1030 3758 id
1054 3712 1137 3759 est
1181 3706 1466 3774 puritatem
1508 3717 1562 3762 et
1605 3709 1760 3766 inno-

184 3792 440 3857 centiam,
463 3801 519 3846 et
543 3793 647 3847 sibi
676 3809 843 3848 novas
871 3794 1134 3863 imagines
1156 3795 1415 3864 fecerunt,
1445 3797 1763 3855 aliusinim-

181 3880 449 3936 munditia
477 3881 681 3949 vivens,
732 3891 790 3936 ut
819 3898 1036 3952 porcus,
1085 3884 1220 3940 alius
1269 3885 1322 3939 in
1360 3887 1652 3957 rapacitate
1677 3889 1758 3944 vi-

178 3986 335 4038 vens,
366 3979 425 4025 ut
453 3970 631 4043 lupus,
659 3980 714 4027 et
735 3972 825 4027 alii
852 3973 1028 4028 aliter.

248 4066 373 4122 Ideo
431 4085 450 4117 ‹
501 4067 712 4138 rediges
757 4067 824 4122 ad
871 4068 1128 4134 nihilum,
1189 4071 1314 4140 quia
1375 4091 1392 4121 ι
1429 4087 1534 4126 non
1587 4073 1760 4129 solum

175 4173 437 4230 prospera
484 4172 670 4212 eorum
717 4167 1018 4214 nocuerunt
1059 4158 1194 4224 illis,
1242 4160 1336 4216 sed
1382 4169 1435 4216 et
1483 4161 1634 4227 mihi,
1666 4163 1758 4232 qui

175 4263 302 4309 tuus
357 4269 476 4308 sum
515 4272 528 4307 :
569 4264 625 4308 et
689 4253 790 4309 hoc
840 4263 923 4308 est
961 4270 975 4308 :
1030 4273 1047 4306 ι
1094 4271 1189 4310 eor
1235 4271 1446 4323 meum,
1494 4276 1512 4308 ι
1558 4257 1613 4312 id
1677 4268 1758 4314 est

173 4343 427 4400 voluntas
474 4360 626 4411 mea,
687 4366 704 4397 ‹
748 4354 832 4400 εει
887 4345 1274 4402 inflammatum
1314 4367 1332 4399 ι
1379 4347 1579 4404 invidia
1629 4366 1755 4422 erga

170 4451 271 4492 eos
319 4446 699 4509 prosperatos,
758 4457 776 4489 ι
831 4445 886 4492 ει
937 4453 1095 4495 renes
1144 4439 1281 4507 mei,
1317 4460 1336 4491 ι
1388 4441 1442 4496 id
1484 4451 1568 4497 est
1605 4441 1760 4498 forti-

170 4529 306 4585 tudo
328 4529 519 4584 animae
546 4546 699 4596 meae,
731 4545 830 4602 per
877 4547 1038 4600 quam
1070 4531 1227 4587 debet
1256 4533 1394 4588 ratio
1427 4544 1607 4590 erecta
1639 4551 1758 4592 esse

121 4660 128 4668 .
169 4620 318 4674 sicut
341 4619 500 4675 homo
528 4636 624 4690 per
653 4636 830 4686 renes,
851 4640 871 4673 ι
901 4631 1026 4677 ευηι
1055 4623 1367 4677 commutati
1395 4643 1413 4676 ›
1436 4634 1494 4678 ut
1512 4625 1624 4696 jam
1645 4642 1752 4682 non

169 4719 518 4767 contemnam
543 4721 778 4777 terrena,
807 4712 944 4767 sicut
964 4713 1114 4781 prius
1139 4711 1390 4779 feceram,
1410 4724 1464 4768 et
1484 4716 1621 4770 ratio
1641 4717 1755 4772 exi-

168 4801 354 4870 gebat,
392 4818 410 4851 α
448 4808 504 4854 et
525 4801 772 4856 redactus
795 4817 912 4856 sum
945 4801 1010 4855 ad
1044 4801 1289 4866 nihilum,
1329 4821 1348 4853 ο
1384 4803 1436 4859 id
1461 4813 1545 4860 est
1566 4806 1633 4860 ad
1657 4821 1755 4876 ap-

169 4892 404 4962 petitum
434 4902 798 4960 terrenorum,
827 4895 952 4965 quia
975 4896 1301 4966 appetitores
1329 4897 1514 4952 mundi
1546 4899 1599 4953 in
1621 4914 1750 4954 con-

170 4993 362 5052 Spectu
393 4983 486 5039 Dei
520 4984 651 5039 nihil
696 4996 820 5040 sunt
850 5007 861 5040 :
897 5003 916 5038 ι
956 4996 1010 5042 ει
1053 4987 1257 5043 nescivi
1293 5005 1313 5040 ι
1346 5004 1431 5045 me
1474 4989 1753 5046 redactum

177 5096 195 5125 ι
237 5075 303 5130 ad
333 5076 581 5142 nihilum,
622 5096 640 5126 ›
678 5085 732 5132 et
759 5092 842 5132 me
873 5093 1115 5147 peccare.

255 5186 272 5217 ε
309 5165 440 5222 Sum
463 5188 481 5220 ι
509 5168 671 5223 etiam
697 5188 714 5220 ‹
748 5169 921 5225 factus
943 5179 1000 5225 ut
1014 5169 1340 5239 jumentum,
1377 5191 1395 5222 ι
1423 5173 1476 5227 id
1499 5181 1581 5228 est
1601 5187 1755 5243 pror-

173 5276 271 5316 sus
307 5260 712 5328 irrationabilis,
749 5263 926 5317 ethoc
961 5262 1152 5334 «.apud
1182 5273 1255 5330 te,
1295 5283 1312 5314 ι
1350 5264 1402 5319 id
1431 5274 1514 5321 est
1545 5266 1598 5320 in
1627 5282 1755 5323 con-

174 5360 366 5421 spectu
401 5360 514 5417 tuo,
539 5352 664 5421 quia
695 5351 828 5406 mihi
859 5351 1078 5408 videbar
1097 5368 1324 5424 magnus
1353 5355 1702 5426 philosophus
1737 5375 1750 5413 :

181 5460 200 5492 ι
235 5449 290 5495 ει
325 5459 346 5494 ι
383 5449 560 5496 tamen
609 5440 734 5496 licet
785 5441 1069 5510 aliquando
1113 5441 1384 5498 deviarem
1439 5461 1536 5514 per
1587 5462 1752 5518 appe-

174 5534 336 5588 titum
359 5541 717 5600 terrenorum,
756 5551 775 5583 σ
813 5547 912 5602 ego
948 5553 965 5586 ο
1010 5533 1086 5588 fui
1126 5549 1342 5604 semper
1373 5544 1547 5591 tecum
1573 5546 1627 5593 et
1648 5538 1750 5596 hoc

173 5642 274 5697 per
311 5636 381 5682 te.

248 5719 351 5788 Qui
377 5728 433 5775 tu
458 5738 478 5772 ‹
519 5720 740 5777 tenuisti
767 5735 984 5776 manum
1014 5719 1288 5776 dexteram
1312 5737 1508 5789 meam,
1543 5743 1561 5776 ι
1595 5723 1648 5778 id
1671 5733 1754 5779 est

176 5813 443 5869 rationem
493 5828 691 5879 meam,
737 5829 808 5870 ne
853 5829 880 5869 a
921 5821 976 5869 te
1021 5815 1316 5883 recederet,
1361 5817 1746 5874 conservando.

177 5905 350 5963 Tenet
376 5906 515 5965 Deus
540 5905 815 5966 sinistram
853 5923 1070 5964 manum
1102 5908 1352 5973 hominis,
1385 5911 1600 5981 quando
1626 5924 1748 5965 eum

1876 2045 1928 2100 id
1951 2054 2051 2110 est,
2081 2047 2314 2102 carnalis
2336 2047 2601 2112 voluntas,
2630 2048 2756 2118 quia
2787 2047 2898 2118 jam
2935 2049 3069 2103 nihil
3107 2039 3331 2103 moi‘tale
3355 2065 3447 2120 ap—

1872 2146 2018 2206 peto,
2044 2146 2097 2192 ct
2125 2138 2285 2191 etiam
2316 2155 2334 2187 ‹
2357 2139 2496 2193 Deus
2524 2159 2543 2190 ›
2575 2146 2661 2193 est
2686 2138 2948 2192 habitatio
2989 2157 3007 2189 ‹
3028 2140 3206 2194 cordis
3240 2141 3344 2196 mei
3370 2156 3385 2208 ;
3419 2159 3440 2194 ι

1874 2235 1928 2281 ει
1965 2242 2088 2281 cum
2118 2226 2208 2280 alii
2241 2225 2441 2282 faciant
2469 2228 2568 2282 sibi
2593 2237 2772 2298 partes
2800 2228 3014 2284 divitias
3043 2229 3198 2299 hujus
3226 2229 3444 2298 mundi,

1879 2336 1897 2367 ε
1943 2332 2069 2388 pars
2109 2333 2228 2372 mea
2253 2318 2394 2372 Deus
2431 2337 2449 2368 ›
2483 2319 2683 2373 ducens
2703 2333 2788 2373 me
2824 2337 2841 2369 ‹
2878 2319 2930 2373 ἰη
2957 2328 3236 2374 aeternum.
3275 2339 3294 2373 ι

1942 2406 2063 2461 Ideo
2091 2407 2234 2462 facio
2279 2417 2330 2462 te
2377 2416 2607 2478 partem,
2639 2425 2671 2463 ο
2706 2411 2869 2475 Deus,
2904 2429 2922 2461 ι
2960 2411 3085 2480 quia
3128 2425 3256 2466 ecce
3293 2431 3312 2464 ›
3347 2428 3445 2483 pa-

1874 2505 1992 2552 tens
2021 2505 2104 2552 est
2136 2516 2155 2548 ι
2189 2499 2279 2568 qui
2318 2498 2572 2570 elongant
2611 2515 2670 2555 se
2698 2509 2809 2556 ate
2843 2519 2863 2553 ι
2893 2517 2992 2571 per
3033 2510 3242 2572 turpem
3275 2512 3330 2558 et
3366 2505 3448 2559 in-

1870 2589 2150 2644 honestam
2176 2589 2358 2654 vitam,
2384 2609 2401 2640 ι
2425 2590 2698 2661 peribunt,
2723 2609 2747 2645 ι
2777 2591 2903 2662 quia
2926 2602 2982 2646 tu
3005 2591 3144 2648 Deus
3153 2591 3265 2661 jam
3292 2614 3309 2646 ‹
3330 2611 3447 2666 per-

1871 2678 2049 2734 didisti
2082 2698 2100 2730 »
2129 2678 2477 2748 dispositione
2498 2689 2588 2734 tua
2618 2700 2635 2730 ι
2657 2681 2749 2750 qui
2775 2682 2872 2737 abs
2900 2691 2973 2747 te,
2996 2701 3012 2732 ι
3048 2682 3217 2749 idest,
3248 2684 3363 2740 sine
3395 2695 3446 2742 te

1868 2770 2114 2825 viventes
2143 2788 2162 2821 ι
2195 2769 2533 2825 fornicantur
2567 2791 2585 2823 ι
2615 2787 2735 2826 cum
2763 2773 3024 2838 daemone,
3067 2774 3383 2831 recedentes
3413 2792 3445 2831 a

1869 2876 1996 2914 vero
2012 2876 2228 2931 sponso.
2247 2860 2340 2915 Vel
2362 2880 2378 2912 ι
2400 2862 2750 2928 fornicantur,
2776 2884 2794 2914 ›
2817 2863 3192 2920 satisfaciendo
3219 2882 3327 2922 suae
3353 2883 3445 2924 vo-

1871 2952 2086 3024 luptati,
2119 2955 2261 3010 sicut
2287 2954 2586 3022 fornicarii,
2610 2956 2702 3027 qui
2728 2963 2933 3012 tantum
2964 2973 3118 3013 suam
3146 2959 3328 3014 volunt
3354 2975 3446 3015 ex-

1865 3047 2013 3116 plere
2042 3048 2392 3118 voluptatem.

1933 3140 2054 3196 Illos
2080 3141 2402 3197 fornicarios
2421 3141 2632 3212 perdes,
2658 3156 2746 3196 me
2776 3150 2955 3198 autem
2982 3145 3287 3220 non,quiag
3313 3146 3442 3200 mihi

1865 3240 1947 3287 est
1997 3233 2218 3299 bonum,
2250 3253 2268 3284 ι
2322 3234 2374 3288 id
2421 3243 2506 3288 est
2553 3232 2866 3289 delectabile
2896 3254 2914 3285 ‹
2951 3236 3226 3292 adhaerere
3280 3237 3388 3291 Deo
3421 3260 3436 3290 ι

1789 3300 1834 3363 C
1865 3323 2200 3378 observando
2244 3324 2495 3378 mandata
2539 3322 2674 3394 ejus,
2716 3342 2734 3376 ι
2770 3333 2825 3380 et
2876 3341 3076 3395 ponere
3111 3328 3165 3382 in
3218 3328 3443 3385 Domino

1865 3412 1975 3468 Deo
2002 3428 2153 3484 spem
2179 3428 2376 3468 meam.
2408 3435 2427 3466 ι

1933 3503 2029 3558 Illa
2061 3495 2359 3572 adhaerere,
2396 3526 2414 3556 ‹
2447 3513 2508 3561 ut
2541 3509 2856 3564 annuntiem
2884 3525 3071 3566 omnes
3109 3510 3442 3568 laudationes

1865 3605 1987 3651 tuas
2012 3596 2066 3649 in
2093 3596 2283 3665 portis.
2323 3617 2341 3647 ι
2370 3595 2467 3651 Vel
2490 3599 2989 3667 praedicationes,id
3011 3611 3095 3658 est
3118 3618 3305 3659 omnes
3328 3604 3440 3659 lau-

1864 3690 1958 3744 des
1986 3695 2128 3752 tuas,
2170 3707 2188 3739 ‹
2224 3689 2277 3741 in
2304 3689 2498 3757 portis,
2535 3710 2553 3739 ‹
2594 3691 2646 3746 id
2672 3702 2755 3746 est
2800 3695 2853 3747 in
2896 3694 3108 3764 publico
3133 3694 3224 3749 ubi
3256 3711 3443 3752 omnes

1863 3781 2104 3847 audiant,
2132 3800 2151 3832 ‹
2187 3781 2339 3847 Sion,
2371 3803 2388 3834 ι
2423 3782 2474 3837 id
2500 3793 2583 3839 est
2611 3785 2867 3841 Ecclesiae
2913 3805 2930 3837 ι
2962 3788 3084 3842 filia:
3112 3807 3130 3840 ›
3161 3797 3264 3843 tuze
3295 3806 3307 3841 :
3336 3789 3439 3843 Ec-

1861 3873 2027 3928 clesia
2069 3873 2191 3928 filiae
2238 3883 2584 3945 comparatur
2617 3886 2838 3948 propter
2865 3888 3178 3936 ornamenta
3216 3888 3270 3935 et
3313 3895 3437 3951 pro-

1860 3973 1983 4037 pter
2020 3967 2253 4023 filiorum
2291 3966 2705 4024 fecunditatem.

2292 4093 2359 4150 IN
2400 4094 2735 4153 PSALMUM
2772 4097 3001 4154 LXXIII.

2103 4209 2364 4265 Trruws.
2392 4208 2458 4264 In
2481 4211 2640 4279 ﬁnem
2669 4211 2956 4267 intellectus
2984 4213 3177 4289 Asaph.

1935 4355 1953 4388 ι
1988 4337 2060 4393 Ut
2090 4339 2237 4407 quid,
2267 4338 2430 4406 Deus,
2463 4339 2723 4410 repulisti.
2759 4363 2778 4394 ι
2811 4341 3060 4397 Psalmus
3095 4343 3196 4398 iste
3238 4344 3437 4400 dicitur

1865 4451 1882 4483 ε
1906 4431 2228 4499 ἱηιεΙΙεειυε,
2253 4451 2271 4483 ι
2293 4433 2420 4502 quia
2445 4432 2618 4503 aperit
2637 4435 2794 4491 nobis
2816 4450 2930 4492 rem
2948 4435 3103 4490 valde
3125 4437 3434 4506 obscuram,

1860 4521 2086 4589 scilicet,
2113 4521 2536 4578 destructionem
2562 4524 2744 4595 templi
2775 4525 2893 4592 Dei,
2923 4526 3067 4596 quod
3095 4537 3276 4582 tamen
3304 4545 3438 4584 non-

1857 4613 1985 4670 dum
2010 4624 2126 4671 erat
2149 4624 2391 4686 tempore
2406 4618 2710 4688 prophetae:
2729 4627 2782 4673 et
2805 4619 3223 4677 destructionem
3249 4624 3436 4678 civita-

1859 4707 1927 4762 tis
1960 4706 2193 4762 futuram
2231 4724 2329 4780 per
2351 4709 2528 4764 Titum
2552 4719 2608 4765 et
2629 4709 3017 4782 Vespasianum
3053 4729 3068 4768 :
3097 4723 3152 4770 et
3184 4715 3273 4770 hic
3315 4716 3437 4774 talis

1861 4817 1879 4849 ‹
1907 4796 2210 4853 intellectus
2239 4817 2257 4850 ›
2284 4808 2368 4853 εει
2399 4817 2416 4850 ι
2439 4798 2642 4869 Asaph,
2670 4820 2688 4853 ι
2723 4802 2775 4857 id
2795 4813 2877 4857 est
2894 4803 3064 4860 fidelis
3092 4804 3390 4879 Synagoga:
3418 4825 3432 4862 :

1862 4912 1878 4941 ι
1901 4891 2081 4961 Asaph
2098 4911 2117 4943 ι
2148 4907 2378 4962 namque
2405 4896 2734 4966 congregatio
2773 4896 3182 4969 interpretatur.
3209 4899 3434 4955 Materia

1855 4992 1939 5040 est
1963 4982 2078 5054 ipsa
2113 4983 2419 5056 Synagoga,
2470 4985 2759 5056 deplorans
2792 4998 2846 5044 et
2890 4990 3183 5047 condolens
3224 4991 3436 5046 destru-

1856 5072 2087 5128 ctionem
2118 5073 2260 5128 illius
2286 5073 2487 5144 populi,
2533 5090 2693 5146 quam
2724 5077 2870 5134 videt
2915 5082 3170 5134 futuram.
3201 5077 3389 5135 Modus
3415 5093 3433 5136 :

1855 5161 1911 5216 In
1965 5162 2139 5232 prima
2190 5172 2342 5234 parte
2386 5162 2518 5220 facit
2558 5169 2846 5236 quamdam
2877 5168 3318 5239 conquestionem
3367 5170 3434 5225 de

1856 5251 2217 5308 destructione
2245 5252 2388 5309 illius
2419 5256 2620 5326 populi,
2663 5268 2717 5313 et
2753 5268 3007 5328 precatur
3058 5259 3226 5315 Deum
3250 5269 3311 5315 ut
3337 5276 3430 5316 eo-

1856 5363 1974 5402 rum
2001 5348 2340 5416 misereatur,
2367 5352 2661 5407 ostendens
2705 5353 2807 5408 hoc
2831 5367 2898 5408 ex
2926 5351 3230 5410 Iudaeorum
3271 5354 3434 5410 meri-

1857 5439 1924 5495 tis
1949 5440 2280 5510 provenisse.
2311 5441 2368 5498 ln
2397 5444 2636 5499 secunda
2657 5452 2827 5513 parte,
2851 5459 2970 5515 qua:
2989 5445 3170 5515 incipit
3199 5463 3211 5498 :
3243 5462 3260 5493 ‹
3291 5445 3433 5502 Deus

1857 5543 2037 5589 autem
2061 5548 2157 5589 rex
2183 5545 2384 5602 noster,
2418 5557 2436 5588 ›
2470 5545 2724 5608 precatur
2750 5546 2811 5592 ut
2845 5537 2985 5594 sicut
3007 5536 3150 5592 Deus
3171 5534 3307 5592 fecit
3333 5539 3434 5594 mi-

1854 5625 2201 5681 sericordiam
2229 5627 2430 5682 mundo
2452 5667 2467 5692 ,
2495 5627 2662 5681 multa
2692 5643 2904 5698 quoque
2929 5626 3196 5682 mirabilia
3235 5629 3310 5684 sic
3354 5629 3432 5684 fa-

1855 5715 1965 5770 ciat
1993 5716 2153 5770 etiam
2182 5716 2311 5785 ipsis
2339 5715 2553 5772 Judaeis.
2580 5717 2636 5771 In
2668 5718 2824 5772 tertia
2851 5725 3024 5788 parte,
3050 5733 3168 5788 quae
3196 5717 3383 5789 incipit
3414 5737 3428 5776 :

1861 5828 1880 5861 ι
1904 5809 1980 5863 Νε
2003 5811 2185 5866 tradas
2213 5810 2420 5877 bestiis,
2449 5831 2466 5862 ›
2492 5820 2612 5866 orat
2631 5810 2799 5867 Deum
2824 5820 2883 5866 ut
2902 5809 3160 5882 quidquid
3181 5811 3341 5868 faciat
3364 5815 3431 5870 de

1856 5903 1996 5969 aliis,
2025 5901 2214 5958 saltem
2244 5916 2539 5972 pauperum
2569 5911 2626 5959 et
2661 5901 3032 5959 confitentium
3056 5902 3157 5959 sibi
3181 5905 3431 5960 misereav
