3940 6452
466 465 573 522 445

929 462 1285 520 HAYMONIS
1321 454 1803 519 HAuBERSTAT.
1844 456 2061 516 EPISC.
2097 456 2249 515 OPP.
2289 450 2468 516 PARS
2504 450 2547 515 Ι.
2581 488 2650 501 ·-
2686 459 3042 535 COMMENT.
3081 460 3251 519 BIBL.

3615 467 3735 522 ω

469 589 572 635 tur.
597 578 830 633 Intentio
858 585 961 644 est,
978 576 1185 632 hortari
1223 583 1282 630 ut
1306 575 1699 647 compatiamur
1725 572 1881 628 malis
1909 572 2041 628 alio-
2063 572 2117 633 Α
2145 590 2163 622 ι
2201 571 2415 639 gloriati
2458 572 2511 627 in
2557 572 2734 630 medio
2776 572 3138 633 Solemnitatis
3177 585 3312 644 ωδε,
3348 597 3369 632 ι
3398 581 3454 635 rd
3500 590 3620 650 est,
3675 587 3733 643 ὴ

466 689 607 737 rum,
651 673 778 742 quia
821 671 909 727 hic
951 680 1032 726 est
1057 669 1274 740 quidam
1320 669 1519 740 gradus
1548 666 1845 723 charitatis.
1888 666 2041 723 Unde

465 762 761 833 Apostolus
802 762 876 816 ait
920 780 932 814 :
990 781 1006 811 ι
1044 760 1285 816 Gaudete
1325 774 1448 814 cum
1493 755 1877 829 gaudentibus,
1918 756 2041 813 ilete

466 867 590 907 cum
614 850 861 905 ﬂentibus
890 847 1065 921 (Rom.
1096 850 1219 919 xu).
1259 869 1277 901 ι

536 942 602 996 Ει
624 942 773 1015 ponit
798 940 1241 1010 conquestionem
1266 940 1368 1003 sic,
1404 938 1589 993 dicens
1616 952 1631 993 :
1654 936 1698 993 Ο
1732 954 1752 989 ι
1789 936 1929 993 Deus
1956 951 2042 993 re-

464 1033 642 1103 pulisti
679 1052 696 1084 ι
734 1041 943 1101 partem
973 1040 1116 1085 tuam
1148 1049 1165 1081 ‹
1205 1031 1257 1085 in
1299 1031 1480 1095 ﬁnem,
1514 1049 1531 1081 ι
1571 1029 1773 1085 scilicet
1797 1031 1849 1084 in
1877 1029 2039 1085 ﬁnem

467 1123 828 1194 repulsionis:
859 1124 986 1193 quia
1017 1139 1139 1178 cum
1188 1123 1472 1192 aliquando
1507 1119 1796 1191 repulisses
1837 1136 1931 1177 eos
1972 1116 2041 1176 ad

466 1228 675 1289 tempus
706 1221 758 1273 in
791 1219 910 1274 aliis
940 1217 1361 1288 captivitatibus,
1400 1217 1514 1271 haec
1541 1216 1769 1285 repulsio
1800 1224 1882 1270 est
1907 1214 2041 1270 irre-

463 1312 811 1383 cuperabilis,
832 1310 955 1380 quia
985 1326 1257 1381 nunquam
1280 1311 1331 1363 in
1358 1310 1473 1363 loco
1502 1309 1603 1363 isto
1624 1308 1793 1368 Jurlaei
1817 1308 2040 1364 ulterius

461 1403 902 1469 dominabuntur,
933 1420 1032 1458 nec
1068 1405 1292 1460 ulterius
1334 1406 1749 1474 reparabuntur,
1780 1419 1948 1472 usque
1983 1405 2037 1458 in

462 1494 618 1548 ﬁnem
645 1495 849 1549 saeculi.
879 1494 1096 1564 Repulit
1122 1512 1213 1549 eos
1238 1496 1398 1561 Deus,
1427 1497 1642 1565 quando
1669 1511 1775 1549 non
1802 1492 2039 1549 defendit

461 1597 555 1637 eos
578 1585 717 1637 sicut
760 1585 985 1650 solebat,
1014 1594 1070 1639 et
1095 1585 1340 1655 permisit
1366 1585 1568 1641 destrui
1594 1601 1622 1638 a
1658 1584 1931 1640 Romanis.
1978 1580 2037 1641 In

461 1674 886 1745 interrogatione
916 1685 1065 1730 notat
1115 1678 1572 1746 conquestionem,
1597 1678 1749 1747 quasi
1785 1678 1987 1732 diceret
2017 1692 2032 1731 :

462 1762 625 1819 Doleo
653 1765 717 1820 de
739 1766 948 1820 illorum
980 1776 1125 1821 tanta
1149 1767 1536 1832 destructione,
1576 1787 1591 1819 ι
1627 1776 1683 1822 ιιι
1712 1768 1837 1838 quid
1866 1769 2036 1824 iratus

459 1866 541 1910 est
569 1855 717 1910 furor
742 1857 898 1912 tuus?
924 1878 943 1911 ι
975 1858 1028 1912 id
1057 1866 1142 1912 est
1169 1874 1337 1928 quare
1369 1859 1539 1913 iratus
1569 1876 1627 1914 es
1658 1876 1827 1929 usque
1858 1862 1924 1915 ad
1951 1861 2033 1915 fu-

461 1946 671 2000 rorem?
698 1948 902 2002 scilicet
947 1959 1004 2003 ut
1048 1950 1393 2021 gravissimas
1439 1950 1716 2006 diuturnas
1744 1967 1931 2020 plenas
1957 1954 2036 2009 eis

461 2034 661 2091 inferas
697 2056 715 2089 ι
750 2055 912 2109 super
945 2056 1074 2095 oves
1111 2056 1322 2110 pascuae
1364 2051 1486 2107 tum,
1518 2064 1535 2095 ι
1566 2044 1616 2098 id
1642 2052 1725 2099 est
1752 2060 1913 2113 super
1940 2064 2037 2116 po-

458 2131 641 2201 pulum
675 2140 842 2198 tuum,
892 2150 1049 2201 quem
1101 2134 1381 2191 reﬁciebas
1425 2135 1541 2205 lege
1581 2144 1691 2200 tua,
1723 2137 1862 2193 sicut
1909 2151 2037 2194 oves

460 2221 781 2277 reﬁciuntur
808 2223 859 2277 in
881 2225 1097 2294 pascuis
1127 2244 1139 2278 :
1165 2235 1218 2280 et
1248 2226 1337 2280 hic
1357 2241 1454 2296 per
1476 2226 1732 2282 beneﬁt-ia
1755 2244 1873 2297 quae
1895 2228 2037 2284 Deus

457 2312 536 2369 eis
586 2315 852 2382 contulit,
910 2315 1099 2386 incipit
1147 2328 1364 2388 captare
1427 2317 1849 2375 benevolentiam
1908 2336 2036 2393 erga

455 2401 593 2459 illos.
940 2401 955 2413 ”

527 2494 663 2561 Noli,
694 2495 936 2562 Domine,
974 2497 1257 2569 repellere,
1293 2496 1387 2553 sed
1418 2498 1597 2568 potius
1628 2519 1646 2549 ι
1685 2514 1893 2554 memor
1921 2506 2036 2557 esto

465 2588 904 2658 congregationis
935 2598 1037 2642 tuae
1082 2609 1100 2641 ι
1128 2605 1289 2658 quam
1315 2589 1649 2659 congregasli
1676 2589 1727 2643 in
1757 2589 1991 2663 Egypto
2017 2612 2030 2647 :

459 2694 477 2725 ι
508 2692 669 2745 quam
713 2696 731 2728 ›
767 2680 1239 2748 congregationem
1280 2686 1333 2732 tu
1387 2697 1405 2729 ι
1437 2678 1720 2749 possedisti
1756 2702 1773 2733 ι
1811 2683 1905 2737 tibi
1954 2682 2034 2738 fa-

456 2760 745 2821 mulantem
779 2786 797 2818 ι
832 2769 899 2823 ab
928 2768 1100 2832 initio,
1140 2789 1160 2822 ι
1204 2768 1258 2824 id
1303 2778 1385 2824 est
1423 2786 1452 2824 a
1494 2779 1733 2844 tempore
1778 2772 2030 2844 Abrahae,

458 2855 588 2924 Noe,
620 2868 674 2913 et
704 2858 855 2925 Adae,
886 2870 939 2916 et
972 2861 1219 2917 aliorum.

526 2947 655 3002 item
691 2962 992 3006 commovet
1038 2953 1208 3007 Deum
1244 2950 1311 3008 ad
1352 2950 1778 3011 misericordiam
1808 2973 1903 3027 per
1927 2957 2031 3015 alia

459 3040 739 3096 beneﬁcia.
763 3042 991 3112 Propter
1016 3045 1117 3099 hoc
1145 3060 1359 3115 quoque
1385 3048 1547 3102 debes
1571 3063 1688 3103 esse
1716 3067 1732 3098 ι
1756 3065 1982 3117 memor,
2006 3071 2023 3104 ι

458 3133 587 3203 quia
630 3142 683 3187 tu
718 3154 735 3186 ι
771 3134 1065 3200 redemisti,
1105 3157 1123 3189 ι
1168 3132 1221 3193 id
1267 3148 1352 3194 est
1386 3138 1627 3195 liberasti
1658 3141 1721 3197 de
1751 3142 1907 3197 manu
1938 3134 2031 3200 ΑΞ-

454 3224 780 3295 SYPliorum,
811 3235 866 3281 et
913 3226 978 3282 de
1025 3227 1144 3283 aliis
1194 3230 1592 3300 captivitatibus
1619 3252 1636 3283 ι
1670 3232 1873 3305 virgam
1917 3234 2028 3292 ha:-

453 3316 697 3372 reditatis
745 3328 873 3383 tuae,
910 3339 927 3372 ι
961 3319 1013 3377 id
1051 3331 1134 3375 est
1180 3312 1548 3378 haereditatem
1588 3332 1752 3390 tuam,
1797 3326 2027 3395 scilicet,

453 3406 706 3477 pupulum
750 3407 1050 3475 Iudaicum,
1079 3422 1304 3482 propter
1344 3428 1500 3482 quem
1529 3410 1702 3468 fecisti
1733 3416 1897 3470 multa
1930 3417 2019 3472 mi»

456 3496 666 3563 rabilia,
716 3500 855 3555 sicut
902 3518 998 3571 per
1042 3498 1244 3574 virgani
1290 3492 1489 3560 Aaron.
1543 3503 1638 3560 Vel
1684 3523 1782 3577 per
1823 3508 2029 3578 virgam

453 3598 722 3659 sceptrum
749 3591 896 3662 regni
942 3609 1225 3663 possumus
1253 3594 1519 3667 accipere,
1546 3607 1604 3652 ut
1635 3596 1715 3654 sic
1742 3599 1984 3657 dicamus
2011 3598 2026 3657 ἑ

460 3697 481 3732 ι
514 3680 803 3739 Redcmisti
834 3682 1039 3757 virgam
1071 3686 1403 3744 baereditatis
1436 3697 1557 3754 tum,
1592 3688 1644 3744 id
1668 3701 1745 3745 est
1775 3692 2028 3762 p0pulurii

452 3786 611 3843 quem
656 3782 706 3828 tu
741 3776 882 3847 regis
916 3777 969 3831 in
1012 3778 1178 3850 virga,
1216 3779 1268 3833 id
1306 3788 1387 3835 est
1434 3780 1487 3834 in
1522 3791 1732 3850 sceptro
1764 3784 1949 3854 regio:
1977 3792 2033 3840 et

451 3872 651 3934 praeter
677 3876 872 3921 caetera
898 3868 1179 3934 benelicia,
1206 3879 1259 3924 tu
1284 3872 1398 3941 ipse
1424 3872 1774 3940 corporaliter
1800 3874 2031 3930 visitasti

453 3973 547 4013 eos
573 3968 629 4013 et
681 3960 935 4016 habitasti
969 3962 1107 4016 inter
1129 3978 1223 4016 eos
1256 3982 1268 4016 :
1301 3976 1354 4018 et
1378 3963 1477 4018 hoc
1504 3973 1586 4018 est
1617 3984 1629 4018 :
1661 3985 1678 4015 ‹
1721 3980 1874 4021 mons
1901 3969 2029 4023 Sion

454 4051 510 4104 in
538 4067 645 4119 quo
673 4052 926 4107 habitasti
957 4072 976 4103 ι
1012 4054 1077 4107 ad
1109 4053 1345 4108 litteram
1375 4073 1387 4108 :
1419 4056 1545 4124 quia
1572 4055 1819 4111 Christus
1842 4075 2030 4130 corpo-

453 4142 642 4196 raliter
668 4142 931 4196 habitavit
974 4144 1026 4196 in
1061 4162 1078 4194 ι
1119 4142 1268 4209 Sion,
1307 4164 1325 4196 ι
1369 4145 1422 4199 id
1452 4156 1535 4201 est
1562 4147 1615 4202 in
1640 4147 1843 4216 Judaca,
1878 4152 2031 4221 cujus

455 4239 616 4297 caput
643 4230 881 4300 est,Sion
912 4249 924 4284 :
952 4231 1190 4288 lla-braca
1221 4234 1417 4289 veritas
1448 4253 1549 4292 non
1573 4239 1733 4293 habet
1760 4259 1778 4290 ι
1810 4242 1861 4295 in
1891 4259 1972 4297 eo.
2006 4264 2024 4295 ›

453 4322 638 4379 Potest
668 4336 844 4378 tamen
867 4325 943 4382 sic
970 4325 1069 4396 legi
1097 4346 1107 4380 :
1147 4346 1166 4377 ι
1196 4323 1457 4383 Habitasti
1486 4330 1538 4384 in
1572 4329 1720 4397 Sion,
1759 4353 1776 4384 ι
1806 4350 1911 4389 non
1933 4352 2031 4406 per

455 4428 642 4471 servos
665 4426 868 4471 tantum
899 4421 965 4473 ad
988 4419 1201 4475 vineam
1225 4422 1437 4489 lbiSs‘os,
1458 4426 1548 4478 sed
1568 4425 1780 4497 propria
1800 4442 2029 4497 persona

459 4523 479 4558 σ
513 4506 765 4562 habitasti
799 4509 850 4562 in
880 4524 964 4564 eo.
1006 4528 1025 4561 ›

2142 663 2321 719 medio
2348 664 2531 735 templi
2554 665 2647 730 tui,
2680 665 2734 721 in
2756 676 2863 737 quo
2889 675 2982 722 tua
3008 667 3323 727 solemuitas
3344 670 3558 730 sciant
3578 676 3735 733 celo-

2242 770 2269 809 r
2292 795 2306 811 .

2140 756 2236 897 1m:
2266 772 2567 903 i’osuerunt
2601 869 2620 903 ι
2645 849 2808 903 etiam
2832 866 2853 900 ι
2886 849 3039 918 signa
3066 865 3195 917 sua,
3233 871 3252 904 ι
3287 850 3343 907 id
3366 862 3480 921 est,
3513 857 3735 926 aquilas

2140 952 2285 1003 suas,
2321 956 2340 989 ι
2375 939 2527 1009 signa
2550 957 2576 991 4
2604 941 2843 996 victoria!
2866 952 2998 1008 suae,
3031 950 3051 995 ἀ
3082 946 3137 998 et
3161 956 3266 999 non
3294 959 3676 1017 cognoverunt
3706 972 3725 1003 ι

2139 1029 2451 1095 veritatem,
2504 1029 2707 1086 scilicet
2735 1033 2876 1102 quod
2905 1032 2993 1088 illa
3039 1036 3263 1091 Victoria
3308 1037 3378 1092 sit
3411 1052 3475 1093 ev
3510 1048 3599 1105 te,
3629 1044 3731 1099 sed

2140 1120 2241 1175 sibi
2266 1122 2659 1177 attribuerunt:
2695 1141 2713 1174 ι
2743 1130 3039 1193 poeuerunt
3072 1136 3091 1178 ι
3126 1127 3265 1191 dico,
3300 1142 3319 1180 ι
3339 1130 3483 1184 sicut
3506 1151 3527 1183 ι
3550 1135 3732 1190 solem

2137 1212 2261 1281 poni
2286 1213 2436 1283 signa
2468 1231 2486 1263 ι
2523 1228 2686 1283 super
2723 1224 3026 1281 seminum,
3060 1235 3080 1269 ›
3115 1218 3168 1271 id
3194 1227 3309 1285 est,
3343 1236 3509 1292 super
3528 1224 3729 1293 ianuas

2138 1304 2416 1359 domorum
2456 1305 2537 1361 vel
2564 1306 2883 1376 templorum
2911 1327 2929 1360 ι
2961 1309 3013 1363 in
3043 1311 3215 1375 exitu,
3244 1332 3262 1363 ι
3289 1313 3341 1367 id
3361 1325 3471 1380 est,
3496 1317 3554 1369 in
3577 1332 3731 1372 com—

2136 1396 2267 1465 pito.
2317 1396 2510 1468 Tangit
2558 1400 3024 1464 consuetudinem,
3071 1403 3213 1471 quod
3263 1404 3502 1459 victores
3552 1408 3729 1463 solent

2135 1502 2338 1557 ponere
2369 1503 2530 1557 super
2560 1496 2770 1560 portam
2822 1490 2905 1545 vel
2936 1506 3097 1562 super
3126 1494 3316 1549 turrim
3345 1497 3500 1567 signa
3533 1512 3652 1551 sua.

2206 1577 2713 1649 Exaggerateorum
2750 1582 3047 1651 nequitiam
3090 1602 3102 1637 :
3150 1592 3206 1639 et
3243 1586 3407 1640 etiam
3445 1606 3463 1638 ι
3507 1590 3729 1644 excide-

2142 1690 2159 1721 ι
2189 1681 2311 1725 runt
2327 1673 2521 1742 januas
2548 1671 2662 1741 ejus
2691 1694 2709 1724 ι
2742 1674 2945 1743 templi,
2976 1677 3255 1731 tendentes
3279 1697 3298 1728 ι
3328 1679 3380 1732 in
3407 1679 3668 1749 idipsum,
3700 1701 3719 1734 ι

2136 1763 2188 1817 id
2205 1771 2307 1827 est,
2337 1763 2391 1816 in
2418 1765 2661 1818 eamdem
2688 1765 3015 1820 voluntatem
3035 1769 3438 1832 destructionis,
3463 1786 3482 1820 ι
3517 1773 3673 1840 quasi
3700 1790 3720 1824 ι

2135 1859 2315 1906 essent
2360 1871 2378 1903 ι
2417 1853 2469 1905 in
2498 1852 2653 1918 silva,
2694 1870 2712 1906 ι
2746 1868 2852 1910 non
2876 1870 2995 1924 qua:
3036 1857 3440 1924 observaretur,
3472 1863 3574 1916 sed
3608 1876 3722 1932 qua:

2068 1918 2113 1991 Β
2140 1956 2326 1997 eorum
2364 1942 2625 1997 voluntati
2649 1953 2788 2000 eSSet
2814 1918 3058 2016 exposita
3086 1951 3153 2003 ad
3181 1918 3438 2005 facienda.
3464 1918 3644 2023 ligna:
3670 1962 3725 2010 et

2136 2035 2237 2089 hoc
2286 2034 2417 2090 dicit
2445 2055 2463 2087 ι
2503 2036 2804 2107 lignorum,
2846 2057 2864 2089 ι
2909 2048 2964 2093 et
3000 2056 3019 2089 ι
3053 2037 3394 2107 deiecerunt,
3446 2062 3467 2096 ι
3514 2045 3570 2098 id
3622 2055 3720 2110 est,

2136 2126 2517 2183 destruxemnt
2540 2145 2558 2178 ι
2593 2138 2713 2183 eam
2751 2146 2770 2181 ι
2791 2120 3065 2184 civitatem
3089 2148 3106 2180 ι
3140 2132 3192 2184 in
3220 2133 3397 2188 securi
3422 2145 3480 2189 et
3509 2137 3678 2192 ascia.
3698 2154 3717 2189 ι

2133 2216 2291 2272 Ascia
2317 2225 2401 2273 est
2433 2217 2820 2273 ferramentum
2860 2220 2929 2274 ad
2978 2220 3237 2277 dolandas
3266 2224 3510 2281 minutas
3539 2227 3715 2297 sculp-

2136 2317 2285 2363 turas
2319 2310 2675 2379 aptissimum.

2210 2414 2229 2451 ι
2264 2400 2617 2457 lnccuderunt
2646 2421 2664 2453 ι
2702 2403 2864 2457 etiam
2894 2419 2915 2453 ι
2948 2405 3317 2459 sanctuarlum
3347 2413 3502 2460 tuum
3527 2408 3661 2478 igni,
3692 2428 3709 2461 ι

2135 2494 2188 2549 id
2232 2505 2314 2548 est
2350 2495 2602 2564 templum
2636 2505 2803 2559 tuum,
2852 2494 3164 2564 drjicientes
3198 2496 3471 2562 culmina,
3512 2512 3638 2569 qua
3661 2500 3710 2555 il

2134 2585 2300 2639 altum
2325 2584 2391 2638 ad
2420 2586 2674 2640 honorem
2709 2595 2858 2639 tuum
2880 2595 3034 2640 erant
3057 2587 3346 2653 aediﬁcata,
3381 2608 3399 2640 ι
3432 2590 3488 2644 in
3512 2598 3657 2645 terra
3686 2611 3705 2643 ι

2134 2677 2209 2731 ita
2242 2686 2297 2729 ut
2334 2692 2438 2731 non
2472 2683 2773 2731 remaneret
2809 2677 2943 2746 lapis
2978 2686 3142 2748 super
3174 2677 3434 2749 lapidem,
3465 2700 3484 2731 ι
3516 2680 3711 2750 pollue-

2139 2788 2158 2822 ι
2189 2774 2315 2824 runt
2352 2770 2755 2825 ttlbernaculum
2786 2770 3019 2825 nominis
3062 2770 3160 2837 tui,
3191 2788 3211 2821 ι
3246 2772 3298 2826 id
3342 2780 3428 2829 est
3462 2775 3710 2844 templum

2132 2863 2188 2918 in
2227 2877 2332 2931 quo
2372 2862 2677 2917 invocatum
2714 2862 2888 2918 fuerat
2921 2874 3117 2917 nomen
3138 2871 3323 2928 tuum,
3363 2863 3617 2921 faciendo
3647 2866 3712 2921 ibi

2133 2957 2296 3011 multa
2325 2950 2545 3025 polluta.
3436 3016 3447 3028 '

2209 3068 2228 3102 ι
2261 3049 2524 3105 Dixerunt
2555 3068 2573 3101 ι
2605 3050 2770 3105 etiam
2800 3069 2821 3103 ι
2858 3052 2911 3105 in
2939 3051 3103 3107 corde
3132 3062 3231 3107 suo
3258 3064 3278 3104 ι
3314 3061 3371 3108 et
3395 3066 3508 3107 non
3541 3056 3710 3124 pauci,

2132 3145 2226 3200 sed
2260 3161 2278 3195 ι
2316 3144 2565 3214 cognatio
2594 3158 2780 3199 eorum
2809 3144 2966 3199 simul
3005 3164 3025 3198 ι
3058 3162 3179 3201 cum
3213 3146 3343 3213 illis,
3386 3166 3407 3198 ι
3435 3148 3715 3218 quiescere

2132 3235 2394 3290 faciamus
2454 3248 2642 3290 omnes
2693 3235 2807 3290 dies
2834 3236 3000 3291 festos
3049 3237 3140 3292 Dei
3193 3251 3224 3293 α
3267 3246 3435 3304 terra,
3481 3259 3503 3292 ι
3546 3241 3599 3295 id
3636 3250 3714 3295 est

2131 3327 2473 3380 destruamus
2490 3326 2695 3393 omnia,
2722 3340 2791 3381 ne
2816 3326 2931 3382 dies
2967 3325 3090 3382 festi
3115 3335 3346 3399 agantur
3373 3330 3428 3383 in
3454 3339 3597 3386 terra
3615 3331 3713 3385 ista

2133 3416 2379 3471 ulterius.

2202 3505 2364 3561 istam
2391 3505 2814 3561 destructionem
2844 3506 3090 3576 permisit
3133 3508 3291 3564 nobis
3324 3507 3476 3566 Deus
3505 3509 3620 3567 ﬁeri
3645 3522 3711 3566 ex

2131 3598 2324 3653 merito
2349 3607 2565 3665 nostro,
2588 3600 2716 3668 quia
2744 3610 2842 3653 nos
2871 3618 2889 3650 ι
2930 3612 3035 3653 non
3062 3600 3316 3666 vidimus,
3349 3619 3370 3652 ι
3396 3602 3451 3656 id
3479 3612 3581 3667 est,
3610 3618 3713 3658 non

2131 3688 2521 3752 intelleximus,
2554 3707 2573 3739 ι
2609 3690 2758 3759 signa
2798 3699 3011 3756 nostra,
3050 3708 3068 3741 ι
3100 3690 3155 3744 id
3191 3700 3296 3757 est,
3326 3692 3479 3748 nobis
3515 3708 3712 3763 propo-

2132 3782 2309 3844 sitam,
2343 3779 2569 3845 scilicet,
2600 3781 2987 3848 visitationem,
3017 3797 3180 3853 quam
3209 3783 3365 3838 nobis
3391 3784 3517 3838 fecit
3542 3786 3714 3841 Deus.

2134 3870 2196 3923 Et
2232 3871 2320 3925 lrie
2362 3870 2511 3939 ponit
2540 3883 2599 3925 se
2629 3868 2910 3942 Syuagoga
2950 3872 3005 3925 in
3052 3886 3283 3928 numero
3313 3873 3717 3949 destructor-run

2129 3961 2366 4026 illorum,
2385 3977 2506 4014 cum
2521 3961 2670 4025 dicit,
2703 3981 2721 4013 ι
2743 3977 2849 4017 non
2880 3963 3108 4017 vidimus
3130 3983 3148 4015 ι
3170 3964 3287 4019 hac
3307 3982 3324 4017 ι
3343 3965 3516 4033 signa,
3536 3984 3555 4017 δ
3574 3966 3721 4033 quia

2136 4071 2154 4103 ι
2182 4053 2293 4122 jam
2326 4067 2431 4107 non
2462 4062 2547 4107 est
2576 4054 2836 4123 propheta
2873 4073 2891 4105 ι
2919 4056 3057 4126 apud
3095 4071 3222 4120 nos,
3253 4072 3413 4127 quem
3440 4058 3720 4114 cornuin-

2085 4201 2098 4217 .
2130 4156 2279 4206 mus,
2310 4143 2448 4198 sicut
2497 4142 2647 4212 prius
2686 4144 3033 4201 habebamus.
3063 4145 3195 4201 Cum
3245 4150 3392 4202 enim
3440 4150 3723 4219 propheta

2130 4246 2429 4301 cessarent,
2479 4237 2687 4306 signum
2736 4236 2839 4291 fuit
2885 4239 3147 4294 adventus
3176 4239 3351 4303 illius,
3393 4243 3484 4311 qui
3518 4240 3618 4295 fuit
3665 4253 3723 4298 et

2130 4328 2253 4383 ﬁnis
2299 4338 2353 4383 et
2397 4329 2683 4398 completio
2732 4332 3158 4401 prophetarum:
3199 4352 3218 4384 ι
3261 4343 3318 4389 et
3354 4335 3586 4405 amplius
3616 4352 3723 4392 nos

2128 4432 2233 4473 non
2268 4428 2559 4487 cognoscet
2602 4439 2620 4470 ι
2666 4418 2837 4485 Deus,
2888 4421 3156 4477 visitando
3191 4438 3288 4492 per
3323 4423 3562 4493 aliquem
3592 4440 3729 4496 pro:

2129 4510 2370 4580 phetam.
2400 4508 2492 4564 Vel
2521 4510 2595 4564 ita
2642 4518 2822 4580 potest
2865 4510 2968 4580 legi
3021 4516 3331 4581 praecellens
3381 4530 3607 4581 versus,
3658 4520 3729 4574 de

529 4600 816 4673 Postquam
870 4602 1104 4672 captavit
1152 4602 1576 4662 benevolentiam
1623 4623 1718 4677 per
1767 4608 2025 4664 beneﬁcia
2054 4629 2106 4688 Β
2132 4601 2284 4671 culpa
2319 4600 2646 4656 Judazorum.
2675 4600 3042 4658 Continuatio.
3069 4604 3219 4660 Licet
3254 4606 3399 4661 Deus
3436 4619 3587 4663 tanta
3632 4610 3727 4664 be-

451 4706 573 4766 quae
602 4694 728 4749 fecit
755 4690 895 4750 Deus
925 4694 1117 4766 populo
1137 4739 1151 4765 ,
1179 4709 1357 4768 captat
1388 4700 1810 4755 benevolentiam
1839 4714 1868 4755 a
1901 4716 2024 4770 per-

452 4799 585 4841 sona
645 4786 1113 4853 adversariorum,
1169 4792 1413 4861 ponendo
1461 4793 1763 4862 superbiam
1815 4804 2022 4848 eorum.

451 4874 815 4932 Continuatio.
845 4877 978 4946 Quia
1026 4881 1140 4936 [nec
1170 4882 1428 4938 beneficia
1464 4883 1634 4939 fecisti
1674 4883 1868 4955 populo
1903 4893 2023 4952 tuo,

453 4966 594 5035 ideo,
617 4988 649 5025 ο
672 4972 829 5038 Deus,
855 4990 872 5024 ι
910 4973 1025 5029 leVa
1054 4990 1244 5032 manus
1276 4982 1415 5040 tuas,
1448 4997 1464 5029 ι
1498 4976 1551 5032 id
1578 4982 1660 5031 cst
1685 4979 2026 5046 operationes

453 5070 573 5119 tuas
601 5082 719 5137 (ιιιω
748 5065 963 5121 fuerunt
994 5070 1249 5133 remissae,
1283 5086 1403 5124 cum
1442 5085 1534 5125 eos
1574 5070 1915 5140 permitteres
1943 5068 2024 5127 fa-

451 5169 575 5210 cere
602 5156 667 5210 de
694 5157 905 5213 civitate
926 5166 1015 5213 tua
1037 5160 1177 5229 quod
1204 5160 1451 5214 volebant
1484 5178 1495 5212 :
1533 5180 1549 5211 ‹
1575 5156 1690 5215 leva
1714 5182 1732 5212 ι
1761 5158 1881 5216 dico
1918 5181 1936 5213 ι
1970 5162 2024 5216 in

457 5261 478 5296 ε
508 5244 787 5314 superbias
824 5262 1041 5311 eormn,
1082 5268 1099 5300 ι
1147 5248 1198 5302 id
1241 5256 1323 5302 est
1368 5258 1553 5301 contra
1596 5246 1902 5320 superbias,
1931 5249 2026 5321 qui

453 5335 725 5393 civitatem
762 5340 1077 5405 destruunt,
1111 5348 1165 5393 et
1194 5342 1293 5394 hoc
1324 5339 1487 5394 facies
1522 5359 1541 5391 ι
1578 5341 1630 5395 in
1659 5342 1818 5397 ﬁnem‘
1856 5360 1872 5395 ι
1906 5358 2023 5399 om—

452 5427 690 5496 nimode,
727 5431 775 5484 id
815 5440 916 5497 est,
946 5432 1015 5486 ita
1044 5431 1267 5497 scilicet,
1294 5431 1435 5501 quod
1471 5442 1868 5501 convertantur,
1900 5434 2025 5505 quia

457 5539 478 5574 ι
507 5533 706 5592 quanta
742 5531 825 5578 est
848 5522 1191 5593 malignatus,
1217 5544 1235 5576 ι
1260 5522 1309 5577 id
1333 5532 1436 5589 est,
1458 5534 1659 5594 quanto
1680 5527 1819 5580 malo
1848 5528 2026 5583 animo

452 5607 581 5667 fecit
612 5632 630 5664 ι
662 5615 911 5669 inimicus
943 5635 962 5667 ι
993 5614 1079 5668 ille
1106 5610 1379 5669 Romanus
1406 5615 1629 5685 populus
1662 5634 1680 5668 ι
1711 5617 1762 5671 in
1788 5627 1972 5674 sancto
2002 5634 2020 5672 ι

453 5702 593 5769 loco,
622 5705 673 5758 id
699 5715 801 5771 est,
827 5712 879 5761 in
917 5704 1111 5775 templo
1141 5713 1250 5761 tuo.

526 5794 591 5849 Et
634 5812 756 5851 cum
800 5796 889 5852 alii
921 5798 1183 5865 homines,
1215 5797 1305 5869 qui
1336 5799 1477 5854 mala
1505 5800 1675 5856 solent
1707 5800 1913 5867 facere,
1942 5812 2027 5858 so—

455 5885 600 5943 leant
627 5888 913 5961 compungi
935 5898 989 5946 et
1011 5890 1209 5960 dolere,
1236 5891 1322 5947 isti
1358 5908 1376 5943 ‹
1410 5892 1500 5966 qui
1535 5900 1586 5948 tc
1615 5891 1875 5961 oderunt,
1906 5903 2031 5950 sunt

2130 4694 2320 4748 nelicia
2350 4691 2573 4749 Judaico
2600 4694 2798 4764 populo
2844 4694 3190 4761 contulisset,
3234 4705 3414 4751 tamen
3460 4713 3575 4753 non
3618 4701 3730 4754 erit

2128 4784 2181 4839 in
2214 4784 2496 4839 clementia
2541 4786 2739 4853 ipsius,
2769 4784 2812 4838 si
2868 4785 3147 4854 permittat
3179 4799 3272 4841 eos
3316 4788 3525 4841 destrui
3549 4830 3565 4851 ,
3595 4792 3729 4858 quia

2128 4875 2229 4944 ipsi
2257 4876 2508 4929 dixerunt
2547 4873 2716 4930 Judaei
2743 4876 2796 4929 in
2824 4877 2988 4932 corde
3018 4892 3144 4941 suo,
3174 4877 3226 4932 id
3252 4887 3356 4944 est,
3400 4879 3547 4933 sicut
3572 4880 3732 4936 dixe-

2126 4976 2272 5033 runt,
2300 4967 2373 5021 ita
2404 4968 2457 5021 in
2481 4968 2644 5022 corde
2681 4968 3006 5032 habuerunt,
3036 4977 3091 5023 et
3130 4984 3234 5025 non
3266 4970 3423 5038 pauci
3469 4972 3546 5025 de
3594 4973 3732 5034 illis,

2127 5060 2236 5115 imo
2267 5059 2516 5130 cognatio
2545 5058 2757 5114 illorum
2780 5070 2889 5114 tota
2905 5060 3064 5115 simul
3098 5078 3111 5115 :
3144 5062 3426 5131 quiescere
3451 5060 3735 5118 faciamus

2129 5168 2317 5209 omnes
2346 5154 2459 5208 dies
2501 5151 2668 5208 festos
2713 5154 2806 5209 Dei
2855 5170 2885 5209 a
2936 5165 3115 5219 terra,
3148 5154 3388 5221 scilicet,
3426 5164 3485 5209 ut
3511 5156 3735 5211 nullum

2130 5244 2322 5301 feStum
2354 5243 2688 5301 celebremus
2716 5245 2787 5300 ei.
2820 5245 2928 5301 Nec
2955 5247 3211 5301 debemus
3239 5246 3518 5301 celebrare
3541 5287 3557 5309 ,
3585 5262 3740 5317 Quo-

2130 5340 2274 5393 niam
2307 5355 2326 5389 ι
2348 5352 2453 5393 non
2480 5337 2714 5392 vidimus
2738 5338 2891 5409 signa
2921 5349 3104 5396 nostra
3127 5359 3147 5392 ι
3178 5355 3299 5409 quas
3320 5338 3476 5394 nobis
3503 5342 3741 5410 priami-

2129 5439 2276 5485 serat
2302 5429 2467 5494 Deus,
2504 5428 2556 5483 id
2594 5436 2677 5483 est
2719 5445 2825 5483 non
2864 5429 3097 5484 ostendit
3130 5430 3284 5486 nobis
3321 5429 3501 5499 aliqua
3538 5432 3742 5502 signa,

2131 5530 2228 5591 per
2262 5534 2384 5591 qum
2421 5535 2708 5576 caveamus
2746 5523 2814 5575 ab
2864 5522 3145 5587 hostibus,
3192 5522 3332 5578 sicut
3364 5522 3577 5578 solebat
3613 5544 3632 5578 :
3688 5538 3749 5581 et

2132 5614 2295 5669 etiam
2328 5632 2345 5663 ι
2359 5612 2471 5681 jam
2489 5630 2593 5669 non
2623 5624 2707 5669 est
2732 5616 2993 5686 propheta
3014 5635 3032 5668 ο
3062 5617 3153 5686 qui
3178 5616 3485 5673 consoletur
3518 5634 3658 5688 nos,
3690 5633 3751 5677 et

2132 5716 2329 5761 caetera
2364 5707 2573 5762 eodem.

2204 5799 2307 5870 Ipsi
2352 5799 2426 5854 ita
2467 5811 2847 5871 peccaverunt,
2879 5802 3009 5869 sed,
3035 5817 3073 5859 ο
3121 5820 3140 5855 ι
3186 5802 3329 5860 Deus
3371 5819 3685 5875 ιιειιιιαμο
3724 5828 3746 5862 ι

2133 5896 2358 5968 patieris
2409 5896 2528 5954 illos
2564 5911 2884 5974 permanere
2933 5899 2988 5955 in
3027 5900 3296 5975 peccatis,
3331 5909 3388 5957 et
3429 5900 3533 5957 hoc
3584 5912 3699 5960 est
3736 5922 3756 5963 :
