3940 6462
162 498 275 558 445

1328 486 1768 559 EXPLANATIO
1806 502 1874 558 lN
1908 498 2245 564 PSALMOS.

3294 503 3399 562 446

166 634 187 668 ι
240 627 519 685 usquequo
574 612 957 685 impreperabit
997 634 1016 667 ι
1058 613 1154 670 tibi
1200 635 1218 667 ι
1268 615 1553 679 inimicus,
1602 636 1620 666 ι
1673 613 1727 670 id
1759 620 1805 677 Α
1831 633 1965 687 quas
1993 620 2233 676 immittit
2255 620 2521 689 diabolus,
2543 631 2669 677 tunc
2694 621 2978 693 disrumpit
3004 616 3163 686 Deus,
3186 621 3400 691 quando

159 718 277 770 εει,
325 704 581 762 Judaicus
620 707 843 777 populus
874 725 886 761 :
919 714 974 761 et
1009 723 1287 778 usquequo
1334 727 1351 758 ι
1389 708 1595 772 irritat,
1627 725 1644 757 ι
1679 702 1733 761 id

160 808 269 863 est,
296 792 551 868 provecai
570 796 806 864 adiram,
827 817 845 849 ι
869 799 1227 865 adversarius,
1255 822 1273 853 ι
1294 800 1343 854 id
1365 792 1464 861 est,
1480 798 1734 855 Judaicus

160 890 467 961 populns,c
506 903 701 944 nomen
738 898 918 956 tuum,
955 910 974 942 ι
1008 889 1058 944 id
1090 901 1171 947 est
1192 932 1207 957 ,
1241 900 1290 945 te
1319 886 1734 945 nominabiletn?

163 981 273 1035 erit
320 981 418 1035 hoc
454 1000 471 1031 ι
503 978 555 1034 ἰιι
602 979 760 1035 finem
793 1000 806 1036 :
852 1002 869 1033 ι
911 979 962 1036 id
1002 991 1102 1047 est,
1134 983 1235 1035 crit
1279 980 1598 1036 omnimode.
1636 978 1733 1034 Vel

164 1087 338 1141 usque
366 1092 381 1122 ι
404 1072 454 1125 i’n
480 1071 637 1126 finem
660 1092 677 1125 ι
709 1070 906 1139 szeculi,
930 1074 1141 1143 quando
1164 1070 1401 1142 reliquiae
1428 1066 1734 1126 intimorum

165 1164 329 1219 salva:
354 1164 501 1219 fient.

238 1254 305 1309 Et
338 1275 356 1306 ι
381 1258 435 1307 ιιι
456 1255 603 1326 quid,
632 1275 649 1308 ι
683 1254 927 1322 Domine,
948 1275 965 1308 ι
994 1255 1192 1311 avertis
1214 1277 1231 1309 ι
1267 1252 1333 1311 ab
1363 1255 1441 1311 eis
1469 1276 1485 1306 ι
1517 1269 1736 1309 manum

166 1354 351 1411 tuam,
396 1350 413 1397 ι
460 1344 512 1401 id
567 1344 649 1402 est
699 1349 1063 1418 operationem
1107 1350 1251 1403 tuam
1303 1365 1408 1418 qua
1454 1355 1738 1404 convertas

166 1452 264 1493 eos
294 1438 358 1492 ad
393 1447 471 1502 te;
511 1437 613 1492 alia
661 1440 940 1494 translatio
984 1440 1175 1505 habet,
1225 1440 1414 1494 faciem
1461 1447 1647 1493 tuam:
1686 1444 1742 1491 et

173 1547 193 1581 ι
225 1537 282 1583 ιιι
314 1528 441 1599 quid
468 1529 666 1583 avertis
694 1529 971 1584 dexteram
1004 1541 1170 1595 tuam,
1210 1551 1226 1583 ι
1265 1530 1316 1584 id
1351 1538 1433 1584 est
1460 1529 1739 1585 Judaicum

166 1637 452 1691 poptnum,
480 1622 570 1691 qui
604 1621 722 1676 ideo
753 1621 961 1677 Domini
998 1623 1213 1678 dextera
1242 1623 1463 1687 dicitur,
1493 1621 1614 1691 quia
1648 1634 1743 1690 per

168 1725 265 1765 eos
293 1710 421 1765 fecit
451 1698 589 1765 Deus
617 1711 781 1765 multa
812 1712 1070 1767 mirabilia
1103 1733 1114 1767 ε
1150 1714 1287 1768 sicut
1320 1730 1412 1783 per
1442 1712 1606 1766 David
1631 1711 1741 1765 Go-

168 1798 297 1853 liam
330 1800 631 1866 interemit,
679 1810 807 1868 etc.,
841 1822 858 1852 ι
897 1803 961 1857 de
996 1803 1172 1857 medio
1217 1803 1336 1857 sinit
1370 1811 1485 1867 tuo,
1519 1822 1536 1854 ι
1572 1802 1624 1856 id
1660 1808 1745 1857 est

170 1891 241 1946 de
282 1894 526 1948 ubertate
578 1890 997 1961 iitiSericordim,
1044 1897 1168 1967 quia
1217 1894 1303 1965 qui
1368 1901 1674 1949 removetur
1711 1908 1741 1946 a

1834 708 2047 787 alleviat
2077 721 2316 782 peccata,
2364 723 2420 769 et
2465 714 2508 769 si
2539 730 2646 769 non
2688 713 2901 784 penitus
2939 712 3237 778 condonat,
3276 720 3401 767 tunc

1834 798 2002 857 siccat
2027 821 2045 853 ι
2068 801 2258 858 ﬂuvios
2281 804 2475 871 Etlian,
2500 825 2518 858 ι
2546 806 2598 861 id
2618 815 2721 871 est,
2742 805 3112 860 inundantiam
3126 803 3397 866 vitiorum,

1834 895 2048 964 quando
2064 895 2275 965 penitus
2299 896 2567 950 condonat
2591 906 2830 965 peccata.
2863 895 2958 951 Vel
2984 895 3060 950 sic
3088 914 3105 945 ι
3126 890 3402 963 disrupisti

1836 982 2033 1049 fontes,
2067 1007 2085 1037 ι
2120 986 2333 1054 quando
2352 987 2403 1040 in
2429 985 2641 1041 deserto
2662 984 2727 1041 de
2750 997 2900 1057 petra
2926 998 3118 1055 aquam
3146 982 3401 1047 eduxisti,

1835 1070 1889 1128 e’t
1917 1080 2216 1141 torrentes,
2246 1076 2383 1132 sicut
2413 1088 2604 1146 aquam
2634 1076 2778 1130 illam
2806 1090 2925 1147 quae
2961 1077 3282 1147 Sequebatur
3310 1074 3406 1127 eo!

1836 1180 1933 1236 per
1962 1166 2255 1222 desertum.
2288 1166 2381 1223 Vel
2426 1172 2525 1225 bos
2556 1166 2729 1222 fontes
2770 1174 2824 1221 et
2864 1174 3125 1221 torrentes
3160 1159 3407 1232 intelligi-

1838 1272 1957 1315 mus
2008 1260 2418 1331 przedicatores,
2451 1259 2541 1329 qui
2588 1257 2892 1313 refecerunt
2937 1264 3105 1310 totum
3149 1255 3406 1309 mundum

1837 1348 2215 1421 prtedicalione
2240 1349 2532 1420 Evangelii,
2558 1359 2609 1405 et
2630 1362 2727 1419 per
2756 1344 2887 1403 igtos
2911 1348 3290 1419 prtedicatores
3310 1366 3328 1397 ‹
3353 1352 3407 1401 ιιι

1840 1440 2056 1496 siccasti
2109 1439 2297 1495 fluvios
2343 1439 2538 1506 Ethan,
2580 1458 2599 1493 ι
2641 1436 3008 1494 inundantiam
3032 1446 3407 1508 peccatorum,

1841 1538 2001 1603 qttam
2032 1534 2354 1589 immittebat
2381 1533 2641 1588 diabolus.

1918 1641 1938 1673 ‹
1967 1622 2113 1678 Tuus
2136 1626 2218 1678 est
2258 1623 2396 1689 dies,
2444 1633 2549 1679 etc.
2582 1642 2600 1676 ι
2638 1624 2830 1679 Totum
2859 1620 2926 1678 ad
2973 1614 3225 1676 litteram.
3263 1617 3412 1672 Alle-

1844 1715 2024 1787 go'rice
2070 1725 2247 1770 autem
2293 1730 2389 1787 per
2434 1716 2573 1771 diem
2616 1717 2911 1785 accipimus
2958 1714 3289 1785 sapientem,
3321 1708 3414 1781 qui

1844 1806 1925 1864 est
1957 1807 2285 1864 illuminattis
2311 1810 2616 1881 cognitione
2651 1810 2765 1864 Dei.
2798 1808 2901 1863 Per
2923 1815 3134 1863 noctem
3162 1812 3416 1875 peccator

1847 1899 2128 1969 accipitur,
2153 1900 2243 1968 qdi
2274 1908 2356 1954 est
2402 1901 2457 1954 in
2495 1901 2748 1965 tenebris,
2787 1910 2885 1970 per
2915 1900 3269 1970 ignorantiam
3301 1895 3415 1951 veri

169 1982 317 2052 Deo,
371 2004 473 2042 non
517 1998 600 2044 est
629 1989 680 2044 in
737 1966 1107 2046 misericordia
1140 1988 1250 2045 Dei.
1282 1990 1397 2045 Erit
1435 1990 1536 2045 hoc
1576 2004 1743 2058 usque
1773 1966 1818 2040 Β
1844 1966 1995 2055 boni,
2027 1988 2114 2058 qui
2138 1966 2393 2059 peccator
2420 1998 2501 2046 est
2533 2001 2676 2055 tuus,
2706 2006 2739 2044 o
2768 1966 3082 2059 Deus,‘quia
3119 2004 3240 2043 eum
3268 1988 3333 2041 ad
3366 1994 3418 2042 te

174 2092 197 2129 ι
237 2076 288 2131 in
338 2078 529 2145 finem,
568 2100 585 2131 ι
616 2082 719 2136 erit
770 2083 953 2152 utique
997 2081 1049 2137 in
1096 2080 1285 2145 linem,
1317 2082 1531 2152 quando
1574 2078 1743 2135 Judaei

120 2200 135 2208 -
166 2168 560 2226 canverientur
584 2170 648 2226 ad
672 2171 968 2239 Christum,
998 2168 1323 2243 recipiemur
1348 2173 1400 2226 in
1429 2170 1603 2226 sinum
1629 2168 1741 2224 Dei.

169 2252 301 2319 Hzec
337 2264 506 2336 figura
550 2263 647 2320 fuit
696 2267 749 2321 in
790 2266 1002 2337 Moyse,
1044 2265 1132 2336 qui
1170 2265 1403 2321 extraxit
1436 2278 1650 2318 manum
1681 2258 1747 2316 de

167 2358 331 2423 sinu,
376 2368 429 2412 et
479 2340 746 2429 lcprosam
795 2359 1026 2425 invenit,
1058 2369 1261 2414 etcum
1310 2359 1501 2412 iterum
1543 2371 1660 2409 eam
1692 2355 1746 2407 in

170 2446 353 2499 sinum
389 2448 737 2515 reposuisset,
776 2446 971 2502 tnunda
1000 2446 1119 2513 fuit,
1148 2457 1201 2501 et
1229 2446 1329 2501 hoc
1359 2452 1440 2500 est
1471 2443 1745 2513 impletum

169 2534 230 2590 in
261 2537 454 2607 populo
482 2532 821 2601 Jndteorum.
854 2540 944 2608 qui
980 2538 1102 2593 cum
1149 2536 1515 2593 removeretur
1559 2536 1588 2589 ιι
1628 2534 1749 2589 sinu

172 2629 294 2693 Dei,
324 2630 377 2684 id
401 2643 483 2686 est
507 2642 536 2685 ιι
568 2632 804 2695 Christo,
825 2630 997 2688 factus
1024 2630 1102 2685 esi
1134 2628 1375 2701 leproSns
1403 2630 1452 2684 in
1483 2628 1747 2699 peccatis;

171 2739 300 2778 cum
324 2726 504 2779 autem
532 2726 858 2781 converterit
892 2740 950 2780 se
977 2724 1041 2780 ad
1068 2724 1337 2781 Christum
1359 2764 1373 2789 ,
1407 2720 1752 2777 mandabitur

173 2829 207 2867 a
240 2808 386 2885 lep‘ra
412 2828 778 2886 peccatorum.

259 2925 275 2955 ι
306 2906 448 2961 Deus
480 2909 711 2961 autem.»
749 2900 881 2962 Pars
928 2905 1179 2962 secunda.
1214 2904 1355 2961 Deus
1382 2903 1577 2959 avertit
1598 2902 1753 2958 modo

173 3006 401 3050 manum
453 3010 636 3058 suam.
686 2997 922 3062 scilicet,
967 2998 1077 3068 ipse
1114 3017 1132 3049 ι
1170 2994 1307 3051 Deus
1362 2996 1453 3049 rex
1511 2999 1695 3049 noster
1730 3011 1749 3043 ι

174 3088 423 3144 existens
443 3108 459 3139 ι
496 3088 619 3145 ante
645 3088 859 3157 saecula,
887 3101 1138 3160 operatus
1163 3100 1247 3144 est
1273 3084 1549 3150 salutem,»
1573 3086 1622 3141 id
1652 3092 1750 3147 est,

174 3174 555 3236 liberationem
577 3224 590 3248 ,
624 3184 679 3238 et
714 3182 837 3238 ante
873 3176 1161 3239 adventum
1203 3188 1258 3237 et
1292 3182 1344 3236 in
1382 3181 1497 3251 ipso
1524 3181 1756 3235 adventu

177 3266 385 3327 Christi
420 3294 438 3325 ι
476 3274 528 3328 in
558 3275 733 3331 medio
774 3284 950 3340 terrm,
987 3296 1006 3329 ι
1038 3276 1093 3331 id
1122 3286 1204 3331 est
1234 3276 1289 3330 in
1317 3273 1588 3330 communi
1636 3286 1755 3326 om-

179 3364 331 3420 nium
359 3368 655 3422 hominum.

262 3475 281 3507 ι
310 3456 389 3511 Tu
412 3458 767 3512 confirmasti.
794 3466 810 3508 ι
834 3456 961 3513 Dico
981 3479 997 3510 ι
1019 3467 1272 3529 operatus
1292 3479 1310 3511 ι
1342 3472 1400 3514 es
1421 3478 1438 3507 ι
1462 3452 1709 3522 salutem,
1734 3466 1752 3509 ι

181 3548 311 3617 quia
334 3570 349 3599 ι
374 3557 429 3603 ιιι
451 3570 468 3599 ι
492 3548 629 3604 Deus
650 3571 666 3600 ι
690 3550 1180 3605 coriiir-mastimare
1203 3574 1219 3599 ›
1240 3546 1500 3613 Rubrum,
1516 3546 1761 3603 faciendo

186 3636 316 3692 illud
362 3641 560 3710 populo
605 3642 905 3696 transeunti
954 3642 1155 3697 siccum
1184 3649 1274 3707 ,et
1314 3658 1377 3697 ex
1420 3641 1563 3695 omni
1611 3650 1763 3709 parte

186 3730 343 3800 quasi
392 3748 606 3786 murum
640 3748 655 3787 :
687 3740 739 3787 et
770 3716 871 3788 hoc
902 3753 920 3785 ι
960 3734 1012 3787 in
1060 3733 1253 3787 virtute
1300 3740 1409 3797 tua,
1446 3752 1464 3784 ι
1509 3724 1561 3785 id
1582 3736 1665 3784 est
1711 3730 1763 3784 in

184 3825 336 3879 σιιιιιί
364 3826 605 3895 potentia
643 3835 751 3881 tua.
787 3824 966 3881 Posita
1000 3826 1189 3897 ﬁgura,
1221 3826 1370 3895 ponit
1406 3822 1761 3894 significatum

186 3912 358 3984 ipsius
388 3915 590 3986 figurze,
619 3933 739 3972 cum
761 3912 891 3971 dicit
919 3934 969 3971 τι
999 3916 1187 3986 Capita
1218 3915 1532 3979 draconum,
1566 3934 1584 3965 ι
1608 3913 1661 3967 id
1683 3918 1765 3967 est

184 4009 459 4078 potentias
496 4017 549 4063 et
575 4009 902 4066 elevationes
930 4011 1231 4066 dtemonnm
1260 4030 1278 4061 ι
1308 4004 1701 4071 contribulasti,
1739 4025 1757 4059 ι

183 4092 241 4152 id
286 4107 390 4163 est,
426 4099 489 4152 ad
532 4100 756 4155 nihilum
787 4100 1066 4167 reduxisti,
1094 4119 1111 4153 ι
1154 4102 1203 4155 in
1237 4101 1385 4171 aquis
1416 4122 1432 4152 ι
1470 4094 1759 4170 baptismi:

182 4191 316 4260 quia
362 4200 459 4260 per
506 4207 673 4263 aquas
716 4193 967 4264 baptismi
1019 4194 1179 4250 homo
1212 4195 1326 4249 exit
1355 4211 1383 4248 a
1440 4182 1633 4249 diaboli
1666 4208 1764 4263 po-

184 4289 400 4339 testate.
1582 4272 1587 4275 ’

265 4372 331 4426 Ει
370 4394 387 4424 ι
435 4382 488 4429 ιιι
538 4396 555 4427 ι
603 4376 765 4431 etiam
813 4397 830 4429 ι
879 4375 1191 4447 confregisti
1238 4380 1416 4450 capita
1460 4378 1709 4435 draconis
1740 4398 1759 4433 ι

186 4465 506 4533 superioris,
538 4468 592 4521 et
620 4488 637 4517 ι
674 4466 884 4538 populis
914 4468 1260 4541 Ethiopum,
1296 4491 1313 4522 ι
1342 4472 1393 4526 id
1425 4487 1505 4527 est
1545 4472 1649 4527 illis
1676 4472 1765 4541 qui

184 4555 341 4627 prius
371 4552 583 4613 fuerunt
622 4561 757 4629 nigri
796 4563 846 4615 in
875 4565 1110 4633 peccatis
1130 4604 1144 4627 ,
1178 4582 1196 4615 ι
1227 4562 1417 4619 dedisti
1447 4579 1567 4618 eum
1603 4585 1620 4615 ι
1654 4564 1768 4619 dia-

186 4645 371 4703 bolum
417 4656 676 4722 «Oeseam‘,
719 4674 736 4704 ι
776 4652 825 4706 id
863 4660 946 4707 est
974 4652 1317 4709 refectionem
1353 4674 1363 4707 :
1393 4655 1518 4725 quia
1548 4652 1760 4709 subtra-

188 4738 373 4793 hendo
422 4738 632 4795 diabolo
684 4757 779 4797 sua
828 4743 1099 4809 membra,
1149 4734 1229 4798 eis
1276 4744 1609 4813 reficiuntur,
1642 4763 1764 4803 cum

184 4844 288 4884 eos
329 4830 429 4885 sibi
471 4832 814 4903 incorporant
841 4852 853 4887 :
885 4834 966 4889 vel
993 4837 1122 4906 ipsis
1170 4834 1601 4892 tribulationibus
1646 4838 1768 4893 reli-

184 4921 427 4984 ciuntur,
458 4932 592 4993 quas
622 4924 859 4981 immittit
881 4926 959 4983 eis
990 4928 1249 4985 diabolus.

267 5012 512 5070 Ostendit
557 5010 717 5072 etiam
758 5019 890 5074 alias
936 5019 1161 5084 salutes,
1207 5034 1339 5089 quas
1382 5004 1508 5076 fecit
1554 5018 1768 5077 Densin

188 5106 421 5172 mundo,
444 5123 563 5161 cum
594 5109 721 5163 dicit
753 5129 764 5164 :
800 5131 817 5162 ι
857 5119 911 5165 ιιι
955 5113 1151 5166 ietiam
1172 5131 1190 5163 ι
1228 5113 1498 5183 disrupisti
1528 5112 1722 5177 fontes,
1744 5132 1762 5165 ι

189 5194 251 5252 id
282 5204 396 5261 est,
435 5198 478 5252 si
507 5194 699 5268 aliquis
721 5200 839 5257 fons
867 5200 1187 5272 impediebat
1216 5220 1401 5259 eorum
1448 5205 1568 5269 iter,
1602 5215 1657 5259 tu
1686 5205 1769 5259 di-

189 5288 405 5353 visisti,
435 5284 489 5345 ui
538 5288 694 5349 facile
745 5297 1154 5365 pertransirent,
1187 5284 1305 5353 ι”ρι
1335 5306 1620 5362 torrentes,
1666 5318 1683 5350 ι
1719 5297 1769 5352 id

192 5386 303 5447 est,
331 5381 375 5436 si
402 5380 579 5451 aliqua
617 5382 911 5456 impetnosa
941 5404 1077 5459 aqua
1119 5389 1437 5459 impediebat
1482 5388 1770 5444 transitum

194 5484 408 5540 eorum,
442 5482 494 5528 ttt
525 5496 541 5528 ι
564 5476 861 5548 disrupisti,
885 5501 902 5532 ι
941 5476 990 5534 id
1014 5491 1113 5542 est,
1140 5498 1235 5551 per
1265 5481 1513 5535 minimos
1538 5480 1735 5535 rivulus
1753 5521 1767 5547 ,

198 5583 223 5622 ι
262 5570 318 5621 ιιι
356 5586 373 5619 ι
412 5568 572 5623 etiam
608 5589 625 5620 ι
658 5570 876 5625 siccasti
917 5558 1104 5626 fluvios
1144 5570 1315 5627 Etban
1348 5593 1364 5624 ι
1400 5582 1557 5628 terrae
1602 5570 1769 5639 illius,

193 5666 259 5715 ut
283 5654 597 5726 Iordanem,
623 5666 782 5732 intem
811 5664 954 5718 sicco
975 5664 1106 5733 pede
1138 5665 1487 5719 transierunt.
1514 5686 1530 5716 ι
1553 5664 1727 5719 Ethan
1749 5684 1767 5715 ι

197 5750 593 5822 interpretatur
618 5756 875 5818 robustus,
896 5772 990 5826 per
1014 5753 1152 5825 quod
1170 5754 1479 5827 intelligitur
1499 5754 1771 5822 diabolus;

192 5859 489 5919 possumus
518 5852 573 5903 et
599 5836 700 5900 boc
735 5846 1027 5917 intelligere
1053 5848 1117 5901 ad
1145 5846 1451 5917 allegoriam
1477 5847 1570 5912 ita,
1603 5846 1777 5903 fontes

196 5946 257 5998 οι
280 5946 550 5996 torrentes
580 5959 598 5993 ι
629 5939 822 6006 Etban,
850 5962 869 5995 ι
910 5942 962 5998 id
985 5948 1067 5997 est
1096 5940 1475 5999 inundationes
1500 5940 1774 6009 vitiorum,

1848 2082 2139 2136 cenvertis.
2164 2101 2181 2133 ι
2212 2081 2290 2135 Tu
2304 2083 2600 2137 fabricatus
2628 2097 2686 2137 es
2709 2094 2980 2143 auroram,
3006 2098 3025 2131 ι
3061 2080 3112 2134 id
3138 2087 3238 2143 est,
3264 2078 3416 2148 prin-

1849 2172 2048 2241 cipium
2078 2175 2474 2239 conversionis,
2508 2174 2714 2230 scilicet
2748 2174 2868 2228 illos
2893 2173 2986 2243 qui
3013 2169 3171 2226 modo
3209 2170 3425 2225 novitet‘

1850 2272 2257 2329 convertuntur,
2292 2284 2309 2316 ι
2358 2273 2413 2319 et
2450 2264 2636 2329 solem,
2669 2284 2687 2316 ι
2740 2260 2792 2319 id
2837 2270 2960 2327 est,
2999 2260 3423 2332 perfectissimos

1851 2355 2141 2424 sapientes,
2172 2355 2262 2425 qui
2290 2354 2424 2411 alios
2456 2363 2681 2426 possunt
2710 2355 3031 2411 illuminare.

1927 2464 1945 2497 ι
1968 2447 2047 2502 Tu
2069 2467 2087 2498 ι
2117 2449 2280 2502 etiam
2302 2468 2321 2500 ‹
2346 2446 2717 2503 fecistiomnes
2735 2446 2993 2501 terminos
3005 2452 3183 2509 terra,
3210 2461 3229 2495 ι
3251 2442 3302 2497 id
3317 2448 3421 2509 est,

1851 2546 1945 2594 eos
1974 2541 2065 2610 qui
2106 2555 2165 2595 se
2187 2540 2392 2595 faciunt
2431 2541 2691 2595 terminos
2716 2549 2770 2595 et
2808 2537 3121 2594 defensores
3148 2533 3421 2600 Ecclesiae,

1851 2641 2039 2686 contra
2072 2631 2341 2687 diabolum
2371 2639 2426 2686 et
2449 2631 2727 2686 ministms
2761 2630 2899 2700 ejus,
2933 2630 3072 2684 sicut
3101 2636 3226 2684 6U!
3253 2624 3426 2683 sancti

1853 2722 2088 2791 episcopi
2131 2731 2186 2776 et
2215 2722 2307 2775 alii
2336 2722 2461 2777 boni
2507 2731 2779 2792 pastores;
2843 2741 2861 2773 ι
2889 2729 3153 2784 aestatem,
3182 2736 3201 2770 ι
3245 2714 3298 2772 id
3344 2723 3430 2772 est

1854 2814 1973 2867 ilius
1996 2816 2087 2883 qui
2114 2823 2239 2868 sunt
2265 2813 2664 2880 ferventissimi,
2683 2816 2820 2870 sicut
2849 2818 3134 2883 martyres,
3163 2830 3182 2862 ι
3202 2818 3258 2865 et
3280 2822 3376 2865 ver
3401 2822 3423 2861 ι

1855 2904 2017 2959 etiam
2048 2912 2103 2959 tu
2133 2903 2332 2970 fecisti,
2366 2904 2417 2958 id
2448 2913 2550 2971 est,
2583 2912 2933 2973 temperatos,
2964 2904 3105 2959 sicut
3147 2908 3273 2958 sunt
3300 2898 3428 2955 boni

1857 2995 2229 3060 confessores,
2263 3004 2317 3050 et
2351 3014 2369 3045 ι
2397 2996 2461 3049 ea
2499 3002 2553 3049 tu
2591 2988 2890 3065 piastdasti,
2914 3014 2937 3046 ›
2980 2993 3034 3047 id
3077 3002 3189 3058 est,
3227 2989 3430 3061 princi-

1857 3089 2001 3159 pium
2027 3102 2212 3145 eorum
2257 3096 2313 3141 tu
2361 3085 2530 3152 fuisti,
2568 3086 2693 3157 quia
2729 3085 2903 3139 nullus
2940 3083 2992 3137 in
3021 3082 3100 3138 eis
3137 3081 3430 3153 quidquam

1858 3179 2022 3245 fecit,
2077 3178 2181 3235 nisi
2233 3188 2291 3233 tu
2348 3176 2514 3235 solus.
2578 3174 2870 3234 Plasmatio
2922 3170 3066 3231 enim
3119 3168 3202 3227 est
3257 3170 3429 3242 prima

1859 3270 2082 3325 creatio.

1848 3346 1851 3351 ’
1936 3378 1955 3410 ι
1984 3358 2205 3415 Memor.
2234 3378 2254 3412 ι
2289 3359 2357 3415 Ει
2386 3368 2443 3414 ιιι
2473 3359 2647 3422 Deus,
2671 3357 2764 3428 qui
2788 3356 2904 3411 lucc
2938 3353 3203 3410 mirabilia
3233 3350 3428 3416 fecisti,

1866 3472 1886 3506 ι
1915 3465 2121 3507 memor
2162 3460 2279 3507 esto
2311 3451 2490 3521 hujus,
2513 3469 2532 3503 ι
2576 3451 2629 3506 id
2662 3458 2773 3515 est,
2809 3446 3178 3505 conversionis
3219 3442 3433 3499 Judaeo-

1861 3552 2002 3607 tum,
2028 3543 2170 3612 quod
2197 3543 2301 3598 iste
2318 3542 2448 3597 dicit
2467 3541 2732 3605 absolute,
2759 3559 2778 3592 ι
2801 3540 2963 3610 hujus
2984 3557 3004 3591 ι
3028 3539 3131 3593 alia
3155 3532 3433 3591 translatio

1862 3634 2043 3695 habet,
2076 3630 2232 3699 hujus
2259 3632 2608 3701 operationis,
2634 3640 2689 3683 et
2712 3645 2934 3684 necesse
2961 3637 3045 3683 est
3077 3636 3136 3679 ut
3160 3628 3234 3680 sis
3262 3643 3281 3674 ι
3323 3637 3434 3678 me-

1861 3741 2000 3790 mor,
2033 3744 2052 3776 ι
2077 3724 2203 3793 quia
2229 3743 2247 3775 ι
2273 3723 2541 3785 inimicus,
2565 3730 2587 3774 i
2614 3722 2665 3774 id
2679 3729 2779 3784 est,
2805 3719 2893 3773 ille
2919 3717 3179 3771 Iudaicus
3208 3714 3435 3785 populus

1869 3837 1889 3870 ι
1910 3818 2309 3887 imprdperavit,
2333 3836 2353 3868 ι
2378 3816 2430 3871 id
2448 3825 2549 3879 est,
2571 3813 2853 3884 opprobria
2875 3811 3012 3866 dixit
3042 3828 3061 3862 ι
3084 3808 3311 3863 Domino
3331 3826 3349 3857 ι
3380 3813 3436 3861 et

1864 3913 1967 3967 hoc
1980 3918 2074 3981 per
2088 3909 2471 3979 insipientiam,
2487 3916 2543 3962 et
2556 3907 2659 3962 hoc
2672 3914 2754 3961 est
2771 3923 2792 3956 ι
2820 3914 2870 3960 et
2888 3902 3113 3974 populus
3135 3900 3391 3968 insipiens
3410 3917 3432 3952 ι

1863 4002 2205 4058 exacerbavit
2235 4021 2253 4052 ι
2289 4014 2483 4055 nomen
2514 4008 2698 4064 tuum,
2739 4014 2759 4050 ι
2792 3996 2846 4051 id
2877 4005 2958 4050 est
2979 4035 2994 4059 ,
3035 3990 3346 4063 provocavit
3385 3998 3439 4045 te

1864 4095 1929 4149 ad
1946 4094 2081 4148 iram
2107 4091 2465 4146 nobiuabilem
2481 4089 2624 4161 (sic).
2649 4090 2780 4143 Cum
2803 4087 2934 4142 dicit
2954 4101 3050 4155 per
3076 4080 3437 4153 insipientiam

1863 4200 1955 4242 eos
1978 4192 2248 4256 peccasse,
2276 4192 2495 4240 excusat
2520 4199 2615 4240 eos
2659 4190 2716 4239 et
2740 4183 2929 4253 dignos
2955 4178 3192 4235 ostendit
3217 4177 3441 4231 misera-

1866 4279 2029 4334 tione.

1938 4389 1958 4421 ι
1988 4367 2063 4423 Ne
2108 4367 2308 4422 tradas.
2338 4386 2357 4420 ι
2396 4365 2573 4421 Tertia
2620 4379 2764 4434 pars.
2812 4361 3067 4416 inimicus
3107 4357 3330 4429 populus
3366 4356 3439 4412 ita

1866 4461 2248 4535 intproperavit
2260 4460 2508 4523 Domino,
2530 4458 2644 4521 sed,
2668 4471 2701 4510 ο
2720 4454 2968 4517 Domine,
2987 4450 3243 4521 quidquid
3272 4447 3440 4503 facias

1866 4557 1932 4611 de
1967 4554 2085 4609 aliis
2120 4574 2137 4604 ι
2169 4568 2236 4607 ne
2268 4551 2446 4605 tradas
2486 4548 2694 4613 bestiis,
2720 4562 2739 4599 ι
2776 4546 2829 4600 id
2866 4553 2951 4600 est
2993 4542 3203 4598 diabolo
3248 4551 3302 4596 et
3337 4538 3441 4593 mi-

1867 4647 2050 4701 nistris
2073 4645 2207 4715 ejus,
2228 4662 2247 4695 ι
2274 4642 2507 4696 animam
2536 4639 2881 4694 confitentem
2907 4645 2963 4691 et
3008 4636 3216 4691 animas
3245 4646 3443 4703 paupe-

1871 4756 1990 4796 rum
2021 4748 2235 4793 tuorum
2270 4751 2337 4790 ne
2361 4733 2695 4789 obliviscaris
2723 4732 2777 4786 in
2806 4730 2989 4794 finem,
3032 4748 3052 4780 ι
3089 4728 3141 4783 id
3168 4736 3249 4783 est
3268 4725 3443 4781 omni-

1871 4836 2047 4900 mode,
2077 4834 2291 4904 quando
2320 4845 2629 4886 remuneres
2655 4844 2773 4894 eos,
2798 4828 2924 4899 quia
2967 4824 3282 4882 conﬁtentes
3318 4826 3445 4876 sunt

1871 4942 2149 5000 pauperes,
2173 4935 2227 4981 et
2262 4926 2379 4981 ideo
2402 4925 2562 4979 debes
2592 4931 2955 4978 remunerare.

1945 5022 2169 5090 Propter
2213 5019 2317 5074 hoc
2362 5033 2468 5071 non
2509 5016 2673 5072 debes
2695 5014 2961 5077 oblivisci,
2992 5010 3118 5080 quia
3150 5016 3203 5061 tu
3239 5002 3444 5076 promi-

1877 5115 1994 5171 sisti
2043 5112 2466 5169 misericordiam
2506 5109 2884 5165 confitentibus
2928 5116 2979 5160 te
3004 5143 3019 5170 ,
3063 5111 3119 5158 et
3163 5102 3267 5156 hoc
3318 5106 3439 5156 est:

1883 5226 1901 5260 ι
1949 5206 2176 5276 Respice
2214 5206 2269 5259 in
2303 5212 2682 5260 testamentum
2733 5211 2906 5263 tuum,
2928 5218 2946 5251 ι
2982 5196 3035 5251 id
3068 5202 3152 5250 est
3201 5200 3444 5248 sanetum

1877 5296 2242 5367 Evangelium,
2276 5301 2330 5350 et
2353 5309 2488 5363 opus
2526 5301 2611 5349 est
2638 5300 2695 5345 nt
2724 5288 2978 5359 respicias
2999 5285 3287 5355 promissa,
3318 5279 3444 5350 quia

1876 5397 2095 5460 propter
2129 5386 2317 5443 merita
2339 5400 2526 5441 eorum
2568 5399 2673 5439 non
2717 5381 2900 5445 facies,
2935 5397 2955 5431 ι
2982 5377 3107 5448 quia
3136 5394 3153 5427 ι
3185 5374 3274 5429 isti
3312 5392 3329 5424 ι
3364 5387 3444 5426 re.

1877 5482 2006 5552 picti
2036 5487 2161 5535 sunt
2190 5502 2207 5532 ι
2242 5479 2523 5548 iniquitate
2556 5496 2572 5527 ι
2600 5475 2691 5545 qui
2722 5472 2995 5529 obscurati
3022 5477 3169 5533 sunt,
3200 5488 3216 5518 ι
3262 5466 3312 5523 id
3339 5475 3442 5532 est;

1878 5574 2132 5631 exemeati
2165 5582 2289 5628 sunt
2317 5574 2385 5627 ab
2415 5587 2511 5624 usu
2541 5567 2786 5631 rationis,
2816 5583 2834 5618 ι
2863 5564 3110 5620 domibus
3138 5571 3317 5623 terrm,
3343 5579 3360 5610 ι
3394 5559 3447 5613 id

1877 5675 1959 5721 est
1986 5663 2248 5734 corporali
2296 5661 2644 5722 habitatione,
2677 5668 2731 5713 et
2758 5658 2861 5713 hoc
2889 5661 3107 5710 excusat
3133 5667 3227 5708 eos
3261 5652 3325 5707 de
3351 5666 3445 5708 sua

1877 5757 2138 5813 caecitate.

1949 5850 2035 5915 Et,
2055 5864 2087 5902 o
2110 5838 2355 5911 Domine,
2381 5864 2398 5897 ι
2422 5859 2487 5899 ne
2514 5848 2789 5898 avertatur
2818 5837 3034 5894 humilis
3053 5857 3072 5892 ι
3095 5838 3184 5909 qui
3203 5834 3296 5893 tibi
3321 5852 3448 5907 sup-

1877 5938 2073 6014 plicat,
2111 5955 2129 5989 ι
2161 5936 2334 5993 factus
2375 5932 2628 5991 confusus
2654 5951 2673 5986 ι
2710 5930 2755 5988 si
2796 5945 2920 5987 eum
2965 5945 2997 5987 a
3042 5938 3097 5986 te
3132 5927 3448 5993 removeris,
