3940 6456
523 444 627 502 ω

983 435 1348 496 'HAYMONIS
1384 437 1865 494 HALBERSTAT.
1906 436 2121 494 EPISC.
2162 437 2313 495 OPP.
2354 437 2533 495 PARS
2576 438 2616 494 l.
2647 467 2714 479 —
2741 436 3096 495 COMMENT.
3140 440 3305 497 BIBL.

3682 448 3781 507 με

522 573 623 614 nec
651 555 816 612 debes
850 554 984 612 tales
1024 571 1055 610 a
1094 565 1146 610 te
1189 569 1478 622 removere,
1511 556 1637 626 quia
1675 577 1692 608 ε
1721 572 1924 627 pauper
1950 577 1969 608 ι
2003 572 2095 612 vc-
2124 569 2173 628 Α
2196 557 2462 626 procedit,
2491 557 2616 627 quia
2641 557 2735 628 qui
2772 572 2879 612 non
2925 558 3161 627 invocat,
3197 561 3357 629 digne
3397 577 3636 618 narrare
3680 580 3781 623 non

523 664 617 704 rus
646 667 664 700 ι
691 656 745 704 et
772 647 926 718 inops
946 666 965 700 ι
994 647 1084 716 qui
1121 646 1253 701 nihil
1288 647 1354 701 de
1383 662 1441 702 se
1469 649 1764 718 praesumit,
1797 648 1891 703 sed
1915 649 2096 703 omnia

523 737 634 795 Deo
663 747 898 811 reputat,
927 738 1132 794 scilicet
1169 737 1414 805 humilis;
1450 738 1541 794 isti
1571 738 1706 796 tales
1743 758 1761 791 ι
1805 738 2096 795 laudabunt

522 845 721 886 nomen
751 839 917 884 tuum.
949 849 968 881 ι

595 944 663 998 Ει
695 951 910 1015 propter
937 943 1040 998 hoc
1064 943 1227 998 debes
1257 959 1570 1016 exsurgere,
1605 954 1660 1000 et
1692 947 1857 1001 etiam
1879 956 2100 1018 propter

523 1037 658 1101 hoc,
688 1035 813 1103 quia
848 1049 1008 1089 causa
1052 1042 1140 1090 tua
1179 1037 1376 1106 agitur,
1407 1043 1461 1091 et
1490 1038 1591 1093 hoc
1630 1046 1745 1104 est,
1773 1054 1806 1093 o
1837 1058 1854 1090 ι
1884 1039 2045 1107 Deus,
2073 1058 2092 1090 ι

520 1129 612 1200 qui
656 1130 918 1183 hactenus
963 1128 1162 1184 videris
1215 1129 1516 1196 dormisse,
1545 1131 1669 1186 dum
1710 1133 1974 1203 permittis
2019 1133 2100 1188 in-

518 1232 812 1273 conversos
851 1217 1099 1283 Judaeos,
1143 1235 1287 1274 nunc
1327 1239 1345 1270 ‹
1376 1236 1625 1292 exsurge,
1653 1223 1835 1292 judica
1881 1237 2100 1278 causam

517 1316 689 1363 tuam.
716 1329 734 1359 ι
764 1307 936 1364 Causa
963 1309 1106 1364 enim
1131 1311 1308 1380 agitur
1332 1320 1519 1367 contra
1553 1313 1738 1378 Deum,
1773 1313 1987 1384 quando
2009 1311 2102 1367 Ju-

518 1397 617 1452 daei
655 1398 1022 1467 improperant
1043 1400 1153 1454 Deo
1179 1418 1190 1454 :
1219 1403 1359 1457 hanc
1379 1401 1644 1470 judicabit
1671 1404 1738 1457 ad
1760 1404 2100 1458 commodum

519 1502 677 1542 suum
696 1488 856 1552 Deus,
886 1488 931 1541 si
958 1487 1026 1543 de
1055 1489 1384 1560 blasphemis
1415 1492 1578 1548 faciat
1605 1494 1941 1548 laudatores:
1966 1511 1984 1544 ‹
2007 1493 2098 1564 ju-

521 1581 640 1636 dica
665 1602 682 1633 ›
713 1582 834 1636 dico
856 1600 874 1632 ι
897 1597 1134 1648 causam,
1161 1604 1180 1636 ι
1213 1583 1446 1652 scilicet,
1478 1605 1497 1638 ‹
1527 1603 1734 1642 memor
1755 1595 1871 1642 esto
1894 1587 2097 1655 impro-

518 1671 796 1742 periorum
829 1680 1040 1726 tuorum
1068 1694 1086 1724 ι
1128 1674 1335 1730 scilicet
1356 1691 1475 1745 quae
1505 1676 1597 1731 tibi
1626 1675 1886 1744 objiciunt
1909 1674 2096 1742 Judaei,

519 1768 575 1815 et
624 1761 727 1816 hoc
775 1762 992 1831 quidem
1043 1763 1249 1819 faciunt
1303 1780 1398 1835 per
1457 1766 1870 1836 insipientiam:
1913 1773 1967 1820 et
1999 1766 2102 1820 hoc

518 1853 719 1919 subdit,
754 1872 772 1904 ‹
800 1869 986 1909 eorum
1017 1856 1465 1927 improperiorum
1496 1878 1514 1908 ›
1549 1858 1690 1924 dico,
1727 1877 1747 1909 ι
1775 1873 1894 1928 qua:
1922 1866 2048 1914 sunt
2073 1876 2093 1910 ι

517 1943 616 1999 tibi
651 1964 668 1995 ‹
697 1951 809 1999 tota
840 1945 927 2000 die
956 1947 1023 2000 ab
1049 1948 1337 2018 insipiente
1365 1969 1382 2000 ι
1415 1951 1632 2022 populo.

588 2057 658 2112 Et
688 2078 705 2109 ‹
727 2074 796 2114 ne
819 2059 1163 2118 obliviscaris
1183 2080 1343 2120 voces
1366 2067 1703 2124 inimicorum
1727 2078 1967 2137 tuorum,
1991 2090 2010 2123 ι
2040 2071 2097 2127 id

518 2156 620 2212 est,
658 2165 819 2206 voces
863 2160 918 2206 et
962 2167 1155 2222 preces
1191 2171 1324 2224 quas
1369 2155 1600 2213 fundunt
1648 2158 1724 2213 illi
1765 2161 1831 2213 ad
1883 2168 1951 2224 te,
2003 2161 2095 2231 qui

517 2240 789 2307 quondam
840 2241 1057 2297 fuerunt
1099 2245 1301 2300 inimici
1358 2249 1455 2302 tui.
1510 2248 1630 2303 Alia
1669 2251 1953 2306 translatio
1992 2253 2092 2306 ha-

515 2329 627 2397 bet,
658 2334 1015 2402 quaerentium
1043 2343 1117 2400 te,
1138 2344 1192 2390 et
1219 2352 1326 2392 non
1351 2339 1508 2394 debet
1537 2341 1805 2406 oblivisci,
1832 2350 1944 2396 tum
1968 2357 2096 2413 pro-

514 2429 722 2491 pterea,
753 2425 879 2494 quia
910 2426 998 2480 isti
1038 2426 1241 2484 inimici
1273 2428 1402 2486 facti
1435 2432 1617 2498 amici,
1655 2433 1892 2488 clamant
1921 2435 1988 2490 ad
2018 2443 2091 2502 te,

524 2520 637 2568 tum
667 2516 829 2570 etiam
851 2525 1074 2587 propter
1097 2519 1220 2585 hoc,
1249 2522 1376 2591 quia
1398 2522 1600 2577 inimici
1635 2524 1733 2589 tui,
1761 2524 1966 2580 scilicet
1988 2524 2094 2581 Ro-

514 2607 683 2672 mani,
709 2610 938 2678 superbe
975 2619 1140 2682 agunt
1170 2621 1360 2667 contra
1389 2613 1528 2681 illos,
1558 2622 1613 2669 et
1653 2615 1757 2671 hoc
1797 2625 1880 2671 est
1906 2635 1917 2670 :
1955 2635 1973 2667 ι
2003 2632 2093 2672 su-

513 2699 699 2769 perbia
753 2715 940 2756 eorum
991 2705 1084 2773 qui
1119 2711 1171 2758 te
1219 2705 1469 2773 oderunt,
1527 2706 1769 2764 ascendit
1823 2723 2036 2780 semper
2064 2729 2083 2763 ι

515 2795 808 2852 crescendo
837 2797 1011 2870 magis
1037 2805 1094 2854 et
1126 2800 1316 2870 magis.

952 2972 1020 3028 IN
1055 2973 1384 3033 PSALMUM
1421 2976 1654 3033 LXXIV.

641 3113 896 3172 Tt'l'uws.
937 3113 1008 3169 In
1043 3115 1302 3192 ﬁnem_n_e
1337 3136 1675 3192 corrumpas,
1710 3121 1942 3192 psalmus

1088 3188 1277 3241 cantici
1314 3189 1511 3260 Asaph.

590 3359 608 3394 ς
636 3340 1045 3399 Conﬁtebimur.
1070 3362 1090 3396 ι
1128 3343 1374 3403 Psalmus
1408 3347 1510 3404 iste
1542 3358 1624 3405 est
1660 3351 1854 3407 cantici
1880 3351 2083 3422 Asaph,

512 3435 566 3490 id
589 3443 692 3501 est,
720 3435 893 3492 ﬁdelis
917 3435 1212 3511 Synagogae
1233 3456 1352 3511 qua:
1381 3441 1435 3496 in
1463 3443 1565 3498 hoc
1593 3444 1798 3513 psalmo
1827 3445 2084 3515 loquitur,

511 3544 736 3584 monens
772 3548 791 3580 ι
827 3545 894 3585 ne
908 3546 1225 3603 corrumpas
1243 3574 1258 3598 ,
1295 3553 1314 3586 ι
1343 3534 1397 3590 id
1423 3543 1535 3601 est,
1563 3535 1610 3591 si
1626 3534 1794 3592 habes
1820 3536 1978 3592 ﬁdem
2004 3539 2086 3593 vel

510 3620 729 3692 aliquod
752 3622 972 3688 bonum,
997 3637 1066 3677 ne
1095 3638 1409 3695 corrumpas
1432 3626 1580 3695 illud,
1612 3637 1668 3683 et
1699 3644 1798 3699 per
1819 3629 1920 3684 hoc
1951 3631 2086 3686 diri-

508 3730 638 3787 gens
663 3715 717 3770 in
747 3717 928 3781 ﬁnem,
962 3716 1014 3772 id
1041 3725 1144 3784 est,
1179 3718 1234 3772 in
1257 3717 1547 3774 Christum.
1581 3719 1825 3776 Psalmus
1862 3723 2082 3789 cantici,

509 3807 626 3864 ideo
657 3809 897 3879 psalmus
925 3810 1028 3865 iste
1059 3811 1279 3878 dicitur,
1308 3813 1432 3882 quia
1478 3829 1728 3885 magnam
1758 3815 1914 3870 nobis
1961 3832 2085 3886 pro-

503 3900 658 3970 ponit
681 3900 1119 3966 exsultationem,
1135 3902 1260 3971 quia
1289 3901 1565 3959 Christum
1585 3905 1792 3959 inducit
1812 3905 2084 3973 judicatu-

506 4005 650 4058 rum,
681 3999 736 4046 et
771 3992 966 4061 impios
993 3995 1397 4059 damnaturum,
1430 4002 1483 4050 et
1503 3993 1681 4062 justos
1707 4006 2085 4052 remuneratu-

507 4078 776 4149 rum,'ubi
805 4084 936 4139 dicit
961 4092 1016 4138 et
1040 4085 1221 4139 omnia
1243 4100 1443 4140 cornua
1473 4094 1820 4156 peccatorum
1849 4087 2086 4144 confrin-

509 4187 664 4241 gam,
711 4180 817 4227 etc.
874 4172 1099 4228 Materia
1154 4182 1238 4228 est
1283 4175 1530 4231 Christus
1575 4185 1632 4232 et
1685 4179 1867 4245 homo,
1917 4179 2084 4247 judex

509 4263 770 4318 omnium.
801 4262 987 4320 Modus
1017 4282 1029 4318 :
1054 4265 1106 4319 in
1138 4266 1311 4337 prima
1344 4276 1498 4338 parte
1540 4269 1778 4339 loquitur
1817 4274 1865 4328 ei
1913 4272 2084 4345 Syna-

510 4370 667 4428 goga,
700 4359 993 4414 ostendens
1015 4375 1139 4415 eum
1166 4359 1331 4416 talem
1356 4362 1444 4417 cui
1465 4363 1645 4418 omnis
1670 4364 1858 4437 religio
1889 4366 2085 4424 debeat

507 4445 771 4501 exhiberi.
805 4447 862 4501 ln
911 4449 1144 4504 secunda
1194 4459 1348 4518 parte
1397 4451 1668 4508 inducitur
1711 4453 1958 4513 Christus
2005 4457 2085 4514 lo-

508 4552 695 4607 quens,
744 4546 798 4594 et
845 4539 1176 4608 respondens
1206 4540 1524 4614 Synagogaa,
1554 4553 1609 4599 et
1655 4546 1711 4600 in
1748 4547 1927 4604 verbis
1969 4551 2084 4606 suis

2196 657 2395 720 potest.

2269 740 2422 797 Unde
2451 741 2647 796 dicitur
2673 759 2690 796 :
2726 761 2744 794 ‹
2774 741 2890 798 Νοη
2922 750 3005 798 est
3033 745 3274 814 speciosa
3307 745 3426 802 laus
3451 748 3509 802 in
3532 763 3638 804 ore
3660 765 3778 820 pec-

2199 830 2416 886 catoris.
2451 849 2471 882 ι
2506 829 2608 885 llic
2636 839 2857 885 notatur
2881 833 2936 886 in
2963 832 3046 887 his
3073 834 3253 890 verbis
3277 835 3587 909 Synagogaz
3613 843 3780 896 omnis

2198 923 2406 995 religio.
2439 941 2458 974 ι
2489 921 2622 978 Cum
2652 938 2910 993 accepero
2937 933 3167 994 tempus.
3206 947 3223 979 ι
3255 927 3385 983 Pars
3413 932 3681 984 secunda.
3723 933 3778 986 Et

2200 1015 2567 1084 ita~respondit
2591 1014 2839 1071 Christus
2861 1017 3131 1072 invocanti
3159 1017 3456 1091 Synagogze
3475 1039 3488 1074 :
3507 1020 3602 1076 Tu
3624 1023 3777 1089 dicis,

2205 1131 2223 1163 ‹
2245 1109 2642 1176 conﬁtebimur,
2667 1130 2686 1162 ›
2713 1119 2770 1165 et
2794 1119 2940 1165 certe
2965 1111 3108 1166 bono
3132 1121 3240 1176 tuo,
3269 1121 3396 1184 puta
3423 1131 3555 1170 cum
3581 1132 3681 1187 ego
3700 1133 3777 1171 ac-

2199 1215 2394 1270 cepero
2433 1208 2675 1270 tempus,
2708 1199 2763 1254 id
2793 1209 2905 1266 est,
2956 1203 3414 1271 opportunitatem
3459 1203 3771 1273 iudicandi,

2205 1313 2224 1345 ‹
2247 1293 2498 1363 judicabo
2535 1294 2778 1364 justitias
2817 1315 2833 1346 ›
2869 1296 3097 1351 reddens
3145 1297 3239 1351 tibi
3286 1313 3385 1367 pro
3421 1300 3631 1355 merito
3675 1308 3772 1364 tuo,

2198 1393 2254 1441 et
2282 1386 2400 1440 aliis
2429 1386 2699 1442 similiter.

2269 1476 2398 1530 Dico
2439 1495 2456 1527 α
2492 1493 2615 1532 cum
2644 1493 2903 1548 accepero
2944 1487 3187 1548 tempus,
3221 1499 3238 1531 ι
3279 1481 3403 1550 quia
3431 1496 3579 1552 opus
3612 1495 3691 1537 est
3727 1497 3772 1537 ut

2201 1565 2461 1632 differam,
2489 1569 2615 1638 quia
2636 1569 2883 1625 homines
2903 1579 3029 1624 sunt
3046 1572 3306 1640 corrupti,
3335 1583 3390 1626 et
3410 1581 3637 1642 oportet
3656 1590 3772 1642 prr-

2201 1660 2369 1715 scitos
2414 1675 2511 1730 per
2541 1661 2966 1717 misericordiam
3010 1677 3354 1732 praeparare:
3388 1671 3445 1717 et
3474 1667 3767 1733 corruptio-

2199 1765 2324 1806 nem
2373 1751 2652 1806 hominum
2699 1753 2934 1807 ostendit
2983 1753 3166 1808 dicens
3213 1768 3228 1806 :
3283 1773 3301 1804 ‹
3333 1754 3662 1825 Liquefacta
3704 1767 3773 1811 est

2200 1853 2366 1908 terra,
2388 1862 2406 1895 ι
2441 1843 2493 1899 id
2523 1852 2628 1909 est,
2653 1844 2826 1913 ipsum
2853 1844 3175 1899 elementum
3215 1853 3301 1900 est
3334 1845 3695 1914 liquefactum
3727 1857 3770 1900 et

2122 1928 2172 1990 B
2201 1942 2534 2005 corruptum,
2570 1952 2588 1985 ι
2616 1942 2670 1988 et
2697 1949 2884 1989 omnes
2914 1956 2932 1987 ›
2970 1936 3219 1990 homines
3248 1936 3531 2006 liquefacti
3576 1949 3632 1992 et
3668 1955 3770 1993 cor-

2199 2026 2340 2095 rupti
2373 2041 2471 2096 per
2497 2034 2736 2096 peccata,
2765 2044 2783 2076 ι
2807 2026 2898 2096 qui
2920 2026 3166 2081 habitant
3190 2029 3242 2081 in
3268 2044 3352 2094 ea,
3387 2048 3404 2080 ι
3435 2031 3566 2099 quia
3602 2046 3769 2085 secun-

2201 2116 2326 2172 dum
2357 2116 2754 2186 corruptionem
2785 2117 3095 2180 hominum,
3150 2118 3266 2186 ipsa
3311 2119 3589 2174 elementa
3613 2162 3626 2186 ,
3669 2138 3767 2191 qua:

2195 2206 2327 2278 ipsis
2363 2207 2636 2272 serviunt,
2673 2217 3112 2278 corrumpuntur.
3155 2209 3322 2263 Terra
3361 2211 3510 2265 enim
3559 2212 3768 2266 fertilior

2194 2309 2249 2354 et
2295 2315 2388 2354 aer
2437 2298 2703 2354 salubrior
2733 2300 2833 2354 fuit
2884 2301 2937 2354 in
2984 2308 3222 2372 tempore
3271 2305 3516 2372 priorum
3544 2317 3765 2376 patrum,

2195 2390 2336 2460 quod
2361 2405 2428 2444 ex
2452 2391 2806 2445 diuturnitate
2829 2392 2952 2446 vitae
2982 2407 3168 2447 eorum
3195 2403 3373 2464 potest
3395 2399 3764 2467 comprobari:

2193 2485 2442 2540 homines
2482 2485 2691 2539 scilicet
2718 2483 2993 2555 liquefacti
3029 2494 3173 2552 sunt,
3201 2488 3296 2542 sed
3329 2507 3347 2538 ι
3369 2504 3471 2558 ego
3500 2509 3520 2541 ι
3559 2506 3659 2560 per
3681 2491 3766 2544 mi—

2193 2578 2539 2634 sericordiam
2562 2578 2658 2634 Dei
2683 2598 2701 2630 ‹
2729 2579 3045 2634 conﬁrmavi
3067 2579 3346 2636 columnas
3377 2582 3496 2650 ejus
3542 2603 3559 2635 ι
3602 2593 3764 2648 teme,

2192 2670 2247 2726 id
2283 2679 2367 2726 est
2413 2680 2631 2727 sanctos
2688 2672 2979 2740 apostolos,
3017 2672 3110 2742 qui
3157 2673 3322 2727 totius
3365 2673 3632 2730 Ecclesiae
3658 2685 3764 2729 sunt

2192 2762 2639 2828 sustentaculum,
2674 2771 2728 2816 et
2772 2777 2871 2832 per
2912 2762 3032 2818 illos
3081 2764 3432 2834 acquirentur
3471 2764 3665 2832 multi,
3689 2766 3764 2837 qui

2192 2853 2338 2925 digni
2370 2861 2529 2908 erunt
2555 2854 2611 2907 in
2639 2855 2845 2924 judicio
2871 2857 3327 2913 remuneratione.

2266 2962 2284 2994 ι
2316 2943 2638 3000 Conﬁrmavi
2671 2945 2968 3013 columnas,
3003 2967 3021 2999 ›
3044 2956 3098 3002 et
3112 2963 3208 3016 per
3225 2948 3343 3003 illas
3365 2968 3383 3000 ‹
3406 2949 3520 3003 dixi
3543 2949 3759 3020 iniquis:

2190 3033 2364 3089 Nolite
2386 3035 2566 3104 inique
2595 3052 2787 3106 agere;
2813 3045 2868 3092 et
2896 3038 3330 3108 delinquentibus
3365 3060 3383 3092 ι
3420 3051 3614 3095 contra
3642 3058 3763 3111 pra-

2188 3136 2341 3198 cepta
2379 3143 2499 3183 mea
2541 3129 2652 3184 dixi
2695 3129 2847 3184 hac:
2883 3149 2901 3181 ι
2931 3131 3106 3186 Nolite
3146 3131 3386 3188 exaltare
3422 3148 3620 3200 cornu,
3664 3154 3681 3185 ι
3718 3135 3764 3189 id

2188 3228 2301 3286 est,
2353 3240 2370 3271 ‹
2405 3221 2614 3277 nolite»
2678 3238 2938 3279 excusare
2986 3240 3082 3280 vos
3127 3227 3193 3281 de
3247 3227 3492 3296 peccatis
3545 3228 3761 3282 vestris:

2025 3352 2058 3407 h
2113 3289 2160 3354 Ο
2196 3330 2214 3364 ί
2249 3326 2418 3366 cornu
2456 3334 2473 3364 ι
2508 3313 2676 3379 enim,
2710 3315 2762 3367 id
2794 3324 2875 3369 est
2905 3317 3181 3384 superbia,
3216 3289 3453 3381 exaltat,
3488 3319 3584 3388 qui
3622 3336 3680 3374 se
3709 3319 3766 3373 de

2193 3415 2419 3478 peccato
2444 3422 2542 3462 suo
2566 3408 2930 3464 excusabilem
2957 3410 3232 3466 existimat
3256 3421 3312 3465 et
3335 3410 3568 3480 iudicat.

2260 3497 2326 3552 Et
2359 3516 2377 3547 ι
2407 3497 2572 3553 nolite
2602 3514 2770 3554 cornu
2802 3509 3066 3567 vestrum,
3112 3521 3131 3552 ι
3164 3502 3218 3557 id
3246 3513 3332 3558 est
3368 3503 3767 3560 excusatin

2187 3598 2443 3655 vestram,
2467 3607 2486 3640 ι
2515 3589 2775 3644 extollere
2805 3590 2858 3644 in
2883 3591 3074 3658 altum,
3096 3613 3114 3644 ι
3148 3593 3202 3647 id
3227 3604 3332 3660 est,
3365 3605 3558 3650 contra
3581 3596 3762 3658 θεων,

2189 3688 2248 3735 ut
2284 3680 2477 3735 dicatis
2502 3696 2599 3736 vos
2627 3681 2784 3751 culpa
2827 3682 3102 3739 Creatoris
3151 3699 3270 3740 esse
3301 3695 3652 3756 peccatores,
3681 3688 3767 3755 qui

2187 3770 2321 3826 tales
2341 3787 2446 3826 non
2469 3772 2675 3826 creavit
2695 3790 2708 3824 :
2727 3781 2782 3827 et
2806 3774 2936 3843 quid
2958 3775 3218 3846 intelligat
3233 3792 3331 3847 per
3358 3795 3376 3828 ‹
3397 3793 3560 3832 cornu
3589 3779 3770 3832 extol-

2186 3861 2296 3916 lere
2323 3861 2378 3916 in
2406 3862 2595 3929 altum,
2622 3884 2640 3915 ›
2669 3863 2782 3933 ipse
2810 3867 3061 3935 exponit,
3082 3883 3208 3921 cum
3228 3869 3387 3923 dicit:
3421 3889 3436 3918 ι
3465 3867 3647 3922 Nolite
3682 3869 3775 3923 lo-

2187 3955 2276 4025 qui
2315 3957 2572 4012 adversus
2601 3957 2772 4012 Deum
2805 3958 3166 4028 iniquitatem.
3212 3961 3383 4017 Nolite
3416 3982 3434 4012 ι
3461 3961 3601 4026 dico,
3640 3963 3777 4032 ipse

2185 4046 2330 4100 enim
2357 4049 2634 4119 cognoscit
2659 4049 2921 4119 quidquid
2949 4066 3045 4105 vos
3073 4049 3270 4117 facitis,
3311 4052 3436 4122 quia
3465 4052 3607 4107 nullo
3651 4052 3786 4114 loco,

2185 4139 2372 4206 deest;
2412 4148 2482 4195 et-
2520 4141 2622 4196 hoc
2667 4151 2750 4197 est
2782 4159 2796 4196 :
2839 4161 2859 4193 ι
2890 4144 3016 4214 quia
3048 4164 3065 4196 ι
3100 4147 3214 4215 ipse
3257 4162 3365 4201 non
3397 4147 3584 4212 deest,
3612 4167 3633 4198 ι
3679 4164 3774 4202 ne-

2183 4246 2289 4302 que
2329 4233 2397 4287 ab
2439 4235 2648 4289 oriente
2672 4275 2687 4300 ,
2733 4251 2907 4306 neque
2955 4239 3023 4292 ab
3058 4239 3361 4306 occidente,
3415 4255 3592 4309 neque
3621 4257 3654 4294 a
3689 4241 3771 4295 de-

2185 4326 2346 4380 sertis
2379 4326 2650 4383 montibus
2674 4347 2690 4378 »
2726 4329 2795 4383 ad
2823 4329 3077 4385 litteram.
3096 4329 3190 4384 Vel
3221 4345 3318 4401 per
3343 4331 3611 4386 orientem
3641 4332 3770 4385 alle-

2183 4418 2365 4489 gorice
2396 4420 2663 4490 sapientes
2708 4429 2764 4476 et
2803 4437 3042 4478 summos
3072 4423 3239 4488 viros,
3266 4423 3464 4492 quibus
3489 4434 3576 4477 est
3617 4434 3770 4478 ortus

2184 4509 2265 4565 sol
2287 4509 2528 4580 justitiae,
2552 4515 2821 4582 possimus
2848 4515 3124 4586 accipere;
3150 4524 3467 4586 peccatores
3493 4533 3596 4589 per
3617 4519 3771 4573 occi-

505 4601 792 4699 possumus
820 4601 1138 4702 intelligere,
1168 4601 1290 4687 eum
1322 4601 1488 4688 Deum
1511 4601 1570 4691 et
1612 4637 1904 4705 hominem,
1937 4641 2080 4711 judir
2104 4647 2158 4710 D
2497 4604 2692 4711 (MPUS
2749 4605 2892 4709 id”?
2943 4607 3023 4662 SOI
3088 4605 3318 4711 “om”
3369 4623 3469 4677 per
3525 4609 3776 4711 design“

504 4733 625 4775 cem
653 4719 926 4786 omnium;
954 4730 1008 4776 et
1033 4722 1135 4777 ista
1160 4725 1394 4779 secunda
1418 4741 1544 4795 pars
1570 4726 1757 4797 incipit
1783 4731 1967 4785 statim
1989 4733 2080 4787 ubi

505 4806 675 4862 dicit:
707 4827 726 4858 ‹
760 4808 893 4864 Cum
921 4825 1181 4881 accepero
1210 4821 1420 4884 tempus
1453 4834 1470 4866 ι
1503 4815 1732 4873 intentio
1776 4827 1858 4875 est
1893 4821 2079 4877 admo—

502 4911 632 4955 nere
670 4918 690 4951 (
728 4913 796 4954 ne
821 4915 1156 4972 corrumpas.
1195 4924 1213 4958 ι

575 5013 642 5069 Ει
690 5014 819 5070 dicit
861 5014 1144 5088 Synagoga
1168 5057 1184 5083 ,
1229 5018 1274 5074 Ο
1318 5039 1336 5072 ‹
1368 5021 1511 5079 Deus
1535 5043 1557 5076 ι
1597 5039 1698 5081 nos
1750 5043 1769 5077 ι
1796 5027 2080 5086 conﬁtebi-

503 5118 626 5158 mur
651 5103 747 5158 tibi
775 5125 793 5157 ι
824 5115 1046 5176 peccata
1083 5116 1267 5163 nostra
1295 5128 1307 5164 :
1339 5120 1395 5166 et
1428 5114 1554 5183 quia
1593 5130 1844 5173 securum
1875 5134 1932 5174 se
1963 5135 2080 5176 ere-

502 5193 639 5249 didit
663 5203 720 5250 ut
740 5206 1082 5266 permaneret
1100 5199 1154 5254 in
1177 5201 1536 5268 confessione,
1561 5204 1882 5275 ingeminat:
1913 5229 1930 5260 (
1953 5225 2080 5265 con-

502 5283 811 5340 ﬁtebimur»
848 5300 1273 5358 perseveranter,
1313 5310 1332 5342 ι
1360 5299 1416 5346 et
1440 5311 1460 5344 ι
1495 5303 1617 5363 post
1652 5295 2075 5368 confessionem,

507 5392 525 5425 ι
556 5374 925 5433 invocahimus
964 5394 1161 5436 nomen
1193 5389 1372 5450 tuum,
1405 5401 1423 5434 ι
1467 5390 1526 5436 ιιι
1558 5384 1712 5439 nobis
1744 5399 1963 5457 peccata
1993 5408 2079 5448 re-

498 5464 682 5534 laxes,
711 5477 765 5524 et
805 5469 859 5524 in
907 5471 1061 5526 nobis
1106 5473 1320 5528 habites
1352 5493 1364 5526 :
1407 5482 1556 5529 recto
1589 5475 1778 5533 ordine
1802 5483 2072 5554 procedit,

497 5557 621 5627 quia
657 5557 748 5613 ubi
773 5575 881 5614 non
917 5560 1148 5628 invocat,
1174 5561 1332 5634 digne
1355 5577 1580 5622 narrare
1607 5582 1714 5623 non
1736 5579 1930 5640 potest.

2187 4701 2398 4749 montes
2434 4694 2753 4763 haereticos,
2779 4698 2872 4767 qui
2920 4715 3045 4753 cum
3093 4708 3304 4755 montes
3349 4715 3409 4754 se
3452 4704 3775 4764 ostendunt,

2187 4794 2368 4842 tamen
2415 4804 2442 4842 a
2484 4789 2713 4845 veritate
2743 4792 2934 4846 remoti
2979 4801 3105 4848 sunt
3147 4803 3202 4848 et
3249 4793 3491 4849 deserti:
3524 4796 3650 4849 ideo
3697 4798 3779 4850 di-

2184 4878 2256 4932 cit
2301 4878 2444 4948 quod
2475 4894 2504 4933 a
2535 4879 2680 4935 nullo
2709 4881 2899 4949 deest,
2936 4901 2953 4934 ‹
2976 4884 3231 4954 quoniam
3260 4885 3402 4940 Deus
3422 4885 3594 4955 iudex
3619 4898 3736 4952 est,
3759 4908 3775 4938 ι

2183 4969 2273 5026 ille
2299 4972 2363 5026 de
2390 4987 2499 5041 quo
2526 4987 2624 5044 ego
2647 4990 2769 5045 ago,
2801 4975 2943 5032 Deus
2967 4985 3070 5044 est,
3095 4984 3151 5033 et
3179 4977 3306 5048 quia
3334 4978 3477 5034 Deus
3505 4989 3617 5044 est,
3647 4997 3784 5051 ergo

2185 5060 2383 5131 ubique
2414 5069 2516 5116 est.

2253 5151 2320 5204 Et
2348 5151 2472 5220 quia
2507 5173 2525 5203 ‹
2555 5152 2721 5222 judex
2755 5163 2839 5209 est
2874 5173 2893 5207 ι
2934 5162 2990 5210 et
3011 5156 3212 5228 justus,
3245 5158 3473 5226 scilicet,
3501 5162 3601 5216 ubi
3635 5165 3791 5218 dicet

2176 5240 2413 5311 judicem
2439 5245 2653 5314 proprie
2681 5254 2736 5300 et
2758 5246 2963 5316 justum
2988 5248 3274 5320 intelligit,
3306 5251 3432 5307 ideo
3464 5271 3482 5303 ‹
3515 5254 3790 5310 humiliat

2183 5331 2324 5385 hunc
2353 5349 2371 5382 ›
2406 5334 2697 5401 superbum
2720 5375 2735 5400 ,
2765 5335 2929 5391 etiam
2977 5337 3032 5392 in
3071 5339 3192 5406 hac,
3225 5349 3283 5396 et
3309 5342 3530 5397 tandem
3579 5345 3640 5398 in
3677 5345 3794 5400 alia

2183 5423 2311 5489 vita,
2351 5441 2369 5474 ι
2396 5431 2449 5478 et
2477 5424 2641 5490 hunc,
2674 5447 2691 5477 ι
2730 5427 2781 5482 id
2805 5437 2907 5495 est,
2937 5430 3214 5498 humilem,
3248 5451 3266 5484 ι
3293 5433 3496 5488 exaltat
3527 5455 3547 5486 ι
3583 5438 3794 5494 multi-

2182 5515 2432 5586 plicando
2452 5533 2572 5572 eum
2597 5519 2651 5573 in
2675 5520 2983 5589 virtutibus,
3000 5534 3053 5580 et
3072 5526 3288 5581 tandem
3311 5529 3365 5581 in
3387 5528 3492 5582 alia
3508 5531 3626 5584 vita
3655 5547 3800 5588 vere

2181 5611 2458 5676 exaltabit,
2479 5629 2601 5668 cum
2615 5630 2737 5671 eum
2765 5629 3025 5690 perpetuo
3047 5625 3330 5680 coronabit
3351 5634 3403 5681 et
3426 5635 3611 5696 potest
3629 5632 3802 5685 exal-

2182 5710 2297 5757 tare
2331 5723 2342 5756 :
2377 5714 2431 5760 et
2455 5705 2760 5778 humiliare,
2794 5732 2810 5764 (
2843 5714 2967 5782 quia
2993 5717 3047 5770 in
3076 5733 3238 5772 manu
3271 5738 3288 5770 ι
3323 5719 3468 5776 illius
3504 5740 3524 5772 ‹
3556 5723 3806 5781 Domini

2182 5793 2321 5848 calix
2350 5814 2367 5846 ›
2402 5806 2507 5864 cst,
2527 5799 2732 5855 scilicet
2754 5801 2933 5858 divina
2958 5803 3258 5878 Scriptura,
3283 5809 3349 5865 de
3379 5826 3484 5881 qua
3511 5823 3811 5884 potantur

2184 5885 2360 5953 multi,
2378 5887 2596 5945 sicutde
2611 5891 2791 5962 aliquo
2803 5895 2999 5964 calice;
3024 5919 3040 5950 ι
3064 5899 3200 5956 calix
3222 5920 3239 5951 ι
3261 5899 3382 5957 dico
3403 5922 3419 5954 ι
3444 5906 3584 5960 meri
3602 5907 3767 5972 vini,
3785 5927 3805 5958 s

569 5672 637 5728 Et
656 5683 940 5746 postquam
963 5677 1415 5747 invocaverimus,
1445 5701 1464 5734 ‹
1493 5685 1834 5744 narrabimus
1854 5690 2076 5748 mirabi-

497 5760 570 5818 lia
599 5773 710 5833 tua,
738 5787 756 5820 ι
793 5767 1002 5824 scilicet
1021 5770 1087 5826 de
1108 5773 1380 5830 creatione
1410 5778 1614 5846 mundi,
1639 5779 1706 5836 de
1739 5787 2075 5853 reparatione

497 5855 712 5926 generis
760 5857 978 5915 humani
1011 5876 1023 5915 :
1061 5870 1119 5917 et
1156 5877 1278 5921 cum
1310 5865 1412 5924 hoc
1447 5867 1644 5927 iterum
1694 5882 1842 5931 recto
1885 5879 2076 5936 ordine
