3940 6442
128 467 237 522 M9

135 693 152 723 1
179 669 319 726 calix
341 685 360 720 ν
397 665 520 720 dico
550 679 571 714 ‹
595 662 784 732 plenus
811 661 1000 727 misto,
1021 680 1039 711 ι
1070 660 1124 715 id
1156 668 1258 724 est,
1291 659 1546 724 mistura,
1579 655 1704 726 quia

131 761 375 819 continet
409 763 466 812 et
491 753 696 810 Novum
733 761 789 809 et
817 753 984 808 Vetus
1022 751 1460 816 Testamentum,
1500 749 1555 803 in
1598 761 1708 817 quo

128 863 362 922 utroque
388 854 713 904 testamento
739 844 981 900 sincerus
1006 849 1090 898 est
1109 883 1125 909 ,
1151 850 1206 896 ει
1233 855 1443 906 merus,
1467 846 1522 894 et
1550 837 1706 908 spiri-

132 944 292 1000 tualis
321 939 640 996 intellectus.

203 1036 274 1090 Et
308 1033 452 1088 hunc
471 1029 694 1086 calicem
727 1045 744 1078 ι
782 1026 1076 1091 inclinavit,
1113 1047 1132 1080 ι
1163 1025 1218 1080 id
1246 1033 1347 1090 est,
1377 1037 1476 1095 per
1499 1021 1710 1077 miseri-

131 1126 377 1184 cordiam
399 1137 552 1179 suam
571 1117 958 1189 intelligibilem
978 1118 1126 1183 fecit,
1150 1135 1167 1169 ι
1196 1133 1263 1172 ex
1285 1117 1386 1170 hoc
1415 1135 1432 1166 ι
1457 1129 1586 1169 vase
1613 1132 1632 1164 ι
1655 1113 1707 1167 in

131 1220 239 1275 hoc
265 1236 285 1269 ι
321 1214 466 1270 aliud
495 1228 620 1276 vas,
657 1219 712 1266 et
748 1229 766 1260 ι
801 1212 904 1264 hoc
937 1228 955 1260 ι
990 1224 1088 1277 ρει·
1110 1206 1284 1263 simile
1307 1206 1454 1269 dicit,
1483 1204 1705 1269 scilicet,

130 1327 201 1367 ex
227 1308 451 1365 Judaico
477 1304 678 1375 populo
695 1344 710 1370 ,
734 1303 786 1356 in
811 1301 1064 1374 gentilem
1093 1299 1368 1371 populum,
1388 1299 1538 1370 prlus
1564 1299 1710 1353 enim

130 1402 359 1464 Iudaeis,
397 1414 558 1470 quam
596 1395 842 1468 gentibus
875 1394 1046 1464 legem
1077 1407 1228 1447 suam
1260 1391 1444 1456 dedit,
1491 1398 1546 1444 et
1587 1388 1712 1443 licet

133 1501 215 1555 sic
243 1497 577 1559 inclinasset,
631 1501 808 1546 tamen
852 1489 992 1544 calix
1029 1503 1138 1542 non
1187 1494 1270 1541 est
1305 1491 1619 1547 evacuatus,
1657 1489 1712 1536 ει

131 1591 242 1647 hoc
265 1597 379 1655 est,
427 1605 446 1637 ‹
475 1592 846 1641 verumtamen
881 1581 981 1634 faax
1016 1580 1176 1650 ejus,
1205 1598 1223 1630 ι
1259 1578 1312 1632 id
1337 1584 1426 1636 εει
1474 1573 1712 1642 reliquiae

130 1685 253 1753 ejus
283 1679 488 1745 calicis,
528 1697 546 1728 ι
576 1691 685 1730 non
711 1681 794 1729 est
819 1672 1115 1736 exinanita,
1171 1689 1188 1720 ι
1233 1669 1286 1724 id
1314 1677 1397 1724 est
1426 1674 1710 1731 evacuata,

131 1772 258 1841 quia
287 1782 463 1838 neque
492 1780 664 1834 usque
698 1763 765 1817 ad
795 1761 1052 1830 reliquias
1078 1766 1260 1828 potest
1291 1757 1590 1820 exhauriri,
1619 1770 1713 1809 ne-

131 1877 239 1931 que
271 1862 398 1931 ipsa:
431 1856 673 1926 reliquiae
707 1860 933 1923 possunt
963 1849 1282 1913 exhauriri,
1331 1848 1456 1918 quia
1498 1846 1712 1915 quanti-

1297 451 1734 511 EXPLANATIO
1769 448 1838 508 IN
1875 448 2212 508 PSALMOS.

129 582 186 636 id
235 583 354 641 est,
395 572 518 644 puri
563 583 775 637 sensus,
805 570 860 624 id
887 579 998 635 est,
1038 568 1333 640 spiritualis
1374 568 1705 631 intellectus;
1735 568 1788 628 Α

3273 438 3378 494 ιδο

2251 555 2320 611 IN
2353 551 2684 611 PSALMUM
2720 551 2930 608 LXXV.

1883 652 2119 708 TITULUS
2151 664 2165 703 :
2202 647 2271 703 In
2297 648 2452 716 ﬁnem
2487 647 2544 716 in
2576 644 2922 716 carminibus,
2944 643 3213 716 canticum
3239 643 3308 696 ad

2207 714 2463 787 Assyrios.
2509 715 2755 770 Psalmus
2791 714 2987 784 Asaph.

1886 851 1904 884 ‹
1930 832 2098 888 Notus
2113 830 2166 886 in
2181 827 2364 883 Judaea
2384 823 2544 883 Deu's.
2567 846 2586 878 ι
2617 827 2722 882 Iste
2741 845 2758 877 ι
2787 824 3023 895 psalmus
3049 823 3254 895 Asaph,
3281 843 3300 876 ι
3327 824 3380 879 id

1809 931 1910 988 est,
1939 923 2113 978 ﬁdelis
2154 920 2468 992 Synagogze,
2503 917 2718 973 habitus
2744 918 2798 972 in
2824 917 3177 982 carminibus,
3213 916 3266 971 id
3300 923 3384 970 est

1809 1015 1866 1071 in
1896 1015 2142 1070 laudibus
2170 1013 2286 1069 Dei.
2318 1011 2580 1080 Proponit
2602 1010 2744 1065 enim
2773 1011 2927 1065 nobis
2952 1024 3177 1080 magnas
3197 1008 3382 1063 laudes

1810 1105 1930 1172 Dei,
1956 1107 2082 1161 dum
2125 1105 2253 1160 dicit
2298 1119 2420 1158 eum
2449 1111 2636 1158 notum
2682 1117 2802 1157 esse
2831 1102 2885 1155 in
2913 1100 3114 1166 Iudaea,
3145 1110 3199 1156 et
3241 1098 3384 1170 quod

1811 1197 1928 1269 ipse
1957 1197 2222 1252 illuminat
2243 1196 2447 1261 bonos,
2474 1193 2566 1248 ubi
2605 1191 2734 1247 dicit
2765 1211 2777 1244 :
2816 1210 2834 1242 ι
2860 1191 3172 1247 Illuminans
3199 1199 3254 1244 tu
3281 1190 3382 1244 mi-

1811 1288 2072 1355 rabiliter,
2100 1308 2118 1338 ›
2151 1297 2205 1342 ει
2227 1294 2462 1342 excaecat
2478 1285 2667 1350 malos,
2689 1285 2780 1339 ubi
2803 1285 2952 1350 dicit,
2984 1304 3002 1335 ‹
3032 1284 3236 1339 turbati
3259 1291 3387 1338 sunt

1811 1393 1998 1434 omnes
2046 1377 2362 1447 insipientes
2411 1375 2604 1443 corde,
2660 1383 2714 1430 et
2761 1374 3095 1430 dormierunt
3140 1387 3388 1428 somnum

1813 1485 1966 1525 suum
1997 1489 2015 1522 ι
2050 1489 2062 1524 :
2101 1477 2156 1524 et
2183 1469 2254 1524 ibi
2285 1469 2517 1523 maxime
2545 1475 2768 1538 apparet
2799 1467 2942 1521 unde
2964 1465 3263 1520 laudandus
3286 1465 3384 1529 sit,

1814 1579 1935 1618 cum
1952 1563 2111 1627 dicit,
2136 1581 2153 1612 ‹
2175 1569 2232 1615 ut
2257 1561 2432 1616 salvos
2459 1560 2620 1615 faciat
2635 1574 2822 1614 omnes
2836 1567 3146 1614 mansuetos
3161 1568 3339 1623 term,
3363 1574 3382 1608 ι

1813 1653 1902 1722 qui
1923 1653 2157 1722 psalmus
2177 1659 2260 1706 est
2280 1669 2299 1700 ‹
2321 1650 2610 1714 canticum,
2634 1668 2652 1701 ›
2669 1649 2816 1719 quia,
2843 1655 2904 1702 ut
2925 1647 3122 1703 dictum
3141 1654 3244 1711 εει,
3270 1659 3386 1699 rem

1811 1745 1953 1800 unde
1991 1745 2144 1799 nobis
2175 1743 2245 1798 sit
2287 1741 2662 1810 exsultandum
2703 1741 2988 1812 proponit,
3031 1755 3149 1795 eam
3185 1737 3391 1794 scilicet

1813 1849 1974 1904 quam
1999 1830 2346 1902 praediximus
2377 1831 2431 1885 in
2469 1829 2834 1885 carminibus:
2871 1849 2888 1880 ‹
2919 1829 3184 1883 canticum
3217 1847 3236 1880 ›
3271 1827 3390 1882 dico

129 1917 348 2024 cunque
374 1917 793 2007 exhauriant-de
823 1946 1001 2001 divina
1039 1944 1315 2014 Scriptura
1335 1917 1363 2008 ,ί
1382 1951 1560 1995 tamen
1597 1957 1704 1996 non
1731 1923 1780 1983 Β
1811 1924 2094 2024 “habime
2116 1924 2184 1977 ad
2204 1921 2484 2024 A55)"
2517 1942 2534 1974 ’
2563 1921 2613 1975 id
2633 1928 2734 2024 es":
2756 1920 2823 1974 ad
2855 1918 3113 1989 superbos
3136 1917 3384 1972 δυάωοδε

131 2049 318 2103 minus
353 2044 516 2099 habet
543 2043 655 2112 ipsa
692 2038 986 2110 spiritualis
1018 2037 1337 2091 intellectus.
1386 2033 1488 2088 Per
1526 2033 1711 2088 faecem

130 2153 242 2194 non
275 2135 470 2205 accipit
511 2133 779 2188 turbidum
812 2129 1011 2199 aliquid
1031 2171 1046 2195 ,
1081 2129 1175 2183 sed
1223 2126 1379 2196 quasi
1414 2125 1556 2180 solas
1583 2123 1712 2180 reli-

129 2229 314 2300 quias,
348 2227 485 2282 sicut
531 2226 585 2279 in
621 2225 794 2294 cypho
822 2236 1031 2276 merum
1071 2220 1258 2273 vinum
1294 2217 1582 2286 aliquando
1624 2230 1713 2269 re-

130 2327 336 2374 manet.
367 2317 434 2372 Et
459 2317 592 2371 adeo
625 2331 730 2369 non
761 2323 842 2369 est
873 2312 1228 2375 exinanitum,
1261 2311 1403 2380 quod
1432 2310 1556 2364 inde
1589 2328 1606 2359 ‹
1629 2307 1714 2363 bi-

129 2411 265 2466 bent
311 2423 499 2465 omnes
545 2415 861 2476 peccatores
905 2413 1080 2467 teme,
1109 2423 1126 2454 ›
1162 2403 1214 2456 id
1243 2408 1327 2456 est
1351 2441 1366 2465 ,
1401 2399 1718 2454 reﬁciuntur

130 2501 301 2570 aliqui
333 2501 399 2555 de
427 2499 576 2554 omni
621 2511 816 2568 genere
856 2505 1198 2566 peccatorum
1220 2534 1235 2559 ,
1284 2491 1489 2546 scilicet
1535 2498 1591 2544 et
1621 2487 1718 2544 Ju-

130 2593 374 2648 dreornm
419 2590 511 2660 qui
546 2591 598 2644 in
629 2590 735 2644 ﬁne
759 2589 1051 2659 potabunt,
1081 2596 1136 2641 et
1164 2586 1400 2657 gentium
1441 2583 1534 2652 qui
1557 2583 1717 2637 modo

127 2693 405 2756 petantur.
431 2682 528 2737 Vel
553 2702 571 2732 ‹
597 2682 697 2736 faex
725 2680 859 2749 ejus,
888 2700 904 2731 ι
933 2681 986 2734 id
1016 2688 1098 2735 est
1123 2679 1279 2748 legis,
1301 2677 1508 2733 scilicet
1531 2691 1719 2732 carna-

126 2777 213 2834 les
235 2776 624 2839 observantize,
652 2790 772 2844 quae
807 2793 825 2825 ι
858 2773 961 2828 [εχ
1004 2793 1021 2824 ›
1066 2773 1318 2828 dicuntur
1351 2781 1610 2841 quantum
1653 2770 1721 2824 ad

127 2868 346 2924 Novum
368 2867 791 2927 Testamentum,
811 2880 916 2919 non
946 2880 1168 2934 prorsus
1187 2873 1272 2918 est
1289 2871 1569 2927 evacuata,
1593 2861 1720 2932 quia

129 2960 313 3014 adhuc
335 2965 552 3013 servant
573 2972 692 3012 eam
715 2956 902 3022 Judzei,
919 2957 1097 3011 ethoc
1118 2955 1268 3021 dicit,
1305 2975 1325 3006 ι
1359 2970 1463 3009 non
1491 2961 1573 3009 est
1601 2953 1720 3008 exi-

129 3051 355 3115 nanita;
382 3071 400 3102 ι
431 3057 487 3104 ει
509 3048 635 3104 licet
660 3049 818 3104 modo
853 3065 871 3098 ‹
893 3063 998 3102 non
1021 3048 1091 3102 sit
1112 3067 1129 3097 ι
1155 3046 1431 3102 exinanita
1449 3086 1463 3111 ,
1500 3064 1518 3094 ι
1539 3054 1718 3099 tamen

130 3143 446 3213 quicunque
469 3161 488 3193 ι
516 3141 702 3196 bibent
722 3160 740 3191 ι
762 3140 931 3210 legem
953 3140 1095 3193 illam
1114 3137 1464 3209 spiritualiter
1484 3157 1503 3188 ι
1531 3151 1722 3191 omnes

130 3242 454 3305 peccatores
469 3242 644 3297 terrae,
679 3252 697 3284 ι
728 3232 952 3295 scilicet,
973 3239 1080 3285 tam
1104 3229 1272 3284 Judaei
1294 3244 1455 3298 quam
1473 3225 1716 3296 gentiles.

1813 2014 2023 2086 Assyrii
2075 2027 2308 2084 namque
2354 2013 2632 2082 dirigentes
2683 2013 3144 2080 interpretantur,
3193 2018 3248 2064 et
3295 2023 3394 2078 per

1812 2104 2063 2175 Assyrios
2091 2104 2347 2158 Dominus
2373 2102 2628 2173 populum
2656 2117 2811 2157 suum
2840 2117 2936 2172 pro
2959 2108 3180 2172 peccato
3203 2114 3390 2155 eorum

1814 2193 2138 2264 ﬂagellabat,
2167 2201 2223 2248 et
2261 2207 2360 2264 per
2388 2193 2523 2248 istos
2560 2193 2692 2248 tales
2721 2193 2972 2263 Assyrios
3007 2192 3199 2247 merito
3224 2190 3392 2246 Judazi

1817 2286 2206 2356 intelliguntur,
2243 2285 2371 2354 quia
2429 2293 2484 2339 et
2533 2284 2621 2339 isti
2664 2283 2834 2338 Judazi
2875 2283 3091 2354 superbi
3136 2290 3292 2336 erant
3327 2282 3394 2336 de

1818 2391 1914 2432 sua
1964 2376 2102 2448 lege,
2147 2384 2199 2430 et
2248 2376 2548 2430 Ecclesiam
2575 2375 2775 2431 Christi
2817 2377 3297 2445 persequebantur,
3340 2381 3396 2428 et

1816 2469 1918 2523 hos
1952 2468 2082 2524 tales
2109 2466 2322 2522 Judzeos
2350 2467 2596 2522 hortatur
2625 2465 2797 2521 ﬁdelis
2835 2466 3141 2537 Synagoga,
3183 2473 3242 2519 ut
3271 2479 3392 2519 cum

1819 2557 1934 2630 ipsa
1961 2557 2232 2628 gaudeant-
2252 2557 2318 2611 de
2349 2557 2452 2611 hoc
2480 2556 2715 2622 nomine,
2747 2555 2889 2626 quod
2914 2555 3084 2610 Judaei
3117 2556 3392 2620 dicuntur,

1819 2657 1874 2704 et
1901 2649 2173 2704 Christum
2199 2647 2584 2713 conﬁteantur,
2608 2648 2731 2717 quia
2765 2662 2923 2701 nemo
2950 2654 3128 2715 potest
3153 2661 3273 2702 esse
3297 2645 3394 2701 Ju-

1819 2740 1986 2806 dmus,
2018 2740 2121 2796 nisi
2165 2740 2221 2794 in
2267 2753 2374 2809 quo
2419 2739 2627 2793 habitat
2670 2737 2936 2793 Christus.
2969 2737 3061 2792 Vel
3103 2753 3201 2808 per
3227 2737 3394 2807 Assy-

1821 2833 1964 2902 rios,
2003 2835 2095 2905 qui
2137 2834 2416 2904 dirigentes
2466 2834 2905 2902 interpretantur,
2951 2833 3121 2888 bonos
3161 2831 3395 2896 Judaros,

1823 2929 1912 2998 qui
1943 2944 2001 2983 se
2029 2927 2096 2981 ad
2137 2927 2305 2980 Deum
2349 2925 2627 2996 dirigunt,
2661 2925 2960 2980 secundum
2992 2923 3396 2993 interpretatio-

1821 3033 1943 3074 nem
1972 3031 2257 3088 possumus
2290 3015 2572 3084 accipere:
2604 3021 2659 3068 et
2685 3013 2783 3068 hos
2811 3014 3062 3067 admonet
3093 3011 3266 3066 fidelis
3293 3009 3396 3080 Sy-

1822 3127 2026 3184 nagoga
2043 3151 2058 3177 ,
2085 3119 2144 3164 ut
2164 3118 2510 3182 perseverent
2530 3108 2585 3163 in
2611 3107 2900 3163 dilectione
2929 3107 3148 3162 Christi.
3176 3105 3397 3160 Materia

1825 3211 1909 3259 est
1951 3203 2067 3272 ipse
2095 3202 2361 3257 Christus.
2400 3201 2588 3255 Modus
2618 3217 2631 3253 :
2663 3198 2722 3253 In
2772 3201 2944 3270 prima
2969 3207 3124 3268 parte
3164 3197 3401 3252 ostendit

139 3322 238 3377 Vel
254 3338 351 3392 per
365 3322 587 3377 calicem
613 3336 898 3390 possumus
918 3320 1162 3388 accipere
1185 3318 1422 3372 divinum
1441 3315 1720 3383 judicium,

1829 3297 1882 3352 in
1925 3296 2119 3365 quibus
2160 3296 2369 3350 habitet
2411 3294 2684 3356 Christus,
2730 3291 2956 3362 etquod
2986 3307 3016 3345 a
3063 3307 3158 3346 sua
3187 3291 3401 3346 habita-

133 3422 200 3469 ut
225 3415 300 3468 ita
327 3414 570 3468 dicamus
596 3431 608 3464 :
635 3411 780 3465 Bene
803 3411 950 3476 dico,
981 3429 998 3460 ι
1025 3411 1169 3463 hunc
1195 3407 1466 3471 humiliat,
1493 3413 1549 3459 et
1587 3406 1729 3459 hunc

133 3505 346 3562 exaltat
363 3543 378 3566 ,
401 3524 420 3555 ι
441 3504 567 3572 quia
600 3522 618 3552 ι
641 3503 694 3556 in
722 3517 884 3555 manu
905 3541 919 3566 ,
947 3521 964 3551 ι
997 3502 1048 3555 id
1074 3509 1155 3554 est
1174 3540 1190 3565 ,
1219 3500 1270 3552 in
1295 3507 1560 3569 potestate
1586 3498 1730 3551 illius

139 3595 358 3650 Domini
376 3602 460 3646 est
479 3613 495 3643 ι
515 3592 676 3655 calix,
700 3611 718 3642 ›
739 3593 793 3645 id
814 3591 1145 3644 estdivinum
1157 3587 1440 3656 judicium,
1455 3587 1596 3656 quod
1611 3587 1730 3640 ideo

148 3702 173 3736 ε
195 3683 336 3738 calix
351 3683 572 3746 dicitur,
597 3702 615 3735 ι
635 3683 760 3752 quia
777 3681 1024 3749 propinat
1039 3678 1162 3734 inde
1177 3679 1320 3733 Deus
1334 3678 1620 3747 unicuique
1634 3691 1732 3747 pro

140 3775 376 3837 merito,
410 3773 552 3827 sicut
585 3772 901 3841 propinatur
933 3770 999 3823 de
1037 3767 1244 3833 calice;
1287 3786 1304 3817 ι
1343 3765 1516 3831 calix,
1555 3785 1574 3817 ι
1613 3765 1732 3820 dico

145 3884 170 3918 ι
190 3863 328 3917 meri
347 3863 452 3916 vini
469 3902 486 3928 ,
511 3881 530 3914 ι
550 3863 602 3916 id
628 3871 712 3917 est
730 3875 837 3930 quo
858 3860 1177 3930 pr0pinatur
1190 3873 1398 3912 merum
1415 3857 1621 3920 vinum,
1639 3856 1731 3925 ju-

139 3957 296 4012 stitia
313 3954 516 4010 sanctis
543 3955 596 4009 in
617 3955 722 4010 hac
738 3953 869 4016 vita,
887 3960 942 4005 et
959 3953 1172 4005 tandem
1195 3957 1394 4004 aeterna
1419 3948 1613 4018 gloria,
1638 3947 1730 4016 qui

147 4067 169 4100 ι
189 4047 334 4103 calix
357 4067 376 4099 ›
396 4054 480 4102 εει
503 4065 521 4096 ε
542 4045 729 4115 plenus
749 4065 768 4096 ι
790 4045 949 4099 etiam
971 4063 990 4094 ‹
1010 4044 1191 4108 misto,
1214 4063 1231 4094 ι
1256 4042 1306 4096 id
1323 4050 1425 4107 εει,
1443 4056 1602 4110 poena
1624 4054 1730 4110 qua

137 4139 478 4211 potabuntur
500 4137 648 4202 mali,
675 4136 765 4206 qui
787 4136 925 4190 sicut
954 4135 1006 4189 in
1033 4135 1200 4189 calice
1219 4133 1310 4188 illo
1326 4133 1632 4188 continetur
1646 4147 1731 4187 re-

140 4233 458 4290 muneratio
485 4232 771 4294 bonorum,
810 4230 888 4284 sic
914 4237 970 4283 et
999 4227 1273 4283 damnatio
1311 4226 1619 4294 impiorum.
1666 4225 1734 4279 Et

140 4323 302 4382 illum
321 4323 546 4378 calicem
575 4339 593 4372 ι
617 4319 894 4374 inclinavit
921 4333 989 4374 ex
1018 4319 1189 4374 hocin
1213 4317 1335 4382 hoc,
1359 4336 1376 4366 ι
1403 4316 1528 4386 quia
1553 4331 1649 4386 per
1666 4313 1730 4368 il-

139 4415 264 4472 lum
291 4413 514 4470 calicem
540 4419 597 4467 et
623 4409 780 4466 bonis
809 4409 973 4475 bona,
999 4418 1056 4464 et
1091 4407 1247 4462 malis
1292 4405 1435 4461 mala
1460 4405 1728 4476 propinat,

140 4512 206 4562 et
247 4504 374 4560 licet
396 4503 521 4559 inde
547 4501 798 4557 omnibus
834 4500 1081 4571 prepinet
1100 4539 1114 4565 ,
1141 4508 1321 4553 tamen
1353 4514 1373 4548 ε
1401 4495 1502 4550 faex
1531 4495 1675 4563 ejus,
1706 4515 1725 4547 ›

142 4595 206 4655 id
233 4603 342 4662 est,
366 4610 551 4665 poena,
588 4613 607 4646 ‹
631 4609 739 4648 non
767 4602 851 4648 est
874 4592 1167 4656 exinanita,
1192 4610 1211 4642 ›
1244 4590 1296 4645 id
1323 4598 1436 4654 εει,
1461 4603 1733 4657 nunquam

1828 3388 1973 3442 tione
2001 3395 2275 3441 removeat
2316 3401 2531 3441 omnem
2569 3393 2894 3456 potestatem
2921 3383 3144 3449 inimici,
3176 3398 3298 3438 cum
3323 3383 3402 3438 di-

1829 3479 1934 3534 cit:
1961 3497 1978 3528 c
2002 3477 2077 3532 Ibi
2102 3476 2365 3547 confregit
2385 3476 2679 3547 potentias,
2707 3496 2726 3528 ι
2756 3484 2812 3530 ει
2837 3484 3051 3530 caetera.
3081 3475 3138 3530 In
3170 3474 3402 3530 secunda

1829 3580 2136 3642 parte,qu:e
2160 3571 2378 3638 incipit:
2401 3569 2738 3623 «Illuminans
2754 3579 2809 3623 tu
2831 3569 3165 3634 mirabiliter,
3189 3589 3208 3621 ι
3226 3576 3404 3624 osten-

1831 3661 1912 3716 dit
1940 3661 2083 3730 quod
2128 3661 2182 3713 in
2213 3660 2315 3712 hac
2346 3659 2453 3712 vita
2485 3659 2655 3713 bonos
2702 3658 2993 3723 illuminat,
3025 3658 3196 3712 malos
3234 3674 3406 3713 excae—

1834 3761 1964 3824 cat;
2031 3758 2086 3804 et
2132 3749 2346 3803 tandem
2398 3749 2452 3802 in
2503 3746 2704 3815 judicio
2757 3748 3033 3803 damnabit
3076 3747 3304 3817 impios,
3351 3757 3408 3802 et

1833 3841 2009 3897 salvos
2058 3839 2221 3894 faciet
2265 3840 2453 3894 bonos.
2501 3837 2560 3891 In
2601 3839 2754 3893 tertia
2803 3846 2955 3907 parte
3002 3854 3122 3908 quae
3165 3838 3352 3908 incipit
3388 3855 3404 3895 :

1839 3953 1857 3986 ι
1886 3933 2152 4001 Quoniam
2179 3932 2432 4002 cogitatio
2459 3930 2693 3986 hominis
2721 3930 3094 3996 conﬁtebitur,
3131 3950 3148 3983 ι
3173 3931 3410 3986 ostendit

1832 4045 1954 4087 eum
1990 4030 2206 4099 dignum
2223 4028 2307 4082 cui
2339 4027 2437 4082 soli
2459 4027 2762 4082 faciendum
2797 4027 2868 4081 sit
2889 4025 3104 4091 festum,
3139 4034 3195 4080 et
3216 4025 3406 4081 admo-

1834 4131 1926 4179 net
1960 4136 2089 4188 nos,
2131 4129 2192 4176 ut
2223 4121 2274 4175 ei
2311 4119 2508 4175 festum
2544 4118 2835 4184 faciamus,
2876 4125 2931 4174 et
2965 4119 3080 4173 haec
3113 4125 3200 4174 est
3234 4118 3410 4174 inten-

1836 4215 1931 4271 tio.

1904 4309 1973 4363 Et
2002 4309 2080 4364 sic
2101 4309 2396 4363 admonens
2423 4305 2570 4376 ipsos
2593 4303 2824 4370 Iudaeos,
2857 4302 2986 4358 dicit
3014 4301 3295 4374 Synagoga
3332 4318 3346 4355 :
3376 4316 3409 4356 ο

1833 4416 1932 4456 vos
1956 4399 2146 4466 Judzei,
2191 4419 2208 4450 ‹
2237 4399 2379 4454 Deus
2400 4407 2483 4453 est
2505 4405 2663 4452 notus
2688 4397 2741 4450 in
2769 4395 2970 4462 Judaaa,
2995 4415 3012 4446 ι
3049 4395 3103 4449 id
3131 4402 3213 4450 est
3237 4394 3412 4448 omni-

1835 4493 1937 4547 bus
1971 4491 2062 4560 qui
2090 4490 2416 4545 conﬁtentur
2442 4488 2715 4542 Christum
2741 4497 2924 4542 natum
2950 4488 3014 4542 de
3049 4487 3190 4541 tribu
3225 4485 3358 4540 Juda
3393 4504 3406 4539 :

1840 4583 2033 4654 quibus
2057 4592 2235 4637 autem
2270 4601 2288 4632 ‹
2314 4588 2470 4636 notus
2494 4600 2510 4633 ι
2545 4596 2648 4636 non
2683 4599 2701 4629 ‹
2723 4588 2805 4635 εει
2829 4579 2970 4634 Deus
2987 4620 3000 4645 ,
3024 4599 3042 4630 ι
3065 4579 3162 4649 ipsi
3186 4594 3290 4632 non
3316 4576 3410 4632 (Ie-

144 4649 418 4745 exhau'sla
446 4694 528 4740 est
547 4725 560 4751 ,
592 4686 687 4739 sed
723 4703 739 4734 ι
761 4699 951 4738 omnes
977 4690 1292 4752 peccatores
1323 4649 1481 4734 terra:
1502 4649 1688 4734 bibent
1708 4697 1726 4728 ›
1760 4649 1812 4709 D
1837 4649 1965 4731 bent
1995 4675 2100 4729 dici
2135 4672 2322 4728 Judaei.
2353 4673 2429 4727 De
2459 4672 2601 4727 tribu
2629 4671 2764 4726 Juda
2792 4671 3009 4725 fuerunt
3040 4684 3227 4724 omnes
3255 4683 3412 4739 reges

147 4781 333 4843 illam,
366 4780 419 4834 id
448 4787 562 4844 est,
589 4785 850 4846 perpetuo
876 4776 1185 4846 punientur.

223 4871 335 4942 Ipsi
357 4871 542 4926 bibent
571 4883 640 4923 ex
669 4883 754 4934 eo,
791 4887 809 4918 ι
835 4883 935 4938 ego
960 4874 1138 4921 autem
1169 4864 1520 4930 annuntiabo,
1566 4863 1619 4918 id
1652 4872 1734 4919 est

150 4963 426 5037 gaudebo,
446 4961 586 5016 sicut
610 4960 716 5014 alia
745 4960 1024 5014 translatio
1054 4957 1236 5022 habet,
1269 4973 1289 5007 ‹
1321 4957 1374 5010 in
1405 4955 1676 5022 smculum,
1708 4975 1728 5009 ι

151 5054 215 5110 id
246 5061 347 5116 est,
379 5052 617 5122 quandiu
645 5050 860 5105 durabit
890 5048 1164 5114 saeculum,
1205 5056 1260 5102 et
1304 5047 1470 5102 etiam
1504 5066 1523 5098 ‹
1551 5055 1736 5103 canta-

153 5143 232 5200 bo
265 5163 282 5194 ι
316 5158 447 5199 voce
473 5151 528 5198 et
551 5157 732 5212 opere,
770 5163 787 5193 ι
814 5141 925 5197 Deo
951 5141 1136 5197 Jacob.
1163 5161 1182 5194 ι

241 5253 263 5287 ‹
291 5234 361 5289 Ει
384 5255 402 5288 ι
441 5243 729 5306 postquam
775 5235 892 5290 haec
934 5234 1115 5291 omnia
1162 5231 1341 5290 fecero
1366 5273 1380 5299 ,
1412 5232 1632 5289 veniens
1673 5233 1740 5288 ad

154 5325 425 5396 judicium
453 5344 472 5377 ι
494 5324 828 5397 confringam
857 5327 1038 5381 omnia
1077 5339 1279 5381 cornua
1321 5334 1683 5396 peccatorum,
1716 5343 1735 5376 ι

163 5425 223 5474 ει
278 5416 418 5472 dabo
476 5430 680 5472 cornua
733 5416 924 5485 justis,
979 5418 1071 5487 qui
1130 5418 1290 5473 modo
1349 5432 1455 5472 non
1509 5418 1739 5482 habent,

169 5527 192 5563 ι
231 5517 288 5564 ει
324 5527 343 5560 ι
389 5508 479 5563 illa
529 5527 548 5561 ι
575 5523 780 5564 cornua
823 5508 953 5579 justi
1004 5508 1380 5564 exaltabuntur
1407 5529 1425 5561 ι
1486 5509 1739 5565 ineffabili

163 5598 511 5672 gloriatione.
542 5599 643 5655 Ubi
675 5600 824 5664 dicit,
861 5618 879 5650 ε
905 5614 1163 5668 accepero
1196 5607 1456 5670 tempus,»
1489 5609 1545 5656 et
1569 5621 1587 5653 ‹
1614 5615 1744 5657 eon-

168 5691 384 5746 ﬁrmavi
409 5691 684 5747 columnas
712 5693 856 5763 ejus,
890 5713 908 5745 ι
947 5691 1178 5747 ostendit
1215 5707 1272 5746 se
1302 5707 1422 5748 esse
1446 5693 1737 5749 hominem.

171 5782 278 5838 Ubi
309 5783 470 5850 dicit,
511 5802 528 5833 ‹
566 5785 817 5854 quoniam
859 5784 998 5840 Deus
1019 5782 1183 5853 judex
1219 5790 1331 5853 est,
1374 5802 1392 5834 ι
1428 5783 1660 5839 ostendit
1687 5798 1744 5839 se

172 5892 298 5935 esse
318 5877 484 5935 Deum
506 5888 559 5936 et
575 5877 832 5951 judicem.

1838 4765 2064 4832 Judaeze,
2095 4775 2291 4835 praeter
2320 4763 2467 4818 Saul.
2507 4783 2524 4814 ‹
2553 4763 2621 4817 Ει
2651 4764 2702 4817 in
2734 4754 2898 4816 Israel
2931 4777 3181 4833 magnum
3214 4776 3409 4816 nomen

1839 4855 1976 4925 ejus,
2000 4876 2017 4908 ι
2056 4856 2108 4910 id
2133 4864 2236 4921 est,
2266 4854 2370 4910 illis
2400 4854 2490 4924 qui
2519 4869 2642 4908 eum
2667 4853 2880 4919 vident,
2911 4853 3036 4921 quia
3070 4860 3270 4924 quanto
3300 4867 3413 4904 ma—

1841 4951 1922 5018 gis
1953 4949 2277 5019 investigant
2304 4948 2372 5003 de
2399 4963 2486 5012 eo,
2520 4955 2670 5002 tanto
2715 4955 2800 5002 est
2843 4946 2948 5001 illis
2981 4945 3168 5013 major.
3213 4944 3280 4997 Et
3310 4943 3413 4996 hoc

1841 5042 2072 5112 potestis
2104 5041 2267 5106 scire,
2296 5055 2330 5095 ο
2355 5054 2452 5094 vos
2476 5038 2644 5094 .lndrei
2691 5038 2953 5103 carnales,
2988 5037 3111 5105 quia
3135 5035 3179 5090 si
3219 5048 3412 5088 nomen

1842 5133 1960 5204 ejus
1989 5132 2043 5186 in
2069 5130 2222 5186 vobis
2252 5145 2357 5184 non
2383 5139 2467 5186 est
2492 5146 2743 5201 magnum
2763 5171 2778 5196 ,
2810 5129 2862 5184 id
2903 5136 3014 5190 est,
3051 5127 3096 5182 si
3141 5125 3414 5181 Christum

1842 5239 1950 5280 non
1981 5223 2284 5288 honoratis,
2315 5238 2419 5277 non
2448 5223 2600 5277 eritis
2625 5221 2808 5277 Israel.
2839 5219 2930 5274 Vel
2959 5219 3003 5273 si
3032 5218 3099 5273 ad
3126 5219 3296 5272 honos
3317 5213 3414 5269 Ju-

1843 5317 1987 5371 daeos
2007 5314 2226 5380 dicitur,
2245 5314 2325 5368 sic
2352 5313 2561 5368 dicetur
2587 5331 2600 5365 :
2631 5309 3073 5379 Quandoquidem
3101 5327 3120 5359 ι
3147 5314 3304 5361 notus
3333 5312 3419 5360 est

1843 5410 1900 5466 in
1933 5429 1953 5461 ›
1989 5407 2188 5464 Iudaeis
2223 5425 2241 5458 ‹
2274 5407 2446 5473 Deus,
2481 5425 2500 5459 ι
2532 5415 2586 5462 ει
2628 5425 2647 5458 ‹
2681 5406 2734 5459 in
2760 5403 2924 5458 Israel
2947 5415 3198 5472 magnum
3219 5412 3420 5456 nomen

1845 5503 1980 5574 ejus,
2007 5523 2025 5554 ι
2045 5516 2173 5572 ergo
2186 5515 2282 5555 vos
2295 5500 2421 5554 boni
2442 5497 2610 5554 Judaei
2625 5494 2920 5566 persistite,
2945 5501 3004 5548 ut
3019 5493 3071 5547 in
3087 5489 3242 5546 vobis
3265 5488 3418 5545 habi-

1849 5603 1945 5660 tet,
1973 5602 2027 5650 et
2046 5602 2253 5649 crescat
2275 5607 2472 5648 nomen
2499 5592 2615 5662 ejus
2650 5609 2668 5642 ι
2696 5597 2750 5645 ει
2777 5588 2949 5644 factus
2973 5593 3054 5642 est
3081 5585 3230 5639 locus
3252 5580 3367 5650 ejus
3391 5599 3415 5635 ι

1849 5688 1940 5744 ubi
1964 5689 2076 5759 ipse
2097 5687 2258 5743 cubat
2292 5707 2309 5738 ‹
2336 5687 2388 5742 in
2418 5702 2572 5757 pace,
2598 5705 2616 5736 ι
2652 5685 2838 5749 idest,
2872 5683 2926 5738 in
2956 5681 3061 5736 illis
3089 5679 3181 5751 qui
3206 5683 3422 5734 cessant

1850 5799 1879 5836 a
1899 5782 2063 5846 vitiis,
2091 5790 2146 5837 et
2172 5781 2376 5835 faciunt
2401 5781 2559 5836 bona.
2578 5778 2693 5832 Alia
2723 5774 3003 5831 translatio
3022 5774 3206 5838 habet,
3233 5771 3285 5826 in
3315 5768 3416 5823 Sa-

1852 5875 1988 5939 lem;
2027 5874 2122 5930 sed
2149 5873 2443 5928 translator
2485 5871 2662 5942 posuit
2693 5868 3054 5941 signiﬁcatum
3079 5865 3169 5923 hic
3212 5877 3311 5935 pro
3347 5859 3422 5914 sie
