3940 6450
550 436 654 498 ιῦί

1019 433 1371 498 HAYMONIS
1408 441 1889 498 HALBERSTAT.
1927 440 2144 497 EH66.
2180 432 2332 497 O'P.
2371 437 2551 495 PARS
2588 440 2630 497 Ι.
2656 469 2727 482 -
2754 440 3113 499 COMMENT.
3154 443 3324 500 BlBL.

3711 448 3813 506 ΗΞ

553 557 845 630 gnificante
888 575 909 610 ι
949 566 1005 613 et
1042 557 1099 611 in
1145 556 1295 622 Sion,
1348 577 1366 610 ι
1400 557 1453 612 id
1498 566 1581 612 est
1629 558 1681 613 in
1716 557 2118 629 speculantibus
2145 559 2197 620 Α
2289 554 2602 621 Beoedieo,
2632 572 2655 607 ι
2694 556 2772 611 ira
2798 565 2918 623 tua,
2950 577 2971 609 ι
2999 558 3126 627 quia
3156 566 3213 617 tu
3244 578 3266 613 ι
3308 558 3523 627 hcisti,
3559 578 3582 614 ι
3624 562 3685 617 id
3712 572 3811 626 est,

551 647 745 712 Deum,
771 656 855 703 est
886 667 904 698 ι
932 648 1191 704 habitatio
1231 647 1347 717 ejus
1376 667 1394 700 ι
1430 648 1486 702 in
1525 648 1719 718 quibus
1753 649 1867 718 ipse
1892 662 2019 704 non
2044 648 2125 703 in-

552 739 701 793 venit
729 738 893 794 ullum
931 737 1340 805 oli‘endiculum,
1376 749 1432 794 et
1470 740 1590 793 ideo
1626 755 1721 793 vos
1758 738 1926 794 Judaei
1967 737 2128 794 facite

550 843 651 885 vos
674 827 1033 899 speculantes,
1065 837 1124 883 ut
1150 830 1203 883 in
1228 830 1379 886 vobis
1414 830 1555 884 Deus
1583 829 1810 883 habitet.

630 938 649 971 ‹
678 919 775 983 lbi,
810 938 829 969 ι
862 918 912 972 id
952 926 1037 972 est
1072 919 1126 971 in
1156 915 1307 984 Sion,
1335 918 1390 974 id
1413 928 1497 974 est
1523 920 1577 975 in
1605 919 2006 989 speculantibus
2035 934 2124 984 se,

557 1029 579 1063 ι
611 1010 874 1079 confregit
925 1008 1162 1077 LDeus,
1209 1011 1264 1064 id
1304 1020 1388 1065 est
1415 1012 1710 1075 destruxit,
1744 1032 1764 1062 ι
1802 1014 2072 1082 potentias
2101 1030 2119 1064 I

550 1100 765 1161 diaboli,
783 1108 838 1155 et
854 1116 947 1155 eas
967 1108 1258 1170 perpartes
1278 1102 1856 1170 exsequitur,diecns,t
1881 1117 2121 1170 arcum,s

550 1189 602 1243 id
647 1196 731 1243 est
771 1189 1025 1244 latentem
1074 1190 1547 1260 impugnationem,
1581 1210 1599 1242 ι
1630 1201 1864 1257 scutum,
1906 1212 1925 1244 ι
1967 1193 2131 1253 idest

548 1277 916 1334 defensionem
948 1280 1266 1350 iniquitatis,
1285 1289 1340 1335 et
1367 1301 1385 1332 ι
1417 1282 1676 1352 gladium,
1714 1302 1733 1335 ι
1763 1284 1816 1338 id
1843 1292 1926 1339 est
1951 1285 2126 1340 mani-

550 1369 743 1424 festam
781 1370 1259 1441 impugnationem,
1295 1392 1313 1423 ι
1347 1383 1401 1426 et
1437 1393 1457 1425 ι
1487 1383 1547 1428 ιιι
1569 1375 1750 1429 omnia
1779 1378 2129 1446 comprehen-

551 1462 675 1525 dat,
693 1461 843 1526 dicit,
879 1480 899 1511 ι
923 1461 1117 1516 bellum
1136 1503 1151 1528 ,
1186 1481 1205 1514 ι
1232 1463 1283 1516 id
1306 1473 1389 1519 est
1415 1479 1631 1519 omnem
1649 1467 2125 1536 impugnationem,

551 1552 627 1608 ita
654 1552 920 1624 confregit
951 1554 1095 1609 Deus
1126 1555 1239 1610 haec
1266 1556 1397 1610 vitia
1423 1557 1477 1610 in
1508 1557 1651 1622 suis,
1677 1557 1817 1612 sicut
1847 1558 1913 1612 ad
1956 1558 2126 1615 histo-

550 1646 710 1711 riam,
736 1647 1002 1718 confregit
1027 1648 1297 1718 potentias
1316 1648 1750 1702 Amorrhaeorum
1779 1655 1835 1703 et
1853 1646 2128 1706 Jebusm-

551 1753 672 1793 rum
699 1778 714 1801 ,
772 1746 832 1793 ut
885 1738 1137 1810 populum
1192 1754 1350 1799 suum
1401 1740 1456 1794 in
1509 1748 1709 1795 terram
1747 1740 2128 1810 promissionis

549 1828 848 1884 induceret.

2228 646 2445 705 «facies
2473 665 2490 699 ι
2511 645 2771 714 iudicium
2797 668 2817 701 ι
2847 657 2999 705 tuum
3021 650 3260 705 auditum
3279 651 3347 707 de
3370 653 3519 708 celo
3550 672 3573 704 ι
3609 669 3714 723 per
3731 664 3811 710 to.

2222 746 2337 792 tum
2365 738 2640 802 mundum,
2669 752 2793 793 cum
2821 740 2893 793 sit
2934 754 3039 795 vos
3079 739 3135 794 in
3182 741 3306 796 ulla
3336 742 3451 806 Dei,
3481 752 3551 798 et
3578 742 3646 799 in
3691 758 3811 801 voce

2226 827 2571 898 archangeli,
2610 836 2666 884 et
2694 829 2795 883 hoc
2839 828 3103 900 Propheta
3132 832 3415 889 annuntiat
3455 848 3566 904 per
3596 845 3811 902 puter-

2226 918 2393 981 itum,
2434 920 2559 987 quia
2602 918 2656 972 in
2698 920 2921 976 consilio
2949 920 3044 976 Dei
3083 921 3197 992 iam
3246 924 3455 981 viderat
3508 925 3658 981 illud
3703 941 3809 985 sse

2225 1015 2523 1077 peractum,
2553 1018 2605 1063 et
2624 1028 2642 1060 ί
2667 1011 3013 1075 contremuit,
3036 1030 3055 1063 ο
3076 1011 3130 1067 id
3149 1020 3251 1076 est,
3270 1014 3529 1072 tremebit
3550 1035 3574 1068 ι
3604 1025 3767 1081 tem,
3785 1039 3801 1069 ι

2225 1097 2281 1155 id
2300 1106 2403 1163 est,
2433 1100 2631 1157 terreni
2651 1120 2669 1150 ι
2698 1110 2753 1157 et
2776 1099 3000 1169 quievit,
3030 1102 3125 1160 aid
3149 1112 3236 1165 est
3252 1105 3522 1175 quiescet,
3548 1108 3689 1177 quia
3709 1109 3804 1178 ian

2226 1189 2429 1249 nullam
2462 1190 2680 1246 habebit
2699 1199 3040 1260 potestatem.

2301 1297 2321 1333 ι
2345 1278 2589 1337 Tremuit
2607 1299 2626 1330 ι
2646 1280 2784 1339 dico.
2808 1298 2829 1333 ι
2852 1279 2984 1341 Cum
3004 1282 3709 1357 Deusexsurgetinjudicin
3727 1309 3744 1342 ι
3759 1301 3805 1349 et

2226 1382 2334 1425 non
2350 1379 2556 1429 tantum
2575 1380 2848 1441 exsurget,
2872 1380 2931 1429 ut
2942 1375 3262 1436 condemnet
3286 1377 3501 1447 impios.
3530 1380 3640 1436 sed
3660 1383 3800 1439 etiam

2230 1477 2252 1511 ι
2278 1468 2338 1514 ιιι
2366 1459 2542 1516 salvos
2572 1460 2736 1523 faciat
2764 1476 2953 1517 omnes
2976 1473 3285 1532 mansuetos
3320 1476 3501 1525 terra.
3539 1488 3567 1521 s

2298 1549 2563 1616 Quoniam
2579 1551 2837 1622 cogitatio
2863 1554 3097 1615 hominis
3121 1556 3468 1619 confitebitur
3488 1561 3622 1629 tibi.
3642 1561 3798 1625 Tertia

2226 1656 2372 1712 pars.
2414 1640 2775 1701 Continuatio.
2824 1644 2892 1699 Et
2935 1647 3059 1715 quia
3104 1632 3248 1707 heus
3285 1650 3400 1707 haec
3446 1654 3643 1717 omnia
3673 1655 3797 1721 facit,

2228 1732 2351 1786 ideo
2375 1748 2472 1789 vos
2505 1752 2523 1784 ι
2559 1742 2748 1788 vovete
2776 1735 3024 1802 Domino,
3056 1737 3167 1792 Deo
3189 1748 3392 1806 vestro,
3424 1752 3485 1797 et
3513 1744 3745 1803 reddite.
3778 1767 3795 1801 ι

2226 1822 2352 1881 Ideo
2399 1823 2527 1885 dicit
2556 1842 2576 1877 ι
2607 1834 2822 1892 vovetc,
2856 1846 2874 1881 ι
2903 1828 3031 1897 quia
3076 1830 3321 1897 qumdam
3368 1842 3500 1889 sunt
3547 1849 3675 1903 qua
3713 1852 3797 1893 non

625 1937 645 1969 ι
694 1919 1027 1977 llluminans.
1078 1940 1096 1972 ι
1128 1894 1262 1974 Pars
1300 1918 1555 1976 secunda.
1600 1919 1962 1979 Continuatio.
1995 1921 2126 1976 Dico
2154 1923 2202 1983 Β
2227 1924 2413 1973 essent
2461 1919 2767 1975 necessaria
2817 1919 2885 1975 ad
2935 1920 3243 1981 faciendum
3299 1926 3407 1985 nisi
3467 1940 3795 1995 vomuntur,

547 2011 858 2083 confregisti
880 2032 897 2062 ι
918 2013 1206 2080 potentias,
1230 2033 1246 2064 ι
1267 2022 1322 2067 et
1336 2022 1390 2066 tu
1407 2011 1544 2068 bene
1558 2015 1776 2083 potuisti
1795 2014 2127 2083 benefacere,

550 2103 698 2173 quia,
731 2118 762 2158 ο
790 2121 809 2154 ι
844 2112 922 2168 ιιι,
954 2122 972 2159 ι
1000 2104 1160 2167 Deus,
1197 2123 1215 2153 ι
1244 2103 1514 2158 illuminas
1545 2123 1565 2154 ι
1595 2104 1778 2160 ﬁdeles
1801 2114 1922 2161 tuos
1948 2106 2130 2179 cogni-

548 2193 815 2247 tioneveri
837 2193 986 2259 boni,
1009 2213 1027 2244 ι
1048 2209 1078 2247 a
1108 2192 1381 2248 montibus
1408 2195 1649 2269 aeternis,
1671 2213 1689 2245 ι
1718 2194 1768 2248 id
1784 2203 1866 2249 est
1880 2211 1977 2265 per
2001 2211 2129 2267 apo-

550 2282 750 2348 stolos,
782 2283 876 2352 qui
900 2284 1086 2338 :eterni
1121 2283 1392 2348 dicuntur,
1422 2283 1547 2352 quia
1577 2283 1687 2337 vita
1724 2298 1912 2339 eorum
1948 2294 2131 2341 manet

548 2373 605 2429 in
652 2381 934 2437 aeternum,
979 2373 1248 2431 illuminas
1288 2372 1410 2428 dico
1456 2390 1476 2423 ι
1521 2373 1862 2438 mirabiliter,
1901 2394 1919 2429 ι
1952 2374 2005 2429 id
2044 2382 2129 2430 est

541 2480 641 2536 per
688 2464 965 2521 miracula.
1001 2464 1094 2521 Vel
1143 2464 1481 2529 mirabiliter,
1534 2466 1663 2535 quia
1705 2467 1871 2520 etiam
1919 2467 1963 2521 si
2009 2468 2126 2522 sine

546 2554 822 2610 miraculis
846 2554 940 2609 fiat
964 2555 1201 2625 cognitio
1224 2556 1342 2619 Dei,
1359 2563 1540 2610 tamen
1578 2557 1840 2611 mirabilis
1863 2566 1966 2620 est,
2000 2558 2126 2626 quia

542 2654 746 2715 quanto
762 2646 933 2716 magis
956 2645 1098 2703 Deus
1122 2646 1189 2699 ab
1216 2646 1371 2701 initio
1392 2647 1754 2716 cognoscitur,
1773 2656 1922 2702 tanto
1936 2656 2124 2718 poten-

544 2736 652 2791 tior
678 2736 1015 2805 intelligitur.
1036 2736 1130 2789 Vel
1159 2737 1201 2790 si
1226 2738 1424 2792 habeat
1457 2758 1474 2787 ι
1510 2738 1845 2803 illuminans,
1882 2759 1900 2790 ι
1930 2741 2128 2808 pendet

538 2828 872 2883 constructio
905 2843 1103 2898 usque,
1142 2846 1159 2878 ι
1198 2836 1254 2883 ιιι
1283 2829 1541 2885 terribilis
1578 2846 1637 2884 cs
1659 2871 1672 2895 ,
1707 2851 1726 2883 ι
1755 2840 1809 2886 et
1842 2838 1895 2885 te
1924 2831 2124 2886 illumi-

542 2926 705 2972 nante
742 2936 760 2969 ι
795 2919 992 2973 turbati
1032 2928 1178 2984 sunt,
1214 2939 1233 2972 ι
1271 2935 1376 2973 non
1417 2920 1538 2975 dico
1564 2921 1728 2987 boni,
1757 2921 1852 2975 sed
1880 2941 1901 2973 ι
1936 2936 2125 2978 omnes

543 3008 860 3078 insipientes
884 3013 1068 3076 cordo,
1101 3031 1118 3062 ι
1142 3012 1195 3064 id
1216 3020 1302 3065 est
1322 3013 1645 3082 appetitores
1672 3013 1874 3067 saeculi.

616 3098 684 3151 Et
714 3099 814 3168 ipsi
848 3117 868 3151 ι
902 3100 1258 3165 dormierunt,
1298 3118 1318 3151 ›
1350 3101 1404 3155 id
1440 3109 1521 3156 est
1549 3102 1872 3171 quieverunt
1906 3103 1960 3156 in
1993 3118 2123 3174 gau—

543 3186 647 3242 diis
676 3186 835 3255 hujus
867 3189 1082 3253 mundi,
1109 3196 1361 3258 putantes
1404 3205 1526 3246 esse
1572 3191 1712 3247 bona
1756 3192 1872 3246 hac
1917 3200 2123 3261 tempo-

2232 2012 2372 2069 sicut
2402 2012 2673 2071 abstinere
2702 2016 2772 2070 ab
2792 2031 2980 2080 uxore,
3008 2031 3040 2071 a
3067 2032 3261 2083 carne,
3282 2026 3343 2077 et
3370 2030 3609 2087 caetera,
3634 2036 3684 2081 et
3703 2024 3797 2081 idea

2230 2112 2355 2157 sunt
2382 2102 2649 2159 alliciendi
2682 2104 2929 2160 homines
2957 2114 3015 2163 ut
3052 2117 3312 2173 voveant;
3347 2126 3366 2161 ι
3400 2121 3610 2169 vovete
3639 2131 3660 2167 ι
3702 2113 3794 2171 dies

2228 2209 2334 2249 non
2377 2193 2502 2259 alii,
2551 2196 2645 2251 sed
2677 2215 2696 2247 t
2743 2210 2932 2251 omnes
2964 2199 3059 2266 qui
3101 2198 3155 2252 in
3194 2199 3422 2255 circuitu
3462 2204 3589 2271 eius
3628 2224 3645 2253 δ
3679 2205 3795 2260 esis~

2230 2293 2437 2351 tentes,
2463 2287 2515 2341 id
2544 2296 2626 2343 est
2664 2288 2717 2341 in
2760 2287 3017 2351 famulatu
3058 2290 3208 2360 ejus,
3237 2311 3255 2345 ι
3289 2291 3499 2351 affertis
3532 2311 3790 2359 munera.

2221 2374 2446 2445 iustitia:
2465 2386 2518 2431 et
2543 2377 2833 2445 aequitatis,
2864 2387 2919 2435 et
2943 2391 3161 2437 caetera.
3184 2380 3303 2437 Alia
3334 2382 3516 2441 littera
3542 2384 3708 2445 habet
3722 2388 3794 2455 qui

2226 2466 2284 2522 in
2315 2468 2541 2527 circuitu
2563 2467 2679 2536 ejus
2716 2479 2872 2537 sunt,
2900 2470 3129 2529 afferent
3151 2489 3394 2537 munera.
3424 2475 3791 2536 Cant-innatis:

2226 2553 2351 2615 Ideo
2373 2556 2579 2613 debetis
2603 2572 2797 2619 vovere
2822 2568 2876 2614 et
2922 2561 3168 2629 reddere,
3218 2564 3346 2632 quia
3395 2580 3599 2629 omnes
3638 2571 3725 2638 Qui
3747 2570 3791 2631 ia

2228 2645 2455 2711 circuitu
2483 2645 2600 2718 ejus
2628 2658 2771 2714 sunt,
2811 2648 3039 2711 afferent
3066 2669 3312 2723 munera.

2299 2739 2366 2793 Et
2404 2740 2533 2810 quid
2584 2742 2872 2801 debeamus
2917 2760 3115 2811 vovere
3160 2756 3215 2802 et
3261 2749 3529 2817 reddere,
3578 2753 3792 2813 ωακὶᾶ

2225 2845 2322 2902 per
2349 2832 2682 2901 prmmissam
2729 2850 2968 2895 causam.
3017 2836 3378 2901 Continuatio.
3416 2840 3568 2907 Beat
3610 2844 3791 2909 debet“

2226 2938 2424 2979 vovere
2444 2932 2497 2977 et
2529 2925 2772 2993 reddere,
2807 2946 2826 2978 ι
2854 2928 2981 3001 quia
3016 2930 3135 2997 tibi,
3172 2952 3193 2985 ι
3227 2947 3262 2989 o
3293 2934 3553 3001 liomine,
3586 2956 3608 2989 ι
3645 2937 3790 2993 conﬁ-

2228 3012 2427 3073 tebitur
2448 3015 2701 3086 cogitatio
2726 3017 2994 3085 hominis,
3018 3030 3074 3087 et
3099 3020 3336 3090 reliquis
3376 3025 3785 3095 cogitationis.»

2227 3106 2282 3161 id
2300 3114 2399 3171 est,
2423 3112 2782 3177 operationes,
2804 3125 2922 3179 quae
2942 3120 3066 3181 post
3090 3113 3469 3185 cogitationem
3493 3118 3790 3189 relinquas-

2229 3208 2345 3267 tur,
2380 3219 2398 3250 ι
2431 3210 2592 3270 agent
2621 3200 2715 3256 tibi
2741 3200 2936 3259 festum
2973 3204 3134 3271 diem,
3168 3225 3188 3263 ι
3223 3206 3276 3261 id
3305 3216 3409 3273 est,
3432 3212 3723 3269 ostendunt
3747 3220 3790 3269 te

541 3279 699 3344 ralia,
728 3287 784 3335 et
833 3280 955 3348 quia
998 3288 1217 3349 possent
1254 3281 1491 3336 dormire
1527 3289 1582 3337 et
1623 3284 1804 3337 statim
1842 3282 2119 3353 evigilare,
2150 3276 2196 3341 C
2229 3304 2347 3345 esse
2372 3289 2692 3347 laudabilem
2722 3290 2956 3351 :fcstum
2980 3294 3274 3362 celebrare,
3308 3314 3337 3355 a
3368 3300 3529 3361 malis
3554 3304 3791 3372 operias

542 3369 691 3427 addit
738 3389 756 3423 ς
808 3385 1055 3427 somnum
1087 3386 1264 3437 suum,
1299 3389 1319 3422 ι
1356 3370 1408 3425 id
1442 3379 1525 3429 est
1567 3372 1858 3437 continue,
1890 3381 1945 3427 et
1981 3373 2121 3429 sicut

540 3460 803 3531 evigilans
843 3461 979 3517 nihil
1027 3462 1229 3520 invenit
1281 3463 1349 3518 de
1407 3462 1610 3519 divitiis
1652 3479 1788 3533 quas
1834 3464 2020 3521 habuit
2066 3467 2119 3522 in

540 3550 780 3617 somnio,
809 3550 890 3607 sic
931 3572 949 3605 ι
984 3568 1172 3613 omnes
1200 3553 1300 3612 viri
1332 3554 1657 3611 divitiarum.
1702 3575 1721 3608 ι
1757 3554 1859 3611 Per
1903 3556 2119 3617 divitias

542 3656 650 3701 non
697 3642 865 3701 solum
915 3644 1140 3703 usitatas
1192 3644 1406 3703 divitias
1454 3646 1778 3716 accipimus,
1814 3648 1907 3702 sed
1955 3649 2117 3705 etiam

538 3732 791 3804 qumlibet
822 3734 1091 3793 desideria
1124 3736 1394 3802 carnalia,
1434 3755 1451 3786 ι
1491 3736 1620 3793 nihil
1648 3739 1701 3791 in
1731 3738 1978 3793 manibus
2005 3738 2118 3793 suis

539 3822 881 3889 invenerunt,
913 3844 932 3879 ι
963 3824 1120 3882 idest
1140 3826 1194 3879 in
1224 3834 1490 3895 potestate
1518 3842 1638 3892 sua,
1658 3830 1750 3897 qui
1778 3830 1930 3899 prius
1962 3838 2120 3899 puta-

542 3925 735 3969 verunt
763 3930 856 3975 eas
900 3916 1117 3975 divitias
1152 3931 1365 3985 semper
1389 3916 1652 3985 sumsere,
1693 3929 1750 3977 et
1790 3936 1885 3979 eas
1929 3922 1986 3978 in
2021 3937 2119 3979 sua

539 4005 880 4071 possessione
917 4004 1137 4063 habere.

609 4096 676 4150 Et
697 4096 785 4157 hic
807 4097 1143 4157 excusabiles
1163 4098 1398 4163 ostendit
1417 4112 1510 4164 eos
1533 4100 1600 4157 ab
1636 4117 1655 4152 ι
1680 4101 2067 4173 increpatione,
2090 4125 2112 4162 ι

541 4185 902 4241 Continuatio.
930 4185 1063 4242 Dico
1090 4207 1108 4238 ι
1137 4189 1492 4255 dormierunt,
1523 4201 1598 4257 et,
1641 4208 1674 4247 o
1710 4212 1729 4244 ι
1760 4193 1902 4250 Deus
1928 4196 2116 4265 Jacob,

540 4279 609 4334 ab
638 4280 1004 4351 increpatione
1028 4288 1148 4351 tua,
1188 4300 1208 4332 ι
1238 4282 1291 4337 id
1315 4290 1421 4349 est,
1456 4283 1581 4345 dum
1609 4299 1703 4345 eos
1728 4293 1785 4341 tu
1810 4287 2118 4358 increpares

537 4385 631 4440 per
663 4370 1044 4440 praedicatores
1075 4380 1195 4425 tuos
1218 4390 1236 4422 ι
1274 4372 1723 4441 dormitaverunt,
1766 4396 1785 4428 ι
1810 4378 1965 4435 idest
1987 4382 2117 4435 dor-

536 4460 772 4515 mierunt
814 4462 1123 4531 frequenter
1165 4481 1178 4515 :
1227 4464 1352 4532 quia
1386 4466 1602 4534 quando
1646 4470 1885 4525 terrebas
1929 4484 2023 4529 eos
2063 4479 2119 4529 et

535 4550 791 4604 videbant
816 4552 960 4605 varia
987 4560 1042 4609 et
1083 4552 1394 4615 inconsueta
1422 4558 1700 4624 miracula,
1717 4568 1854 4635 ,tunc
1878 4577 2117 4629 commo-

536 4641 835 4706 vebantur;
863 4641 947 4696 bis
968 4655 1098 4701 vero
1127 4647 1492 4714 cessantibus,
1525 4651 1719 4717 iterum
1745 4652 2112 4713 dormiebant:
2142 4638 2195 4698 D

539 4748 558 4783 ι
582 4730 1011 4787 dormitaverunt
1033 4752 1050 4784 ι
1077 4734 1197 4789 dico
1217 4756 1235 4791 ι
1258 4739 1380 4806 quia
1403 4742 1762 4799 ascenderunt
1787 4756 1974 4811 equos,
2011 4763 2029 4797 ι
2062 4746 2119 4803 id

534 4829 618 4876 est
657 4820 728 4874 illi
760 4822 850 4892 qui
880 4822 985 4877 late
1010 4824 1317 4885 discurrunt
1344 4842 1440 4897 per
1470 4828 1736 4887 desideria
1785 4832 1987 4887 saeculi.
2019 4834 2117 4893 llic

533 4911 700 4968 mittit
721 4928 818 4967 nos
839 4914 906 4968 ad
929 4914 1227 4981 historiam,
1253 4934 1375 4973 cum
1399 4918 1612 4989 Moyses
1632 4921 1890 4979 miracula
1913 4921 2121 4981 faceret

532 5016 715 5059 coram
764 5003 1070 5073 Pharaone,
1118 5008 1331 5067 diccbat
1375 5023 1435 5065 se
1479 5010 1587 5069 cito
1635 5011 1951 5075 dimissuros
1980 5014 2120 5073 filios

531 5093 729 5162 lsrael;
760 5112 880 5152 cum
912 5109 1090 5157 autem
1132 5108 1411 5154 cessarent
1452 5102 1741 5170 miracula,
1789 5114 1845 5171 et
1889 5108 2116 5176 populus

532 5188 699 5258 erepit
744 5189 1040 5259 proficisci,
1070 5192 1383 5251 conscendit
1408 5193 1464 5249 in
1517 5210 1686 5266 equos
1743 5208 1799 5265 et
1844 5200 2119 5263 insecutus

531 5289 617 5337 est
635 5282 886 5354 populum
911 5285 1029 5340 Dei.

604 5372 671 5435 Et
698 5391 717 5425 ι
754 5383 808 5429 tu
844 5394 863 5427 ι
891 5376 982 5445 qui
1010 5377 1125 5433 haec
1147 5376 1283 5433 facis
1305 5377 1360 5437 in
1382 5379 1485 5436 hac
1514 5382 1643 5449 vita,
1675 5403 1695 5436 ι
1728 5386 1983 5453 terribilis
2003 5403 2063 5449 es
2088 5410 2108 5443 ι

532 5462 748 5523 futurus
792 5466 969 5537 impiis
1001 5468 1055 5525 in
1089 5468 1314 5539 judicio,
1346 5487 1366 5523 ι
1404 5478 1459 5526 et
1492 5491 1511 5523 ι
1546 5482 1671 5531 tunc
1702 5494 1721 5529 ι
1751 5477 1874 5547 quis
1896 5481 2116 5539 resistet

502 5556 652 5638 .tibi.
688 5559 913 5621 iNullus
949 5561 1163 5633 utique;
1203 5579 1223 5613 ι
1255 5578 1321 5617 ex
1351 5571 1481 5621 tunc
1508 5567 1590 5623 ira
1630 5578 1719 5629 tua
1753 5591 1773 5624 ι
1805 5575 2115 5643 apparebit,

531 5652 659 5721 quia
687 5667 825 5723 quos
865 5653 917 5708 in
948 5654 1052 5711 hac
1081 5654 1190 5710 vita
1221 5671 1316 5727 per
1344 5659 1772 5720 misericordiam
1804 5664 1986 5723 diders
2022 5684 2120 5739 pu-

535 5742 690 5810 nire,
714 5751 771 5797 et
798 5743 994 5799 invitas
1034 5744 1100 5805 ad
1129 5748 1521 5819 pcenitentiam,
1564 5755 1682 5813 illos
1712 5764 1838 5815 tunc
1883 5761 2122 5830 graviter

538 5849 747 5903 pumes.

2222 3396 2455 3445 cessare,
2495 3390 2550 3441 et
2584 3383 2693 3450 Deo
2733 3384 2918 3445 laudes
2942 3386 3154 3449 debitas
3182 3389 3461 3451 exhibens.
3496 3392 3787 3453 Undedicit

2220 3470 2556 3542 Augustinus
2579 3474 2745 3529 :Male
2775 3477 3011 3535 celebrat
3038 3478 3285 3546 sabbata,
3315 3484 3465 3553 quia
3494 3486 3787 3557 hemiolio-

2224 3564 2373 3620 ribus
2404 3574 2580 3620 vacat.
2616 3564 2713 3621 Vel
2739 3568 2975 3639 reliquiae
3007 3571 3381 3641 cogitationis,
3411 3576 3465 3633 id
3488 3586 3592 3642 eet.
3620 3593 3789 3637 mor-

2220 3656 2465 3717 dationes
2489 3675 2627 3729 quas
2668 3675 2883 3731 semper
2925 3663 3089 3721 homo
3126 3665 3289 3725 habet
3326 3684 3425 3737 pro
3460 3672 3718 3738 peccatis.
3744 3682 3794 3727 et

2222 3749 2476 3817 quoniam
2509 3750 2610 3805 hoc
2632 3762 2734 3816 est,
2757 3768 2887 3823 ergo
2917 3765 3127 3821 vovet»,
3157 3765 3263 3813 etc.
3287 3756 3487 3815 Vovere
3513 3763 3796 3820 consiliu-

2221 3848 2300 3896 est
2321 3881 2336 3906 ,
2366 3841 2575 3898 solvere
2618 3851 2795 3899 autem
2826 3855 2947 3901 vota
2989 3858 3333 3921 praeceptum,
3365 3851 3415 3905 id
3448 3853 3596 3918 quod
3619 3853 3801 3925 Moysi

2221 3934 2541 3991 auctoritate
2588 3935 2866 4003 probatur.
2901 3937 3053 4003 Quod
3091 3942 3258 3999 semel
3302 3954 3563 4011 egressum
3603 3953 3697 3999 est.
3736 3947 3801 4002 de

2220 4020 2381 4087 labiis
2410 4024 2537 4089 tuis,
2570 4024 2915 4093 obsen'abis,
2940 4038 2993 4088 et
3019 4029 3185 4089 facies
3208 4034 3350 4092 sicut
3372 4035 3670 4108 promisisti
3699 4039 3800 4095 Do-

2196 4112 2370 4177 .mino
2400 4114 2507 4173 Deo
2532 4123 2647 4171 tuo.

2299 4220 2317 4253 ‹
2359 4204 2563 4267 Vovote
2593 4227 2613 4260 ι
2640 4208 2793 4275 dico,
2826 4210 3052 4269 Domino
3094 4211 3203 4271 Deo
3258 4222 3474 4281 vestro,
3496 4223 3553 4273 et
3576 4217 3793 4279 unum

2222 4291 2343 4349 dico
2363 4314 2380 4347 t
2404 4297 2649 4364 terribili,
2672 4301 2793 4357 etei
2822 4302 2912 4370 qui
2954 4302 3127 4359 aufert
3153 4304 3399 4372 spiritum
3425 4306 3750 4374 principum,
3776 4329 3791 4359 ι

2221 4381 2274 4443 id
2299 4392 2383 4441 est
2407 4387 2594 4451 vitam,
2619 4389 2686 4445 ad
2710 4388 2966 4456 litteram,
3000 4401 3218 4462 ρηψιει,
3244 4393 3348 4448 ι,οο
3372 4395 3506 4450 ὀίω
3541 4415 3558 4448 ι
3582 4399 3797 4457 m

2219 4475 2359 4545 apud
2388 4491 2538 4547 reges
2569 4488 2757 4545 terrm,
2796 4500 2815 4532 ι
2852 4480 2905 4539 id
2924 4495 3008 4541 est
3029 4484 3171 4553 apud
3188 4498 3381 4549 omnes
3405 4486 3531 4547 illos
3549 4489 3642 4560 qui
3672 4491 3800 4551 bene

2220 4578 2413 4639 regunt
2434 4584 2584 4625 suam
2612 4572 3000 4637 terrenitatem.

2652 4710 2721 4766 ΙΝ
2767 4711 3103 4769 PSALMUM
3140 4714 3375 4772 LXXVI.

2294 4825 2547 4887 TrrULns.
2579 4826 2647 4882 In
2678 4829 2859 4899 ﬁnem,
2888 4848 2982 4903 pro
3011 4829 3254 4899 Idithun,
3282 4832 3518 4905 psalmus
3539 4835 3740 4907 Amph.

2299 4956 2318 4991 ι
2364 4939 2505 4994 Voce
2540 4956 2659 4999 mea
2698 4943 2762 5003 ad
2788 4943 3073 5003 Dominum
3096 4945 3349 5005 clamavi.
3379 4967 3399 5001 ι
3432 4948 3685 5005 Psalmus
3712 4951 3811 5013 we

2223 5038 2307 5091 est
2332 5030 2534 5099 Asapb,
2560 5033 2714 5089 idest
2744 5034 2914 5095 fidelis
2947 5034 3265 5109 Synagogte,
3294 5055 3421 5109 qua
3445 5042 3536 5099 hic
3578 5044 3813 5113 loquitur

2226 5121 2359 5175 sicut
2390 5122 2573 5187 David,
2602 5125 2685 5179 vel
2707 5126 2904 5196 aliquis
2932 5129 2998 5186 de
3026 5129 3115 5187 illo
3139 5130 3335 5201 populo
3360 5132 3526 5199 priori
3554 5151 3569 5188 :
3596 5134 3815 5189 habites

2219 5228 2319 5283 pro
2369 5213 2604 5281 lditbun.
2653 5217 2704 5272 id
2749 5228 2833 5274 est
2878 5236 2980 5290 pro
3037 5223 3411 5288 mnsiiientc.
3442 5234 3499 5285 ut
3544 5228 3695 5282 siam
3732 5227 3817 5281 ille

2222 5306 2535 5369 transiliens
2559 5318 2643 5371 est
2680 5312 2771 5381 qui
2802 5313 3064 5382 loquimr.
3096 5316 3171 5373 ita
3196 5315 3361 5375 finiat
3388 5322 3821 5385 ευοεκάἤαες

2220 5400 2602 5463 transilientes.
2632 5404 2683 5459 id
2713 5415 2795 5460 est
2823 5409 3149 5478 contemptis
3162 5411 3470 5475 miluinis,
3500 5413 3823 5469 emicstihsts

2223 5493 2578 5558 adhaerentes,
2595 5504 2651 5551 et
2667 5497 2779 5553 bsic
2800 5508 2885 5554 est
2904 5500 3147 5565 intentio,
3160 5503 3403 5573 psalmus
3416 5505 3561 5569 dico,
3578 5507 3827 5579 dirigas

2226 5582 2283 5645 in
2337 5582 2518 5643 (luem.
2562 5585 2689 5643 Ideo
2741 5590 2976 5661 aliquem
3025 5593 3091 5647 de
3134 5594 3406 5663 prioribus
3440 5599 3697 5667 patribus
3736 5600 3827 5665 Bc

2226 5672 2372 5744 loqui
2415 5676 2674 5745 dicimus,
2726 5685 2850 5751 quia
2899 5682 2989 5752 qui
3038 5682 3128 5743 hic
3153 5684 3426 5755 loquitur,
3455 5688 3731 5744 delihent
3758 5705 3831 5744 an

2228 5768 2402 5839 possit
2446 5768 2564 5825 fieri
2608 5771 2835 5830 salvatio
2878 5774 3147 5841 hominis,
3191 5777 3261 5833 de
3291 5793 3401 5847 qua
3435 5778 3617 5835 nullus
3645 5780 3829 5836 ﬁdelis

2233 5857 2466 5925 dubitat,
2498 5876 2684 5916 eorum
2721 5866 2810 5933 qui
2852 5873 2973 5935 post
3012 5865 3301 5927 adventum
3337 5866 3546 5928 Christi
3574 5868 3833 5928 ωοηιιι.
