3940 6452
201 430 320 488 453

1368 422 1809 484 ΕΧΡΕΔΝΑΤῙΟ
1843 419 1913 479 ιιι
1949 413 2287 476 PSALIIOS.

3344 416 3452 477 ιει

200 544 434 603 lateris
460 551 546 599 est
576 544 692 613 ipsa
722 540 894 605 ﬁdelis
919 541 1221 612 Synagoga.
1265 539 1454 596 Modus
1485 557 1500 596 :
1525 540 1582 597 In
1607 539 1778 607 prima
1805 542 1855 603 Α
1882 536 2026 600 vita,
2056 552 2075 585 ι
2102 548 2227 589 cum
2258 530 2422 619 cordo
2449 542 2594 595 meo,
2621 547 2643 582 ι
2688 526 2743 584 id
2777 530 2879 593 est.
2915 543 3039 583 eum
3070 529 3280 587 ratione
3307 545 3450 601 mea,

201 648 366 710 parte
391 637 629 692 ostendit
656 651 716 692 se
735 636 972 697 clamare
998 635 1065 688 ad
1096 636 1264 693 Deum
1285 635 1447 696 etiam
1474 636 1528 688 in
1557 632 1785 688 tribula-
1883 627 2011 704 quia
2066 624 2208 679 ratio
2262 623 2547 678 attendens
2598 620 2695 675 Dei
2741 619 3186 686 misericordiam,
3222 630 3274 676 et
3308 624 3453 693 quod

204 731 379 792 tione,
409 737 465 782 et
494 728 638 798 quod
674 742 780 787 non
809 726 939 787 velit
965 726 1233 795 consolari
1270 728 1353 783 bis
1382 725 1784 796 temporalibus,

203 817 305 873 ubi
325 816 457 873 dicit
488 835 501 870 :
538 834 557 866 ι
582 815 775 871 Renuit
804 814 1069 870 consolari
1099 815 1276 893 anima
1304 830 1440 885 mea.
1467 834 1484 866 ι
1519 814 1575 868 1η
1599 829 1787 869 secun-

206 908 283 965 da
306 917 477 981 parte,
501 923 623 978 qua:
644 906 832 976 incipit
864 924 876 960 :
914 926 931 959 ε
956 907 1398 977 Anticipaverunt
1417 907 1628 978 vigilias
1648 905 1788 961 oculi

204 1000 352 1063 mei,
396 1018 415 1053 ι
450 996 711 1055 deliberat
744 1004 925 1053 utrem
967 996 1195 1052 salvatio
1228 997 1461 1061 hominis
1500 1011 1687 1051 necne.
1732 996 1789 1051 In

209 1090 372 1149 tettia
401 1096 573 1165 parte,
604 1101 725 1156 quae
755 1087 942 1157 incipit
970 1102 986 1142 :
1019 1105 1039 1140 ι
1074 1087 1142 1155 Et
1168 1088 1278 1143 dixi
1315 1101 1457 1143 nunc
1483 1088 1643 1157 ccepi,
1679 1088 1792 1141 haec

208 1178 440 1237 mutatio
477 1177 713 1239 dexterae
739 1177 972 1241 Emeisi,
1013 1198 1032 1230 ι
1068 1179 1304 1243 osttmdit
1343 1193 1401 1243 se
1430 1178 1621 1233 salutis
1647 1178 1789 1232 viam

208 1269 509 1335 invenisse,
540 1275 598 1323 et
629 1268 774 1336 quod
811 1268 926 1337 ipsa
961 1267 1106 1327 salus
1131 1283 1230 1338 per
1250 1268 1447 1323 Filium
1469 1269 1562 1323 Dei
1590 1268 1699 1322 ﬁat.
1734 1267 1790 1323 In

208 1369 410 1433 quarta
435 1369 607 1433 parte.
628 1375 750 1432 ante
774 1361 999 1430 incipit:
1034 1378 1055 1416 ι
1090 1362 1342 1417 Viderunt
1367 1371 1419 1417 te
1436 1378 1609 1432 aqum,
1628 1361 1791 1428 Deus,

208 1454 466 1513 viderint
498 1462 549 1519 te
579 1468 734 1522 aqua:
761 1460 817 1513 et
847 1453 1162 1518 timuerunt,
1200 1474 1220 1507 ι
1257 1455 1495 1509 ostendit
1527 1454 1792 1509 mirabilia

210 1560 336 1616 qua
366 1545 505 1605 Deus
526 1561 623 1617 per
650 1544 844 1609 Filium
876 1546 929 1603 in
962 1546 1159 1602 mundo
1188 1548 1511 1617 procreavit.

288 1637 354 1691 Et
397 1637 479 1697 sic
522 1636 805 1708 Synagogs
848 1636 1022 1694 fidelis
1056 1652 1361 1707 proponens
1404 1654 1463 1694 se
1490 1638 1793 1707 exemplum

211 1725 371 1791 aliis,
419 1726 587 1784 dicit:
620 1746 639 1779 ι
677 1726 789 1798 Ego
835 1727 1063 1787 clamavi
1093 1729 1160 1785 ad
1205 1730 1489 1785 Dominum
1524 1750 1543 1783 ι
1579 1740 1639 1793 ut
1672 1746 1793 1791 eum

210 1818 522 1883 obtineam,
550 1818 677 1889 quia
724 1818 983 1881 Dominus
1029 1828 1149 1885 est,
1174 1829 1231 1876 et
1273 1821 1374 1877 hoc
1401 1840 1419 1874 ι
1452 1837 1584 1877 voce
1612 1838 1734 1879 mea
1770 1842 1788 1875 ι

1886 721 2029 777 Deus
2058 717 2327 772 hominem
2352 716 2419 771 ad
2448 715 2661 768 laudem
2685 728 2838 769 suam
2869 711 3015 775 fecit,
3056 713 3271 769 humani
3296 727 3459 784 gene-

1887 811 1965 869 ris
1990 809 2342 866 saltationem
2371 806 2626 861 indicavit
2655 806 2909 871 futuram,
2945 805 3238 861 carnalitas
3276 816 3455 862 autem

1888 904 2078 958 videns
2102 901 2375 956 hominem
2410 909 2743 970 putrescere,
2788 896 3020 971 negabat
3063 900 3456 969 reparationem

1890 994 2147 1057 futuram,
2196 1010 2216 1043 ι
2254 1001 2311 1046 et
2349 992 2685 1046 exercitabat
2728 1010 2749 1043 ι
2802 1000 2861 1047 ιιι
2902 1005 3281 1062 cognoscerem
3330 992 3459 1063 quid

1890 1085 2070 1157 potius
2112 1084 2398 1141 tenendum
2431 1084 2523 1150 sit,
2552 1101 2571 1134 ι
2613 1094 2669 1137 et
2714 1102 2734 1136 ι
2771 1094 2831 1137 ut
2868 1084 3058 1143 melius
3084 1084 3461 1156 intelligerem,

1896 1194 1917 1227 ι
1950 1178 2234 1246 scopebam
2265 1176 2513 1246 spiritum
2542 1190 2745 1239 meum,
2784 1194 2803 1226 ι
2829 1174 2882 1228 id
2910 1184 3012 1241 est,
3038 1192 3250 1230 omnem
3277 1176 3462 1233 faecem

1893 1266 2221 1321 terrenitatis
2243 1264 2522 1333 ejiciebam
2555 1278 2585 1323 a
2616 1278 2725 1328 me,
2750 1263 2974 1318 scobare
2995 1265 3137 1319 enim
3178 1273 3263 1321 est
3306 1280 3463 1320 mun-

1891 1354 2054 1419 dare,
2076 1355 2160 1410 vel
2186 1374 2206 1406 ι
2232 1357 2518 1424 scopebam
2540 1374 2559 1406 ι
2593 1353 2732 1408 idem
2752 1362 2833 1409 est
2855 1354 2998 1421 quod
3019 1354 3235 1422 quidam
3256 1356 3464 1422 dicunt,

1898 1462 1920 1495 ς
1947 1444 2287 1515 scrOpebam,
2318 1464 2336 1497 ι
2364 1444 2416 1500 id
2438 1453 2543 1511 est,
2562 1444 2820 1499 cavabam
2842 1450 2901 1498 ut
2920 1443 3237 1514 profundius
3253 1459 3466 1515 possem

1894 1538 1963 1593 de
2002 1535 2110 1590 Deo
2138 1536 2454 1605 intelligere.

1972 1647 1993 1679 ι
2018 1628 2304 1687 Meditatus
2321 1644 2439 1684 sum
2464 1648 2483 1680 ι
2510 1628 2583 1683 ita
2604 1628 2789 1687 dicens
2815 1626 2955 1698 apud
2970 1642 3078 1694 me,
3099 1646 3120 1679 ι
3146 1628 3393 1700 Nunquid
3413 1630 3472 1688 in

1894 1728 2159 1783 internum
2200 1719 2449 1790 projiciet
2496 1721 2637 1775 Deus
2684 1740 2703 1772 ι
2736 1721 2988 1791 populum
3035 1736 3189 1776 suum
3221 1731 3274 1777 et
3307 1741 3326 1776 ‹
3362 1737 3471 1779 non

1900 1822 2152 1882 apponet,
2187 1820 2245 1866 ut
2271 1813 2641 1883 complacitior
2671 1814 2743 1869 sit
2763 1815 2960 1877 adhuc,
2994 1834 3012 1866 ι
3041 1814 3284 1884 placidus
3309 1815 3473 1873 fuisse

210 1909 346 1980 quia
369 1909 436 1963 ab
478 1909 579 1965 hoc
622 1910 763 1979 quod
797 1920 923 1979 peto
972 1924 1134 1976 voce,
1178 1925 1285 1966 non
1324 1911 1572 1966 discordo
1598 1927 1791 1982 opere,
1826 1900 1872 1961 Β
1897 1916 2150 1971 ostensus
2178 1918 2264 1961 est
2297 1906 2568 1975 superius,
2608 1921 2731 1962 eum
2773 1907 2905 1962 mihi
2933 1908 3182 1976 intendit,
3212 1910 3475 1981 placidior

214 2002 390 2061 etiam
422 2020 440 2052 ι
464 2016 592 2071 voce
620 2017 739 2069 mea
763 2002 991 2067 clamavi
1011 2002 1079 2059 ad
1102 2021 1120 2052 ι
1148 2002 1315 2057 Deum
1342 2012 1396 2059 et
1416 2003 1482 2057 ad
1504 2018 1661 2073 quem
1681 2003 1796 2057 cla-

214 2092 477 2161 mandunt
501 2101 604 2161 est.
639 2094 763 2164 quia
799 2094 939 2157 Deus
961 2102 1063 2161 est,
1099 2113 1118 2149 ι
1148 2102 1204 2153 et
1239 2094 1467 2153 intendit
1490 2094 1653 2159 mihi,
1686 2115 1706 2147 ι
1746 2095 1797 2150 id

210 2191 307 2238 est
332 2183 558 2254 benigne
584 2184 837 2255 respexit.

294 2272 361 2331 Et
389 2290 492 2329 non
524 2283 730 2333 tantum
758 2276 811 2331 in
834 2275 942 2331 alio
973 2285 1210 2347 tempore
1230 2316 1245 2341 ,
1272 2275 1366 2333 sed
1390 2284 1445 2333 et
1471 2276 1523 2333 in
1555 2276 1797 2333 advenio

213 2371 333 2422 tate
362 2382 375 2418 :
402 2374 456 2419 et
484 2366 584 2423 hoc
610 2374 714 2427 est.
749 2385 768 2417 ι
824 2366 882 2422 ln
922 2367 1013 2423 dic
1045 2367 1407 2435 tribulationis
1453 2383 1587 2427 niese
1632 2366 1801 2424 Deum

212 2456 509 2528 exquisivi,
553 2477 574 2511 ι
608 2458 736 2528 quia
777 2474 901 2521 cum
929 2466 1169 2529 potestas
1194 2457 1351 2527 hujus
1398 2459 1521 2515 vita:
1564 2474 1623 2517 se
1668 2458 1800 2513 mihi

213 2545 458 2613 offerret,
485 2546 913 2623 ellprosperilas.
936 2562 1037 2618 ego
1061 2548 1200 2609 inter
1220 2549 1399 2611 omnia
1424 2549 1587 2607 Deum
1613 2548 1801 2618 esqui-

217 2638 330 2695 sivi
363 2657 381 2690 ι
405 2639 672 2705 manibus,
697 2658 717 2691 ι
763 2639 816 2693 id
854 2650 936 2695 est
965 2640 1367 2709 operationibus
1411 2659 1430 2691 ι
1475 2640 1609 2697 meis
1648 2657 1662 2694 :
1704 2652 1799 2697 ex-

218 2730 428 2803 quisivi
457 2751 476 2784 ι
508 2731 653 2797 dico,
691 2750 708 2782 ι
733 2742 915 2798 nocte,
946 2752 964 2785 ι
992 2732 1044 2788 id
1071 2734 1229 2793 estin
1258 2718 1519 2795 hac'vita,
1543 2750 1662 2802 quae
1684 2732 1802 2793 ideo

214 2838 332 2883 nox
359 2825 575 2895 dicitur,
609 2824 734 2893 quia
762 2826 814 2880 in
849 2840 911 2881 ea
942 2840 1049 2881 non
1081 2826 1310 2885 habetur
1336 2824 1578 2894 perlecta
1607 2826 1800 2881 illumi-
1838 2858 1847 2865 -

217 2917 390 2973 natio.
424 2917 519 2983 Vel
550 2928 731 2983 nocte,
757 2919 972 2990 quando
996 2920 1083 2975 alii
1108 2920 1403 2984 dormiunt,
1427 2921 1498 2975 ita
1524 2920 1665 2990 quod
1688 2921 1800 2975 haec

217 3023 346 3067 mea
376 3010 653 3079 inquisitio
684 3020 827 3075 esset
861 3031 880 3064 ι
916 3021 1104 3081 contra
1138 3027 1284 3077 eum,
1318 3032 1338 3073 η
1373 3012 1426 3066 id
1458 3021 1542 3069 est
1575 3012 1627 3066 in
1664 3028 1801 3082 prae-

217 3104 399 3161 sentia
428 3103 565 3173 ejus.
587 3104 703 3160 Alia
730 3106 1010 3166 translatio
1056 3106 1237 3170 habet,
1290 3123 1308 3158 ι
1362 3120 1546 3161 coram
1590 3120 1675 3162 eo.
1733 3104 1801 3160 Et

220 3209 331 3253 non
363 3210 480 3251 sum
506 3196 782 3265 deceptus,
819 3217 837 3251 ι
864 3197 917 3251 id
943 3205 1025 3252 est
1048 3213 1152 3257 non
1172 3212 1290 3253 sum
1312 3211 1407 3266 spe
1435 3210 1552 3253 mea
1569 3195 1800 3251 frustra-

1901 1997 2029 2061 erit,
2060 2012 2183 2052 cum
2218 1997 2511 2067 reparabit.

1976 2089 2114 2144 «Aut
2130 2090 2408 2145 abseindet
2430 2092 2545 2159 ipse
2556 2106 2708 2146 suam
2728 2091 3153 2149 misericordiam
3178 2093 3232 2148 in
3250 2093 3436 2160 ﬁnem,
3450 2114 3469 2147 ι

1901 2184 1954 2238 id
1984 2192 2089 2247 est,
2126 2185 2369 2243 omnino.
2399 2185 2542 2253 quod
2572 2185 2714 2239 nulla
2749 2186 2954 2240 scilicet
2994 2184 3167 2253 major
3215 2188 3475 2245 abscissio

1901 2274 1969 2328 sit
2001 2283 2060 2328 ut
2086 2283 2359 2330 removeat
2386 2288 2507 2333 eum
2556 2290 2586 2328 a
2628 2274 2782 2330 bonis
2821 2284 2875 2330 et
2916 2292 2947 2330 a
2993 2277 3173 2342 malis,
3215 2287 3272 2331 et
3315 2277 3477 2333 faciet

1902 2367 2006 2421 hoc
2056 2367 2170 2438 ipse
2204 2385 2222 2417 ι
2252 2367 2307 2423 in
2337 2367 2683 2438 generatione
2707 2376 2764 2423 et
2802 2369 3223 2440 generationem,
3258 2390 3275 2421 ι
3318 2370 3372 2425 id
3397 2377 3482 2426 est

1899 2459 2046 2515 omni
2080 2469 2340 2529 tempore.
2728 2472 2731 2475 λ

1977 2570 1996 2602 ι
2029 2552 2134 2606 Aut
2161 2550 2509 2609 obliviscetur
2532 2550 2775 2607 misereri
2804 2548 2980 2605 Deus?
3007 2571 3025 2604 ο
3055 2551 3147 2621 qui
3175 2551 3323 2623 prius
3347 2565 3478 2607 con-

1899 2645 2076 2699 suevit
2098 2644 2278 2699 facere
2328 2644 2727 2699 misericordias
2776 2643 3017 2714 patribus
3058 2645 3277 2712 nostris,
3318 2664 3337 2696 ι
3383 2651 3479 2701 aut

1900 2734 2202 2788 continebit
2236 2734 2290 2787 in
2334 2734 2411 2787 ira
2454 2748 2562 2788 sua
2600 2733 2999 2788 misericordias
3045 2749 3190 2799 suas,
3222 2754 3241 2786 ο
3275 2734 3327 2789 id
3373 2718 3477 2801 est,

1900 2827 2213 2896 prtevalebit
2258 2826 2336 2880 ira
2379 2826 2496 2894 ejus
2521 2826 2907 2880 misericordiae
2929 2826 3064 2897 ejus,
3104 2827 3301 2882 iratum
3330 2831 3477 2884 enim

1900 2918 2057 2974 video
2072 2934 2195 2975 eum
2212 2935 2310 2989 pro
2322 2920 2579 2991 peccatis.
2597 2918 2998 2973 misericordem
3021 2928 3197 2973 tamen
3214 2934 3479 2989 cognosco

1899 3020 1955 3068 et
1988 3013 2119 3067 dixi.
2149 3014 2282 3070 Pars
2322 3015 2497 3068 tertia.
2532 3015 2642 3084 Ego
2672 3015 2751 3070 sic
2774 3015 3083 3080 deliberavi,
3117 3033 3137 3066 ι
3169 3026 3222 3068 et
3256 3034 3273 3067 ι
3304 3016 3355 3071 in
3381 3017 3483 3071 hac

1900 3119 2021 3159 mea
2046 3104 2432 3161 deliberatione
2461 3125 2478 3156 ‹
2507 3105 2636 3167 dixi,
2678 3122 2822 3161 nunc
2848 3106 2985 3175 coepi
3017 3125 3036 3157 ι
3062 3105 3189 3176 quid
3242 3106 3366 3160 inde
3409 3114 3487 3160 te-

1904 3196 2136 3251 nendum
2161 3197 2247 3251 sit.
2268 3197 2381 3262 Vel,
2419 3216 2435 3246 ι
2457 3197 2595 3266 ccepi
2618 3217 2635 3248 ι
2663 3210 2845 3251 veram
2870 3196 3227 3266 cognitionem
3247 3195 3368 3249 inde
3390 3196 3487 3249 ha-

220 3294 335 3351 tus,
366 3287 462 3347 sed
485 3256 819 3359 experientia
849 3288 1093 3352 edoctus,
1126 3288 1295 3347 Deum
1335 3256 1463 3347 suos
1491 3302 1599 3345 non
1641 3287 1798 3343 dere-
1828 3256 1875 3322 (ἶ
1904 3285 2058 3350 bere,
2088 3286 2311 3349 scilicet,
2348 3287 2504 3340 video
2530 3256 2821 3355 quamdam
2852 3256 3232 3350 muiationem,
3258 3284 3399 3339 slcut
3426 3284 3480 3339 in

222 3375 497 3446 linquere,
545 3387 602 3439 et
639 3375 803 3444 justis
842 3385 1060 3433 aeternae
1080 3375 1207 3431 vita:
1255 3376 1477 3445 pratum
1528 3376 1799 3441 tribuere,

224 3480 404 3537 neque
436 3467 745 3534 petentibus
774 3464 1049 3535 quidpiam
1074 3466 1361 3535 denegare.

308 3577 327 3613 ι
352 3558 518 3612 Deum
532 3557 820 3627 exquisivi,
846 3577 866 3609 ι
887 3566 942 3612 et
970 3557 1023 3611 in
1042 3557 1427 3626 temporalibus
1448 3557 1594 3612 nolui
1617 3572 1808 3614 conso-

232 3646 355 3710 lari.
384 3646 437 3701 id
465 3656 565 3712 est,
593 3646 791 3707 habere
812 3646 1258 3712 consolationem,
1286 3654 1342 3703 et
1365 3647 1464 3705 hoc
1493 3657 1607 3703 est:
1630 3668 1646 3698 ι
1673 3648 1808 3704 Ani-

231 3754 321 3794 ma
351 3754 466 3794 mea
492 3740 669 3797 renuit
698 3740 967 3799 corisolari
996 3760 1015 3792 ι
1050 3740 1280 3809 passive,
1310 3739 1395 3799 vel
1431 3740 1698 3803 consolari
1727 3756 1807 3806 se,

231 3830 441 3887 scilicet
470 3830 525 3885 in
567 3830 687 3886 istis
726 3830 1136 3900 temporalibus,
1164 3830 1259 3889 sed
1286 3845 1500 3900 semper
1531 3850 1551 3884 ί
1583 3831 1663 3887 fui
1692 3846 1807 3886 me-

231 3935 350 3975 mor
383 3921 497 3986 Dei,
538 3930 593 3981 et
633 3942 653 3974 ›
702 3924 754 3978 in
789 3924 874 3978 illa
922 3926 1181 3987 memoria
1226 3945 1247 3977 ι
1277 3924 1576 3983 delectatus
1602 3940 1744 3991 sum,
1784 3945 1804 3979 ι

226 4014 533 4085 percipiens
559 4030 810 4088 magnam
838 4016 1136 4075 bonitatem
1166 4016 1287 4083 Dei,
1319 4034 1339 4069 ι
1386 4026 1442 4073 et
1480 4018 1810 4075 exercitatus

226 4121 350 4164 sum
375 4126 397 4160 ι
454 4116 512 4163 ut
555 4122 938 4178 cognoscerem
973 4117 1175 4179 quanta
1202 4121 1348 4165 esset
1379 4109 1593 4169 bonitas
1617 4110 1807 4179 ipsius,

235 4218 259 4259 t
294 4209 351 4263 et
383 4221 402 4257 ι
432 4200 485 4261 in
516 4202 621 4271 hoc
647 4222 665 4253 ι
702 4202 901 4267 defecit
936 4201 1159 4271 spiritus
1188 4217 1343 4263 meus
1381 4223 1402 4256 ι
1444 4204 1570 4275 quia
1608 4203 1811 4261 incom-

227 4291 609 4363 prehensibilis
637 4301 720 4349 est
747 4292 963 4353 bonitas
989 4294 1103 4348 Dei.

310 4401 329 4435 ι
377 4382 838 4455 Anticipaverunt.
883 4403 902 4434 ι
935 4383 1069 4441 Pars
1102 4384 1359 4448 secunda.
1387 4382 1519 4441 Dico
1550 4403 1570 4435 ι
1612 4382 1812 4441 defecit

228 4470 491 4541 spiritus,
525 4491 546 4527 ι
586 4472 680 4533 sed
719 4481 902 4529 tamen
934 4492 953 4525 ι
989 4474 1131 4530 oculi
1163 4474 1293 4541 mei,
1329 4494 1349 4527 ι
1380 4473 1433 4531 id
1457 4482 1561 4539 est,
1588 4474 1811 4529 interior

1904 3378 2076 3433 ariete
2096 3377 2373 3432 immolato
2398 3379 2469 3433 ah
2498 3379 2793 3443 Abraham,
2821 3377 3061 3447 intelligo
3091 3378 3479 3432 humanitatem

1904 3469 2107 3526 Christi
2149 3472 2528 3527 immolandam
2558 3488 2679 3527 csse
2715 3488 2814 3543 pro
2856 3473 3175 3531 hominibus,
3214 3490 3233 3523 ι
3278 3480 3333 3527 et
3367 3472 3482 3526 haec

1906 3571 1993 3617 est
2037 3563 2261 3617 mutatio
2307 3564 2544 3617 dexterae
2594 3564 2828 3628 Excelsi,
2864 3582 2881 3614 ι
2921 3564 2971 3617 id
3000 3571 3103 3626 est,
3136 3562 3360 3626 Christi,
3388 3561 3479 3631 qui

1910 3660 1996 3706 est
2014 3650 2237 3704 dextera
2266 3652 2358 3706 Dei
2381 3650 2582 3715 Patris,
2610 3667 2704 3721 per
2731 3667 2890 3721 quem
2917 3660 3170 3720 operatur
3190 3652 3331 3705 hanc
3356 3668 3477 3705 mu-

1913 3741 2195 3803 tationem,
2237 3750 2296 3795 nt
2318 3743 2383 3796 de
2410 3751 2630 3810 peccato
2654 3742 2719 3794 ad
2743 3740 3012 3808 justitiam
3042 3742 3273 3795 transire
3299 3740 3483 3807 faciat,

1910 3839 1966 3885 et
1991 3831 2058 3885 de
2090 3830 2414 3886 mortalitate
2434 3832 2500 3885 ad
2523 3828 2978 3883 immortalitatem
3009 3830 3289 3897 perducat.

1982 3924 2049 3978 Et
2078 3939 2172 3993 per
2198 3925 2298 3978 hoc
2326 3921 2561 3976 intellexi
2587 3921 2730 3975 illam
2764 3921 3137 3986 mutationem,
3172 3941 3190 3973 ι
3221 3922 3344 3991 quia
3377 3935 3487 3974 me.

1910 4031 2030 4072 mor
2064 4015 2138 4071 fui
2165 4030 2386 4086 operum
2422 4014 2655 4079 Domini,
2692 4034 2711 4066 ι
2744 4013 2952 4068 scilicet
2991 4013 3135 4082 quod
3163 4015 3358 4069 ereavit
3390 4015 3488 4069 ho-

1910 4112 2132 4174 minem,
2162 4118 2216 4161 et
2238 4108 2379 4162 sicut
2408 4121 2530 4161 eum
2573 4122 2670 4177 per
2694 4106 3123 4160 misericordiam
3154 4107 3380 4170 creavit,
3409 4107 3488 4161 sic

1908 4196 2164 4252 intellexi.
2191 4196 2331 4265 quod
2353 4193 2600 4248 eumdem
2622 4207 2720 4263 per
2742 4192 3169 4251 misericordiam
3196 4207 3339 4261 repa'
3356 4194 3485 4249 abit.

1917 4309 1936 4340 ι
1960 4288 2161 4343 Memor
2184 4287 2280 4351 fui,
2298 4287 2420 4357 quia
2443 4288 2642 4341 setiam
2665 4287 2719 4339 in
2748 4283 2930 4339 futuro
2948 4302 2966 4334 ι
2990 4298 3198 4338 memor
3218 4299 3331 4348 ero,
3353 4302 3372 4335 ι
3405 4281 3490 4336 vel

1910 4390 1969 4435 ut
2000 4381 2101 4447 alia
2136 4380 2414 4435 translatio
2448 4379 2634 4442 habet,
2669 4378 2911 4432 omnium
2951 4394 2970 4427 ι
3001 4376 3326 4431 mirabilium
3371 4385 3489 4429 tuo-

1913 4489 2029 4527 rum
2059 4493 2079 4525 ι
2114 4488 2234 4542 qua:
2282 4470 2454 4526 fecisti
2486 4470 2538 4524 in
2579 4470 2779 4523 mundo
2814 4487 2832 4519 ι
2869 4468 2937 4521 ah
2972 4468 3145 4531 initio,
3180 4486 3202 4520 ι
3235 4467 3286 4519 id
3326 4476 3428 4529 est,
3459 4482 3488 4527 a

230 4561 375 4615 ratio
404 4576 545 4629 mea,
596 4581 614 4614 ε
646 4564 1075 4634 anticipaverunt
1103 4564 1336 4635 vigilias,
1369 4584 1387 4617 ι
1441 4565 1491 4620 id
1541 4575 1645 4628 est,
1692 4564 1810 4634 plus
1837 4610 1888 4635 η
1914 4566 2188 4621 creatione
2230 4563 2354 4618 coali
2398 4571 2456 4616 et
2505 4570 2681 4627 terras,
2708 4571 2762 4615 et
2797 4559 2923 4628 quia
2954 4558 3039 4611 illa
3071 4557 3296 4627 cognovi
3326 4565 3378 4609 te
3408 4555 3487 4611 fe-

228 4664 398 4720 quam
432 4651 523 4709 alii
546 4651 757 4717 solliciti
790 4652 1025 4720 fuerunt,
1053 4655 1122 4711 ad
1170 4656 1545 4724 inquirendam
1591 4654 1683 4709 Dei
1718 4657 1812 4710 ho—

230 4742 504 4799 nitatem:
537 4742 642 4801 hoc
679 4743 809 4803 dicit
851 4745 920 4801 ad
965 4746 1371 4805 similitudinem
1430 4743 1655 4813 alicujus
1702 4753 1811 4803 stu-

230 4835 397 4899 diosi,
429 4837 520 4906 qui
557 4836 680 4909 plus
715 4836 838 4893 aliis
872 4838 1098 4905 vigilat,
1142 4837 1461 4907 ueterisque
1505 4837 1811 4907 diligentius

230 4938 430 4983 cuncta
456 4929 761 5002 investigat,
784 4938 839 4989 et
862 4930 914 4989 in
943 4930 1047 4991 illis
1072 4931 1267 5003 vigiliis
1293 4950 1311 4982 ι
1341 4931 1583 4987 turbatus
1614 4946 1756 4994 sum,
1785 4948 1806 4983 ι

230 5032 570 5091 cegnoscens
611 5036 769 5078 omne
811 5024 1103 5079 humanum
1149 5038 1318 5092 genus
1365 5023 1418 5078 in
1463 5022 1704 5092 peccatis
1732 5030 1809 5077 te-

229 5110 377 5177 neri,
431 5126 499 5181 ex
545 5113 900 5171 inobcdientia
935 5114 1093 5185 primi
1135 5114 1399 5183 parentis,
1438 5133 1457 5165 ι
1490 5122 1546 5169 et
1576 5135 1594 5167 ι
1629 5120 1809 5173 tamen

240 5221 261 5254 ι
294 5218 399 5258 non
429 5220 543 5263 sum
574 5205 805 5274 locutus,
843 5227 864 5259 ι
895 5208 948 5262 id
976 5218 1078 5274 est,
1110 5223 1216 5267 non
1247 5207 1580 5262 murmuravi
1618 5215 1811 5265 contra

235 5293 431 5351 Deum.

310 5386 437 5442 ldeo
470 5404 587 5443 sum
617 5389 861 5444 turbatus
887 5391 1012 5458 quia
1052 5402 1150 5460 ego
1181 5407 1198 5440 ι
1226 5387 1456 5459 cogitavi
1508 5387 1625 5444 dies
1671 5388 1813 5459 anti-_

233 5491 379 5554 quos
407 5499 427 5534 ι
465 5480 516 5535 id
548 5490 650 5545 est,
671 5491 953 5552 peccatum
976 5481 1106 5549 Atla:
1128 5480 1328 5545 factum
1354 5481 1408 5535 in
1437 5480 1673 5552 antiquis
1702 5480 1813 5537 die-

234 5570 368 5639 bus,
416 5574 510 5633 sed
551 5582 729 5633 tamen
777 5584 964 5635 contra
998 5593 1017 5627 ε
1058 5590 1229 5637 annos
1272 5585 1506 5633 aeternos
1546 5574 1601 5629 in
1637 5582 1818 5633 mente

236 5665 435 5736 habui,
470 5688 489 5721 ι
521 5669 646 5743 quia
682 5669 823 5741 quod
853 5670 919 5726 de
957 5667 1220 5739 promissa
1262 5668 1567 5725 hominibus
1606 5666 1817 5724 aeterni-

244 5764 361 5815 tate
389 5757 588 5824 audivi,
614 5774 831 5829 semper
862 5757 1203 5819 recordabar.

322 5867 343 5907 t
375 5848 445 5907 Et
463 5850 751 5911 meditatus
775 5866 894 5909 sum
920 5858 1100 5919 nocte,
1132 5869 1151 5905 ι
1181 5849 1233 5907 id
1254 5857 1357 5918 est,
1389 5856 1631 5921 tempore
1661 5848 1819 5907 istius

1836 4610 1889 4671 D

1915 4658 2053 4715 cisse
2088 4665 2308 4727 propter
2347 4654 2559 4711 laudem
2594 4662 2768 4717 tuam,
2812 4651 2889 4706 sic
2923 4665 3069 4719 quon
3098 4650 3345 4705 homines
3384 4651 3491 4703 sal-

1916 4748 2085 4811 vatis,
2139 4747 2267 4817 quia
2314 4746 2421 4801 nisi
2468 4744 2588 4801 illos
2630 4742 2885 4807 salvares,
2925 4741 3127 4795 nullam
3156 4740 3367 4795 laudem
3395 4742 3490 4796 ha-

1913 4841 2091 4897 beres.

1984 4932 2053 4987 Et
2077 4947 2182 4987 non
2223 4938 2427 4985 tantum
2451 4948 2468 4980 ι
2492 4944 2698 4984 memor
2714 4941 2831 4991 ero,
2854 4945 2872 4978 ι
2906 4927 3000 4981 sed
3024 4945 3044 4977 ι
3064 4926 3225 4981 etiam
3264 4924 3491 4980 medita-

1914 5024 2032 5088 bor,
2057 5044 2073 5073 ι
2106 5024 2284 5086 idest,
2307 5023 2545 5077 studiose
2564 5022 2831 5090 inquiram
2858 5038 2875 5070 ι
2902 5020 2953 5073 in
2971 5018 3219 5071 omnibus
3238 5014 3491 5085 operibus
3590 5012 3597 5022 '

1919 5125 2024 5175 tuis
2057 5135 2075 5168 ι
2110 5124 2169 5170 ut
2203 5116 2255 5169 in
2286 5114 2495 5169 ca-teris
2524 5115 2776 5184 operibus
2798 5113 2970 5169 factis,
3007 5106 3299 5175 intelligam
3322 5106 3487 5165 etiam

1916 5208 2041 5276 quia
2069 5207 2340 5265 hominem
2371 5208 2574 5261 salvum
2596 5206 2779 5267 facies,
2807 5225 2825 5257 ι
2853 5213 2908 5257 et
2934 5200 3227 5255 exercebar
3257 5199 3308 5253 in
3340 5199 3491 5255 adin~

1918 5296 2259 5353 ventionibus
2307 5298 2430 5363 tuis,
2476 5297 2530 5353 id
2566 5306 2668 5362 est,
2694 5294 2977 5367 prazceptis
3007 5293 3132 5356 mis,
3157 5308 3277 5361 quae
3317 5298 3372 5347 tu
3408 5290 3493 5345 in-

1919 5388 2131 5444 venisti.

1997 5498 2014 5527 ι
2042 5479 2183 5533 Deus
2205 5478 2255 5531 in
2280 5487 2485 5533 sancto.
2521 5497 2539 5531 ι
2566 5477 2705 5531 Ecce
2724 5475 2866 5545 quod
2897 5473 3143 5542 superius
3169 5471 3339 5527 dixit:
3362 5482 3493 5529 ecce

1927 5587 1946 5621 ι
1966 5584 2110 5627 nunc
2132 5570 2292 5639 cmpi.
2320 5589 2337 5621 ι
2366 5568 2747 5624 Continuatio:
2783 5584 2802 5617 ί
2835 5564 3139 5627 Exercehor
3162 5562 3214 5617 in
3238 5562 3495 5617 adiuven-

1923 5662 2158 5719 tionibus
2189 5662 2345 5728 tuis,»
2382 5662 2496 5718 haec
2536 5660 2773 5717 inventio
2811 5659 3028 5730 quidem
3074 5675 3094 5707 ‹
3139 5671 3174 5711 o
3217 5655 3376 5719 Deus,
3406 5654 3495 5709 via

1921 5761 2011 5809 tua
2042 5772 2060 5803 ι
2096 5769 2200 5829 qua
2238 5754 2456 5811 venitur
2491 5752 2557 5813 ad
2591 5760 2643 5807 te
2684 5759 2769 5809 est
2799 5770 2817 5802 ι
2853 5751 2904 5805 in
2936 5758 3145 5813 sancto,
3183 5767 3200 5799 ι
3234 5746 3284 5800 id
3314 5754 3399 5803 est
3439 5746 3495 5805 in

1922 5844 2157 5917 Christo.
2213 5855 2268 5905 et
2306 5848 2432 5917 quia
2487 5844 2630 5909 videt
2669 5842 3065 5912 reparationem
3104 5854 3196 5910 Per
3222 5837 3495 5897 Christum
