3940 6488
444 441 550 495 453

898 436 1253 498 HAYMONIS
1292 434 1778 499 HALBERSTAT.
1821 429 2039 489 EPISC.

2149 427 2234 484 ?P.
2275 425 2455 484 PARS
2487 424 2530 481 Ι.
2561 455 2632 466 -
2667 425 3026 484 COMMENT.
3067 423 3236 482 BIBL.

3608 422 3728 479 ‘56

442 553 702 622 futuram,
735 555 1079 612 commendat
1099 569 1220 609 eum
1247 568 1371 608 cum
1393 549 1778 611 exsultatione.
1807 547 2029 602 dicens:
2059 543 2115 606 Α
2136 540 2483 613 intelligimus
2501 554 2716 596 omnem
2755 537 2972 604 ducem,
3020 544 3078 591 et
3119 551 3216 608 per
3261 535 3448 592 Aaron
3491 547 3724 591 omnem

451 667 469 698 ‹
495 648 618 718 quis
650 647 794 703 Deus
823 661 1047 720 magnus
1066 687 1081 712 ,
1109 646 1249 701 sicut
1287 645 1430 700 Deus
1469 643 1688 700 noster?
1719 661 1737 694 ι
1789 636 2031 695 Gentiles

446 739 598 796 stulti
640 746 832 809 putant
874 747 1077 795 statuas
1122 752 1270 802 suas,
1305 736 1391 792 vel
1434 734 1673 805 lapides,
1712 732 1841 788 deos
1877 743 2028 795 esse,

448 832 542 887 sed
586 830 721 886 nihil
760 837 846 886 est
889 836 1056 894 certe,
1087 827 1214 897 quia
1241 846 1258 878 ι
1295 834 1352 882 tu
1385 846 1402 878 ι
1434 825 1582 880 solus
1610 843 1628 876 ι
1661 838 1722 877 es
1751 819 1916 884 Deus,
1938 817 2030 889 qui

449 924 585 979 facis
605 922 890 980 mirabilia.
925 941 945 974 ›
973 921 1040 976 Et
1077 935 1196 991 qua:
1225 916 1516 982 mirabilia,
1542 914 1779 972 ostendit
1800 911 2025 967 dicens:

524 1035 544 1067 ι
570 1014 762 1071 Notam
785 1012 960 1069 fecisti
984 1011 1040 1067 in
1068 1011 1280 1084 populis
1306 1010 1564 1065 virtutem
1612 1015 1781 1072 tuam,
1815 1024 1834 1058 ›
1869 1001 1924 1057 id
1948 1006 2034 1056 est

452 1108 646 1164 Filium
688 1117 860 1173 tuum,
905 1107 961 1161 in
991 1121 1098 1175 quo
1137 1106 1312 1160 virtus
1354 1112 1446 1158 tua
1489 1099 1786 1172 apparebit.
1823 1095 1893 1152 Et
1924 1108 2033 1147 non

451 1204 659 1249 tantum
705 1192 1011 1249 notiﬁcabis
1036 1191 1260 1255 Filium,
1286 1190 1379 1246 sed
1415 1209 1431 1240 ι
1466 1189 1520 1242 in
1544 1185 1768 1242 brachio
1793 1191 1904 1247 tuo,
1937 1199 1956 1230 ι
1979 1176 2033 1232 id

449 1295 551 1353 est,
581 1287 638 1342 in
665 1286 782 1357 ipso
803 1285 940 1340 Filio
976 1302 996 1336 ‹
1031 1282 1308 1338 redemisti
1345 1280 1600 1352 populum
1630 1286 1802 1341 tuum,
1827 1293 1846 1326 ι
1874 1285 2035 1342 quem

449 1379 706 1450 pOpulum
757 1375 1121 1442 determinat,
1182 1374 1387 1431 scilicet
1411 1413 1426 1438 ,
1462 1391 1481 1422 ‹
1521 1370 1660 1426 ﬁlios
1695 1367 1881 1432 Jacob,
1925 1384 1943 1416 ›
1983 1363 2036 1418 id

451 1479 536 1525 est
568 1469 850 1523 Judaicum
882 1467 1159 1538 populum,
1196 1486 1214 1518 ‹
1245 1473 1301 1520 et
1335 1463 1555 1532 Joseph,
1610 1481 1628 1512 ι
1675 1459 1728 1514 id
1773 1466 1860 1513 est
1904 1470 2034 1526 gen¢

456 1561 603 1615 tilem
640 1559 893 1630 populum
914 1600 930 1625 ,
974 1559 1066 1629 qui
1096 1558 1217 1613 ideo
1242 1573 1338 1628 per
1370 1576 1387 1607 ε
1420 1554 1618 1623 Joseph
1650 1573 1668 1604 ι
1697 1547 2034 1619 intelligitur,

456 1653 579 1723 quia
595 1651 791 1722 Joseplt
812 1651 868 1705 in
893 1650 1079 1723 gentili
1101 1649 1316 1720 populo,
1344 1647 1551 1703 scilicet
1570 1646 1623 1700 in
1641 1644 1895 1714 IEgypto,
1911 1656 2038 1697 con-

459 1755 706 1801 versatus
729 1744 851 1798 fuit.
879 1744 975 1814 Vel
996 1743 1062 1798 ad
1087 1741 1396 1814 allegoriam
1423 1758 1436 1794 :
1461 1740 1564 1795 Per
1592 1759 1610 1789 ‹
1642 1737 1865 1806 Joseph,
1895 1753 1914 1785 ι
1946 1733 2037 1802 qui

2131 634 2487 702 sacerdotem,
2515 647 2678 704 quem
2706 629 2952 701 praefecit
2975 629 3169 701 popqu
3200 645 3314 686 suo.

2569 759 2639 818 IN
2669 760 3001 818 PSALMUM
3023 759 3278 817 LXXVII.

2491 872 2729 930 Trruws
2772 891 2786 926 :
2818 871 3120 928 Intellectus
3153 871 3351 944 Amph.

2208 1019 2226 1051 ι
2259 999 2558 1065 Attendite,
2584 999 2779 1072 popule
2795 1014 2968 1055 meus.
3000 1017 3020 1052 ι
3051 999 3298 1055 Psalmus
3319 1000 3423 1054 iste
3453 1000 3723 1055 convenit

2130 1089 2342 1160 Asaph,
2376 1091 2431 1145 id
2467 1099 2581 1155 est,
2608 1089 2749 1145 ﬁdeli
2787 1089 3110 1161 Synagogae,
3148 1106 3267 1161 qua:
3309 1092 3399 1146 hic
3437 1091 3721 1162 loquitur,

2133 1182 2272 1238 sicut
2329 1181 2495 1236 David
2542 1183 2855 1252 prophetae,
2909 1181 2996 1236 vel
3045 1183 3203 1238 alicui
3249 1181 3513 1238 similium
3569 1202 3584 1236 :
3631 1185 3722 1253 qui

2132 1275 2373 1346 psalmus
2403 1275 2599 1330 dicitur
2622 1275 2923 1331 intellectus
2942 1316 2957 1341 ,
2988 1276 3113 1346 quia
3142 1291 3249 1331 non
3281 1286 3498 1332 tantum
3545 1277 3719 1331 histo-

2134 1367 2356 1434 rialem,
2403 1367 2498 1423 sed
2535 1368 2699 1422 etiam
2733 1368 2787 1422 in
2815 1368 3044 1423 historia
3075 1368 3424 1440 allegoricum
3477 1369 3723 1422 continet

2135 1461 2488 1517 intellectum.
2542 1461 2765 1516 Materia
2811 1470 2939 1517 est:
2981 1477 3206 1518 munera
3241 1477 3363 1532 quae
3405 1461 3543 1517 fecit
3582 1462 3722 1516 Deus

2134 1553 2302 1624 priori
2342 1553 2564 1624 populo,
2611 1553 2849 1609 liberans
2893 1568 2988 1609 eos
3032 1554 3102 1610 ab
3129 1553 3396 1626 Egypto,
3442 1564 3503 1610 et
3528 1564 3722 1610 (neten

2136 1661 2254 1715 quae
2282 1653 2468 1715 postea
2503 1643 2631 1700 fecit
2673 1645 2754 1700 eis
2790 1659 2961 1715 usque
2988 1645 3057 1699 ad
3094 1646 3409 1701 missionem
3437 1645 3570 1700 Filii
3609 1665 3622 1699 :
3669 1656 3722 1699 et

2135 1752 2232 1808 per
2257 1737 2586 1808 oppositum,
2621 1737 2722 1808 ipsi
2747 1734 2915 1793 Judaei
2961 1738 3160 1807 ingrati
3211 1737 3497 1794 beneficiis
3540 1737 3633 1792 Dei
3673 1748 3723 1792 et

458 1836 847 1908 interpretatur
885 1852 1208 1900 accrescens,
1248 1832 1500 1905 gentilem
1539 1829 1799 1902 populum
1838 1825 2107 1908 accipi~_
2138 1843 2354 1899 semper
2381 1836 2568 1883 contra
2609 1827 2778 1882 Deum
2825 1839 3244 1886 murmurantes.
3286 1829 3482 1885 Partes
3533 1830 3721 1900 psalmi

458 1947 578 1987 mus
601 1899 699 2002 qui
739 1931 975 1988 accrevit
1013 1931 1080 1987 ad
1125 1899 1329 1985 culttim
1359 1927 1457 1984 Dei
1498 1899 1595 1997 per
1614 1899 1905 1980 rJudaicum
1941 1935 2037 1990 po-
2061 1899 2113 1962 Β
2139 1922 2324 1978 decem
2352 1929 2496 1976 sunt.
2531 1921 2588 1976 In
2627 1922 2804 1991 prima
2834 1929 2989 1992 parte
3015 1924 3166 1992 ponit
3193 1923 3500 1995 prologum,
3537 1899 3593 1977 in
3622 1939 3724 1993 quo

457 2024 667 2093 pulum.

539 2112 850 2168 «Viderunt.
875 2131 895 2163 ›
918 2110 1051 2166 Pars
1081 2116 1293 2180 quarta.
1322 2107 1428 2164 Per
1453 2109 1558 2164 hoc
1587 2126 1606 2159 ι
1639 2104 1917 2162 redemisti
1944 2119 2038 2175 po-

460 2204 676 2275 pulum,
711 2224 730 2256 »
758 2203 884 2272 quia
921 2218 954 2257 ο
985 2220 1004 2252 ι
1038 2202 1208 2265 Deus,
1237 2214 1417 2270 aquae,
1455 2218 1474 2251 ι
1507 2198 1561 2252 id
1587 2205 1669 2252 est
1695 2194 1902 2250 Iudaici
1938 2209 2051 2264 ρον

469 2296 604 2367 puli,
653 2313 672 2346 ι
701 2295 948 2350 viderunt
1001 2301 1085 2358 te,
1123 2312 1143 2344 ι
1181 2291 1232 2345 id
1276 2301 1358 2346 est
1385 2333 1400 2356 ,
1433 2295 1798 2361 cognoverunt
1840 2293 1894 2340 te
1944 2299 2040 2356 per

461 2385 660 2441 Filium
689 2404 700 2440 :
740 2407 757 2438 ‹
789 2386 1042 2441 viderunt
1073 2390 1127 2438 te
1149 2403 1167 2434 ι
1198 2383 1390 2436 iterum
1421 2401 1439 2432 ‹
1463 2395 1634 2450 aquae,
1669 2399 1688 2430 ι
1717 2379 1770 2433 id
1794 2384 1878 2432 est
1907 2391 2039 2447 gen-

459 2476 603 2541 tiles,
637 2495 656 2526 ‹
687 2485 741 2530 et
768 2475 1063 2529 timuerunt
1095 2492 1112 2524 ›
1154 2488 1252 2543 pro
1293 2472 1562 2542 peccatis,
1594 2468 1959 2539 intelligentes
1988 2475 2040 2521 te

460 2567 699 2624 futurum
720 2567 982 2636 iudicem,
1008 2585 1025 2616 ι
1055 2574 1108 2619 et
1136 2566 1337 2635 abyssi,
1387 2584 1406 2616 ›
1437 2565 1491 2618 id
1519 2571 1603 2617 est
1630 2559 2040 2632 profundissimi

459 2657 519 2715 in
539 2659 796 2728 peccatis,
828 2677 845 2710 ί
881 2657 1108 2712 turbatae
1137 2665 1263 2710 sunt
1296 2675 1316 2707 ›
1354 2671 1384 2709 a
1414 2653 1688 2724 proposito
1711 2667 1828 2708 suo.

533 2749 601 2805 Et
649 2758 778 2805 tunc
832 2749 934 2803 fuit
987 2767 1004 2799 ι
1053 2746 1342 2802 multitudo
1385 2747 1592 2801 sonitus
1619 2759 1900 2816 aquarum,
1942 2763 1960 2795 ›
1989 2741 2044 2798 id

461 2851 566 2908 est,
600 2844 785 2914 populi
817 2850 1130 2906 sonuerunt,
1167 2841 1350 2896 multis
1383 2841 1556 2896 modis
1585 2840 1864 2895 laudantes
1900 2846 1951 2892 te
1979 2837 2043 2893 de

465 2935 724 2990 missione
753 2934 873 2988 Filii
906 2933 1016 2998 tui,
1062 2940 1117 2987 et
1153 2932 1524 2987 clamaverunt
1552 2947 1648 3001 pro
1673 2931 1912 3002 peccatis
1942 2947 1955 2982 :
1989 2936 2044 2983 et

470 3045 490 3078 ‹
515 3025 724 3080 sonitus
752 3044 769 3076 ι
805 3024 927 3078 ideo
954 3022 1052 3076 fuit
1073 3063 1086 3087 ,
1114 3021 1241 3091 quia
1271 3039 1291 3072 ι
1325 3021 1517 3087 nubes,
1544 3021 1597 3074 id
1619 3029 1702 3075 est
1722 3020 1894 3074 sancti
1922 3035 2042 3090 apo.

467 3114 613 3180 stoli,
644 3134 662 3165 ι
698 3113 964 3169 dederunt
993 3127 1186 3166 vocem
1215 3131 1232 3165 ι
1273 3111 1672 3181 praedicationis
1715 3125 1813 3182 per
1856 3111 2042 3166 orbem

466 3216 646 3264 term.

538 3300 682 3356 Bene
701 3299 842 3366 dico,
873 3297 1104 3355 (vocem
1126 3297 1391 3354 dederunt
1411 3297 1602 3363 nubes,
1628 3317 1646 3350 ι
1675 3297 1801 3368 quia
1821 3313 1854 3353 ο
1879 3297 2044 3364 Deus,

475 3412 494 3445 ι
531 3394 741 3466 εδςὶιιω
771 3402 896 3457 tum,
934 3414 952 3446 ι
989 3393 1044 3448 id
1079 3400 1162 3448 est
1214 3392 1493 3448 sententiae
1535 3400 1640 3446 tuae
1669 3391 2048 3462 transﬁgentes

469 3486 635 3542 corda
662 3485 960 3550 hominum,
998 3504 1015 3535 (
1068 3491 1355 3539 transeunt
1383 3502 1402 3534 ι
1432 3481 1500 3536 ad
1549 3483 1795 3538 homines
1835 3482 1901 3536 de
1947 3482 2050 3537 illis

471 3576 728 3647 apostolis
777 3591 792 3630 :
833 3585 888 3632 et
938 3596 956 3627 ι
1004 3591 1106 3632 vox
1143 3575 1364 3630 tonitrui
1407 3574 1504 3639 tui,
1550 3573 1604 3629 id
1633 3581 1716 3629 est
1761 3573 2052 3629 commina-

471 3668 635 3724 tionis
662 3669 727 3724 de
749 3669 1008 3738 peccatis,
1031 3674 1116 3724 est
1148 3686 1166 3718 ι
1204 3667 1259 3721 in
1296 3675 1436 3732 rota,
1473 3685 1492 3720 ι
1526 3665 1580 3722 id
1605 3674 1707 3731 est,
1734 3666 1789 3720 in
1818 3661 2048 3722 circuitu

475 3760 644 3815 totius
673 3761 878 3815 mundi.

544 3852 610 3906 Et
656 3870 674 3902 ι
725 3851 1130 3907 coruscationes
1175 3858 1300 3915 tuae,
1337 3869 1356 3900 ι
1388 3849 1444 3904 id
1477 3856 1581 3915 est,
1609 3848 1867 3904 miracula
1903 3847 2049 3904 facta

473 3960 571 4015 per
593 3944 737 4014 ipsos
766 3942 1057 4013 apostolos,
1114 3960 1132 3992 ‹
1171 3941 1465 3995 illuxerunt
1492 3939 1609 3994 orbi
1643 3949 1821 3994 terrae.
1853 3959 1872 3991 ι
1904 3941 2051 3994 Bene

474 4035 642 4098 dixit,
684 4052 703 4084 ι
734 4032 1028 4086 illuxerunt
1051 4031 1202 4096 orbi,
1237 4050 1255 4080 ι
1296 4030 1421 4099 quia
1450 4045 1548 4099 per
1585 4030 1700 4084 hmc
1731 4039 1855 4083 sunt
1893 4030 2049 4085 multi

473 4126 760 4181 illuminati
781 4165 796 4191 ,
829 4134 885 4178 et
908 4123 1152 4178 conversi
1176 4122 1242 4176 ad
1262 4122 1459 4186 ﬁdem;
1493 4136 1588 4191 per
1619 4123 2049 4179 coruscationem

471 4235 762 4290 possumus
803 4219 1047 4288 accipere
1095 4222 1361 4287 praecepta
1412 4215 1625 4270 vivendi
1677 4231 1693 4270 :
1754 4235 1772 4268 ι
1802 4225 1858 4272 et
1893 4237 1914 4270 ›
1955 4231 2054 4285 per

474 4312 622 4383 ipsas
659 4308 1062 4366 coruscationes
1094 4325 1113 4358 ‹
1151 4315 1418 4362 commota
1446 4314 1529 4362 est
1565 4314 1733 4373 terra,
1767 4327 1787 4360 ι
1841 4305 1895 4362 id
1947 4314 2048 4372 est,

478 4404 682 4460 terreni
716 4403 784 4458 ad
819 4401 1248 4466 conversionem,
1291 4418 1309 4452 (
1345 4409 1403 4455 et
1437 4403 1762 4456 contremuit
1792 4419 1812 4452 ›
1846 4400 2051 4472 agendo

474 4498 848 4571 paenitentiam
885 4510 984 4567 pro
1013 4494 1270 4565 peccatis.

2071 3261 2118 3327 C

2139 2016 2269 2071 facit
2318 2030 2413 2072 eos
2463 2022 2699 2071 attentos
2750 2015 2818 2069 ad
2872 2024 3067 2072 caetera
3119 2032 3240 2087 quae
3288 2026 3620 2086 sequuntur.
3670 2016 3722 2070 lu

2140 2105 2378 2160 secunda
2406 2115 2579 2176 parte,
2608 2121 2732 2176 qum
2755 2105 2943 2174 incipit
2971 2124 2985 2160 :
3024 2124 3044 2157 ι
3079 2105 3292 2173 Quanta
3323 2107 3662 2173 audivimus,
3700 2127 3716 2159 ι

2141 2198 2386 2269 increpat
2433 2198 2688 2253 duritiam
2731 2197 3074 2265 Iudaeorum,
3106 2201 3198 2270 qui
3246 2200 3421 2272 legem
3469 2200 3572 2254 Dei
3625 2215 3720 2254 non

2141 2303 2481 2362 receperunt,
2509 2292 2755 2362 quamvis
2782 2291 2923 2347 Deus
2943 2307 3041 2362 per
3063 2292 3233 2347 multa
3252 2293 3525 2348 beneficia
3556 2291 3722 2362 legem

2142 2400 2292 2440 suam
2341 2385 2703 2454 recipiendam
2748 2385 2827 2440 eis
2875 2385 3186 2440 indicasset.
3236 2385 3293 2440 In
3334 2387 3499 2441 tertia
3542 2394 3721 2456 parte,

2143 2493 2262 2548 quae
2289 2477 2476 2547 incipit
2505 2496 2518 2532 :
2549 2495 2568 2528 ς
2602 2476 2797 2532 Coram
2837 2477 3080 2546 patribus
3107 2491 3294 2532 eorum
3343 2477 3499 2541 fecit,
3533 2498 3554 2530 ι
3602 2492 3723 2531 enn—

2141 2578 2316 2627 merat
2357 2571 2621 2626 mirabilia
2662 2585 2781 2639 quae
2819 2568 2960 2624 Deus
2989 2569 3116 2625 fecit
3144 2570 3343 2640 populo
3397 2586 3500 2626 suo
3529 2612 3547 2636 ,
3597 2569 3723 2624 edu-

2142 2663 2315 2720 cendo
2349 2678 2442 2720 eos
2471 2663 2538 2718 de
2566 2662 2798 2733 Egypto
2826 2677 2924 2731 per
2967 2678 3116 2718 mare
3146 2663 3410 2730 Rubrum,
3449 2671 3506 2717 et
3535 2662 3724 2717 deinde

2144 2755 2200 2809 in
2253 2754 2466 2810 deserto
2515 2769 2529 2808 :
2585 2763 2642 2809 et
2675 2765 2863 2810 contra
2922 2756 3027 2811 hoc
3065 2756 3219 2824 ponit
3259 2754 3426 2809 etiam
3481 2770 3721 2809 murmu-

2144 2846 2410 2902 rationem
2440 2845 2766 2919 Judteorum.
2797 2846 2856 2902 ln
2899 2855 3092 2917 quarta
3122 2854 3280 2915 parte
3328 2861 3452 2915 qum
3499 2845 3722 2914 incipit:

2150 2937 2320 3005 «ideo
2365 2935 2569 2990 audivit
2599 2935 2858 2992 Dominus
2885 2945 2941 2991 et
2967 2935 3211 3003 distulit,
3247 2955 3265 2988 ι
3304 2935 3546 2990 ostendit
3591 2935 3724 3004 quod

2143 3029 2286 3084 Deus
2330 3028 2515 3083 volens
2564 3028 2845 3084 notificare
2895 3029 3190 3099 potentiam
3243 3042 3397 3082 suam
3432 3067 3449 3090 ,
3507 3026 3579 3082 de
3627 3041 3721 3096 qua

2143 3118 2247 3189 ipsi
2294 3117 2555 3174 increduli
2585 3117 2928 3184 diffidebant,
2959 3133 3149 3174 omnes
3195 3118 3492 3189 petitiones
3540 3133 3723 3172 eorum

2145 3208 2404 3280 implevit.
2427 3209 2484 3264 ln
2504 3209 2694 3279 quinta
2717 3219 2889 3278 parte,
2915 3225 3035 3280 quae
3054 3209 3244 3279 incipit
3271 3227 3284 3262 :
3318 3229 3337 3261 ι
3365 3209 3559 3264 Adhuc
3593 3225 3724 3264 esca:

2151 3317 2338 3357 eorum
2360 3310 2537 3368 erant,
2563 3322 2582 3354 ›
2609 3302 2848 3358 ostendit
2864 3302 3177 3366 vindictam,
3194 3317 3354 3371 quam
3378 3300 3525 3356 Deus
3548 3315 3723 3368 sump-

2150 3393 2224 3450 sit
2251 3394 2317 3448 de
2344 3393 2446 3460 eis,
2463 3401 2683 3464 propter
2702 3393 2954 3448 duritiam
2989 3408 3176 3449 eorum
3195 3401 3248 3448 et
3269 3391 3713 3446 incredulitatem.

2148 3488 2206 3543 ln
2243 3496 2394 3543 sexta
2427 3498 2612 3558 parte,
2642 3503 2764 3558 quae
2787 3487 2976 3556 incipit
3005 3505 3018 3541 :
3049 3505 3066 3537 ι
3099 3487 3165 3540 Et
3193 3485 3502 3541 dilexerunt
3526 3499 3646 3539 eum
3668 3482 3722 3536 in

2149 3597 2243 3638 ore
2283 3597 2402 3645 suo,
2449 3581 2615 3651 quod,
2667 3595 2790 3634 cum
2847 3579 2946 3650 ipsi
2997 3577 3165 3633 Judaei
3211 3587 3433 3648 propter
3479 3577 3722 3631 timorem

2149 3673 2418 3736 vindictze,
2452 3673 2577 3728 ficte
2607 3671 2776 3727 Deum
2807 3670 3111 3740 diligerent,
3147 3669 3264 3739 ipse
3299 3679 3478 3724 tamen
3511 3667 3724 3722 miseri-

2151 3764 2368 3819 cordem
2390 3780 2449 3819 se
2465 3763 2712 3819 exhibuit
2731 3763 2830 3818 eis.
2848 3762 2904 3817 ln
2924 3762 3149 3833 septima
3170 3769 3346 3832 parte,
3368 3776 3484 3830 quae
3500 3759 3725 3828 incipit:

2157 3872 2176 3904 ι
2199 3854 2423 3921 Quoties
2445 3854 2910 3909 exacerbaverunt
2934 3867 3056 3906 eum
3088 3852 3142 3906 in
3164 3852 3388 3912 deserto,
3418 3869 3436 3899 ι
3453 3849 3722 3913 ostendit,

2151 3949 2295 4018 quod
2327 3948 2451 4003 licet
2479 3947 2580 4019 ipsi
2607 3962 2821 4016 semper
2845 3945 3012 4001 Deum
3049 3954 3338 4008 tentarent,
3364 3952 3540 3998 tamen
3569 3942 3729 3996 Deus

2152 4040 2336 4095 multis
2366 4039 2542 4096 modis
2565 4039 2632 4093 ad
2657 4053 2844 4094 eorum
2876 4037 3249 4092 liberationem
3279 4034 3563 4106 Egyptios
3593 4048 3726 4102 per-

2153 4132 2340 4189 cussit.
2389 4131 2446 4185 ln
2475 4140 2666 4187 octava
2706 4137 2890 4199 parte,
2929 4143 3048 4199 qum
3090 4128 3280 4198 incipit
3312 4145 3324 4180 :
3359 4146 3378 4177 ι
3408 4126 3474 4180 Et
3511 4124 3732 4178 abstulit

2153 4227 2295 4283 sicut
2322 4225 2441 4280 ovis
2467 4223 2720 4295 populum
2746 4237 2902 4278 suum
2926 4230 2981 4276 et
3003 4220 3253 4292 perduxit
3277 4234 3405 4286 eos,
3437 4238 3456 4271 ι
3495 4216 3732 4273 ostendit

2154 4335 2316 4392 quam
2373 4319 2604 4388 benigne
2650 4332 2744 4373 eos
2799 4315 2941 4370 Deus
2995 4316 3048 4370 in
3096 4324 3295 4370 terram
3355 4311 3732 4384 promissionis

2154 4411 2367 4467 induxit
2405 4429 2417 4463 :
2451 4419 2508 4464 et
2530 4424 2598 4464 ex
2641 4407 2910 4478 opposito,
2951 4408 3092 4476 quod
3119 4405 3288 4462 Judaei
3317 4405 3488 4460 Deum
3520 4417 3732 4472 semper

2155 4504 2546 4560 exacerbantes
2597 4516 2813 4572 semper
2856 4507 3216 4555 tentaverunt.
3257 4499 3315 4554 In
3348 4513 3491 4555 nona
3544 4489 3730 4567 parte,

548 4591 616 4646 Et
657 4605 757 4662 per
797 4590 935 4646 istos
985 4588 1253 4658 apostolos
1290 4587 1369 4643 sic
1406 4597 1714 4658 operantes,
1745 4605 1764 4638 ‹
1797 4586 1883 4642 via
1916 4605 1934 4638 ›
1965 4595 2043 4642 est

2158 4611 2276 4666 qua:
2319 4592 2544 4663 incipit:
2573 4611 2592 4644 ι
2628 4591 2850 4646 Audivit
2869 4591 3011 4646 Deus
3046 4598 3101 4644 et
3144 4589 3386 4660 sprevit,
3425 4607 3442 4638 ι
3497 4586 3735 4642 ostendit

479 4705 501 4741 ι
541 4695 630 4742 tua
673 4687 729 4741 in
770 4683 933 4749 mari,
968 4703 985 4734 ι
1018 4683 1069 4738 id
1099 4691 1180 4739 est
1229 4683 1283 4737 in
1311 4682 1494 4754 gentili
1522 4682 1739 4752 populo,
1785 4682 1910 4751 quia
1951 4697 2048 4751 per

476 4776 582 4834 hoc
623 4785 678 4830 et
708 4785 765 4830 tu
792 4773 986 4829 venisti
1029 4775 1096 4830 ad
1143 4773 1397 4844 gentilem
1433 4774 1708 4845 populum,
1743 4783 1798 4827 et
1835 4773 2048 4843 gentilis

473 4868 704 4947 populus
733 4867 877 4920 venit
919 4867 985 4922 ad
1010 4875 1060 4921 te
1094 4885 1106 4920 :
1157 4866 1226 4920 ad
1251 4866 1488 4920 litteram
1518 4866 1681 4920 etiam
1725 4865 2048 4934 completum

474 4970 580 5028 est,
604 4960 730 5032 quia
759 4958 1017 5014 Dominus
1041 4957 1198 5014 Jesus
1225 4958 1450 5013 incessit
1475 4973 1639 5027 super
1675 4971 1843 5022 mare,
1871 4966 1925 5011 et
1963 4975 2050 5013 su-

476 5068 574 5126 per
600 5068 751 5108 mare
773 5051 902 5107 fecit
923 5048 1143 5105 Petrum
1175 5049 1451 5104 ambulare
1474 5049 1540 5102 ad
1571 5063 1630 5103 se
1662 5065 1674 5100 :
1713 5066 1731 5097 ι
1762 5056 1818 5102 et
1847 5048 2052 5105 semita:

480 5157 606 5213 tuae,
641 5167 660 5200 ι
694 5147 749 5202 id
793 5155 876 5201 est
913 5145 1147 5202 arctiora
1173 5152 1440 5212 praecepta
1489 5150 1596 5206 tua,
1627 5149 1752 5195 sunt
1778 5141 1938 5196 etiam
1971 5157 2054 5197 re-

481 5248 650 5310 cepta:
679 5257 698 5290 ι
728 5239 784 5293 in
805 5238 960 5308 aquis
986 5236 1192 5302 multis,
1224 5255 1242 5288 ι
1271 5235 1325 5290 id
1347 5243 1432 5289 est
1455 5235 1506 5288 in
1532 5235 1758 5290 diversis
1798 5235 2009 5306 populis
2035 5255 2047 5290 :

483 5341 539 5389 et
567 5333 692 5389 licet
727 5331 955 5403 gentiles
982 5331 1048 5385 ad
1085 5339 1138 5385 te
1174 5330 1247 5384 ita
1277 5330 1530 5396 veniant,
1566 5337 1745 5385 tamen
1780 5349 1800 5381 ‹
1829 5332 2052 5402 vestigia

484 5432 593 5491 tua,
619 5445 636 5477 ι
665 5424 718 5480 id
748 5434 831 5480 est
855 5425 1003 5494 signa
1019 5422 1243 5493 iustitia:
1262 5428 1388 5489 tum,
1422 5441 1439 5472 ι
1470 5438 1575 5477 non
1599 5432 1995 5494 cognoscentur
2028 5445 2046 5477 ι

483 5533 516 5572 a
543 5515 762 5574 Iudaeis.

561 5628 578 5660 ε
609 5610 814 5678 Quibus
857 5619 1038 5665 tamen
1091 5607 1258 5663 multa
1285 5607 1462 5664 fecisti
1490 5609 1769 5676 miracula,
1801 5611 1926 5682 quia
1965 5612 2052 5668 de-

485 5703 684 5759 duxisti
706 5724 722 5755 ι
743 5703 889 5759 illum
910 5722 928 5755 ι
946 5699 1202 5772 populum
1232 5709 1380 5756 tuum
1406 5701 1546 5757 sicut
1572 5717 1721 5769 oves,
1742 5723 1760 5754 ›
1780 5719 1886 5759 non
1909 5705 2051 5774 qu'od

483 5796 584 5866 ipsi
611 5793 765 5853 bona:
784 5812 913 5851 oves
936 5803 1138 5860 essent,
1159 5797 1252 5850 sed
1281 5801 1338 5850 tu
1361 5809 1482 5850 eras
1501 5796 1580 5851 eis
1599 5796 1720 5866 pius
1744 5807 1927 5868 pastor
1949 5819 1967 5849 ι
1996 5799 2052 5854 ἱιι

483 5901 650 5944 manu
679 5887 847 5958 Moysi
875 5893 931 5942 et
957 5886 1158 5955 Aaron,
1193 5905 1211 5941 ι
1247 5887 1313 5945 ad
1336 5886 1571 5944 litteram
1595 5902 1610 5943 :
1634 5895 1690 5943 et
1711 5886 2052 5961 perlifoyseu

1751 6040 1828 6062 una?

2155 4686 2448 4741 vindictam
2463 4700 2628 4754 quam
2656 4684 2711 4739 in
2730 4692 2872 4738 terra
2888 4681 3260 4752 promissionis
3283 4680 3516 4750 sumpsit
3536 4680 3603 4734 de
3633 4678 3736 4732 illis

2157 4778 2319 4842 Deus,
2337 4786 2394 4832 et
2412 4777 2576 4831 etiam
2607 4776 2672 4831 de
2700 4775 3136 4845 persecutoribus
3164 4789 3350 4829 eorum
3381 4771 3733 4826 Philisthzeis.

2154 4869 2213 4924 ln
2246 4868 2454 4924 decima
2482 4876 2654 4937 parte,
2672 4881 2791 4935 quae
2810 4866 3025 4936 incipit:
3050 4885 3068 4916 ε
3092 4864 3159 4919 Et
3185 4863 3382 4935 repulit
3403 4864 3736 4918 tabernacu-

2157 4962 2290 5029 lum,
2323 4983 2340 5014 ι
2367 4960 2622 5026 ostendit,
2648 4960 2788 5030 quod
2812 4967 3011 5028 praeter
3044 4968 3241 5013 caetera
3275 4955 3563 5020 beneficia,
3587 4954 3740 5009 misit

2159 5054 2237 5109 eis
2264 5053 2404 5108 Deus
2435 5051 2601 5105 David
2634 5065 2834 5122 regem,
2864 5047 3280 5105 scilicetFilium
3314 5047 3406 5102 Dei
3447 5048 3544 5116 qui
3579 5046 3741 5101 inno—

2159 5144 2336 5199 centia
2376 5151 2430 5197 et
2452 5141 2661 5212 justitia
2691 5149 2903 5212 regeret
2938 5154 3050 5204 eos,
3083 5148 3270 5194 natum
3297 5139 3363 5194 de
3395 5139 3543 5194 tribu
3571 5136 3738 5194 Juda.

2156 5235 2285 5291 Post
2333 5235 2446 5291 haec
2494 5235 2710 5300 omnia,
2757 5233 2988 5289 intendit
3036 5233 3330 5289 admonere
3378 5247 3743 5303 quoscunque

2156 5328 2341 5385 ﬁdeles
2362 5369 2376 5394 ,
2410 5337 2467 5384 ut
2488 5327 2662 5398 legem
2691 5325 2788 5381 Dei
2820 5324 3107 5396 recipiant,
3133 5333 3192 5381 et
3217 5339 3337 5381 eam
3375 5323 3744 5395 spiritualiter

2155 5421 2476 5491 intelligant.

2219 5523 2289 5578 Et
2310 5522 2433 5577 inde
2455 5533 2677 5575 monens
2700 5531 2814 5585 eos,
2837 5517 2914 5574 sic
2925 5515 3144 5586 incipit:
3167 5535 3185 5567 ‹
3203 5514 3404 5588 Popule
3428 5529 3604 5579 meus,
3636 5533 3657 5566 ι
3688 5514 3743 5570 id

2153 5625 2259 5681 est,
2278 5614 2410 5669 mihi
2427 5610 2722 5668 consimilis
2745 5609 2916 5666 ﬁdelis
2933 5608 3073 5665 sicut
3085 5623 3204 5678 ego,
3235 5625 3254 5658 ‹
3283 5607 3543 5664 attendite
3555 5606 3742 5678 legem

2154 5723 2351 5771 meam,
2376 5727 2394 5757 ι
2420 5714 2480 5759 ut
2509 5705 2646 5761 sicut
2675 5719 2774 5774 ego
2799 5703 2970 5774 legem
3002 5701 3357 5774 spiritualiter
3384 5701 3652 5766 intellexi,
3685 5709 3749 5757 et

2156 5817 2276 5857 eam
2307 5800 2466 5865 facio,
2499 5798 2572 5852 ita
2601 5804 2655 5852 et
2687 5810 2783 5853 vos
2820 5811 2942 5857 eam
2973 5793 3213 5862 faciatis,
3240 5803 3296 5851 et
3318 5804 3378 5851 ut
3409 5809 3527 5850 eam
3558 5792 3745 5864 possi-

2160 5894 2231 5951 tis
2261 5891 2580 5963 intelligere,
2618 5887 2783 5946 nolite
2813 5887 3031 5958 superbi
3061 5903 3211 5956 esse,
3237 5887 3329 5944 sed
3360 5906 3378 5938 ε
3417 5887 3676 5944 inclinate
3718 5929 3739 5962 ,
