3940 6466
150 361 264 415 457

1326 337 1764 397 EXPLANATIO
1800 335 1864 390 IN
1904 336 2238 393 PSALMOS.

3298 335 3406 392 £58

155 478 218 533 id
247 481 347 536 est,
379 467 661 526 humiliate
700 480 720 515 ε
762 474 946 517 aurem
968 465 1205 514 vestram
1257 475 1276 507 ι
1314 455 1368 509 id
1392 463 1505 518 est,
1537 451 1732 506 intelli-

1870 447 2055 512 udaeis,
2087 449 2180 502 sed
2232 465 2252 498 ι
2287 456 2348 502 ut
2381 465 2400 500 ι
2435 445 2596 501 etiam
2642 461 2662 496 ‹
2697 447 2986 512 cognoscat
3012 441 3292 509 generatio
3329 441 3407 497 al-

153 567 402 638 gentiam
419 569 677 622 vestram,
707 576 725 607 ι
747 555 800 609 ἱη
816 555 980 608 verba
1005 551 1116 610 oris
1128 549 1254 604 mei.
1288 567 1306 600 ι
1327 547 1484 602 Modo
1501 542 1734 600 maxime

155 657 295 712 facit
322 669 416 709 eos
439 657 696 711 attentos,
724 646 790 699 ad
817 660 881 699 ea
907 659 1024 709 quae
1059 648 1376 711 sequuntur.

234 746 360 800 ldeo
394 741 600 797 debetis
651 736 950 804 intelligere
977 774 990 798 ,
1031 733 1157 801 quia
1193 749 1210 782 ‹
1239 729 1474 799 aperiam
1521 740 1620 796 ego
1677 739 1738 780 os

155 851 346 894 meum
374 832 546 896 vobis,
570 850 589 882 ι
610 827 663 882 id
691 833 794 892 est,
820 839 919 894 ego
946 823 1114 878 multa
1142 821 1330 890 loquar
1357 818 1529 882 vobis,
1551 825 1607 870 et
1634 817 1738 869 hoc

156 942 273 982 non
306 931 515 978 tantum
543 920 599 974 in
623 915 870 980 historia,
903 913 996 969 sed
1031 931 1049 964 ‹
1085 913 1138 966 in
1169 909 1460 982 parabolis,
1496 926 1515 959 ι
1546 905 1600 960 id
1624 911 1736 969 est,

158 1016 220 1071 in
249 1009 556 1081 huiusmodi
586 1005 947 1062 locutionibus
965 1042 981 1067 ,
1010 1003 1066 1056 in
1096 1000 1293 1071 quibus
1319 1009 1376 1053 et
1411 996 1556 1052 aliud
1585 993 1740 1049 intel-

157 1105 382 1177 ligitur,
433 1115 592 1172 quam
635 1096 886 1152 litteralis
916 1109 1136 1159 sensus;
1179 1110 1198 1142 ι
1258 1091 1450 1160 loquor
1494 1107 1512 1140 ι
1571 1087 1740 1142 etiam

155 1196 341 1260 vobis,
375 1212 394 1244 ι
423 1188 825 1262 propositiones
863 1206 881 1237 ›
914 1186 966 1239 id
987 1192 1090 1249 est,
1122 1182 1238 1237 illas
1257 1181 1516 1236 obscuras
1536 1177 1736 1248 allego-

160 1286 282 1341 rias
307 1298 427 1354 qua:
455 1282 542 1335 vix
567 1285 791 1349 possunt
810 1274 1055 1345 intelligi,
1077 1275 1215 1327 sicut
1237 1283 1361 1327 sunt
1375 1270 1738 1326 divinationes

159 1372 271 1426 illm
296 1384 415 1440 quae
446 1366 778 1437 problemata
828 1368 1116 1421 vocantur,
1148 1359 1292 1413 velut
1333 1357 1476 1427 quod
1506 1355 1738 1409 Samson

155 1459 447 1535 proposuit
479 1456 789 1520 Philisueis,
832 1454 1058 1507 dicens:
1098 1451 1172 1504 De
1224 1448 1538 1504 comedente
1575 1443 1742 1499 exivit

157 1534 338 1615 eibus,
371 1557 426 1604 et
451 1548 518 1602 de
552 1546 678 1600 forti
708 1543 952 1600 dulcedo.
989 1543 1122 1595 Cum
1159 1548 1336 1594 autem
1367 1534 1739 1607 exposuissent

164 1630 252 1700 illi
284 1645 387 1698 hoc
414 1655 535 1696 esse
559 1625 762 1694 dictum
807 1637 870 1690 de
898 1635 1017 1688 favo
1046 1632 1249 1698 mellis,
1279 1631 1418 1700 quod
1447 1629 1559 1698 ipse
1587 1627 1738 1680 inve-

159 1736 247 1790 nit
294 1735 348 1788 in
394 1747 490 1787 ore
529 1728 706 1784 leonis
732 1725 932 1797 (ludio.
965 1722 1078 1794 xv1)
1102 1763 1116 1787 ,
1142 1719 1424 1792 proposuit
1450 1715 1738 1786 quamdam

1842 547 1955 591 tera
1989 557 2006 588 ι
2041 552 2121 596 ea,
2153 537 2361 592 scilicet
2387 536 2631 605 gentiles.

1916 649 1932 680 ι
1956 629 2075 682 Filii
2091 629 2182 696 qui
2207 635 2518 695 nascentur,
2540 645 2556 676 ι
2577 624 2644 677 ad
2671 624 2773 677 hoc
2785 621 2927 674 Deus
2955 619 3095 674 dedit
3131 619 3324 690 legem,
3347 628 3409 676 ut

1837 721 2148 776 notiﬁcetur
2173 718 2403 788 posteris
2431 717 2661 781 nostris;
2692 723 2748 769 et
2770 715 2841 768 ita
2871 711 3227 782 complebitur
3264 714 3408 781 quod

1845 831 1864 865 ι
1900 812 1993 867 ﬁlii
2045 812 2137 882 qui
2169 817 2460 864 nascentur
2509 829 2526 860 ι
2563 809 2628 861 de
2665 805 2870 862 carnali
2916 804 3170 875 progenie
3196 813 3406 868 nostra,

1839 905 2000 960 sicuti
2051 902 2220 958 sancti
2246 899 2484 970 Apostoli
2511 939 2526 963 ,
2577 915 2596 948 ι
2631 903 2939 969 exsurgent,
2975 914 2993 947 ι
3031 896 3084 949 id
3135 905 3258 960 est,
3302 911 3406 950 non

1840 997 2184 1066 acquiescent
2225 994 2341 1048 istis
2383 990 2765 1060 temporalibus
2790 1031 2805 1055 ,
2850 989 2944 1043 sed
2997 1003 3092 1043 cor
3129 1004 3283 1043 suum
3341 988 3410 1042 ad

1840 1086 2126 1143 Dominum
2152 1084 2398 1154 dirigent,
2429 1098 2448 1130 ‹
2485 1088 2540 1134 et
2561 1080 2860 1132 narrabunt
2883 1076 3007 1132 ﬁliis
3042 1078 3154 1133 suis
3191 1098 3210 1131 ι
3247 1077 3380 1147 spiri

1840 1177 2095 1232 tuaﬁbus.

1919 1287 1936 1318 ‹
1980 1265 2051 1320 Ut
2073 1269 2276 1333 ponant
2303 1275 2452 1331 spem
2480 1273 2630 1314 suam
2665 1277 2684 1309 ι
2713 1273 2819 1311 non
2850 1255 2902 1310 in
2925 1256 3136 1325 justitia
3171 1271 3265 1310 sua
3285 1297 3299 1320 ,
3326 1255 3413 1310 vel

1842 1355 2147 1414 carnalibus
2169 1352 2551 1414 observantiis,
2578 1349 2671 1403 sed
2704 1369 2720 1399 ε
2756 1349 2808 1402 in
2836 1348 2965 1412 Deo,
2990 1357 3045 1401 et
3066 1364 3169 1402 non
3195 1349 3416 1403 oblivis-

1842 1460 2035 1508 cantur
2063 1463 2285 1518 operum
2313 1446 2428 1510 Dei,
2465 1465 2482 1496 ι
2518 1445 2568 1498 id
2597 1452 2706 1507 est,
2730 1457 2836 1496 non
2869 1441 2975 1495 sint
3006 1441 3199 1509 ingrati
3230 1442 3294 1493 de
3321 1441 3417 1495 be-

1841 1541 2052 1596 neﬁciis
2070 1539 2188 1602 Dei,
2219 1537 2313 1592 sed
2341 1550 2434 1605 per
2465 1540 2762 1596 creaturas,
2807 1538 2862 1583 et
2890 1544 2985 1600 per
3011 1529 3271 1584 beneﬁcia
3311 1530 3415 1584 sibi

1843 1629 2333 1698 facta,intelligant
2357 1628 2528 1699 ipsum
2550 1625 2884 1687 Creatorem,
2914 1639 2932 1673 ι
2960 1621 3285 1678 etmandata
3298 1622 3416 1691 ejus

1843 1723 2149 1792 exquirant.
2183 1739 2201 1771 ι

161 1821 500 1894 parabolam,
521 1815 883 1886 respondens:
913 1811 1026 1866 Nisi
1054 1811 1106 1864 in
1130 1807 1298 1862 vitula
1323 1821 1438 1860 mea
1465 1802 1737 1866 arassetis,
1769 1813 1818 1872 Β
1917 1813 2041 1867 Ideo
2087 1809 2374 1878 exquirant
2397 1848 2411 1873 ,
2447 1824 2468 1857 ι
2508 1819 2577 1860 ne
2607 1803 2738 1858 ﬁant
2787 1803 2926 1858 sicut
2973 1808 3157 1871 patres
3184 1815 3372 1854 eorum
3397 1843 3412 1867 ,

163 1911 588 1985 propositionem
617 1920 792 1960 meam
829 1918 936 1957 non
982 1898 1279 1955 solvissetis
1317 1910 1332 1948 :
1378 1909 1476 1965 per
1514 1891 1739 1946 vitulam

158 1983 394 2061 uxorem
423 2015 572 2056 suam
605 1996 925 2066 intelligens,
958 1989 1353 2063 propositiones
1385 1987 1537 2051 dico,
1571 1983 1742 2037 factas

165 2113 189 2147 ‹
233 2095 302 2148 ab
336 2092 511 2156 initio,
550 2109 569 2142 ι
603 2088 655 2143 id
684 2093 784 2150 est,
817 2100 884 2139 ex
926 2097 1032 2152 quo
1063 2081 1204 2134 Deus
1248 2077 1414 2147 coepit
1458 2072 1744 2128 manifeste

156 2186 382 2258 operari
430 2185 484 2238 in
533 2181 621 2236 illo
646 2176 865 2250 populo,
897 2174 1026 2229 fecit
1045 2169 1336 2234 mirabilia,
1372 2180 1490 2237 quae
1525 2164 1653 2219 fecit
1689 2163 1744 2216 in

157 2275 538 2434 Eﬁygtioanta.
579 2381 598 2415 ›
632 2358 881 2416 Secunda
903 2369 1050 2426 pars.
1082 2352 1207 2408 ldeo
1231 2348 1438 2406 debetis
1467 2345 1746 2402 attendere

159 2456 564 2532 prOpositiones
611 2466 748 2523 quas
789 2463 891 2518 ego
921 2447 1132 2514 loquar,
1179 2443 1304 2512 quia
1339 2455 1447 2495 non
1477 2454 1544 2493 ex
1583 2435 1747 2490 corde

161 2528 314 2614 meo,
344 2548 438 2603 sed
484 2561 550 2602 ea
572 2558 690 2613 qua:
720 2538 901 2597 audivi
943 2545 998 2592 et
1033 2535 1143 2589 vidi
1171 2532 1380 2602 loquor,
1419 2536 1473 2582 et
1499 2528 1602 2582 hoc
1631 2533 1744 2590 est,

165 2663 188 2695 ‹
228 2650 454 2713 quanta,
478 2658 496 2691 ι
527 2637 581 2693 id
609 2643 711 2701 est,
727 2646 891 2704 quam
915 2643 1132 2697 magna,
1160 2640 1322 2694 quam
1347 2621 1557 2678 inﬁnita
1591 2637 1610 2670 ‹
1652 2633 1746 2671 au-

163 2711 438 2796 divimus,
486 2737 543 2784 et
591 2724 940 2795 cognovimus
993 2739 1011 2772 ι
1066 2732 1185 2773 esse
1234 2730 1395 2779 vera,
1443 2728 1542 2782 per
1575 2711 1747 2780 ipsam

163 2823 562 2893 impletionem,
599 2837 617 2868 ε
648 2824 703 2869 et
737 2834 754 2867 ι
787 2809 1114 2868 credendum
1138 2814 1222 2862 est
1251 2805 1375 2859 illis.
1408 2801 1746 2862 Audivimus,

164 2921 302 2992 quia
337 2937 356 2968 ι
386 2925 568 2988 patres
587 2912 758 2968 nostri
777 2913 1133 2964 narraverunt
1161 2902 1339 2958 nobis.
1371 2921 1389 2952 ι
1425 2899 1557 2955 Cum
1585 2896 1746 2952 dicit:

164 3016 534 3068 narraverunt
553 3048 566 3072 ,
612 3002 850 3060 ostendit
876 3015 989 3054 rem
1021 3011 1126 3052 non
1153 3008 1272 3049 esse
1298 2993 1502 3055 ﬁctam,
1536 2988 1631 3043 sed
1657 3002 1750 3040 ve-

165 3119 291 3160 ram
317 3117 434 3172 qua:
465 3107 739 3162 narratur,
768 3103 822 3149 et
859 3093 947 3148 illa
985 3088 1226 3145 narratio
1253 3102 1361 3142 non
1396 3092 1601 3139 tantum
1651 3078 1752 3132 fuit

165 3195 356 3257 dictis,
388 3192 480 3247 sed
511 3190 671 3244 etiam
704 3184 938 3254 scriptis.

255 3282 323 3337 Et
350 3281 440 3335 illa
465 3294 584 3350 qua:
610 3280 970 3333 narraverunt
994 3278 1117 3326 sunt
1146 3268 1360 3339 cognita
1406 3265 1473 3319 ab
1501 3263 1752 3319 omnibus

168 3391 275 3447 per
306 3382 476 3428 totum
509 3369 790 3431 mundum,
820 3374 873 3420 et
899 3366 1000 3418 hoc
1028 3361 1189 3424 dicit;
1225 3377 1242 3408 ι
1273 3373 1379 3412 non
1416 3364 1542 3410 sunt
1569 3353 1752 3408 occul-

170 3479 293 3524 tata
319 3484 349 3521 a
381 3464 506 3519 ﬁliis
531 3475 740 3523 eorum,
780 3477 799 3509 ι
834 3456 887 3509 id
915 3462 1020 3518 est,
1049 3459 1260 3521 patrum
1289 3457 1599 3502 nostrorum
1643 3443 1751 3497 sci-

175 3557 336 3619 licet,
364 3550 613 3605 omnibus
644 3544 802 3601 nobis
831 3543 886 3596 in
912 3541 1110 3611 populo
1139 3535 1432 3592 Israelitico
1468 3543 1594 3590 sunt
1637 3547 1755 3585 ma-

173 3644 380 3702 nifesta
416 3658 435 3691 ι
464 3650 520 3694 et
539 3639 592 3692 in
621 3633 963 3707 generatione
991 3631 1178 3695 altera,
1221 3647 1239 3679 ›
1271 3627 1324 3682 id
1351 3635 1455 3692 est,
1486 3626 1540 3678 in
1571 3621 1757 3694 gentili

173 3731 398 3808 papula.

273 3823 406 3877 Dico
460 3826 641 3892 patres
689 3818 1078 3875 narraverunt,
1141 3827 1161 3860 ι
1212 3815 1499 3862 narrantes
1543 3801 1758 3857 laudem

175 3911 420 3976 Domini,
462 3889 481 3961 ἰ
518 3908 570 3962 id
598 3912 701 3968 est,
729 3901 981 3972 quaelibet
1007 3912 1170 3968 opera
1197 3895 1308 3956 Dei,
1339 3895 1392 3947 in
1414 3893 1610 3960 quibus
1641 3889 1758 3942 lau-

175 4003 390 4062 dandus
415 3998 610 4055 merito
636 4002 859 4066 apparet
888 3991 1047 4054 Deus,
1077 3997 1136 4042 ut
1166 3988 1222 4041 in
1255 3983 1629 4040 incarnatione
1654 3980 1756 4034 ho-

175 4093 347 4150 minis
367 4099 420 4145 et
447 4085 734 4150 similibus,
768 4102 786 4134 ι
817 4091 872 4137 et
898 4082 1128 4136 virtutes
1149 4078 1288 4148 ejus,
1326 4095 1343 4128 ›
1380 4074 1436 4131 id
1452 4082 1554 4138 est,
1588 4070 1675 4125 illa
1704 4071 1758 4123 in

173 4188 380 4260 quibus
401 4183 642 4256 potentia
670 4181 764 4234 Dei
794 4178 1108 4250 apparebat,
1138 4182 1198 4228 ut
1225 4174 1279 4226 in
1303 4170 1568 4225 divisione
1594 4165 1760 4221 maris

174 4279 376 4346 Rubri,
411 4299 429 4331 ‹
463 4287 515 4331 et
541 4274 807 4330 mirabilia
846 4272 993 4342 ejus,
1032 4289 1049 4320 ι
1085 4277 1145 4322 ut
1173 4279 1370 4321 manna
1417 4262 1472 4316 in
1503 4262 1718 4316 deserto
1741 4298 1756 4322 ,

187 4390 208 4424 ι
247 4387 366 4441 quae
397 4390 414 4424 ι
450 4367 630 4422 omnia
660 4380 766 4420 non
797 4371 1006 4418 tantum
1036 4359 1171 4415 dixit
1191 4357 1275 4412 vel
1306 4353 1554 4426 promisit
1580 4354 1720 4407 Deus
1743 4389 1759 4416 ,

179 4464 282 4519 sed
313 4481 331 4513 ι
366 4459 514 4516 fecit.
547 4478 568 4510 ι

1845 1901 2122 1975 generatio
2151 1914 2313 1967 prava
2359 1905 2413 1951 et
2438 1909 2783 1964 exasperans.
2823 1913 2841 1945 ι
2881 1891 3052 1946 Prava
3095 1891 3293 1945 dicitur
3326 1906 3419 1962 ge--

1846 1992 2053 2048 neratio
2083 1990 2196 2055 illa,
2241 1997 2462 2060 propter
2485 2001 2741 2056 perversa
2781 2000 2978 2054 opera,
3021 1984 3161 2038 sicut
3199 1990 3420 2054 propter

1845 2083 2226 2145 idololatriam,
2255 2089 2309 2135 et
2336 2079 2530 2134 similia
2562 2093 2575 2131 :
2607 2087 2660 2133 et
2689 2091 3017 2146 exasperans
3046 2076 3262 2140 dicitur,
3292 2075 3418 2144 quia

1847 2176 1912 2230 de
1942 2173 2182 2246 potentia
2207 2172 2306 2227 Dei
2327 2169 2588 2233 difﬁdens,
2613 2170 2786 2239 ipsum
2812 2168 2980 2222 Deum
3006 2181 3149 2238 saepe
3171 2167 3416 2221 tentavit.

1917 2267 2062 2322 Bene
2106 2266 2226 2321 dico
2280 2283 2298 2316 ‹
2346 2263 2622 2334 generatio
2657 2281 2675 2313 ι
2721 2276 2918 2331 prava,
2970 2262 3095 2330 quia
3144 2259 3420 2331 generatio

1847 2359 1940 2415 illa
1988 2358 2109 2432 talis
2140 2356 2258 2422 fuit,
2290 2375 2307 2408 ι
2339 2370 2459 2425 quae
2482 2369 2579 2409 cor
2601 2369 2755 2408 suum
2791 2372 2810 2405 ι
2845 2353 3130 2407 distortum
3166 2351 3306 2406 male
3333 2351 3419 2404 in-

1849 2448 2156 2519 telligendo,
2191 2467 2210 2499 ‹
2246 2462 2352 2501 non
2398 2444 2596 2500 direxit
2629 2463 2647 2495 ι
2695 2443 2761 2498 ad
2791 2443 2989 2497 bonum
3027 2441 3360 2496 intellectum
3405 2456 3418 2492 :

1855 2559 1874 2591 ι
1921 2549 1977 2593 et
1997 2538 2218 2608 spiritus
2248 2537 2382 2608 ejus,
2420 2555 2438 2587 ι
2466 2535 2519 2589 id
2545 2543 2650 2600 est,
2670 2533 2810 2588 ratio
2837 2531 3125 2596 naturalis,
3153 2550 3172 2584 ι
3204 2546 3310 2586 non
3339 2539 3426 2586 est

1850 2632 2088 2687 creditus
2114 2644 2236 2684 cum
2260 2627 2394 2693 Deo,
2431 2646 2449 2678 ι
2479 2626 2752 2690 videlicet,
2775 2625 2822 2678 si
2847 2624 3135 2695 aliquando
3153 2623 3291 2679 bene
3309 2623 3427 2677 fue-

1852 2729 1980 2775 runt
2009 2737 2131 2776 cum
2157 2720 2270 2774 Deo
2311 2720 2448 2773 bene
2475 2716 2854 2787 intelligendo,
2893 2715 3244 2769 detraxerunt
3272 2729 3330 2768 se
3357 2714 3426 2768 ab

1852 2813 1973 2878 illo,
2002 2812 2156 2881 quasi
2185 2812 2326 2865 Deus
2371 2811 2643 2880 deciperet
2681 2823 2776 2863 eos
2807 2825 2819 2861 :
2847 2807 3016 2872 velut,
3048 2807 3094 2861 si
3138 2806 3428 2875 aliquando

1852 2921 1948 2976 per
1971 2904 2168 2976 ﬁguras
2205 2919 2292 2958 res
2313 2902 2643 2973 signiﬁcatas
2671 2899 3053 2970 intelligerent,
3079 2896 3429 2952 retrahebant

1853 3013 1931 3064 se,
1965 3013 2062 3052 nec
2092 2997 2339 3067 spiritum
2373 3010 2528 3049 suum
2555 2995 2664 3047 Deo
2693 2991 3117 3046 committebant.

1924 3091 2067 3145 Bene
2088 3089 2208 3144 dico
2242 3107 2259 3138 ι
2291 3085 2566 3158 generatio
2592 3083 2681 3138 illa
2721 3097 2826 3136 non
2849 3081 3045 3136 direxit
3071 3095 3163 3135 cor
3193 3094 3370 3142 suum,
3404 3098 3421 3130 ι

1774 3164 1820 3227 C
1853 3179 1979 3249 quia
2002 3193 2101 3233 nec
2121 3176 2213 3230 ﬁlii
2237 3176 2516 3245 Ephraim,
2543 3174 2632 3242 qui
2658 3172 2908 3227 meliores
2931 3171 3147 3225 fuerunt
3169 3170 3218 3224 in
3234 3167 3429 3238 populo

1856 3269 1948 3324 illo
1978 3285 1991 3322 :
2025 3269 2126 3322 hoc
2152 3268 2282 3322 dicit
2311 3285 2323 3320 :
2362 3285 2380 3317 ι
2412 3266 2532 3320 Filii
2561 3266 2817 3334 Ephrem,
2851 3263 3186 3318 intendentes
3209 3277 3393 3316 arcum
3413 3302 3426 3324 ,

1857 3367 1912 3412 ct
1934 3359 2208 3412 mittentes
2258 3377 2276 3407 ι
2317 3357 2570 3426 sagittzzs,
2605 3374 2623 3405 ‹
2657 3354 2900 3410 conversi
2943 3354 3143 3407 suntin
3172 3353 3257 3406 die
3282 3352 3427 3406 belli.

1855 3446 1962 3501 Per
2003 3445 2409 3500 similitudinem
2439 3444 2604 3508 dicit,
2630 3443 2754 3512 quia
2800 3443 2939 3497 sicut
2965 3441 3179 3511 aliquis,
3223 3441 3433 3497 intenso

1859 3550 2010 3601 arcu,
2037 3535 2270 3588 mitteret
2292 3534 2534 3602 sagittas,
2558 3541 2610 3586 et
2632 3548 2689 3587 se
2714 3542 2964 3602 paratum
2993 3533 3059 3585 ad
3086 3533 3430 3602 pugnandum

1859 3626 2189 3691 ostenderet,
2230 3627 2282 3678 in
2332 3625 2472 3678 bello
2501 3633 2679 3678 autem
2719 3625 2898 3678 statim
2945 3624 3227 3686 deﬁceret,
3261 3625 3336 3678 ita
3382 3633 3436 3678 et

1859 3717 2097 3787 majores
2121 3725 2174 3772 et
2220 3715 2428 3784 praelati
2477 3714 2658 3784 populi
2685 3713 2848 3776 illius,
2879 3727 3001 3766 cum
3026 3728 3084 3766 se
3112 3723 3330 3780 paratos
3368 3714 3436 3766 ad

1860 3810 2140 3865 servitium
2162 3808 2254 3864 Dei
2286 3807 2654 3869 ostenderent,
2679 3805 2917 3860 dicentes
2947 3802 3078 3858 visis
3117 3802 3424 3856 miraculis:

1861 3901 2202 3968 Quaecunque
2248 3895 2521 3968 prmcipiet
2576 3895 2730 3949 nobis
2789 3892 3049 3948 Dominus
3099 3901 3152 3946 et
3206 3892 3436 3946 famulus

1859 3992 1977 4062 ejus
2013 3987 2530 4061 Moyses,,faciemus
2565 4003 2577 4038 :
2623 3973 2803 4039 statim
2833 3999 2862 4037 a
2890 3983 3111 4038 servitio
3143 3983 3234 4036 Dei
3289 3997 3437 4036 rece-

1861 4083 2059 4137 debant
2083 4089 2138 4134 et
2159 4079 2299 4133 idola
2329 4078 2597 4141 colebant,
2624 4085 2679 4131 et
2701 4078 2817 4131 haec
2842 4084 2925 4130 est
2951 4076 3229 4146 parabola,
3257 4085 3311 4131 et
3338 4092 3437 4147 per

1864 4169 2001 4225 ﬁlios
2029 4169 2313 4238 Ephraim,
2346 4168 2436 4237 qui
2467 4165 2699 4235 majores
2739 4166 2959 4220 fuerunt
3003 4167 3054 4220 in
3100 4167 3294 4237 populo
3325 4167 3434 4233 illo,

1862 4261 2068 4332 praelati
2095 4260 2346 4315 Ecclesiae
2385 4257 2774 4327 intelliguntur,
2803 4257 2894 4325 qui
2928 4271 3049 4311 cum
3087 4256 3195 4310 Deo
3233 4257 3438 4312 servire

1865 4372 1924 4411 se
1951 4355 2275 4420 ostendunt;
2311 4362 2514 4417 tamen,
2543 4367 2648 4406 non
2697 4351 3008 4406 resistentes
3047 4353 3436 4408 tentationibus

1865 4447 2084 4511 diaboli,
2107 4453 2492 4502 convertuntur
2518 4443 2570 4498 in
2595 4443 2682 4498 die
2710 4443 2853 4497 belli.

257 4557 383 4611 Haec
413 4554 679 4610 mirabilia
708 4551 837 4606 fecit
867 4549 946 4603 eis
975 4547 1136 4608 Deus,
1169 4564 1188 4596 ι
1224 4553 1280 4599 et
1311 4562 1330 4595 ›
1366 4547 1553 4611 postea
1584 4556 1603 4589 ‹
1639 4552 1761 4593 sus-
1786 4519 1842 4581 Ῑ)
1935 4540 2014 4594 Ita
2041 4547 2167 4594 sunt
2194 4536 2471 4600 conversi,
2516 4535 2640 4603 quia
2676 4554 2694 4585 ι
2727 4549 2831 4587 non
2859 4533 3227 4589 custodierunt
3254 4532 3440 4588 Testa-

183 4647 380 4702 citavit
431 4643 797 4700 testimonium
823 4639 876 4692 in
907 4635 1114 4693 Iacob:
1161 4641 1217 4689 et
1260 4633 1431 4700 legem
1485 4627 1666 4699 posuit
1709 4626 1764 4680 in

184 4736 374 4794 Israel.
413 4755 432 4788 ι
465 4734 570 4789 Per
596 4733 790 4802 legem,
833 4727 1129 4796 accipimus
1171 4720 1564 4794 prohibitiones
1603 4725 1657 4772 et
1686 4717 1768 4771 in-

183 4825 523 4884 structiones
549 4823 711 4884 vitae;
743 4819 916 4889 ipsam
941 4829 1156 4886 quoque
1193 4813 1365 4884 legem
1399 4808 1766 4865 testimonium

179 4926 384 4984 vocat,
416 4914 711 4972 secundum
751 4913 855 4966 hoc
880 4911 1022 4979 quod
1051 4915 1280 4963 testatur
1305 4903 1462 4960 nobis
1508 4911 1766 4956 aeternam

181 5009 564 5070 [nereditatem
601 5018 760 5074 quam
804 4999 1070 5071 promittit
1100 4996 1254 5052 nobis
1282 4995 1442 5049 Deus.
1475 4988 1769 5046 Snscitavit

183 5098 410 5172 proprie
434 5096 586 5160 dicit,
613 5095 741 5164 quia
767 5091 855 5146 lex
880 5087 1144 5144 naturalis
1172 5086 1229 5140 in
1262 5084 1418 5140 nobis
1440 5082 1613 5153 sopita
1646 5079 1765 5145 fuit,

186 5192 263 5247 ad
312 5203 474 5260 quam
519 5184 907 5248 suscitandam,
936 5181 1080 5235 Deus
1106 5177 1255 5234 dedit
1274 5176 1446 5247 legem
1490 5173 1767 5243 scriptam,

188 5297 318 5355 quae
378 5295 498 5336 cum
543 5277 775 5332 naturali
832 5272 1226 5346 quodammodo
1274 5269 1460 5323 eadem
1515 5271 1651 5319 erat.
1705 5262 1774 5317 Et

190 5389 320 5431 cum
350 5372 491 5427 Deus
539 5369 705 5425 multa
746 5367 1002 5422 beneﬁcia
1050 5363 1385 5435 promisisset
1424 5358 1618 5430 populo
1659 5355 1768 5422 illi,

189 5464 352 5521 valde
400 5471 527 5517 sunt
563 5457 910 5528 increpandi,
959 5454 1050 5524 qui
1094 5469 1202 5508 non
1241 5457 1558 5521 receperunt
1593 5449 1767 5518 legem

195 5561 372 5624 illam,
398 5557 452 5612 in
473 5571 580 5626 qua
601 5573 618 5605 ‹
636 5559 859 5623 quanta,
894 5568 911 5600 ι
941 5548 992 5602 id
1013 5555 1115 5612 est,
1137 5560 1298 5615 quam
1315 5541 1541 5598 miriﬁca
1571 5560 1588 5591 ε
1615 5555 1767 5594 man-

195 5650 350 5707 davit
397 5647 640 5718 patribus
693 5642 893 5698 nostris
945 5647 1070 5693 nota
1092 5637 1269 5692 facere
1319 5651 1383 5692 ea
1437 5633 1595 5698 ﬁliis,
1633 5651 1652 5684 ι
1715 5630 1771 5687 id

197 5750 308 5806 est,
336 5746 396 5793 ut
425 5737 766 5793 notiﬁcarent
795 5747 857 5787 ea
895 5730 1147 5802 posteris,
1181 5726 1404 5793 scilicet,
1429 5742 1533 5782 non
1566 5734 1771 5782 tantum

653 5829 932 5888 PATBOL.
967 5818 1186 5883 CXVI.

1867 4640 2107 4687 mentum
2133 4628 2282 4694 Dei,»
2309 4626 2484 4681 ethoc
2507 4642 2612 4680 non
2639 4640 2704 4680 ex
2730 4623 3037 4679 difﬁcultate
3049 4625 3320 4694 praecepti,
3346 4625 3440 4680 sed

1869 4723 1995 4793 quia
2024 4721 2348 4784 noluerunt,
2375 4724 2429 4771 et
2459 4717 2562 4770 hoc
2593 4715 2723 4770 dicit
2761 4755 2773 4767 .
2804 4732 2822 4765 ι
2865 4723 2920 4768 et
2948 4715 3003 4769 in
3053 4714 3171 4784 lege
3196 4713 3311 4783 ejus
3341 4731 3438 4770 no-

1869 4812 2085 4884 luerunt
2111 4809 2415 4873 ambulare;
2439 4827 2456 4859 ι
2476 4806 2722 4861 similiter
2745 4804 2870 4859 mali
2896 4803 3188 4860 Christiani
3213 4807 3438 4863 faciunt.

1940 4905 2009 4959 Et
2036 4912 2232 4974 prmter
2256 4903 2378 4966 hoc,
2415 4918 2434 4951 ‹
2464 4899 2618 4954 obliti
2662 4907 2786 4953 sunt
2827 4897 3232 4954 benefactorum
3270 4899 3386 4968 ejus
3417 4919 3436 4950 ι

1872 4996 2016 5051 velut
2045 4993 2389 5049 refectionem
2426 4991 2478 5044 in
2509 4989 2742 5054 deserto,
2779 5007 2797 5042 ι
2834 4997 2890 5044 et
2913 4988 3241 5043 mirabilium
3287 4986 3438 5054 ejus,

1875 5101 1995 5155 quae
2020 5083 2256 5138 ostendit
2295 5080 2396 5146 eis,
2450 5099 2468 5132 ι
2497 5078 2662 5134 veluti
2709 5078 2988 5150 plagarum
3029 5090 3164 5145 quas
3207 5077 3444 5131 ostendit

1877 5175 2144 5248 Egyptiis
2174 5172 2361 5245 (Num.
2399 5171 2482 5244 ιι).

1953 5289 1970 5320 ε
1989 5267 2200 5322 Coram.
2223 5283 2241 5316 ι
2259 5263 2441 5319 Tertia
2463 5278 2607 5334 pars.
2630 5261 2850 5321 Horum,
2873 5258 3443 5324 scilicetmirabilimn,

1885 5383 1904 5415 ‹
1937 5377 2116 5418 coram
2149 5359 2394 5430 patribus
2426 5373 2612 5413 eorum
2650 5377 2667 5409 ι
2705 5355 2883 5426 Moyse
2926 5362 2982 5408 et
3025 5354 3226 5417 Aaron,
3263 5371 3281 5403 ‹
3321 5351 3449 5407 fecit

1878 5453 2141 5510 mirabilia
2167 5453 2217 5507 in
2239 5460 2385 5507 terra
2409 5451 2648 5521 Egypti,
2671 5468 2688 5500 ι
2718 5455 2789 5512 et,
2817 5456 2875 5501 ut
2895 5446 3153 5516 majorem
3177 5443 3448 5513 relinquat

1878 5544 2250 5601 certitudinem
2277 5583 2292 5608 ,
2337 5541 2660 5598 determinat
2705 5538 2878 5592 locum
2906 5577 2922 5603 ,
2969 5552 3090 5592 cum
3127 5535 3293 5588 dicit:
3339 5553 3357 5585 ‹
3393 5537 3446 5590 in

1879 5651 2068 5705 campo
2091 5633 2357 5689 Thaneos.
2403 5652 2420 5684 ›
2452 5629 2656 5684 Thanis
2682 5635 2764 5683 est
2801 5627 2990 5681 civitas
3027 5623 3246 5696 Egypti
3270 5664 3283 5690 ,
3307 5625 3450 5694 apud

1880 5740 2039 5796 quam
2066 5725 2250 5779 decem
2274 5723 2441 5792 plaga:
2469 5720 2621 5774 farta:
2649 5726 2805 5783 sunt,
2828 5723 2882 5772 et
2910 5716 3295 5785 interpretatur
3319 5733 3331 5768 :
3357 5717 3453 5771 hu-

2952 5798 3058 5868 ’15
