3940 6480
517 397 622 450 459

976 389 1329 447 HAYMONIS
1365 384 1838 445 HALBERSTAT.
1881 382 2094 440 EPISC.
2132 380 2285 439 OPP.
2326 375 2506 434 PARS
2539 376 2584 433 l.
2620 407 2690 418 —-
2723 373 3079 432 COMMENT.
3118 372 3288 430 BlBL.

3684 372 3797 430 ‘60

518 506 646 559 mile
661 505 989 554 mandatum.
1009 500 1413 568 Allegoricezln
1435 499 1687 569 Egypto,
1712 497 1763 551 id
1785 504 1888 562 est,
1926 497 1978 550 in
2001 505 2079 550 te—
2106 499 2160 557 Α
2183 493 2348 549 locuti
2386 499 2513 547 sunt
2540 491 2605 546 de
2634 489 2765 553 Deo,
2807 507 2825 540 ι
2874 489 3115 542 dicentes
3165 504 3178 541 :
3216 507 3235 540 ι
3287 486 3539 558 nunquid
3575 488 3795 557 poterit
3863 511 3868 514 ·

519 589 703 645 nebris
733 588 892 657 hujus
915 589 1061 650 vitae,
1088 588 1214 641 facit
1241 588 1382 640 Deus
1411 588 1674 639 mirabilia
1699 601 1880 638 coram
1907 584 2081 652 patri-

517 680 620 733 bus
634 677 835 732 nostris
852 675 1238 745 spiritualibus,
1257 690 1375 727 cum
1396 689 1493 742 per
1514 672 1871 727 ministerium
1894 685 2082 726 eorum

519 770 675 824 nobis
705 776 924 838 peccata
951 765 1192 838 _dimittit
1239 773 1293 818 et
1347 766 1577 834 gratiam
1625 763 1807 819 Sancti
1850 763 2084 833 Spiritus

522 834 727 916 tribuit:
754 859 852 914 Vel
891 834 990 927 pe.r
1016 856 1281 910 mirabilia
1315 856 1643 926 accipiamus
1676 854 1962 910 invisibilia
1984 894 1999 920 ,
2027 861 2086 907 et

520 956 624 1008 hoc
679 953 808 1008 facit
849 952 1004 1006 nobis
1048 952 1172 1004 dum
1220 966 1405 1005 sumus
1451 951 1504 1004 in
1534 966 1756 1020 campo,
1787 950 1839 1004 id
1882 958 1996 1016 est,
2028 949 2084 1004 in

517 1042 738 1112 planitie
768 1038 926 1108 hujus
949 1040 1074 1093 vitae
1099 1057 1112 1092 :
1142 1053 1332 1108 campo
1359 1038 1480 1092 dico
1513 1037 1790 1102 Thaneos,
1820 1037 1872 1092 id
1899 1045 2003 1103 est,
2028 1037 2084 1092 in

518 1147 624 1202 quo
650 1130 805 1184 nobis
833 1138 918 1183 est
944 1127 1229 1182 vivendum
1263 1143 1356 1196 per
1379 1127 1580 1182 humile
1607 1128 1940 1181 mandatum.

586 1219 644 1274 In
694 1218 927 1290 Egypto
974 1216 1102 1272 fecit
1151 1216 1458 1280 mirabilia,
1499 1224 1554 1269 et
1601 1215 1832 1269 educens
1878 1229 1972 1269 eos
2021 1213 2086 1269 de

516 1308 752 1380 Egypto
795 1307 989 1378 (Ex-od.
1034 1305 1168 1376 xxv),
1200 1323 1218 1354 ι
1255 1305 1539 1372 interrupit
1566 1319 1714 1358 mare
1752 1324 1769 1355 ι
1803 1303 2082 1369 Rubrum,

524 1390 634 1454 ιἐι
660 1397 911 1468 perduxit
937 1408 1029 1450 eos
1059 1413 1076 1444 ι
1105 1408 1274 1462 usque
1297 1393 1364 1447 ad
1393 1393 1536 1447 aliud
1565 1393 1734 1456 littus,
1768 1411 1785 1442 ε
1819 1402 1874 1446 ει
1898 1391 2088 1446 statuit

517 1506 686 1561 aquas
719 1509 737 1542 ›
771 1487 956 1550 maris,
989 1505 1007 1537 ι
1037 1486 1188 1555 quasi
1212 1486 1264 1539 in
1291 1493 1410 1539 utre
1440 1504 1457 1536 ι
1488 1483 1730 1547 stabiles,
1759 1482 1902 1537 nullo
1927 1483 2086 1537 modo

518 1581 766 1645 ﬂuentes,
797 1577 1044 1633 similiter
1069 1591 1204 1645 aqua
1225 1574 1477 1643 baptismi
1501 1575 1820 1643 interrupta,
1853 1574 1977 1641 quia
2004 1582 2086 1625 est

519 1669 640 1723 aliis
666 1667 830 1732 salus,
855 1667 975 1721 aliis
1002 1680 1174 1730 mors;
1191 1665 1546 1733 perducitnos
1569 1663 1709 1717 Deus
1732 1663 1799 1715 ab
1821 1661 2082 1733 ASgypto,

521 1761 724 1816 scilicet
747 1760 814 1814 ab
833 1757 1145 1812 inﬁdelitate
1172 1756 1237 1810 ad
1252 1756 1593 1810 securitatem
1611 1754 1849 1809 caelestis
1861 1753 2048 1822 patria:
2064 1770 2077 1805 :

2179 586 2322 640 Deus
2349 599 2540 654 parare
2577 596 2816 637 mensam
2845 581 2897 634 in
2929 580 3178 635 deserto?
3204 600 3222 632 ι
3261 587 3316 634 ει
3350 581 3646 636 rationem
3680 596 3788 651 qua

2179 684 2361 749 posset
2400 677 2478 732 eis
2521 677 2680 746 objici
2708 675 3032 747 confringit,
3063 691 3127 729 ac
3151 675 3197 729 si
3226 675 3300 729 ita
3327 674 3545 729 diceret
3576 692 3592 727 :
3634 673 3791 730 Licet

2180 765 2322 822 Deus
2351 767 2405 821 in
2440 769 2651 822 deserto
2681 767 2836 822 nobis
2865 781 3060 836 aquam
3103 765 3368 830 dedisset,
3397 763 3784 820 refectionem

2182 867 2364 914 tamen
2413 858 2571 912 aliam
2620 857 2748 912 dare
2792 873 2900 911 non
2953 857 3184 927 poterit,
3227 857 3354 926 quia
3387 855 3661 910 naturale
3707 868 3786 912 est

2182 959 2350 1022 petrae
2375 959 2435 1005 ut
2474 965 2613 1020 aqua
2644 949 2766 1004 inde
2792 958 2980 1014 exeat;
3013 964 3205 1018 panem
3233 963 3362 1002 vero
3388 957 3442 1002 et
3487 947 3672 1002 aliam
3700 963 3780 1004 re-

2183 1043 2470 1099 fectionem
2493 1044 2546 1097 in
2571 1041 2873 1110 huiusmodi
2903 1042 3020 1096 loco
3053 1041 3292 1095 invenire
3316 1039 3546 1094 diﬁicile
3575 1049 3689 1094 est.

2253 1135 2320 1189 Et
2355 1135 2456 1189 hoc
2501 1134 2675 1188 dicit:
2716 1152 2734 1184 (
2783 1133 3047 1200 Quoniam
3090 1132 3356 1201 percussit
3399 1140 3636 1202 petram
3664 1172 3679 1198 ,
3729 1141 3779 1188 et

2184 1223 2452 1279 ﬂuxerunt
2483 1239 2654 1292 aqum,
2690 1232 2744 1278 et
2775 1231 3041 1277 torrentes
3061 1222 3489 1276 inundaverunt.

2262 1332 2279 1362 σ
2317 1312 2568 1381 Nunquid
2596 1332 2614 1363 ›
2663 1312 2789 1365 licet
2813 1311 2913 1364 hoc
2944 1310 3187 1375 fecisset,
3217 1327 3236 1361 ι
3266 1317 3321 1364 ει
3343 1323 3555 1380 panem
3586 1310 3772 1380 poterit

2187 1403 2314 1458 dare
2341 1421 2358 1451 ›
2387 1403 2438 1456 in
2464 1402 2565 1455 hoc
2584 1401 2815 1465 deserto,
2851 1420 2868 1450 ι
2898 1409 2990 1453 aut
3008 1415 3202 1469 parare
3230 1416 3505 1462 mensam,
3534 1420 3557 1451 ι
3596 1401 3650 1452 id
3677 1409 3767 1462 est,

2186 1507 2293 1546 non
2323 1491 2490 1546 solum
2521 1507 2745 1561 panem,
2775 1490 2868 1544 sed
2891 1490 3051 1545 etiam
3079 1491 3348 1559 copiosam
3371 1488 3764 1554 refectionem;

2188 1595 2287 1634 nec
2320 1581 2440 1634 dico
2460 1581 2646 1648 paucis
2664 1578 2995 1643 hominibus,
3024 1581 3118 1634 sed
3145 1599 3163 1631 ‹
3193 1580 3390 1649 populo
3411 1596 3542 1644 suo,
3568 1599 3587 1631 ι
3611 1581 3763 1638 idest.

2189 1678 2352 1724 tantm
2388 1669 2736 1724 multitudini.
2764 1669 2878 1723 Hoc
2903 1669 3121 1738 quidem
3167 1669 3509 1739 impossibile
3538 1679 3647 1724 est.
3685 1670 3763 1724 Sic

2189 1761 2405 1831 quidam
2456 1761 2510 1814 in
2537 1760 2778 1815 Ecclesia
2798 1801 2812 1827 ,
2841 1759 2968 1814 licet
2994 1759 3266 1815 Christum
3295 1776 3397 1831 pro
3433 1762 3604 1816 nobis
3639 1777 3761 1816 mor-

521 1859 576 1905 θι
602 1863 789 1919 aquas,
815 1845 1005 1901 ﬂuctus
1032 1843 1190 1913 huius
1215 1845 1418 1910 5330"“.
1459 1845 1647 1899 δωῑυίῐ
1671 1843 1827 1913 quasi
1861 1844 1916 1897 ίη
1940 1850 2081 1910 “ire,
2115 1855 2162 1916 B
2190 1861 2360 1919 tuum,
2385 1852 2758 1918 conﬁteantur,
2809 1862 2865 1908 et
2891 1853 3144 1922 baptismi
3173 1869 3366 1923 aquam
3396 1855 3466 1909 ad
3498 1856 3761 1910 remissio-

520 1941 645 2011 quia
673 1939 748 1994 ita
774 1937 1088 2008 compescit,
1114 1938 1258 2006 quod
1279 1937 1530 2007 deinceps
1558 1952 1664 1991 non
1687 1945 1912 2006 possunt
1931 1936 2086 1991 nobis

519 2029 804 2085 dominari.

595 2138 615 2171 ‹
653 2119 721 2174 Ει
745 2117 966 2174 deduxit
987 2131 1104 2182 eos,
1141 2136 1159 2169 ι
1182 2125 1303 2185 post
1329 2116 1531 2170 exitum
1559 2116 1725 2171 maris
1754 2115 1944 2182 Rubri,
1979 2134 1998 2167 α
2031 2115 2086 2170 in

519 2211 662 2264 nube
690 2208 794 2265 diei
829 2225 850 2260 ι
881 2221 1000 2277 qua:
1027 2214 1149 2263 erat
1188 2207 1268 2262 eis
1298 2207 1350 2260 in
1392 2205 1731 2277 refrigerium
1773 2223 1786 2258 :
1827 2224 1845 2258 ι
1881 2213 1935 2260 ει
1973 2213 2086 2261 tota

520 2309 676 2356 nocte
696 2300 752 2354 in
776 2298 1168 2353 illuminatione
1193 2297 1348 2368 ignis.
1363 2297 1494 2353 iPer
1512 2299 1710 2353 nubem
1733 2297 1860 2361 diei,
1883 2295 2086 2353 Christi

519 2392 909 2448 humanitatem
941 2390 1227 2462 signiﬁcat,
1255 2390 1310 2445 in
1334 2405 1438 2460 qua
1468 2389 1723 2445 divinitas
1751 2390 1930 2455 latuit,
1967 2405 2088 2460 qua:

517 2484 674 2539 nobis
726 2490 948 2554 praestat
994 2480 1334 2552 refrigerium
1372 2490 1558 2537 contra
1606 2482 1874 2537 incentiva
1923 2482 2083 2536 vitio-

519 2592 636 2631 rum
665 2595 676 2629 :
710 2590 806 2646 per
831 2573 1136 2630 columnam
1159 2575 1320 2645 ignis,
1361 2574 1606 2629 eamdem
1640 2573 1839 2628 Christi
1867 2587 2084 2627 carnem

517 2668 885 2738 intelligimus,
930 2682 1049 2738 qua:
1094 2666 1413 2722 illuminavit
1460 2667 1515 2720 in
1559 2676 1742 2731 nocte,
1772 2666 1825 2720 id
1867 2675 1982 2731 est,
2032 2667 2085 2720 in

517 2761 822 2833 ignorantia
850 2758 1010 2828 hujus
1028 2761 1184 2824 vitae,
1214 2759 1336 2830 igne
1360 2758 1592 2829 Spiritus
1621 2758 1825 2813 Sancti.

596 2872 615 2905 ι
653 2853 944 2923 interrupit
988 2862 1200 2922 petram
1244 2853 1299 2906 in
1333 2866 1516 2907 eremo
1567 2851 1762 2922 (Exod.
1814 2850 1980 2921 xvu),
2032 2859 2086 2904 et

521 2945 810 3014 adaquavit
843 2959 938 2998 eos
974 2943 1119 2997 velut
1158 2943 1212 2996 in
1245 2941 1469 3013 abysso,
1516 2940 1706 3004 multa,
1744 2959 1761 2990 ι
1797 2940 2001 2994 scilicet
2032 2939 2086 2992 in

519 3036 608 3090 illa
655 3034 1015 3105 profunditate
1059 3048 1321 3101 aquarum
1376 3041 1622 3102 poterant
1674 3030 1862 3085 melius
1910 3029 2082 3084 reﬁci.

522 3127 684 3185 Petra
707 3127 1003 3199 interrupta
1025 3125 1079 3183 in
1101 3139 1282 3181 eremo
1297 3165 1310 3188 ,
1339 3122 1611 3195 signiﬁcat
1634 3121 1904 3176 Christum
1927 3121 2082 3175 nobis

2190 1959 2314 1998 nem
2337 1952 2677 2014 peccatorum
2700 1944 2882 2000 valere
2907 1946 3223 2011 concedant,
3255 1955 3441 2000 tamen
3470 1947 3544 2000 de
3571 1961 3752 2009 mensa,

2186 2033 2242 2089 id
2280 2043 2385 2099 est,
2425 2035 2492 2089 de
2539 2032 2831 2089 refectione
2868 2033 3135 2088 Dominici
3181 2035 3460 2105 corporis,
3500 2036 3754 2099 dubitant,

2186 2141 2292 2181 non
2317 2127 2598 2181 credentes
2623 2126 2767 2196 quod
2803 2126 2943 2182 Deus
2969 2127 3140 2196 possit
3165 2142 3259 2182 eos
3288 2143 3527 2198 corpore
3554 2137 3612 2183 et
3649 2145 3752 2184 san-

2187 2217 2349 2289 guine
2363 2216 2486 2271 Filii
2516 2217 2598 2272 sui
2624 2218 2677 2271 in
2705 2217 2810 2272 hoc
2829 2216 3044 2272 deserto
3067 2217 3226 2288 hujus
3248 2219 3371 2272 vitae
3398 2234 3654 2288 pascere.

2263 2327 2282 2359 ε
2318 2307 2463 2362 Ideo.
2529 2327 2548 2360 ι
2601 2307 2803 2373 Quarta
2849 2323 2994 2377 pars.
3031 2306 3123 2363 Sic
3165 2317 3518 2364 tentaverunt
3573 2311 3752 2375 Deum.

2193 2416 2211 2448 ι
2237 2397 2355 2452 ideo
2369 2397 2573 2452 audivit
2596 2399 2867 2462 Dominus,
2899 2417 2917 2450 ι
2945 2400 2999 2453 id
3019 2408 3124 2464 est,
3152 2399 3441 2468 intellexit,
3467 2403 3752 2472 etimplen't

2186 2489 2474 2558 petitiones
2502 2504 2709 2554 eorum,
2738 2504 2805 2543 ne
2829 2491 2873 2544 si
2896 2491 3078 2545 statim
3109 2491 3444 2546 interficeret
3472 2509 3596 2557 eos,
3620 2504 3751 2562 puta-

2185 2586 2336 2632 retur
2360 2579 2648 2648 impotens,
2677 2579 2817 2634 sicut
2838 2579 2912 2634 illi
2941 2580 3212 2637 dicebant.
3265 2581 3490 2636 Audivit
3518 2583 3643 2638 dico
3664 2605 3679 2634 ε
3706 2595 3749 2637 et

2189 2669 2396 2724 distulit
2428 2689 2446 2721 ι
2490 2685 2704 2739 ptenam
2758 2670 2956 2725 inferre
3004 2672 3113 2735 eis,
3164 2682 3223 2726 ut
3263 2673 3414 2741 prius
3456 2675 3745 2728 ostenderet

2187 2777 2339 2816 suam
2393 2761 2686 2831 potentiam
2740 2761 3008 2831 implendo
3033 2776 3221 2816 eorum
3256 2765 3588 2831 petitiones,
3643 2784 3659 2814 ε
3704 2776 3747 2817 et

2188 2850 2347 2920 ignis,
2381 2869 2396 2896 ι
2426 2850 2478 2904 id
2500 2858 2602 2914 est,
2633 2851 2714 2904 ira
2734 2850 2829 2904 Dei
2878 2870 2896 2899 ‹
2932 2866 3190 2906 accensus
3212 2862 3296 2906 est
3321 2853 3373 2906 in
3392 2852 3566 2908 Jacoh
3599 2875 3616 2906 ›
3644 2871 3742 2909 car-

2187 2941 2384 3005 nalem,
2412 2941 2462 2994 id
2493 2950 2593 3005 est,
2621 2942 2676 2994 in
2709 2942 2962 3006 minores,
2995 2961 3012 2992 ι
3050 2951 3103 2996 ει
3128 2943 3208 2996 ira
3229 2942 3346 3007 Dei,
3389 2963 3406 2995 ι
3446 2946 3499 2999 id
3520 2955 3627 3010 est,
3650 2944 3744 2998 vin-

2188 3032 2331 3086 dicta
2381 3051 2399 3082 (
2436 3033 2679 3086 ascendit
2706 3052 2722 3082 ι
2761 3033 3112 3102 multiplicata
3141 3044 3225 3089 est
3271 3053 3289 3084 ‹
3345 3037 3396 3089 in
3440 3036 3628 3100 Israel,
3662 3058 3677 3087 ι
3702 3035 3741 3089 id

2188 3132 2272 3177 est
2309 3131 2496 3176 contra
2524 3121 2753 3190 majores
2777 3122 3102 3177 Judaeorum.
3131 3123 3224 3179 Vel
3252 3125 3322 3178 ita
3353 3143 3365 3178 :
3395 3127 3601 3181 audivit
3625 3127 3742 3185 Deus

519 3224 749 3278 scissum
793 3231 846 3276 et
885 3222 1218 3275 vulneratum
1249 3221 1302 3274 in
1334 3215 1435 3274 hoc
1463 3213 1684 3284 mundo,
1705 3212 1844 3272 unde
1871 3215 2062 3288 preces
2113 3207 2158 3276 C
2190 3213 2309 3273 illos
2341 3213 2566 3282 ludzms,
2612 3221 2666 3271 ct
2714 3213 2917 3272 distulit
2939 3229 3153 3288 pinnam
3187 3215 3416 3282 illorum,
3448 3231 3506 3276 et
3549 3233 3744 3292 propter

520 3313 588 3366 sit
619 3313 911 3382 spiritualis
946 3323 1000 3367 et
1027 3311 1309 3367 ineﬁ‘abilis
1350 3310 1590 3367 refectio.

590 3405 718 3460 Dico
783 3424 801 3455 ι
859 3413 1065 3474 petram
1108 3403 1426 3474 interrupit,
1479 3411 1534 3457 et
1590 3403 1656 3457 de
1708 3411 1860 3472 petra
1902 3400 2088 3455 eduxit

521 3511 738 3567 aquam,
768 3514 787 3547 ι
818 3495 873 3549 in
917 3510 1024 3564 quo
1053 3495 1148 3549 Dei
1190 3511 1380 3566 magna
1416 3494 1657 3563 potentia
1699 3502 1755 3548 et
1799 3491 2087 3546 ineffabilis

519 3603 647 3658 erga
695 3601 792 3642 nos
837 3594 1056 3641 notatur
1080 3586 1415 3656 benignitas;
1450 3603 1470 3635 ‹
1506 3593 1560 3639 ει
1583 3583 1804 3640 deduxit
1833 3590 2086 3652 tanquam

519 3677 742 3733 ﬁumina
775 3692 967 3748 aquas,
1001 3696 1020 3729 ι
1049 3677 1172 3747 quia
1200 3677 1348 3731 rivus
1375 3675 1462 3730 ille
1486 3675 1783 3745 procedens
1821 3673 1888 3728 de
1911 3681 2086 3744 petra,

520 3770 846 3841 sequebatur
872 3783 965 3824 eos
999 3783 1096 3839 per
1124 3768 1416 3830 desertum,
1450 3773 1503 3819 et
1544 3765 1892 3820 refectionem
1923 3761 2084 3816 mini-

519 3861 754 3929 strabat;
796 3876 895 3933 per
916 3875 1075 3931 quam
1105 3873 1299 3929 aquam
1328 3855 1674 3925 intelligimus
1711 3854 1938 3924 gratiam
1975 3853 2085 3921 spi-

519 3954 731 4009 ritalem
759 3991 776 4019 ,
831 3966 970 4021 quaa,
1003 3951 1068 4004 de
1107 3949 1322 4004 Christo
1352 3947 1648 4017 procedens
1671 3984 1686 4010 ,
1740 3945 2088 3999 refectionem

518 4061 616 4119 per
650 4054 818 4100 totum
849 4043 1106 4096 mundum
1153 4039 1491 4093 ministrabat
1543 4035 1736 4105 populo
1788 4035 1904 4088 Dei.
1935 4034 2089 4102 Aqua

520 4137 664 4190 enim
691 4149 812 4204 qua
837 4133 892 4186 in
919 4129 1255 4192 cruceﬁuxit
1283 4129 1348 4184 de
1374 4128 1543 4181 latere
1574 4126 1811 4190 Domini,
1836 4124 2088 4194 baptismi

521 4225 852 4280 ablutionem
899 4221 1053 4275 nobis
1097 4217 1447 4290 significavit,
1502 4226 1555 4269 et
1606 4216 1742 4270 alias
1784 4214 2089 4285 spirituales

494 4311 725 4385 .gratias
752 4307 1095 4380 signiﬁcavit,
1118 4306 1310 4376 quibus
1348 4313 1567 4375 peccata
1604 4313 1788 4358 nostra
1817 4303 2085 4357 lavantur.

595 4401 697 4455 Tot
739 4399 1000 4456 beneﬁcia
1027 4396 1353 4453 contuliteis
1374 4395 1535 4462 Deus,
1572 4413 1590 4446 σ
1627 4404 1680 4450 ει
1708 4415 1728 4447 ι
1777 4404 1955 4449 tamen
1987 4393 2088 4462 ipsi

523 4493 700 4550 adhuc
725 4511 742 4542 ‹
764 4500 1125 4561 apposuerunt
1137 4489 1310 4542 adhuc
1321 4503 1547 4558 peccare
1569 4487 1616 4541 ei
1636 4503 1650 4551 ;
1667 4487 1722 4540 in
1739 4487 1872 4541 iram
1887 4487 2090 4541 excita-

521 4593 734 4650 verunt,
759 4602 778 4635 ›
813 4583 866 4637 id
891 4583 1075 4647 est,ad
1093 4583 1193 4636 hoc
1217 4589 1276 4635 ut
1302 4581 1593 4636 vindictam
1621 4580 1687 4634 de
1708 4581 1787 4634 eis
1815 4589 2083 4644 sumeret,

519 4683 947 4747 provocaverunt
979 4690 998 4721 ε
1027 4671 1305 4727 Excelsum
1331 4673 1382 4726 in
1412 4672 1691 4740 inaquoso,
1726 4690 1744 4722 ι
1772 4670 1824 4725 id
1849 4679 1955 4736 est,
1989 4670 2084 4725 de-

521 4776 688 4832 serto,
719 4767 863 4837 quod
892 4775 1080 4819 natura
1112 4766 1426 4834 inaquosum
1455 4775 1574 4830 est,
1618 4765 1888 4834 signiﬁcat
1923 4765 2086 4820 aridi-

520 4867 689 4912 tatem
721 4856 900 4912 cordis
950 4871 1154 4911 eorum.
1190 4857 1450 4911 Similiter
1479 4855 1605 4910 mali
1631 4855 1926 4910 Christiani
1962 4864 2088 4926 post

520 4950 685 5006 multa
718 4949 810 5004 Dei
837 4949 1091 5004 beneﬁcia
1113 4990 1127 5014 ,
1169 4950 1234 5003 ad
1269 4950 1403 5003 iram
1431 4965 1553 5004 eum
1579 4957 1894 5019 provocant,
1921 4948 1976 5002 in
2006 4949 2086 5003 in-

520 5055 742 5109 aquoso,
771 5040 823 5094 id
849 5049 950 5104 est,
979 5040 1032 5094 in
1062 5040 1228 5094 sterili
1253 5040 1413 5094 corde
1435 5054 1644 5094 eorum.

587 5137 646 5190 In
676 5138 809 5191 iram
839 5138 1232 5199 excitaverunt,
1256 5143 1310 5190 et
1331 5135 1434 5189 hoc
1461 5152 1567 5190 non
1593 5135 1710 5190 sine
1742 5149 1906 5190 causa
1935 5153 1954 5186 ι
1992 5136 2088 5190 sed

518 5226 665 5295 quia,
693 5234 1032 5280 tentaverunt
1057 5224 1223 5278 Deum
1258 5225 1310 5277 in
1354 5225 1607 5279 cordibus
1632 5224 1779 5278 suis:
1819 5242 1839 5278 ι
1887 5225 1956 5280 ad
1986 5225 2087 5280 hoc

524 5333 545 5366 ι
575 5324 636 5369 ιιι
681 5323 927 5384 peterent
953 5329 1104 5368 escas
1136 5313 1418 5369 animabus
1444 5313 1574 5377 suis,
1625 5332 1642 5363 ι
1673 5312 1724 5367 id
1752 5321 1854 5380 est,
1889 5315 2088 5384 quibus

518 5407 658 5462 escis
691 5406 858 5460 vitam
906 5414 1205 5460 servarent.
1244 5404 1321 5458 Ita
1369 5412 1422 5457 et
1455 5403 1580 5457 mali
1622 5403 1913 5458 Christiani
1970 5414 2088 5460 ten-

518 5505 719 5565 tantes,
747 5513 777 5551 a
814 5497 922 5553 Deo
941 5506 1128 5566 petunt
1158 5494 1462 5566 corporales
1491 5509 1642 5550 escas
1663 5536 1677 5560 ,
1707 5495 1790 5550 vel
1833 5497 2086 5566 spiritua-

519 5588 620 5655 les,
649 5589 811 5644 veluti
834 5587 1135 5652 scientiam,
1158 5595 1213 5641 et
1238 5585 1430 5641 similia
1458 5603 1469 5638 :
1503 5593 1556 5641 et
1587 5586 1727 5640 bona
1756 5599 1874 5656 qua:
1895 5602 2088 5657 possu-

520 5695 661 5745 mus,
687 5695 792 5734 non
821 5679 1116 5748 explemus.

591 5770 832 5824 Ostendit
856 5770 1120 5834 quomodo
1150 5773 1514 5830 tentaverunt,
1539 5767 1721 5822 dicens
1749 5784 1762 5820 :
1801 5785 1818 5818 ‹
1857 5766 1922 5821 Ει
1944 5767 2083 5822 male

2187 3309 2289 3363 hoc
2317 3308 2454 3379 ignis
2476 3307 2782 3362 dilectionis
2808 3323 3068 3363 accensus
3093 3319 3180 3364 est
3206 3311 3259 3364 in
3289 3309 3482 3374 Jacob,
3515 3313 3567 3366 id
3585 3322 3679 3377 est,
3702 3313 3744 3366 in

2186 3402 2443 3471 populum
2498 3401 2979 3471 supplantatorem,
3031 3403 3236 3458 scilicet
3281 3405 3570 3474 gentilem,
3631 3407 3744 3474 quia

2188 3492 2416 3561 contigit
2463 3493 2676 3547 caecitas
2737 3493 2792 3547 in
2831 3492 2996 3547 Israel
3081 3503 3140 3548 ut
3185 3493 3465 3564 plenitudo
3516 3495 3744 3552 Gentium

2188 3582 2435 3638 intraret.

2257 3676 2402 3747 Ignis
2452 3677 2573 3732 dico
2599 3691 2859 3733 accensus
2882 3685 2966 3732 est
3008 3677 3062 3732 in
3101 3677 3289 3748 gentili
3330 3679 3549 3748 papula,
3587 3689 3642 3734 et
3678 3680 3747 3734 ira

2188 3766 2432 3822 ascendit
2461 3767 2514 3819 in
2551 3765 2736 3831 Israel,
2772 3767 2825 3821 id
2876 3775 2976 3832 est,
3019 3767 3074 3821 in
3121 3766 3355 3832 Judeos,
3393 3769 3512 3823 ideo
3565 3787 3583 3820 σ
3633 3768 3750 3837 quia

2191 3872 2298 3912 non
2323 3856 2666 3911 crediderunt
2687 3857 2743 3911 in
2773 3856 2908 3926 Deo,
2932 3872 3033 3913 nec
3068 3872 3309 3928 sperach
3325 3866 3410 3913 unt
3433 3859 3488 3913 in
3523 3857 3754 3917 salutari

2190 3948 2326 4018 ejus,
2359 3968 2377 4000 ι
2413 3948 2466 4002 id
2506 3957 2621 4013 est,
2665 3948 2720 4002 in
2763 3949 3061 4005 salvatione
3102 3951 3238 4021 ejus,
3267 3951 3430 4021 utqui
3455 3965 3552 4020 per
3599 3966 3754 4007 mare

2191 4038 2418 4094 duxerat
2471 4055 2597 4106 eos,
2656 4039 3006 4097 refectionem
3063 4058 3218 4114 aqua:
3268 4045 3668 4101 ministraverat
3703 4053 3754 4100 et

2193 4145 2434 4186 mensam
2460 4148 2588 4201 para
2596 4148 2652 4187 re
2677 4143 2880 4204 posset.

2267 4243 2284 4275 ‹
2309 4224 2373 4278 Ει
2393 4226 2688 4280 mandavit.
2720 4246 2738 4278 ›
2765 4226 3012 4282 Ostendit
3031 4229 3299 4297 quomodo
3320 4229 3464 4284 Deus
3479 4229 3748 4299 petitiones

2191 4327 2381 4369 eorum
2432 4315 2761 4385 adimplevit.
2814 4316 2982 4382 Dico,
3047 4318 3252 4372 audivit
3305 4333 3397 4373 eos
3462 4319 3744 4383 Dominus,

2197 4422 2217 4455 ι
2247 4412 2302 4458 ει
2328 4424 2346 4457 ›
2371 4405 2493 4460 ideo
2524 4424 2542 4456 ι
2573 4407 2844 4461 mandavit
2865 4407 3096 4462 nubibus
3125 4409 3373 4477 desuper,
3405 4429 3424 4461 ›
3453 4410 3506 4464 id
3538 4420 3650 4475 est,
3670 4426 3745 4464 sn-

2191 4496 2392 4566 periori
2410 4497 2522 4552 aeri
2538 4497 2821 4567 imperavit
2843 4498 3125 4563 Dominus,
3141 4506 3200 4552 ut
3220 4499 3429 4568 plueret
3446 4500 3528 4554 eis
3543 4500 3746 4560 victum,

2195 4599 2249 4644 et
2271 4590 2385 4659 ipse
2407 4588 2668 4646 Dominus
2695 4609 2714 4641 ι
2744 4599 2800 4646 ει
2815 4589 3012 4658 januas
3034 4591 3158 4647 caeli
3186 4592 3414 4662 aperuit,
3441 4612 3460 4644 ι
3480 4593 3537 4647 id
3561 4602 3639 4648 est
3668 4607 3745 4645 ca-

2195 4687 2429 4734 taractas
2456 4679 2577 4734 cmli
2601 4679 2819 4744 scilicet,
2848 4681 2964 4737 vias
2989 4681 3114 4738 celi
3147 4696 3244 4751 per
3281 4698 3416 4754 quas
3445 4682 3632 4753 pluvia
3655 4696 3747 4737 coe-

2193 4769 2347 4825 lestis
2374 4772 2440 4825 ad
2460 4785 2554 4826 eos
2583 4773 2880 4826 descendit.

2270 4877 2289 4909 ‹
2327 4858 2394 4915 Ει
2419 4859 2553 4929 pluit
2581 4859 2687 4914 illis
2713 4876 2908 4915 manna
2941 4861 3010 4916 ad
3032 4860 3485 4927 manducandum,
3522 4881 3543 4914 ι
3578 4863 3629 4918 id
3653 4871 3746 4925 est.

2195 4949 2340 5020 quod
2371 4949 2470 5018 ipsi
2505 4951 2913 5017 manducarent,
2963 4960 3020 5006 et
3044 4951 3173 5021 quid
3219 4962 3376 5008 vocet
3421 4968 3628 5008 manna
3675 4952 3750 5006 de-

2193 5039 2464 5107 terminat,
2489 5041 2672 5096 dicens
2703 5061 2758 5099 ζ(
2791 5053 3053 5114 etpanem
3082 5043 3204 5100 caeli
3226 5045 3372 5100 dedit
3393 5047 3492 5101 eis.
3531 5066 3553 5100 ι

2266 5132 2332 5185 Ει
2357 5140 2483 5186 tunc
2523 5151 2540 5183 ε
2574 5148 2768 5204 panem
2807 5135 3118 5204 angelorum
3152 5135 3493 5190 manducavit
3525 5137 3702 5191 homo.
3733 5153 3748 5185 ι

2195 5221 2329 5276 Cum
2366 5222 2496 5276 dicit
2540 5239 2733 5278 manna
2787 5225 2917 5279 illud
2962 5241 3156 5296 panem
3198 5224 3364 5281 fuisse
3416 5226 3750 5297 angelorum,

2194 5329 2390 5370 nomen
2435 5315 2748 5387 significata:
2798 5317 2874 5372 rei
2918 5316 3012 5372 dat
3053 5318 3464 5388 signiﬁcantem.
3514 5317 3758 5375 Christus

2193 5405 2369 5470 enim,
2415 5407 2506 5476 qui
2555 5423 2651 5476 per
2683 5423 2873 5462 manna
2911 5407 3264 5478 signiﬁcatur,
3300 5410 3456 5479 panis
3497 5418 3558 5463 et
3597 5408 3758 5464 omni-

2192 5497 2353 5552 moda
2384 5500 2582 5554 dicitur
2626 5498 2848 5555 refectio
2895 5500 3208 5570 angelorum
3238 5541 3253 5566 ,
3293 5500 3593 5555 secundum
3636 5499 3757 5554 divi-

2191 5588 2438 5642 nitatem.
2485 5589 2821 5660 Allegorice,
2877 5605 2999 5645 cum
3029 5589 3180 5644 multi
3225 5607 3329 5645 non
3371 5591 3505 5646 bene
3541 5592 3760 5646 credunt

2193 5678 2257 5733 de
2309 5680 2454 5742 Deo,
2503 5695 2602 5734 nec
2633 5690 2852 5750 sperant
2899 5681 2953 5735 in
2999 5681 3222 5736 salutari
3258 5680 3402 5750 ejus,
3449 5682 3664 5738 scilicet
3715 5679 3759 5733 in

2191 5769 2407 5827 Christo
2438 5770 2586 5839 Jesu,
2618 5782 2798 5828 tamen
2831 5775 2973 5830 Deus
3011 5775 3230 5830 mandat
3255 5775 3488 5830 nubibus
3515 5776 3759 5844 desuper,
