3940 6460
112 421 223 482 861

1285 397 1721 459 EXPLANATIO
1755 393 1824 452 IN
1859 391 2195 450 PSALMOS.

3250 385 3356 441 462

108 537 173 594 id
197 538 315 599 est,
356 523 624 599 supremis
648 517 1090 594 praedicatoribus
1117 513 1291 585 aperit
1332 513 1475 567 Deus
1496 508 1689 580 januas
1715 512 1768 573 Α
1792 503 1964 561 dictas
1991 523 2010 555 ‹
2041 509 2403 573 peccaverunt
2433 518 2452 553 ι
2484 497 2573 554 alii
2593 498 2848 556 obstinati
2885 499 3046 557 corde
3075 517 3096 552 ‹
3135 499 3309 556 adhuc
3337 517 3350 552 :

110 625 262 689 cmli,
293 622 348 679 id
380 629 485 683 est,
516 617 751 673 divinam
780 611 1118 681 Scripturam
1141 614 1223 662 :et
1250 620 1346 676 per
1371 605 1516 672 ipsos
1545 615 1683 672 pra:-

111 719 390 774 dicatores
409 710 546 780 pluit
563 707 667 761 illis
694 718 890 758 manna
919 701 1076 764 Deus,
1104 699 1158 753 id
1180 695 1492 761 est,Filium
1531 705 1687 748 suum

112 808 200 866 eis
223 808 488 861 monstrat
514 806 568 853 et
595 794 856 856 notiﬁcat,
886 805 1044 862 quem
1088 787 1302 858 proprie
1327 784 1458 839 dicit
1496 794 1689 853 panem

114 894 454 966 angelorum,
481 895 536 942 et
569 887 711 940 hunc
732 895 952 952 panem,
980 877 1183 933 scilicet
1216 873 1551 930 Dominicum
1572 883 1691 923 cor-

113 1003 238 1059 pus
261 992 314 1040 et
341 978 659 1051 sanguinem
691 973 905 1028 realiter
931 969 1164 1026 comedit
1205 968 1386 1030 homo,
1416 972 1470 1017 et
1495 970 1692 1032 praeter

112 1056 344 1138 inanna,
373 1091 391 1122 ι
421 1070 567 1124 misit
594 1087 611 1118 ι
647 1066 787 1120 Deus
808 1063 912 1117 alia
948 1081 967 1113 ‹
997 1059 1200 1115 cibaria
1228 1058 1306 1113 eis
1333 1076 1350 1108 ι
1375 1064 1430 1110 et
1456 1056 1561 1109 hoc
1585 1067 1692 1107 non

113 1178 307 1236 parce,
332 1159 428 1215 sed
463 1175 481 1209 ι
509 1158 564 1210 in
592 1151 940 1209 abundantia.
984 1168 1003 1202 ι

193 1254 332 1308 Ecce
344 1247 611 1320 quomodo
625 1244 787 1308 misit,
813 1241 1020 1297 scilicet
1063 1257 1082 1289 ‹
1113 1234 1387 1292 transtulit
1409 1240 1650 1288 austrum
1670 1250 1688 1281 ι

119 1345 179 1400 id
205 1351 312 1408 est,
342 1347 565 1394 ventum
597 1335 747 1391 illum
770 1353 785 1384 ‹
811 1333 875 1386 de
897 1329 1056 1394 cmlo,
1087 1348 1105 1381 ι
1133 1328 1186 1382 id
1207 1335 1308 1390 est,
1335 1326 1398 1380 de
1421 1323 1695 1393 superiore

118 1448 282 1498 aere,
315 1430 521 1486 scilicet
557 1443 623 1481 ne
665 1424 819 1479 ﬂaret
864 1421 1127 1492 superius,
1157 1419 1252 1473 sed
1276 1417 1430 1486 juxta
1459 1424 1691 1477 terram;

129 1541 148 1573 ι
193 1530 251 1575 et
295 1519 534 1572 Africum
583 1536 601 1568 ι
655 1513 804 1567 illum
856 1512 1019 1565 alium
1066 1518 1284 1562 ventum
1335 1503 1698 1562 collateralem

118 1610 348 1675 Austro,
381 1627 398 1659 ι
436 1606 644 1661 induxit
666 1604 718 1657 in
746 1603 943 1655 virtute
969 1616 1084 1655 sua.
1119 1617 1137 1646 ι

206 1722 226 1755 ι
259 1703 324 1757 Ει
355 1716 451 1773 per
485 1701 615 1754 istos
648 1705 835 1752 ventos
875 1713 894 1745 ι
930 1694 1066 1764 pluit
1101 1705 1260 1761 super
1305 1703 1399 1744 eos
1433 1697 1642 1741 carnes.
1674 1703 1693 1734 ι

122 1791 269 1849 Ecce
309 1788 544 1844 ostendit
591 1801 708 1856 qua:
751 1783 954 1839 cibaria
994 1781 1200 1836 miserit
1238 1779 1333 1842 eis,
1367 1790 1558 1832 carnes
1583 1773 1700 1828 dico

1788 602 1845 650 et
1866 610 1972 649 non
1993 591 2337 647 crediderunt
2366 591 2420 645 in
2459 589 2792 646 mirabilibus
2809 589 2942 660 ejus.
2977 609 2997 642 ι

1859 685 1924 740 Ει
1948 685 2069 738 ideo
2094 701 2114 734 ‹
2168 682 2283 738 dies
2323 697 2509 738 eorum
2551 701 2568 734 ι
2612 692 2874 752 quantum
2899 683 2967 737 ad
2994 697 3086 737 eos
3125 684 3217 752 qui
3251 699 3356 740 non

1790 773 1881 832 diu
1910 775 2176 839 vixerunt,
2204 791 2223 823 ‹
2253 771 2581 838 defecerunt,
2615 793 2634 825 ι
2659 775 2763 828 acti
2787 774 3000 842 quidem
3025 774 3078 827 in
3102 775 3354 839 vanitate,

1796 883 1816 919 ‹
1859 876 1914 923 et
1964 866 2091 920 anni
2139 877 2325 919 eorum
2376 884 2394 914 ι
2439 872 2702 933 quantum
2757 865 2823 918 ad
2881 878 2975 918 eos
3026 864 3116 933 qui
3161 864 3362 920 diutius

1790 957 2044 1012 vixerunt
2075 975 2094 1008 ι
2117 956 2429 1012 defecerunt
2451 973 2570 1012 cum
2596 957 2959 1012 festinatione.
2990 977 3008 1009 ι
3036 957 3359 1012 Similiter-ﬁ

1791 1063 2048 1114 nos,cum
2081 1047 2212 1102 alios
2239 1063 2334 1118 pro
2366 1047 2602 1117 peccatis
2625 1048 2802 1116 puniri
2830 1048 3222 1117 cognoscimus,
3257 1061 3358 1103 n0l'

1793 1140 2134 1210 corrigimur,
2169 1139 2261 1193 sed
2305 1138 2562 1193 obstinati
2601 1137 2654 1190 in
2696 1139 2932 1206 peccatis
2965 1137 3278 1204 deﬁcimus,
3308 1152 3363 1193 et

1791 1242 2009 1301 pmnam
2046 1228 2398 1297 promeritam
2430 1227 2775 1280 incurrimus.

1864 1319 1931 1372 Et
1965 1338 1983 1368 ι
2017 1333 2137 1372 cum
2172 1337 2190 1370 ι
2224 1318 2297 1372 ita
2340 1335 2358 1367 ‹
2406 1316 2678 1370 occideret
2711 1329 2821 1379 eos,
2847 1316 3161 1383 quaarebant
3190 1330 3314 1371 eum
3354 1330 3371 1369 :

1794 1416 1851 1464 et
1874 1408 2298 1472 revertebantur,
2324 1415 2375 1463 et
2403 1406 2652 1472 diluculo,
2682 1425 2699 1457 ι
2744 1405 2796 1459 id
2822 1413 2926 1469 est,
2949 1405 3188 1461 studiose
3217 1426 3235 1458 ι
3267 1422 3361 1462 νεα

1795 1499 2013 1554 niebant
2037 1500 2105 1554 ad
2129 1514 2270 1554 eum.
2307 1518 2326 1550 ι

1874 1608 1892 1639 ι
1920 1588 1986 1642 Ει
2026 1589 2370 1643 reniemorati
2424 1595 2568 1653 sunt,
2595 1586 2720 1656 quia
2747 1585 2886 1644 Deus
2913 1584 3126 1654 adjutor
3158 1594 3239 1640 est
3277 1600 3371 1640 eo-

1799 1683 1940 1743 rum,
1987 1688 2042 1733 et
2071 1680 2212 1734 Deus
2253 1677 2498 1734 excelsus
2542 1678 2850 1746 redemptor
2886 1690 3071 1730 eorum
3094 1681 3198 1729 est.
3237 1693 3254 1726 ι
3289 1673 3375 1729 Si-

1801 1768 2003 1823 militer
2039 1777 2095 1824 et
2130 1785 2230 1826 nos
2255 1778 2472 1842 propter
2497 1769 2745 1822 timorem
2781 1767 3068 1836 aliquando
3094 1766 3262 1820 Deum
3293 1780 3375 1821 re-

133 1903 154 1936 ε
195 1885 335 1938 sicut
380 1881 687 1952 pulverem,
731 1897 750 1929 ι
788 1877 841 1931 id
872 1883 984 1940 est,
1025 1889 1147 1928 cum
1191 1879 1337 1925 tanta
1378 1866 1703 1923 abundantia
1733 1875 1779 1934 Β
1807 1860 2091 1929 quirimus.

123 1981 334 2046 quanta
370 1970 543 2041 pulvis
570 1969 825 2032 habetur;
853 1974 908 2020 et
953 1963 1273 2019 determinat
1309 1975 1446 2029 quas
1491 1971 1704 2020 carnes,

124 2061 347 2117 scilicet
373 2079 391 2109 ‹
419 2057 652 2112 volatilia
709 2075 727 2107 ›
755 2070 861 2108 non
888 2061 1119 2114 mortua,
1152 2051 1245 2103 sed
1281 2067 1299 2100 ί
1336 2053 1569 2117 pennata
1602 2064 1620 2096 ι
1655 2050 1711 2098 et

124 2151 241 2206 hoc
271 2165 394 2205 cum
428 2156 578 2202 tanta
610 2145 896 2208 inﬁnitate,
930 2161 948 2193 ι
981 2142 1120 2197 sicut
1150 2155 1313 2194 arena
1339 2138 1525 2192 maris.
1559 2156 1577 2188 ι
1607 2135 1711 2189 Per

126 2239 393 2296 Austrum
417 2248 468 2292 et
487 2237 748 2301 Africum,
783 2235 875 2305 qui
896 2232 1054 2288 calidi
1079 2230 1224 2285 venti
1250 2238 1393 2291 sunt,
1429 2239 1713 2296 possumus

127 2332 382 2401 accipere
407 2335 620 2383 sanctos
647 2325 1044 2394 praedicatores,
1070 2320 1280 2374 fervore
1306 2315 1605 2372 dilectionis
1628 2328 1710 2368 ca-

49 2413 64 2419 ’
127 2425 333 2487 lentes,
357 2436 453 2491 per
473 2434 608 2488 quos
635 2417 776 2471 Deus
810 2413 946 2484 pluit
967 2412 1120 2467 nobis
1147 2424 1358 2473 carnes,
1377 2407 1429 2462 id
1457 2413 1563 2471 est,
1594 2401 1714 2456 illas

129 2511 462 2568 refectiones
478 2509 670 2564 animae
690 2521 808 2575 quae
827 2505 902 2558 ita
923 2502 1160 2573 plenarie
1177 2499 1431 2554 reﬁciunt
1452 2495 1713 2556 animam,

131 2605 285 2660 sicut
304 2615 497 2657 carnes
518 2598 767 2654 reﬁciunt
788 2609 1007 2664 corpus,
1035 2591 1198 2645 veluti
1222 2587 1563 2659 sapientiam,
1586 2599 1716 2655 pru-

134 2693 405 2756 dentiam,
431 2705 564 2760 quas
587 2693 866 2756 comparat
890 2682 1097 2754 pulveri
1126 2689 1344 2750 propter
1364 2677 1717 2733 subtilitatem

135 2781 556 2853 cogitationum.
580 2777 702 2832 Ideo
715 2781 873 2829 vocat
893 2787 986 2828 eas
1004 2770 1241 2826 volatilia
1266 2775 1497 2839 pennata
1511 2807 1524 2832 ,
1539 2766 1664 2836 quia
1685 2779 1716 2817 a

137 2877 380 2932 terrenis
395 2872 676 2929 sublevant
693 2869 969 2924 hominem
991 2865 1059 2920 ad
1081 2863 1319 2919 coelestia
1345 2878 1359 2915 :
1380 2875 1558 2915 arenae
1575 2872 1719 2913 com-

138 2973 307 3036 parat
329 2964 470 3028 ideo,
493 2961 617 3030 quia
644 2958 859 3028 copiosa
885 2962 1011 3010 sunt
1036 2953 1175 3008 sicut
1200 2966 1382 3006 arena.
1415 2949 1518 3003 Per
1547 2960 1716 3011 mare,

137 3059 293 3130 quod
318 3055 518 3112 salsum
543 3060 646 3118 est,
667 3051 1065 3106 condimentum
1092 3045 1203 3099 veri
1235 3043 1442 3113 saporis
1463 3037 1720 3109 intelligi-

137 3125 290 3208 mus.
316 3147 449 3202 Cum
472 3144 619 3207 dicit,
646 3140 713 3196 de
727 3139 864 3194 coelo
893 3136 1182 3197 transtulit,
1211 3132 1555 3202 intelligimus
1575 3125 1721 3197 quod

1886 1956 2018 2010 Pars
2054 1961 2224 2009 sexta.
2261 1971 2280 2004 ι
2306 1952 2374 2008 Et
2414 1951 2714 2008 dilexerunt
2749 1967 2870 2007 eum
2909 1953 2960 2005 in
3001 1965 3095 2006 ore
3129 1966 3244 2017 suo,
3276 1972 3294 2005 ι
3324 1953 3380 2009 id

1809 2057 1915 2115 est,
1944 2048 2081 2101 bene
2107 2051 2452 2099 assueverant
2483 2043 2722 2107 mentiri,
2750 2061 2768 2092 ‹
2805 2048 2859 2096 et
2884 2042 3064 2112 lingua
3102 2057 3198 2096 sua
3228 2057 3382 2096 men-

1813 2140 1898 2194 titi
1945 2144 2066 2193 sunt
2123 2135 2196 2201 ei,
2229 2152 2247 2185 ι
2279 2133 2405 2205 quia
2456 2148 2562 2188 non
2611 2131 2898 2200 diligebant
2943 2131 2996 2184 in
3036 2131 3197 2186 corde
3245 2131 3384 2186 sicut

1813 2227 2155 2285 testabantur
2193 2224 2244 2278 in
2273 2237 2385 2277 ore.

1883 2315 1941 2370 In
1984 2329 2078 2369 ore
2111 2313 2431 2378 dilexerunt,
2483 2331 2501 2363 ι
2539 2325 2634 2366 cor
2663 2317 2838 2365 autem
2886 2325 3072 2364 eorum
3113 2325 3219 2364 non
3265 2318 3386 2365 erat

1814 2407 2021 2468 rectum
2072 2423 2196 2462 cum
2226 2422 2311 2471 eo,
2362 2425 2383 2459 ι
2428 2405 2552 2474 quia
2590 2419 2696 2458 non
2725 2411 2942 2472 propter
2965 2402 3155 2468 Deum,
3179 2403 3272 2457 sed
3319 2404 3386 2457 ti-

1815 2517 1967 2561 more
1997 2514 2281 2572 poenarum
2322 2499 2491 2553 Deum
2527 2511 2586 2551 se
2619 2495 2838 2566 diligere
2877 2494 3150 2565 ﬁngebant
3183 2513 3194 2546 :
3234 2512 3251 2543 ε
3283 2510 3385 2549 nec

1817 2595 2002 2652 ﬁdeles
2043 2593 2210 2648 habiti
2255 2585 2380 2646 sunt
2428 2588 2482 2644 in
2533 2597 2853 2644 testamento
2900 2585 3033 2654 ejus,
3068 2605 3085 2635 ι
3123 2595 3180 2640 ut
3215 2587 3386 2656 legem

1816 2687 1934 2758 ejus
1957 2687 2322 2746 observarent,
2355 2680 2493 2734 sicut
2519 2677 2572 2732 in
2596 2678 2788 2731 timore
2816 2675 3223 2744 promittebant.

1894 2796 1912 2828 α
1944 2776 2061 2845 Ipse
2101 2786 2277 2828 autem
2298 2780 2379 2826 est
2421 2768 2726 2823 misericors
2749 2785 2765 2815 ι
2787 2765 2841 2819 in
2865 2772 3055 2817 natura
3084 2778 3202 2827 sua,
3232 2782 3248 2814 ‹
3277 2773 3331 2817 et
3367 2783 3384 2815 ι

1820 2869 1983 2926 etiam
2016 2874 2204 2921 contra
2230 2863 2423 2918 merita
2445 2861 2681 2929 ipsorum
2711 2877 2728 2907 ‹
2765 2856 2855 2911 ﬁet
2880 2855 3139 2925 propitius
3160 2856 3392 2924 peccatis

1820 2972 2030 3020 eorum,
2067 2974 2086 3007 ι
2118 2963 2172 3009 et
2193 2952 2312 3007 ideo
2345 2969 2362 3000 ι
2399 2965 2505 3004 non
2528 2945 2818 3017 disperdet,
2850 2965 2867 2997 ι
2897 2944 2950 2999 id
2975 2951 3077 3009 est,
3104 2959 3205 2997 non
3236 2960 3393 3014 pror-

1819 3039 1915 3109 Sus
1950 3049 2191 3106 destruet
2226 3068 2243 3100 ι
2279 3063 2390 3103 eos.
2429 3065 2447 3098 ι

1897 3162 1914 3194 ι
1948 3141 2014 3196 Ει
2040 3139 2333 3196 abundavit
2361 3157 2377 3189 ι
2406 3135 2495 3189 illa
2542 3141 2688 3188 tanta
2737 3131 3104 3186 misericordia
3146 3131 3261 3196 Dei,
3293 3150 3310 3180 ι
3341 3141 3398 3184 ut

143 3249 295 3303 Deus
321 3243 698 3316 praedicatores
742 3248 868 3292 suos
899 3229 1153 3288 transfert
1193 3227 1257 3284 de
1302 3220 1721 3294 contemplativa

1842 3241 2091 3292 tverteret
2128 3255 2144 3286 ›
2176 3230 2243 3286 ab
2283 3230 2360 3286 eis
2393 3252 2408 3281 ι
2447 3229 2582 3284 iram
2617 3239 2791 3290 suam,
2826 3244 2843 3276 ι
2872 3223 2923 3278 id
2953 3231 3054 3289 est,
3102 3223 3396 3279 Vindictam

143 3339 266 3393 vita
297 3335 366 3390 ad
403 3334 653 3393 activam,
693 3327 899 3382 scilicet
952 3334 1011 3376 ut
1038 3336 1225 3377 curam
1270 3318 1496 3371 aliorum
1541 3321 1724 3382 agant.

226 3428 373 3484 Pluit
402 3425 508 3479 illis
532 3425 676 3478 Deus
701 3416 960 3479 volatilia,
992 3433 1009 3464 ‹
1040 3420 1095 3466 et
1129 3430 1147 3461 ›
1167 3410 1255 3462 illa
1284 3426 1302 3457 ι
1341 3406 1652 3461 ceciderunt
1676 3401 1731 3454 in

153 3519 337 3577 medio
358 3526 661 3570 castrorum
695 3520 904 3568 eorum,
931 3523 948 3554 ι
970 3502 1022 3555 id
1046 3508 1149 3565 est,
1173 3519 1191 3550 ι
1227 3498 1370 3552 circa
1391 3491 1733 3548 tabernacula

157 3623 372 3669 eorum,
394 3623 412 3655 ι
441 3611 500 3657 ut
529 3601 644 3654 sine
667 3597 812 3652 omni
841 3595 1022 3648 labore
1040 3598 1259 3662 possent
1282 3602 1374 3641 eos
1400 3586 1662 3654 accipere.

239 3717 258 3751 ι
280 3697 350 3751 Ει
369 3713 388 3748 ι
409 3691 510 3763 ipsi
530 3709 548 3742 ‹
569 3688 1025 3744 manducaverunt
1044 3692 1097 3737 et
1113 3679 1337 3736 saturati
1354 3684 1477 3732 sunt
1500 3674 1682 3737 nimis,
1713 3691 1731 3723 ι

169 3788 228 3844 id
255 3795 357 3852 est,
387 3761 634 3845 multum,
653 3777 735 3831 vel
759 3790 879 3830 cum
893 3770 1287 3844 superﬂuitate;
1323 3785 1342 3818 ι
1374 3775 1428 3820 et
1456 3784 1474 3816 ι
1499 3767 1571 3818 ita
1601 3781 1619 3812 ί
1650 3761 1742 3815 de-

161 3850 422 3936 siderium
447 3885 632 3927 eorum
658 3864 942 3921 attuliteis.
959 3881 978 3915 ι
1012 3879 1030 3912 ι
1051 3860 1168 3915 Non
1191 3864 1313 3914 sunt
1337 3853 1572 3910 fraudati
1598 3867 1629 3905 a
1644 3850 1739 3905 de-

145 3967 366 4024 siderio
395 3977 514 4020 suo.
558 3979 578 4013 ι
620 3957 881 4014 Similiter
925 3954 976 4008 in
1023 3945 1406 4013 tabernaculis,
1444 3946 1497 4000 id
1533 3953 1636 4008 est,
1686 3943 1740 3996 in

161 4058 411 4116 ecclesiis
446 4053 645 4108 nostris
695 4065 710 4104 :
759 4057 814 4102 et
862 4047 1024 4111 circa,
1055 4044 1110 4098 id
1145 4050 1248 4106 est,
1278 4041 1332 4094 in
1369 4037 1582 4101 vicinis,
1615 4048 1740 4104 pos-

165 4163 360 4205 sumus
387 4143 670 4206 invenire;
703 4149 1033 4208 quaecunque
1065 4130 1329 4187 sententia
1371 4127 1525 4182 nobis
1554 4137 1742 4178 neces-

165 4240 314 4294 saria
342 4245 427 4291 est
457 4234 600 4288 unde
625 4231 835 4285 animas
865 4226 1194 4288 reﬁciamus,
1223 4231 1277 4277 et
1331 4219 1740 4280 manducemus,

161 4325 571 4387 et'saturemur
600 4323 781 4378 nimis.
828 4319 1054 4385 Quidam
1093 4317 1235 4372 enim
1287 4316 1351 4370 de
1394 4304 1621 4368 scientia'
1649 4324 1745 4363 sua

168 4418 489 4489 superbiunt
538 4423 594 4468 et
634 4411 752 4466 aliis
776 4406 1144 4480 spiritualibus
1182 4404 1359 4470 donis,
1391 4417 1492 4457 nec
1530 4398 1747 4454 frauda-

175 4527 302 4567 mur
331 4525 361 4564 a
389 4505 670 4564 desideriis
691 4501 908 4557 nostris.

1829 3341 1992 3398 quam
2022 3325 2086 3378 de
2110 3323 2188 3376 eis
2213 3332 2426 3375 sumere
2449 3325 2708 3386 cceperat,
2741 3332 2759 3364 ‹
2797 3321 2849 3367 et
2880 3329 2987 3367 non
3017 3314 3260 3367 accendit
3290 3328 3402 3366 om-

1834 3429 1955 3470 nem
1984 3414 2116 3466 iram
2148 3425 2321 3474 suam,
2360 3428 2378 3460 ι
2413 3414 2472 3460 ut
2496 3405 2560 3459 de
2588 3405 2666 3459 eis
2697 3411 2933 3458 sumeret
2958 3417 3169 3456 omnem
3191 3404 3400 3472 prome-

1836 3507 1992 3560 ritam
2014 3517 2249 3572 poenam.

1916 3613 1934 3642 ι
1970 3594 2035 3646 Ει
2061 3590 2372 3645 recordatus
2401 3593 2484 3640 est
2511 3605 2530 3637 ι
2557 3583 2709 3654 quasi
2745 3582 2963 3646 oblitus,
2996 3581 3120 3635 dum
3150 3595 3241 3636 eos
3267 3577 3404 3635 affli-

1837 3694 2008 3759 geret,
2043 3704 2060 3735 (
2107 3683 2231 3752 quia
2275 3693 2402 3734 caro
2427 3684 2570 3741 sunt,
2610 3695 2629 3727 ›
2663 3674 2871 3728 scilicet
2897 3673 3155 3736 ﬁcarnales
3198 3680 3322 3726 sunt
3352 3678 3406 3726 et

1839 3773 2079 3846 fragiles,
2109 3771 2370 3843 pronique
2395 3768 2461 3822 ad
2484 3765 2905 3836 peccandum,et
2932 3764 3044 3816 haec
3070 3770 3153 3815 est
3174 3763 3406 3815 maxima

1841 3882 2003 3923 causa
2034 3879 2153 3934 quae
2197 3862 2366 3916 Deum
2403 3863 2583 3913 movet
2616 3861 2676 3908 ut
2716 3869 2774 3908 se
2811 3851 3209 3907 misericordem
3255 3851 3411 3906 nobis

1841 3958 2110 4013 exhibeat.
2155 3949 2473 4007 Econtrario
2517 3945 2736 4016 maligni
2797 3943 2968 4014 angeli
3031 3951 3249 4013 propter
3310 3943 3411 3997 hoc

1842 4053 2126 4103 remanent
2175 4039 2528 4110 inredempti,
2582 4036 2706 4106 quia
2757 4034 2902 4088 nulla
2954 4047 3140 4087 eorum
3195 4042 3407 4098 natura,

1842 4151 1960 4206 qua:
1981 4133 2194 4203 quidem
2215 4128 2452 4200 perfecta
2475 4135 2613 4189 erat,
2635 4123 2726 4178 sed
2751 4122 2862 4176 sola
2897 4122 3124 4191 superba
3163 4123 3412 4176 voluntas

1844 4223 2051 4293 impulit
2082 4237 2176 4275 eos
2209 4220 2273 4272 ad
2300 4215 2651 4288 peccandum.
2684 4212 2750 4266 Et
2781 4213 2942 4265 etiam
2971 4211 3284 4265 recordatus
3309 4221 3410 4272 est,

1845 4313 1968 4382 quia
1989 4329 2006 4359 ‹
2030 4308 2248 4378 spiritus
2272 4326 2289 4358 ι
2321 4313 2402 4359 est
2421 4323 2438 4354 ‹
2470 4303 2688 4362 vadens,
2726 4319 2746 4350 ί
2770 4308 2822 4353 et
2849 4318 2866 4349 ι
2892 4314 2996 4352 non
3012 4298 3242 4362 rediens,
3268 4319 3286 4351 ›
3305 4300 3412 4353 sci-

1845 4399 1972 4453 licet
1994 4395 2249 4450 mortales
2293 4401 2436 4448 sunt.
2462 4391 2576 4454 Vel,
2617 4389 2838 4459 spiritus
2857 4389 3075 4451 vadens,
3107 4387 3162 4441 id
3197 4399 3299 4451 est,
3319 4405 3416 4458 per

1848 4505 1907 4546 se
1940 4489 2197 4544 recedens
2224 4503 2254 4540 a
2277 4484 2411 4549 Deo,
2444 4487 2500 4537 et
2527 4491 2634 4536 non
2663 4487 2760 4550 per
2787 4495 2845 4535 se
2871 4481 3083 4534 rediens
3124 4480 3190 4533 ad
3239 4479 3416 4549 ipsum

247 4602 382 4658 Pars
411 4599 616 4671 quinta.
647 4615 667 4647 ι
715 4578 906 4648 Adhuc
943 4605 1082 4647 esca:
1129 4602 1316 4643 eorum
1359 4593 1512 4641 erant
1559 4586 1613 4639 in
1659 4596 1753 4638 ore
1775 4570 1830 4630 D
1855 4579 2045 4644 Deum,
2083 4585 2137 4632 et
2174 4575 2293 4631 ideo
2321 4588 2540 4629 necesse
2566 4580 2649 4626 est
2675 4571 2901 4635 homini,
2923 4579 2982 4624 ut
3019 4569 3160 4624 Deus
3187 4577 3422 4639 apponat

171 4712 356 4762 erum,
385 4703 441 4749 et
467 4694 550 4748 ira
579 4689 673 4744 Dei
704 4685 946 4742 ascendit
971 4697 1133 4754 super
1153 4696 1267 4736 eos.
1303 4699 1323 4732 ι

1855 4686 2074 4726 manum
2095 4711 2110 4736 ,
2131 4679 2187 4725 et
2213 4669 2438 4724 reducat
2469 4681 2612 4722 eum.
2642 4663 2904 4720 Similiter
2939 4677 3039 4717 nos
3087 4661 3212 4716 ﬁcto
3257 4660 3421 4716 corde

261 4805 282 4838 ι
381 4781 811 4851 occiditpingues
833 4751 1085 4840 eorum,»
1109 4773 1162 4828 id
1176 4778 1277 4836 est,
1307 4768 1564 4837 superbos
1576 4765 1629 4820 in
1658 4779 1753 4836 po-
1853 4761 2023 4817 Deum
2052 4760 2335 4830 diligentes
2373 4758 2644 4827 patienter
2671 4753 2902 4808 sustinet
2926 4751 3087 4816 Deus,
3117 4757 3174 4805 et
3207 4763 3425 4818 semper

173 4877 312 4950 pulo
356 4874 462 4938 illo,
498 4891 517 4923 ι
550 4879 606 4926 et
650 4889 668 4920 ι
702 4876 920 4938 propter
947 4866 1052 4920 hoc
1081 4881 1100 4914 ‹
1144 4859 1442 4930 impedivit,
1477 4878 1496 4911 ι
1542 4857 1596 4912 id
1647 4863 1749 4920 est,

180 4947 530 5026 contristavit
563 4981 580 5014 ι
611 4961 811 5016 electos
837 4955 1001 5012 Israel
1044 4975 1064 5008 ι
1097 4953 1262 5008 veluti
1293 4949 1530 5022 Moysen,
1577 4956 1633 5002 et
1683 4947 1755 5000 si-

182 5058 366 5116 miles.
415 5052 678 5109 Similiter
696 5050 823 5104 dum
862 5047 1038 5102 adhuc
1069 5043 1403 5098 Dominicum
1431 5054 1625 5110 corpus
1656 5038 1753 5091 ha-

187 5153 385 5207 bemus
418 5144 569 5215 quasi
614 5143 669 5197 in
706 5157 820 5205 ore,
850 5148 906 5194 et
952 5140 1030 5192 ira
1060 5138 1151 5192 Dei
1182 5133 1423 5190 ascendit
1451 5146 1612 5201 super
1662 5145 1761 5186 nos

189 5249 250 5295 et
279 5237 477 5293 occidit
520 5235 768 5304 pingues,
798 5231 853 5284 id
889 5237 994 5294 est,
1025 5227 1284 5297 superbos
1315 5232 1370 5279 et
1407 5222 1621 5291 indigne
1653 5220 1761 5274 Do-

189 5331 454 5390 minicum
499 5339 696 5396 corpus
723 5333 1014 5384 sumentes,
1043 5315 1403 5374 excaecatione
1429 5312 1623 5368 mentis
1645 5325 1764 5382 per-

195 5420 355 5477 cutit.
389 5416 486 5472 Vel
513 5415 640 5469 dum
668 5411 935 5482 sapientia
960 5422 1149 5479 magna
1173 5421 1360 5460 sumus
1390 5401 1600 5467 refecti,
1624 5415 1763 5470 quo-

195 5511 350 5569 niam
372 5508 497 5563 inde
520 5503 877 5576 superbimus,
902 5499 1097 5554 occidit
1120 5513 1218 5552 nos
1233 5495 1490 5551 Dominus
1507 5493 1765 5547 interius:

198 5612 263 5661 et
293 5600 448 5657 electi
472 5596 655 5660 lsrael,
685 5595 739 5650 id
780 5603 879 5657 est,
915 5591 1017 5646 viri
1044 5598 1098 5645 et
1125 5588 1330 5659 praelati
1359 5586 1526 5641 nostri
1565 5582 1768 5640 contri-

202 5701 424 5754 stantur
449 5691 502 5746 in
528 5687 784 5744 Ecclesia.

289 5803 308 5837 ι
339 5782 396 5838 ln
427 5779 676 5836 omnibus
702 5777 808 5841 his,
839 5793 858 5828 ι
889 5771 1111 5833 scilicet,
1155 5769 1294 5822 inter
1314 5780 1501 5821 omnes
1526 5765 1624 5820 has
1650 5761 1773 5816 vin-

1859 4867 1918 4908 se
1953 4848 2357 4906 misericordem
2379 4845 2534 4901 nobis
2561 4843 2798 4899 exhibet.

1935 4961 1953 4993 ι
1997 4940 2240 5009 Quoties.
2278 4959 2296 4992 ι
2328 4937 2462 4992 Pars
2492 4936 2737 5007 septima.
2784 4930 3042 4987 Dominus
3091 4931 3166 4984 ita
3213 4929 3427 4984 miseri-

1860 5048 1983 5090 cors
2018 5045 2228 5101 semper
2262 5029 2364 5084 fuit
2401 5029 2481 5083 eis
2503 5067 2517 5093 ,
2569 5026 2662 5081 sed
2712 5032 2892 5078 tamen
2919 5031 3103 5077 contra
3131 5020 3231 5088 ipsi
3272 5035 3291 5069 ι
3329 5033 3426 5072 ex-

1862 5122 2256 5178 acerbaverunt
2274 5134 2418 5183 eum,
2456 5137 2475 5170 ι
2499 5117 2552 5172 id
2571 5125 2676 5180 est,
2697 5115 2950 5170 acerbum
2969 5123 3110 5173 esse,
3140 5108 3230 5178 qui
3248 5109 3427 5162 omnia

1861 5215 2004 5270 bona
2029 5213 2110 5267 eis
2129 5218 2371 5282 negaret,
2400 5216 2709 5263 meruerunt
2741 5223 2760 5258 ι
2789 5219 2910 5260 eum
2925 5204 2978 5257 in
3007 5201 3240 5256 deserto.
3280 5219 3296 5251 ι
3325 5200 3428 5253 Per

1865 5308 2134 5362 desertum
2165 5304 2361 5369 locum,
2378 5299 2868 5369 intelligituretiam
2888 5309 2986 5352 eor
2999 5309 3184 5350 eorum
3202 5294 3270 5348 ab
3282 5291 3430 5346 omni

1866 5411 1995 5451 vera
2017 5395 2408 5450 illuminatione
2434 5395 2723 5454 desertum,
2747 5387 2918 5442 ethoc
2945 5405 2963 5437 ‹
2990 5383 3200 5454 quoties
3229 5402 3248 5434 ι
3275 5380 3430 5450 quasi

1871 5488 1986 5543 sine
2013 5499 2238 5539 numero
2273 5501 2292 5534 ι
2326 5491 2382 5538 et
2421 5501 2440 5533 ι
2486 5482 2648 5536 etiam
2694 5496 2712 5529 ι
2747 5479 2801 5531 in
2843 5476 2981 5530 iram
3033 5473 3434 5528 concitaverunt

1873 5594 2016 5645 eum,
2053 5598 2071 5631 ι
2103 5578 2158 5632 id
2182 5585 2284 5642 est,
2311 5584 2371 5631 ut
2399 5574 2556 5644 digne
2589 5572 2669 5626 eis
2694 5583 2909 5640 poenam
2952 5564 3195 5627 inferret,
3235 5571 3289 5615 et
3332 5561 3434 5615 hoc

1881 5689 1900 5722 ‹
1928 5670 1981 5725 in
2011 5669 2291 5738 inaquoso.
2322 5687 2340 5719 ι

1952 5780 1970 5814 ‹
2009 5759 2075 5814 Et
2100 5758 2343 5815 conversi
2373 5764 2498 5812 sunt
2528 5775 2546 5808 ι
2579 5769 2608 5808 a
2633 5753 2774 5808 bono
2798 5749 3098 5814 intellectu,
3142 5761 3303 5820 quem
3334 5745 3429 5804 ali-
