  <div class='ocr_page' id='page_1' title='image "/cluster/home/n/w/nwhite01/storage/ocr_20150623/116/hvd.32044015466881/233.png"; bbox 0 0 3940 6446; ppageno 0'>
   <div class='ocr_carea' id='block_1_1' title="bbox 537 358 646 417">
    <p class='ocr_par' dir='ltr' id='par_1_1' title="bbox 537 358 646 417">
     <span class='ocr_line' id='line_1_1' title="bbox 537 358 646 417; baseline -0.018 -1"><span class='ocrx_word' id='word_1_1' title='bbox 537 358 646 417; x_wconf 68' lang='grc'><strong>463</strong></span> 
     </span>
    </p>
   </div>
   <div class='ocr_carea' id='block_1_2' title="bbox 994 322 3309 407">
    <p class='ocr_par' dir='ltr' id='par_1_2' title="bbox 994 322 3309 407">
     <span class='ocr_line' id='line_1_2' title="bbox 994 322 3309 407; baseline -0.011 1"><span class='ocrx_word' id='word_1_2' title='bbox 994 346 1348 407; x_wconf 76' lang='lat' dir='ltr'><strong>HAYMONIS</strong></span> <span class='ocrx_word' id='word_1_3' title='bbox 1380 339 1856 402; x_wconf 81' lang='lat' dir='ltr'><strong>HALBERSTAT.</strong></span> <span class='ocrx_word' id='word_1_4' title='bbox 1897 338 2112 398; x_wconf 86' lang='lat' dir='ltr'><strong>EPISC.</strong></span> <span class='ocrx_word' id='word_1_5' title='bbox 2153 336 2306 396; x_wconf 86' lang='lat' dir='ltr'><strong>OPP.</strong></span> <span class='ocrx_word' id='word_1_6' title='bbox 2344 330 2526 391; x_wconf 82' lang='lat' dir='ltr'><strong>PARS</strong></span> <span class='ocrx_word' id='word_1_7' title='bbox 2558 327 2602 388; x_wconf 88' lang='grc' dir='ltr'><strong>Ῑ.</strong></span> <span class='ocrx_word' id='word_1_8' title='bbox 2640 357 2712 371; x_wconf 84' lang='grc'><strong><em>-</em></strong></span> <span class='ocrx_word' id='word_1_9' title='bbox 2748 324 3100 386; x_wconf 82' lang='lat' dir='ltr'><strong>COMMENT.</strong></span> <span class='ocrx_word' id='word_1_10' title='bbox 3135 322 3309 382; x_wconf 86' lang='lat' dir='ltr'><strong>BlBL.</strong></span> 
     </span>
    </p>
   </div>
   <div class='ocr_carea' id='block_1_3' title="bbox 3673 326 3774 384">
    <p class='ocr_par' dir='ltr' id='par_1_3' title="bbox 3673 326 3774 384">
     <span class='ocr_line' id='line_1_3' title="bbox 3673 326 3774 384; baseline -0.02 1"><span class='ocrx_word' id='word_1_11' title='bbox 3673 326 3774 384; x_wconf 64' lang='grc' dir='ltr'><strong>ια</strong></span> 
     </span>
    </p>
   </div>
   <div class='ocr_carea' id='block_1_4' title="bbox 542 417 3780 545">
    <p class='ocr_par' dir='ltr' id='par_1_4' title="bbox 542 417 3780 545">
     <span class='ocr_line' id='line_1_4' title="bbox 542 417 3780 545; baseline -0.01 -15"><span class='ocrx_word' id='word_1_12' title='bbox 542 470 760 545; x_wconf 83' lang='lat' dir='ltr'><strong>quando</strong></span> <span class='ocrx_word' id='word_1_13' title='bbox 794 467 862 525; x_wconf 90' lang='lat' dir='ltr'><strong>de</strong></span> <span class='ocrx_word' id='word_1_14' title='bbox 885 465 1000 523; x_wconf 90' lang='lat' dir='ltr'><strong>Deo</strong></span> <span class='ocrx_word' id='word_1_15' title='bbox 1027 465 1349 525; x_wconf 89' lang='lat' dir='ltr'><strong>habuerunt,</strong></span> <span class='ocrx_word' id='word_1_16' title='bbox 1390 460 1523 515; x_wconf 82' lang='lat' dir='ltr'><strong>visis</strong></span> <span class='ocrx_word' id='word_1_17' title='bbox 1571 458 1759 529; x_wconf 88' lang='lat' dir='ltr'><strong>signis,</strong></span> <span class='ocrx_word' id='word_1_18' title='bbox 1803 456 1887 511; x_wconf 91' lang='lat' dir='ltr'><strong>vel</strong></span> <span class='ocrx_word' id='word_1_19' title='bbox 1931 454 2106 526; x_wconf 90' lang='lat' dir='ltr'><strong>plagis</strong></span> <span class='ocrx_word' id='word_1_20' title='bbox 2130 459 2184 519; x_wconf 76' lang='grc' dir='ltr'>Α</span> <span class='ocrx_word' id='word_1_21' title='bbox 2206 449 2560 511; x_wconf 88' lang='lat' dir='ltr'><strong>instabilitas,</strong></span> <span class='ocrx_word' id='word_1_22' title='bbox 2604 417 2696 516; x_wconf 86' lang='lat' dir='ltr'><strong>qui</strong></span> <span class='ocrx_word' id='word_1_23' title='bbox 2739 444 2807 500; x_wconf 92' lang='lat' dir='ltr'><strong>ad</strong></span> <span class='ocrx_word' id='word_1_24' title='bbox 2846 452 3059 512; x_wconf 87' lang='lat' dir='ltr'><strong>tempus</strong></span> <span class='ocrx_word' id='word_1_25' title='bbox 3095 440 3340 506; x_wconf 90' lang='lat' dir='ltr'><strong>credunt,</strong></span> <span class='ocrx_word' id='word_1_26' title='bbox 3366 439 3508 496; x_wconf 88' lang='lat' dir='ltr'><strong>etin</strong></span> <span class='ocrx_word' id='word_1_27' title='bbox 3541 445 3780 511; x_wconf 82' lang='lat' dir='ltr'><strong>tempore</strong></span> 
     </span>
    </p>
   </div>
   <div class='ocr_carea' id='block_1_5' title="bbox 540 553 2108 636">
    <p class='ocr_par' dir='ltr' id='par_1_5' title="bbox 540 553 2108 636">
     <span class='ocr_line' id='line_1_5' title="bbox 540 553 2108 636; baseline -0.011 -17"><span class='ocrx_word' id='word_1_28' title='bbox 540 560 851 636; x_wconf 74' lang='lat' dir='ltr'><strong>perterriti,</strong></span> <span class='ocrx_word' id='word_1_29' title='bbox 892 559 960 631; x_wconf 84' lang='lat' dir='ltr'><strong>ad</strong></span> <span class='ocrx_word' id='word_1_30' title='bbox 1000 570 1223 627; x_wconf 88' lang='lat' dir='ltr'><strong>pravum</strong></span> <span class='ocrx_word' id='word_1_31' title='bbox 1254 553 1604 616; x_wconf 90' lang='lat' dir='ltr'><strong>intellectum,</strong></span> <span class='ocrx_word' id='word_1_32' title='bbox 1641 568 1659 601; x_wconf 70' lang='grc' dir='ltr'><strong><em>α</em></strong></span> <span class='ocrx_word' id='word_1_33' title='bbox 1689 558 1744 605; x_wconf 91' lang='lat' dir='ltr'><strong>et</strong></span> <span class='ocrx_word' id='word_1_34' title='bbox 1766 554 2108 604; x_wconf 89' lang='lat' dir='ltr'><strong>tentaverunt</strong></span> 
     </span>
    </p>
   </div>
   <div class='ocr_carea' id='block_1_6' title="bbox 2206 531 3781 605">
    <p class='ocr_par' dir='ltr' id='par_1_6' title="bbox 2206 531 3781 605">
     <span class='ocr_line' id='line_1_6' title="bbox 2206 531 3781 605; baseline -0.008 -4"><span class='ocrx_word' id='word_1_35' title='bbox 2206 542 2516 601; x_wconf 88' lang='lat' dir='ltr'><strong>tentationis</strong></span> <span class='ocrx_word' id='word_1_36' title='bbox 2540 538 2838 594; x_wconf 90' lang='lat' dir='ltr'><strong>recedunt:</strong></span> <span class='ocrx_word' id='word_1_37' title='bbox 2864 536 2955 591; x_wconf 81' lang='lat' dir='ltr'><strong>hic</strong></span> <span class='ocrx_word' id='word_1_38' title='bbox 2979 549 3194 605; x_wconf 91' lang='lat' dir='ltr'><strong>quoque</strong></span> <span class='ocrx_word' id='word_1_39' title='bbox 3213 548 3402 589; x_wconf 86' lang='lat' dir='ltr'><strong>versus</strong></span> <span class='ocrx_word' id='word_1_40' title='bbox 3429 532 3575 588; x_wconf 87' lang='lat' dir='ltr'><strong>duas</strong></span> <span class='ocrx_word' id='word_1_41' title='bbox 3602 531 3781 603; x_wconf 81' lang='lat' dir='ltr'><strong>plagas</strong></span> 
     </span>
    </p>
   </div>
   <div class='ocr_carea' id='block_1_7' title="bbox 541 636 2388 718">
    <p class='ocr_par' dir='ltr' id='par_1_7' title="bbox 541 636 2388 718">
     <span class='ocr_line' id='line_1_7' title="bbox 541 636 2388 718; baseline -0.012 -7"><span class='ocrx_word' id='word_1_42' title='bbox 541 656 739 718; x_wconf 85' lang='lat' dir='ltr'><strong>Deum,</strong></span> <span class='ocrx_word' id='word_1_43' title='bbox 781 670 801 705; x_wconf 72' lang='grc' dir='ltr'><strong><em>ι</em></strong></span> <span class='ocrx_word' id='word_1_44' title='bbox 853 651 920 705; x_wconf 92' lang='lat' dir='ltr'><strong>de</strong></span> <span class='ocrx_word' id='word_1_45' title='bbox 942 646 1178 716; x_wconf 88' lang='lat' dir='ltr'><strong>potentia</strong></span> <span class='ocrx_word' id='word_1_46' title='bbox 1212 642 1608 715; x_wconf 86' lang='lat' dir='ltr'><strong>Omnipotentis</strong></span> <span class='ocrx_word' id='word_1_47' title='bbox 1647 640 1963 704; x_wconf 77' lang='lat' dir='ltr'><strong>difﬁdentes,</strong></span> <span class='ocrx_word' id='word_1_48' title='bbox 1993 657 2012 690; x_wconf 86' lang='grc'><strong>‹</strong></span> <span class='ocrx_word' id='word_1_49' title='bbox 2054 647 2109 693; x_wconf 89' lang='lat' dir='ltr'><strong>et</strong></span> <span class='ocrx_word' id='word_1_50' title='bbox 2206 636 2388 693; x_wconf 84' lang='lat' dir='ltr'><strong>habet.</strong></span> 
     </span>
    </p>
   </div>
   <div class='ocr_carea' id='block_1_8' title="bbox 545 727 2110 801">
    <p class='ocr_par' dir='ltr' id='par_1_8' title="bbox 545 727 2110 801">
     <span class='ocr_line' id='line_1_8' title="bbox 545 727 2110 801; baseline -0.013 0"><span class='ocrx_word' id='word_1_51' title='bbox 545 751 795 801; x_wconf 84' lang='lat' dir='ltr'><strong>sanctum</strong></span> <span class='ocrx_word' id='word_1_52' title='bbox 836 738 1000 796; x_wconf 82' lang='lat' dir='ltr'><strong>Israel</strong></span> <span class='ocrx_word' id='word_1_53' title='bbox 1039 736 1515 795; x_wconf 75' lang='lat' dir='ltr'><strong>exacerbaverunt,</strong></span> <span class='ocrx_word' id='word_1_54' title='bbox 1554 750 1574 784; x_wconf 70' lang='grc' dir='ltr'><strong><em>ι</em></strong></span> <span class='ocrx_word' id='word_1_55' title='bbox 1614 732 1669 787; x_wconf 89' lang='lat' dir='ltr'><strong>id</strong></span> <span class='ocrx_word' id='word_1_56' title='bbox 1715 738 1811 794; x_wconf 84' lang='lat' dir='ltr'><strong>est,</strong></span> <span class='ocrx_word' id='word_1_57' title='bbox 1845 728 1992 784; x_wconf 91' lang='lat' dir='ltr'><strong>illum</strong></span> <span class='ocrx_word' id='word_1_58' title='bbox 2019 727 2110 798; x_wconf 95' lang='lat' dir='ltr'><strong>qui</strong></span> 
     </span>
    </p>
   </div>
   <div class='ocr_carea' id='block_1_9' title="bbox 545 813 2111 897">
    <p class='ocr_par' dir='ltr' id='par_1_9' title="bbox 545 813 2111 897">
     <span class='ocr_line' id='line_1_9' title="bbox 545 813 2111 897; baseline -0.014 -3"><span class='ocrx_word' id='word_1_59' title='bbox 545 834 711 893; x_wconf 85' lang='lat' dir='ltr'><strong>lsrael</strong></span> <span class='ocrx_word' id='word_1_60' title='bbox 736 828 1054 892; x_wconf 92' lang='lat' dir='ltr'><strong>sanctiﬁcat,</strong></span> <span class='ocrx_word' id='word_1_61' title='bbox 1086 825 1143 881; x_wconf 92' lang='lat' dir='ltr'><strong>in</strong></span> <span class='ocrx_word' id='word_1_62' title='bbox 1196 838 1302 895; x_wconf 91' lang='lat' dir='ltr'><strong>quo</strong></span> <span class='ocrx_word' id='word_1_63' title='bbox 1341 813 1549 897; x_wconf 28' lang='lat' dir='ltr'><strong>magna.</strong></span> <span class='ocrx_word' id='word_1_64' title='bbox 1587 835 1774 877; x_wconf 90' lang='lat' dir='ltr'><strong>eorum</strong></span> <span class='ocrx_word' id='word_1_65' title='bbox 1822 818 2111 890; x_wconf 89' lang='lat' dir='ltr'><strong>reprehen-</strong></span> 
     </span>
    </p>
   </div>
   <div class='ocr_carea' id='block_1_10' title="bbox 547 919 958 980">
    <p class='ocr_par' dir='ltr' id='par_1_10' title="bbox 547 919 958 980">
     <span class='ocr_line' id='line_1_10' title="bbox 547 919 958 980; baseline -0.027 1"><span class='ocrx_word' id='word_1_66' title='bbox 547 926 694 980; x_wconf 83' lang='lat' dir='ltr'><strong>ditur</strong></span> <span class='ocrx_word' id='word_1_67' title='bbox 717 919 958 977; x_wconf 87' lang='lat' dir='ltr'><strong>stultitia.</strong></span> 
     </span>
    </p>
   </div>
   <div class='ocr_carea' id='block_1_11' title="bbox 627 978 2114 1071">
    <p class='ocr_par' dir='ltr' id='par_1_11' title="bbox 627 978 2114 1071">
     <span class='ocr_line' id='line_1_11' title="bbox 627 978 2114 1071; baseline -0.008 -8"><span class='ocrx_word' id='word_1_68' title='bbox 627 1030 647 1063; x_wconf 73' lang='grc' dir='ltr'><strong><em>ι</em></strong></span> <span class='ocrx_word' id='word_1_69' title='bbox 686 1010 801 1067; x_wconf 88' lang='lat' dir='ltr'><strong>Non</strong></span> <span class='ocrx_word' id='word_1_70' title='bbox 842 1015 967 1063; x_wconf 86' lang='lat' dir='ltr'><strong>sunt</strong></span> <span class='ocrx_word' id='word_1_71' title='bbox 1007 978 1286 1060; x_wconf 71' lang='lat' dir='ltr'><strong>recordati</strong></span> <span class='ocrx_word' id='word_1_72' title='bbox 1312 1018 1506 1057; x_wconf 87' lang='lat' dir='ltr'><strong>manus</strong></span> <span class='ocrx_word' id='word_1_73' title='bbox 1541 999 1689 1071; x_wconf 90' lang='lat' dir='ltr'><strong>ejus,</strong></span> <span class='ocrx_word' id='word_1_74' title='bbox 1731 1018 1750 1051; x_wconf 73' lang='grc' dir='ltr'><strong><em>ι</em></strong></span> <span class='ocrx_word' id='word_1_75' title='bbox 1794 998 1848 1054; x_wconf 91' lang='lat' dir='ltr'><strong>id</strong></span> <span class='ocrx_word' id='word_1_76' title='bbox 1875 1006 2114 1066; x_wconf 84' lang='lat' dir='ltr'><strong>est,ope-</strong></span> 
     </span>
    </p>
   </div>
   <div class='ocr_carea' id='block_1_12' title="bbox 550 1089 2115 1171">
    <p class='ocr_par' dir='ltr' id='par_1_12' title="bbox 550 1089 2115 1171">
     <span class='ocr_line' id='line_1_12' title="bbox 550 1089 2115 1171; baseline -0.011 -12"><span class='ocrx_word' id='word_1_77' title='bbox 550 1102 776 1159; x_wconf 84' lang='lat' dir='ltr'><strong>rationis</strong></span> <span class='ocrx_word' id='word_1_78' title='bbox 799 1100 917 1171; x_wconf 90' lang='lat' dir='ltr'><strong>ejus</strong></span> <span class='ocrx_word' id='word_1_79' title='bbox 964 1096 1222 1153; x_wconf 58' lang='lat' dir='ltr'><strong>exhibita:</strong></span> <span class='ocrx_word' id='word_1_80' title='bbox 1261 1095 1342 1150; x_wconf 86' lang='lat' dir='ltr'><strong>eis</strong></span> <span class='ocrx_word' id='word_1_81' title='bbox 1376 1114 1394 1146; x_wconf 72' lang='grc' dir='ltr'>ι</span> <span class='ocrx_word' id='word_1_82' title='bbox 1423 1094 1509 1149; x_wconf 91' lang='lat' dir='ltr'><strong>die</strong></span> <span class='ocrx_word' id='word_1_83' title='bbox 1531 1108 1637 1162; x_wconf 89' lang='lat' dir='ltr'><strong>qua</strong></span> <span class='ocrx_word' id='word_1_84' title='bbox 1662 1091 1888 1147; x_wconf 87' lang='lat' dir='ltr'><strong>redemit</strong></span> <span class='ocrx_word' id='word_1_85' title='bbox 1918 1105 2033 1153; x_wconf 92' lang='lat' dir='ltr'><strong>eos,</strong></span> <span class='ocrx_word' id='word_1_86' title='bbox 2059 1089 2115 1143; x_wconf 91' lang='lat' dir='ltr'><strong>id</strong></span> 
     </span>
    </p>
   </div>
   <div class='ocr_carea' id='block_1_13' title="bbox 547 1179 2115 1259">
    <p class='ocr_par' dir='ltr' id='par_1_13' title="bbox 547 1179 2115 1259">
     <span class='ocr_line' id='line_1_13' title="bbox 547 1179 2115 1259; baseline -0.013 -7"><span class='ocrx_word' id='word_1_87' title='bbox 547 1202 651 1259; x_wconf 84' lang='lat' dir='ltr'><strong>est,</strong></span> <span class='ocrx_word' id='word_1_88' title='bbox 676 1190 944 1256; x_wconf 76' lang='lat' dir='ltr'><strong>liberavit,</strong></span> <span class='ocrx_word' id='word_1_89' title='bbox 978 1206 998 1239; x_wconf 73' lang='grc' dir='ltr'>ι</span> <span class='ocrx_word' id='word_1_90' title='bbox 1027 1189 1093 1243; x_wconf 91' lang='lat' dir='ltr'><strong>de</strong></span> <span class='ocrx_word' id='word_1_91' title='bbox 1130 1200 1295 1241; x_wconf 90' lang='lat' dir='ltr'><strong>manu</strong></span> <span class='ocrx_word' id='word_1_92' title='bbox 1325 1183 1656 1249; x_wconf 81' lang='lat' dir='ltr'><strong>tribulantis,</strong></span> <span class='ocrx_word' id='word_1_93' title='bbox 1689 1199 1709 1234; x_wconf 72' lang='grc' dir='ltr'><strong>ι</strong></span> <span class='ocrx_word' id='word_1_94' title='bbox 1740 1180 1947 1236; x_wconf 87' lang='lat' dir='ltr'><strong>scilicet</strong></span> <span class='ocrx_word' id='word_1_95' title='bbox 1975 1179 2115 1234; x_wconf 82' lang='lat' dir='ltr'><strong>Pha-</strong></span> 
     </span>
    </p>
   </div>
   <div class='ocr_carea' id='block_1_14' title="bbox 546 1286 750 1341">
    <p class='ocr_par' dir='ltr' id='par_1_14' title="bbox 546 1286 750 1341">
     <span class='ocr_line' id='line_1_14' title="bbox 546 1286 750 1341; baseline -0.015 0"><span class='ocrx_word' id='word_1_96' title='bbox 546 1286 750 1341; x_wconf 89' lang='lat' dir='ltr'><strong>raonis.</strong></span> 
     </span>
    </p>
   </div>
   <div class='ocr_carea' id='block_1_15' title="bbox 624 1357 2117 1440">
    <p class='ocr_par' dir='ltr' id='par_1_15' title="bbox 624 1357 2117 1440">
     <span class='ocr_line' id='line_1_15' title="bbox 624 1357 2117 1440; baseline -0.016 -8"><span class='ocrx_word' id='word_1_97' title='bbox 624 1375 736 1439; x_wconf 90' lang='lat' dir='ltr'><strong>Sic,</strong></span> <span class='ocrx_word' id='word_1_98' title='bbox 773 1380 829 1428; x_wconf 90' lang='lat' dir='ltr'><strong>et</strong></span> <span class='ocrx_word' id='word_1_99' title='bbox 864 1385 963 1427; x_wconf 90' lang='lat' dir='ltr'><strong>nos</strong></span> <span class='ocrx_word' id='word_1_100' title='bbox 1002 1364 1245 1440; x_wconf 83' lang='lat' dir='ltr'><strong>perversi</strong></span> <span class='ocrx_word' id='word_1_101' title='bbox 1286 1379 1317 1419; x_wconf 90' lang='lat' dir='ltr'><strong>a</strong></span> <span class='ocrx_word' id='word_1_102' title='bbox 1352 1377 1482 1418; x_wconf 79' lang='lat' dir='ltr'><strong>vero</strong></span> <span class='ocrx_word' id='word_1_103' title='bbox 1505 1359 1776 1417; x_wconf 89' lang='lat' dir='ltr'><strong>intellectu</strong></span> <span class='ocrx_word' id='word_1_104' title='bbox 1809 1357 1864 1411; x_wconf 91' lang='lat' dir='ltr'><strong>in</strong></span> <span class='ocrx_word' id='word_1_105' title='bbox 1903 1357 2117 1411; x_wconf 89' lang='lat' dir='ltr'><strong>deserto</strong></span> 
     </span>
    </p>
   </div>
   <div class='ocr_carea' id='block_1_16' title="bbox 550 1448 2113 1536">
    <p class='ocr_par' dir='ltr' id='par_1_16' title="bbox 550 1448 2113 1536">
     <span class='ocr_line' id='line_1_16' title="bbox 550 1448 2113 1536; baseline -0.013 -15"><span class='ocrx_word' id='word_1_106' title='bbox 550 1467 712 1536; x_wconf 88' lang='lat' dir='ltr'><strong>hujus</strong></span> <span class='ocrx_word' id='word_1_107' title='bbox 747 1464 893 1528; x_wconf 58' lang='lat' dir='ltr'><strong>vitae,</strong></span> <span class='ocrx_word' id='word_1_108' title='bbox 931 1462 1097 1515; x_wconf 90' lang='lat' dir='ltr'><strong>Deum</strong></span> <span class='ocrx_word' id='word_1_109' title='bbox 1143 1456 1415 1511; x_wconf 90' lang='lat' dir='ltr'><strong>multoties</strong></span> <span class='ocrx_word' id='word_1_110' title='bbox 1455 1455 1521 1509; x_wconf 90' lang='lat' dir='ltr'><strong>ad</strong></span> <span class='ocrx_word' id='word_1_111' title='bbox 1569 1453 1706 1506; x_wconf 89' lang='lat' dir='ltr'><strong>iram</strong></span> <span class='ocrx_word' id='word_1_112' title='bbox 1754 1448 2113 1511; x_wconf 88' lang='lat' dir='ltr'><strong>concitamus,</strong></span> 
     </span>
    </p>
   </div>
   <div class='ocr_carea' id='block_1_17' title="bbox 554 1534 2120 1611">
    <p class='ocr_par' dir='ltr' id='par_1_17' title="bbox 554 1534 2120 1611">
     <span class='ocr_line' id='line_1_17' title="bbox 554 1534 2120 1611; baseline -0.013 0"><span class='ocrx_word' id='word_1_113' title='bbox 554 1534 665 1611; x_wconf 83' lang='lat' dir='ltr'><strong>non</strong></span> <span class='ocrx_word' id='word_1_114' title='bbox 716 1551 1064 1608; x_wconf 88' lang='lat' dir='ltr'><strong>recordantes</strong></span> <span class='ocrx_word' id='word_1_115' title='bbox 1093 1547 1234 1601; x_wconf 87' lang='lat' dir='ltr'><strong>inter</strong></span> <span class='ocrx_word' id='word_1_116' title='bbox 1281 1552 1475 1600; x_wconf 62' lang='lat' dir='ltr'><strong>cratera</strong></span> <span class='ocrx_word' id='word_1_117' title='bbox 1512 1538 1775 1595; x_wconf 89' lang='lat' dir='ltr'><strong>beneﬁcia</strong></span> <span class='ocrx_word' id='word_1_118' title='bbox 1826 1534 1941 1605; x_wconf 88' lang='lat' dir='ltr'><strong>ejus</strong></span> <span class='ocrx_word' id='word_1_119' title='bbox 1977 1536 2120 1611; x_wconf 84' lang='lat' dir='ltr'><strong>quod</strong></span> 
     </span>
    </p>
   </div>
   <div class='ocr_carea' id='block_1_18' title="bbox 552 1619 2116 1707">
    <p class='ocr_par' dir='ltr' id='par_1_18' title="bbox 552 1619 2116 1707">
     <span class='ocr_line' id='line_1_18' title="bbox 552 1619 2116 1707; baseline -0.016 -6"><span class='ocrx_word' id='word_1_120' title='bbox 552 1660 654 1701; x_wconf 90' lang='lat' dir='ltr'><strong>nos</strong></span> <span class='ocrx_word' id='word_1_121' title='bbox 679 1640 907 1698; x_wconf 87' lang='lat' dir='ltr'><strong>redemit</strong></span> <span class='ocrx_word' id='word_1_122' title='bbox 934 1638 998 1694; x_wconf 86' lang='lat' dir='ltr'><strong>de</strong></span> <span class='ocrx_word' id='word_1_123' title='bbox 1023 1619 1289 1707; x_wconf 67' lang='lat' dir='ltr'><strong>po&#39;testate</strong></span> <span class='ocrx_word' id='word_1_124' title='bbox 1323 1629 1655 1693; x_wconf 88' lang='lat' dir='ltr'><strong>tribulantis,</strong></span> <span class='ocrx_word' id='word_1_125' title='bbox 1684 1627 1738 1683; x_wconf 93' lang='lat' dir='ltr'><strong>id</strong></span> <span class='ocrx_word' id='word_1_126' title='bbox 1765 1637 1872 1691; x_wconf 87' lang='lat' dir='ltr'><strong>est,</strong></span> <span class='ocrx_word' id='word_1_127' title='bbox 1898 1624 2116 1680; x_wconf 88' lang='lat' dir='ltr'><strong>diaboli.</strong></span> 
     </span>
    </p>
   </div>
   <div class='ocr_carea' id='block_1_19' title="bbox 552 1716 2120 1801">
    <p class='ocr_par' dir='ltr' id='par_1_19' title="bbox 552 1716 2120 1801">
     <span class='ocr_line' id='line_1_19' title="bbox 552 1716 2120 1801; baseline -0.013 -10"><span class='ocrx_word' id='word_1_128' title='bbox 552 1736 622 1791; x_wconf 88' lang='lat' dir='ltr'><strong>Et</strong></span> <span class='ocrx_word' id='word_1_129' title='bbox 647 1742 775 1789; x_wconf 89' lang='lat' dir='ltr'><strong>nota</strong></span> <span class='ocrx_word' id='word_1_130' title='bbox 808 1729 949 1801; x_wconf 93' lang='lat' dir='ltr'><strong>quod</strong></span> <span class='ocrx_word' id='word_1_131' title='bbox 973 1728 1029 1782; x_wconf 93' lang='lat' dir='ltr'><strong>in</strong></span> <span class='ocrx_word' id='word_1_132' title='bbox 1061 1724 1314 1796; x_wconf 74' lang='lat' dir='ltr'><strong>allegoria</strong></span> <span class='ocrx_word' id='word_1_133' title='bbox 1345 1736 1450 1777; x_wconf 90' lang='lat' dir='ltr'><strong>non</strong></span> <span class='ocrx_word' id='word_1_134' title='bbox 1476 1719 1803 1776; x_wconf 88' lang='lat' dir='ltr'><strong>attendimus</strong></span> <span class='ocrx_word' id='word_1_135' title='bbox 1835 1716 2120 1773; x_wconf 88' lang='lat' dir='ltr'><strong>continuas</strong></span> 
     </span>
    </p>
   </div>
   <div class='ocr_carea' id='block_1_20' title="bbox 2283 709 3778 788">
    <p class='ocr_par' dir='ltr' id='par_1_20' title="bbox 2283 709 3778 788">
     <span class='ocr_line' id='line_1_20' title="bbox 2283 709 3778 788; baseline -0.008 -12"><span class='ocrx_word' id='word_1_136' title='bbox 2283 742 2302 776; x_wconf 74' lang='grc' dir='ltr'><strong><em>ι</em></strong></span> <span class='ocrx_word' id='word_1_137' title='bbox 2336 724 2403 779; x_wconf 85' lang='lat' dir='ltr'><strong>Et</strong></span> <span class='ocrx_word' id='word_1_138' title='bbox 2431 720 2629 778; x_wconf 91' lang='lat' dir='ltr'><strong>occidit</strong></span> <span class='ocrx_word' id='word_1_139' title='bbox 2654 719 2708 773; x_wconf 93' lang='lat' dir='ltr'><strong>in</strong></span> <span class='ocrx_word' id='word_1_140' title='bbox 2745 715 3009 788; x_wconf 76' lang='lat' dir='ltr'><strong>grandine</strong></span> <span class='ocrx_word' id='word_1_141' title='bbox 3030 714 3215 769; x_wconf 89' lang='lat' dir='ltr'><strong>vineas</strong></span> <span class='ocrx_word' id='word_1_142' title='bbox 3243 727 3452 768; x_wconf 89' lang='lat' dir='ltr'><strong>eorum.</strong></span> <span class='ocrx_word' id='word_1_143' title='bbox 3509 729 3533 763; x_wconf 74' lang='grc' dir='ltr'><strong><em>ι</em></strong></span> <span class='ocrx_word' id='word_1_144' title='bbox 3568 709 3677 767; x_wconf 87' lang='lat' dir='ltr'><strong>Per</strong></span> <span class='ocrx_word' id='word_1_145' title='bbox 3709 711 3778 765; x_wconf 82' lang='lat' dir='ltr'><strong>vi-</strong></span> 
     </span>
    </p>
   </div>
   <div class='ocr_carea' id='block_1_21' title="bbox 2209 802 3775 875">
    <p class='ocr_par' dir='ltr' id='par_1_21' title="bbox 2209 802 3775 875">
     <span class='ocr_line' id='line_1_21' title="bbox 2209 802 3775 875; baseline -0.01 -4"><span class='ocrx_word' id='word_1_146' title='bbox 2209 830 2340 871; x_wconf 89' lang='lat' dir='ltr'><strong>neas</strong></span> <span class='ocrx_word' id='word_1_147' title='bbox 2361 812 2709 868; x_wconf 89' lang='lat' dir='ltr'><strong>collectioncs</strong></span> <span class='ocrx_word' id='word_1_148' title='bbox 2734 808 3013 862; x_wconf 87' lang='lat' dir='ltr'><strong>hominum</strong></span> <span class='ocrx_word' id='word_1_149' title='bbox 3037 805 3353 875; x_wconf 86' lang='lat' dir='ltr'><strong>accipimus,</strong></span> <span class='ocrx_word' id='word_1_150' title='bbox 3386 803 3481 873; x_wconf 89' lang='lat' dir='ltr'><strong>qui</strong></span> <span class='ocrx_word' id='word_1_151' title='bbox 3522 802 3581 857; x_wconf 90' lang='lat' dir='ltr'><strong>in</strong></span> <span class='ocrx_word' id='word_1_152' title='bbox 3627 817 3775 873; x_wconf 84' lang='lat' dir='ltr'><strong>gran-</strong></span> 
     </span>
    </p>
   </div>
   <div class='ocr_carea' id='block_1_22' title="bbox 2128 892 3776 970">
    <p class='ocr_par' dir='ltr' id='par_1_22' title="bbox 2128 892 3776 970">
     <span class='ocr_line' id='line_1_22' title="bbox 2128 892 3776 970; baseline -0.009 -8"><span class='ocrx_word' id='word_1_153' title='bbox 2128 964 2133 969; x_wconf 72' lang='grc'><strong><em>,</em></strong></span> <span class='ocrx_word' id='word_1_154' title='bbox 2217 906 2362 970; x_wconf 90' lang='lat' dir='ltr'><strong>dine,</strong></span> <span class='ocrx_word' id='word_1_155' title='bbox 2390 903 2445 958; x_wconf 89' lang='lat' dir='ltr'><strong>id</strong></span> <span class='ocrx_word' id='word_1_156' title='bbox 2468 911 2573 965; x_wconf 89' lang='lat' dir='ltr'><strong>est,</strong></span> <span class='ocrx_word' id='word_1_157' title='bbox 2604 900 2657 954; x_wconf 92' lang='lat' dir='ltr'><strong>in</strong></span> <span class='ocrx_word' id='word_1_158' title='bbox 2688 896 3106 953; x_wconf 88' lang='lat' dir='ltr'><strong>commutatione</strong></span> <span class='ocrx_word' id='word_1_159' title='bbox 3142 894 3259 961; x_wconf 92' lang='lat' dir='ltr'><strong>Dei,</strong></span> <span class='ocrx_word' id='word_1_160' title='bbox 3284 909 3391 949; x_wconf 90' lang='lat' dir='ltr'><strong>non</strong></span> <span class='ocrx_word' id='word_1_161' title='bbox 3421 892 3776 957; x_wconf 81' lang='lat' dir='ltr'><strong>viviﬁcantur,</strong></span> 
     </span>
    </p>
   </div>
   <div class='ocr_carea' id='block_1_23' title="bbox 2220 984 3777 1051">
    <p class='ocr_par' dir='ltr' id='par_1_23' title="bbox 2220 984 3777 1051">
     <span class='ocr_line' id='line_1_23' title="bbox 2220 984 3777 1051; baseline -0.008 0"><span class='ocrx_word' id='word_1_162' title='bbox 2220 996 2316 1051; x_wconf 90' lang='lat' dir='ltr'><strong>sed</strong></span> <span class='ocrx_word' id='word_1_163' title='bbox 2344 1001 2697 1050; x_wconf 84' lang='lat' dir='ltr'><strong>conteruntur</strong></span> <span class='ocrx_word' id='word_1_164' title='bbox 2722 998 2778 1044; x_wconf 89' lang='lat' dir='ltr'><strong>et</strong></span> <span class='ocrx_word' id='word_1_165' title='bbox 2799 985 3137 1042; x_wconf 90' lang='lat' dir='ltr'><strong>occiduntur.</strong></span> <span class='ocrx_word' id='word_1_166' title='bbox 3166 1005 3186 1037; x_wconf 83' lang='grc'><em>‹</em></span> <span class='ocrx_word' id='word_1_167' title='bbox 3209 985 3276 1039; x_wconf 80' lang='lat' dir='ltr'><strong>Et</strong></span> <span class='ocrx_word' id='word_1_168' title='bbox 3300 998 3485 1039; x_wconf 90' lang='lat' dir='ltr'><strong>moros</strong></span> <span class='ocrx_word' id='word_1_169' title='bbox 3530 998 3715 1037; x_wconf 83' lang='lat' dir='ltr'><strong>eorum</strong></span> <span class='ocrx_word' id='word_1_170' title='bbox 3734 984 3777 1039; x_wconf 79' lang='lat' dir='ltr'><strong>ia</strong></span> 
     </span>
    </p>
   </div>
   <div class='ocr_carea' id='block_1_24' title="bbox 2210 1073 3776 1157">
    <p class='ocr_par' dir='ltr' id='par_1_24' title="bbox 2210 1073 3776 1157">
     <span class='ocr_line' id='line_1_24' title="bbox 2210 1073 3776 1157; baseline -0.008 -16"><span class='ocrx_word' id='word_1_171' title='bbox 2210 1087 2421 1157; x_wconf 89' lang='lat' dir='ltr'><strong>pruina.</strong></span> <span class='ocrx_word' id='word_1_172' title='bbox 2456 1105 2474 1137; x_wconf 77' lang='grc' dir='ltr'><strong><em>ι</em></strong></span> <span class='ocrx_word' id='word_1_173' title='bbox 2505 1083 2705 1138; x_wconf 89' lang='lat' dir='ltr'><strong>Pruina</strong></span> <span class='ocrx_word' id='word_1_174' title='bbox 2738 1078 2954 1149; x_wconf 91' lang='lat' dir='ltr'><strong>quidem</strong></span> <span class='ocrx_word' id='word_1_175' title='bbox 2977 1086 3061 1132; x_wconf 91' lang='lat' dir='ltr'><strong>est</strong></span> <span class='ocrx_word' id='word_1_176' title='bbox 3085 1075 3353 1147; x_wconf 78' lang='lat' dir='ltr'><strong>fragilitas</strong></span> <span class='ocrx_word' id='word_1_177' title='bbox 3376 1073 3657 1146; x_wconf 67' lang='lat' dir='ltr'><strong>quaedam,</strong></span> <span class='ocrx_word' id='word_1_178' title='bbox 3681 1089 3776 1142; x_wconf 69' lang='lat' dir='ltr'><strong>qua</strong></span> 
     </span>
    </p>
   </div>
   <div class='ocr_carea' id='block_1_25' title="bbox 2211 1164 3777 1248">
    <p class='ocr_par' dir='ltr' id='par_1_25' title="bbox 2211 1164 3777 1248">
     <span class='ocr_line' id='line_1_25' title="bbox 2211 1164 3777 1248; baseline -0.008 -17"><span class='ocrx_word' id='word_1_179' title='bbox 2211 1174 2471 1248; x_wconf 82' lang='lat' dir='ltr'><strong>praevenit</strong></span> <span class='ocrx_word' id='word_1_180' title='bbox 2499 1173 2696 1228; x_wconf 91' lang='lat' dir='ltr'><strong>bonum</strong></span> <span class='ocrx_word' id='word_1_181' title='bbox 2733 1168 3066 1241; x_wconf 88' lang='lat' dir='ltr'><strong>propositum</strong></span> <span class='ocrx_word' id='word_1_182' title='bbox 3107 1164 3335 1234; x_wconf 87' lang='lat' dir='ltr'><strong>alicujus</strong></span> <span class='ocrx_word' id='word_1_183' title='bbox 3366 1180 3384 1219; x_wconf 89' lang='lat'><strong>:</strong></span> <span class='ocrx_word' id='word_1_184' title='bbox 3417 1164 3578 1219; x_wconf 86' lang='lat' dir='ltr'><strong>velut</strong></span> <span class='ocrx_word' id='word_1_185' title='bbox 3606 1164 3650 1217; x_wconf 87' lang='lat' dir='ltr'><strong>si</strong></span> <span class='ocrx_word' id='word_1_186' title='bbox 3680 1164 3777 1231; x_wconf 80' lang='lat' dir='ltr'><strong>quis</strong></span> 
     </span>
    </p>
   </div>
   <div class='ocr_carea' id='block_1_26' title="bbox 2213 1256 3775 1338">
    <p class='ocr_par' dir='ltr' id='par_1_26' title="bbox 2213 1256 3775 1338">
     <span class='ocr_line' id='line_1_26' title="bbox 2213 1256 3775 1338; baseline -0.009 -16"><span class='ocrx_word' id='word_1_187' title='bbox 2213 1273 2477 1338; x_wconf 87' lang='lat' dir='ltr'><strong>proponat</strong></span> <span class='ocrx_word' id='word_1_188' title='bbox 2500 1280 2558 1320; x_wconf 92' lang='lat' dir='ltr'><strong>se</strong></span> <span class='ocrx_word' id='word_1_189' title='bbox 2596 1261 2921 1334; x_wconf 77' lang='lat' dir='ltr'><strong>regulariter</strong></span> <span class='ocrx_word' id='word_1_190' title='bbox 2946 1271 3002 1314; x_wconf 90' lang='lat' dir='ltr'><strong>et</strong></span> <span class='ocrx_word' id='word_1_191' title='bbox 3033 1268 3182 1314; x_wconf 88' lang='lat' dir='ltr'><strong>caste</strong></span> <span class='ocrx_word' id='word_1_192' title='bbox 3217 1258 3425 1321; x_wconf 89' lang='lat' dir='ltr'><strong>vivere,</strong></span> <span class='ocrx_word' id='word_1_193' title='bbox 3463 1256 3775 1326; x_wconf 78' lang='lat' dir='ltr'><strong>praevenitur</strong></span> 
     </span>
    </p>
   </div>
   <div class='ocr_carea' id='block_1_27' title="bbox 2217 1346 3774 1417">
    <p class='ocr_par' dir='ltr' id='par_1_27' title="bbox 2217 1346 3774 1417">
     <span class='ocr_line' id='line_1_27' title="bbox 2217 1346 3774 1417; baseline -0.005 -7"><span class='ocrx_word' id='word_1_194' title='bbox 2217 1370 2248 1410; x_wconf 89' lang='lat' dir='ltr'><strong>a</strong></span> <span class='ocrx_word' id='word_1_195' title='bbox 2276 1356 2414 1410; x_wconf 88' lang='lat' dir='ltr'><strong>mala</strong></span> <span class='ocrx_word' id='word_1_196' title='bbox 2438 1352 2827 1410; x_wconf 85' lang='lat' dir='ltr'><strong>consuetudine</strong></span> <span class='ocrx_word' id='word_1_197' title='bbox 2851 1351 3053 1404; x_wconf 90' lang='lat' dir='ltr'><strong>amoris</strong></span> <span class='ocrx_word' id='word_1_198' title='bbox 3080 1348 3416 1414; x_wconf 90' lang='lat' dir='ltr'><strong>monialium,</strong></span> <span class='ocrx_word' id='word_1_199' title='bbox 3443 1363 3565 1417; x_wconf 89' lang='lat' dir='ltr'><strong>quo</strong></span> <span class='ocrx_word' id='word_1_200' title='bbox 3600 1346 3774 1402; x_wconf 84' lang='lat' dir='ltr'><strong>fructus</strong></span> 
     </span>
    </p>
   </div>
   <div class='ocr_carea' id='block_1_28' title="bbox 2216 1439 3774 1517">
    <p class='ocr_par' dir='ltr' id='par_1_28' title="bbox 2216 1439 3774 1517">
     <span class='ocr_line' id='line_1_28' title="bbox 2216 1439 3774 1517; baseline -0.006 -16"><span class='ocrx_word' id='word_1_201' title='bbox 2216 1447 2343 1501; x_wconf 91' lang='lat' dir='ltr'><strong>boni</strong></span> <span class='ocrx_word' id='word_1_202' title='bbox 2367 1445 2624 1517; x_wconf 90' lang='lat' dir='ltr'><strong>propositi</strong></span> <span class='ocrx_word' id='word_1_203' title='bbox 2646 1443 2974 1511; x_wconf 86' lang='lat' dir='ltr'><strong>anticipatur</strong></span> <span class='ocrx_word' id='word_1_204' title='bbox 2998 1449 3054 1495; x_wconf 93' lang='lat' dir='ltr'><strong>et</strong></span> <span class='ocrx_word' id='word_1_205' title='bbox 3077 1440 3399 1510; x_wconf 76' lang='lat' dir='ltr'><strong>excoquitur</strong></span> <span class='ocrx_word' id='word_1_206' title='bbox 3424 1458 3439 1493; x_wconf 90' lang='lat'><strong>:</strong></span> <span class='ocrx_word' id='word_1_207' title='bbox 3469 1439 3532 1493; x_wconf 85' lang='lat' dir='ltr'><strong>in</strong></span> <span class='ocrx_word' id='word_1_208' title='bbox 3556 1439 3774 1506; x_wconf 85' lang='lat' dir='ltr'><strong>bocquo-</strong></span> 
     </span>
    </p>
   </div>
   <div class='ocr_carea' id='block_1_29' title="bbox 2218 1533 3250 1610">
    <p class='ocr_par' dir='ltr' id='par_1_29' title="bbox 2218 1533 3250 1610">
     <span class='ocr_line' id='line_1_29' title="bbox 2218 1533 3250 1610; baseline -0.007 -17"><span class='ocrx_word' id='word_1_209' title='bbox 2218 1555 2323 1610; x_wconf 91' lang='lat' dir='ltr'><strong>que</strong></span> <span class='ocrx_word' id='word_1_210' title='bbox 2350 1555 2509 1594; x_wconf 87' lang='lat' dir='ltr'><strong>versu</strong></span> <span class='ocrx_word' id='word_1_211' title='bbox 2541 1537 2889 1592; x_wconf 88' lang='lat' dir='ltr'><strong>continentur</strong></span> <span class='ocrx_word' id='word_1_212' title='bbox 2914 1533 3033 1589; x_wconf 67' lang='lat' dir='ltr'><strong>dua:</strong></span> <span class='ocrx_word' id='word_1_213' title='bbox 3062 1534 3250 1604; x_wconf 62' lang='lat' dir='ltr'><strong>plagae.</strong></span> 
     </span>
    </p>
   </div>
   <div class='ocr_carea' id='block_1_30' title="bbox 2294 1619 3773 1699">
    <p class='ocr_par' dir='ltr' id='par_1_30' title="bbox 2294 1619 3773 1699">
     <span class='ocr_line' id='line_1_30' title="bbox 2294 1619 3773 1699; baseline -0.003 -17"><span class='ocrx_word' id='word_1_214' title='bbox 2294 1649 2314 1682; x_wconf 72' lang='grc' dir='ltr'>ι</span> <span class='ocrx_word' id='word_1_215' title='bbox 2345 1619 2412 1685; x_wconf 87' lang='lat' dir='ltr'><strong>Et</strong></span> <span class='ocrx_word' id='word_1_216' title='bbox 2443 1628 2661 1685; x_wconf 83' lang='lat' dir='ltr'><strong>tradidit</strong></span> <span class='ocrx_word' id='word_1_217' title='bbox 2702 1627 2953 1699; x_wconf 89' lang='lat' dir='ltr'><strong>grandini</strong></span> <span class='ocrx_word' id='word_1_218' title='bbox 2979 1627 3224 1696; x_wconf 84' lang='lat' dir='ltr'><strong>jumenta</strong></span> <span class='ocrx_word' id='word_1_219' title='bbox 3261 1640 3474 1689; x_wconf 89' lang='lat' dir='ltr'><strong>eorum,</strong></span> <span class='ocrx_word' id='word_1_220' title='bbox 3510 1633 3574 1680; x_wconf 85' lang='lat' dir='ltr'><strong>et</strong></span> <span class='ocrx_word' id='word_1_221' title='bbox 3598 1639 3773 1695; x_wconf 53' lang='lat' dir='ltr'><strong>posses</strong></span> 
     </span>
    </p>
   </div>
   <div class='ocr_carea' id='block_1_31' title="bbox 2220 1717 3774 1783">
    <p class='ocr_par' dir='ltr' id='par_1_31' title="bbox 2220 1717 3774 1783">
     <span class='ocr_line' id='line_1_31' title="bbox 2220 1717 3774 1783; baseline -0.003 -7"><span class='ocrx_word' id='word_1_222' title='bbox 2220 1722 2426 1777; x_wconf 85' lang='lat' dir='ltr'><strong>sionem</strong></span> <span class='ocrx_word' id='word_1_223' title='bbox 2485 1735 2692 1783; x_wconf 88' lang='lat' dir='ltr'><strong>eorum,</strong></span> <span class='ocrx_word' id='word_1_224' title='bbox 2730 1738 2750 1771; x_wconf 74' lang='grc' dir='ltr'><strong><em>ι</em></strong></span> <span class='ocrx_word' id='word_1_225' title='bbox 2794 1718 2959 1773; x_wconf 91' lang='lat' dir='ltr'><strong>veluti</strong></span> <span class='ocrx_word' id='word_1_226' title='bbox 3008 1718 3216 1782; x_wconf 91' lang='lat' dir='ltr'><strong>domos,</strong></span> <span class='ocrx_word' id='word_1_227' title='bbox 3261 1726 3317 1771; x_wconf 92' lang='lat' dir='ltr'><strong>et</strong></span> <span class='ocrx_word' id='word_1_228' title='bbox 3368 1717 3600 1781; x_wconf 87' lang='lat' dir='ltr'><strong>similia,</strong></span> <span class='ocrx_word' id='word_1_229' title='bbox 3642 1718 3774 1771; x_wconf 86' lang='lat' dir='ltr'><strong>tradi-</strong></span> 
     </span>
    </p>
   </div>
   <div class='ocr_carea' id='block_1_32' title="bbox 553 1804 3769 1882">
    <p class='ocr_par' dir='ltr' id='par_1_32' title="bbox 553 1804 3769 1882">
     <span class='ocr_line' id='line_1_32' title="bbox 553 1804 3769 1882; baseline -0.006 -3"><span class='ocrx_word' id='word_1_230' title='bbox 553 1820 1003 1882; x_wconf 87' lang='lat' dir='ltr'><strong>continnationes,</strong></span> <span class='ocrx_word' id='word_1_231' title='bbox 1030 1815 1126 1873; x_wconf 90' lang='lat' dir='ltr'><strong>sed</strong></span> <span class='ocrx_word' id='word_1_232' title='bbox 1172 1813 1315 1871; x_wconf 88' lang='lat' dir='ltr'><strong>solas</strong></span> <span class='ocrx_word' id='word_1_233' title='bbox 1358 1812 1649 1867; x_wconf 86' lang='lat' dir='ltr'><strong>verborum</strong></span> <span class='ocrx_word' id='word_1_234' title='bbox 1692 1806 2121 1863; x_wconf 83' lang='lat' dir='ltr'><strong>necessariorum</strong></span> <span class='ocrx_word' id='word_1_235' title='bbox 2148 1804 2195 1864; x_wconf 92' lang='lat' dir='ltr'><strong>B</strong></span> <span class='ocrx_word' id='word_1_236' title='bbox 2222 1812 2301 1868; x_wconf 92' lang='lat' dir='ltr'><strong>dit</strong></span> <span class='ocrx_word' id='word_1_237' title='bbox 2335 1830 2354 1863; x_wconf 83' lang='grc'><strong>‹</strong></span> <span class='ocrx_word' id='word_1_238' title='bbox 2402 1811 2532 1882; x_wconf 84' lang='lat' dir='ltr'><strong>igni.</strong></span> <span class='ocrx_word' id='word_1_239' title='bbox 2572 1829 2590 1861; x_wconf 77' lang='grc' dir='ltr'><strong><em>ι</em></strong></span> <span class='ocrx_word' id='word_1_240' title='bbox 2624 1809 2729 1864; x_wconf 89' lang='lat' dir='ltr'><strong>Per</strong></span> <span class='ocrx_word' id='word_1_241' title='bbox 2768 1810 3010 1879; x_wconf 83' lang='lat' dir='ltr'><strong>jumenta</strong></span> <span class='ocrx_word' id='word_1_242' title='bbox 3057 1806 3188 1861; x_wconf 90' lang='lat' dir='ltr'><strong>fatui</strong></span> <span class='ocrx_word' id='word_1_243' title='bbox 3228 1808 3479 1863; x_wconf 77' lang='lat' dir='ltr'><strong>homines</strong></span> <span class='ocrx_word' id='word_1_244' title='bbox 3516 1808 3769 1869; x_wconf 83' lang='lat' dir='ltr'><strong>habentur,</strong></span> 
     </span>
    </p>
   </div>
   <div class='ocr_carea' id='block_1_33' title="bbox 557 1911 998 1985">
    <p class='ocr_par' dir='ltr' id='par_1_33' title="bbox 557 1911 998 1985">
     <span class='ocr_line' id='line_1_33' title="bbox 557 1911 998 1985; baseline -0.018 -15"><span class='ocrx_word' id='word_1_245' title='bbox 557 1911 998 1985; x_wconf 84' lang='lat' dir='ltr'><strong>signiﬁcationes.</strong></span> 
     </span>
    </p>
   </div>
   <div class='ocr_carea' id='block_1_34' title="bbox 632 1985 2124 2073">
    <p class='ocr_par' dir='ltr' id='par_1_34' title="bbox 632 1985 2124 2073">
     <span class='ocr_line' id='line_1_34' title="bbox 632 1985 2124 2073; baseline -0.011 -15"><span class='ocrx_word' id='word_1_246' title='bbox 632 2026 651 2058; x_wconf 74' lang='grc' dir='ltr'>ι</span> <span class='ocrx_word' id='word_1_247' title='bbox 680 2005 833 2061; x_wconf 89' lang='lat' dir='ltr'><strong>Sicut</strong></span> <span class='ocrx_word' id='word_1_248' title='bbox 862 2001 1044 2073; x_wconf 91' lang='lat' dir='ltr'><strong>posuit</strong></span> <span class='ocrx_word' id='word_1_249' title='bbox 1071 2018 1091 2051; x_wconf 75' lang='grc' dir='ltr'>ι</span> <span class='ocrx_word' id='word_1_250' title='bbox 1126 1998 1247 2053; x_wconf 85' lang='lat' dir='ltr'><strong>dico</strong></span> <span class='ocrx_word' id='word_1_251' title='bbox 1283 2010 1388 2050; x_wconf 90' lang='lat' dir='ltr'><strong>non</strong></span> <span class='ocrx_word' id='word_1_252' title='bbox 1419 2000 1544 2049; x_wconf 91' lang='lat' dir='ltr'><strong>sunt</strong></span> <span class='ocrx_word' id='word_1_253' title='bbox 1580 1988 1883 2047; x_wconf 88' lang='lat' dir='ltr'><strong>recordati:</strong></span> <span class='ocrx_word' id='word_1_254' title='bbox 1918 2006 1936 2038; x_wconf 73' lang='grc' dir='ltr'>ι</span> <span class='ocrx_word' id='word_1_255' title='bbox 1970 1985 2124 2043; x_wconf 89' lang='lat' dir='ltr'><strong>Sicut</strong></span> 
     </span>
    </p>
   </div>
   <div class='ocr_carea' id='block_1_35' title="bbox 554 2079 2124 2170">
    <p class='ocr_par' dir='ltr' id='par_1_35' title="bbox 554 2079 2124 2170">
     <span class='ocr_line' id='line_1_35' title="bbox 554 2079 2124 2170; baseline -0.015 -17"><span class='ocrx_word' id='word_1_256' title='bbox 554 2098 738 2170; x_wconf 85' lang='lat' dir='ltr'><strong>posuit</strong></span> <span class='ocrx_word' id='word_1_257' title='bbox 762 2096 814 2150; x_wconf 92' lang='lat' dir='ltr'><strong>in</strong></span> <span class='ocrx_word' id='word_1_258' title='bbox 831 2093 1062 2163; x_wconf 63' lang='lat' dir='ltr'><strong>Egypto</strong></span> <span class='ocrx_word' id='word_1_259' title='bbox 1082 2089 1233 2160; x_wconf 89' lang='lat' dir='ltr'><strong>signa</strong></span> <span class='ocrx_word' id='word_1_260' title='bbox 1254 2101 1370 2150; x_wconf 87' lang='lat' dir='ltr'><strong>sua,</strong></span> <span class='ocrx_word' id='word_1_261' title='bbox 1391 2091 1444 2139; x_wconf 91' lang='lat' dir='ltr'><strong>et</strong></span> <span class='ocrx_word' id='word_1_262' title='bbox 1468 2082 1705 2155; x_wconf 90' lang='lat' dir='ltr'><strong>prodigia</strong></span> <span class='ocrx_word' id='word_1_263' title='bbox 1729 2094 1823 2170; x_wconf 86' lang='lat' dir='ltr'><strong>sua</strong></span> <span class='ocrx_word' id='word_1_264' title='bbox 1852 2079 1905 2133; x_wconf 93' lang='lat' dir='ltr'><strong>in</strong></span> <span class='ocrx_word' id='word_1_265' title='bbox 1929 2091 2124 2146; x_wconf 92' lang='lat' dir='ltr'><strong>campo</strong></span> 
     </span>
    </p>
   </div>
   <div class='ocr_carea' id='block_1_36' title="bbox 560 2168 2124 2249">
    <p class='ocr_par' dir='ltr' id='par_1_36' title="bbox 560 2168 2124 2249">
     <span class='ocr_line' id='line_1_36' title="bbox 560 2168 2124 2249; baseline -0.015 -7"><span class='ocrx_word' id='word_1_266' title='bbox 560 2168 827 2242; x_wconf 69' lang='lat' dir='ltr'><strong>Thaneos.</strong></span> <span class='ocrx_word' id='word_1_267' title='bbox 861 2203 877 2234; x_wconf 76' lang='grc' dir='ltr'><strong>ι</strong></span> <span class='ocrx_word' id='word_1_268' title='bbox 934 2182 1038 2236; x_wconf 89' lang='lat' dir='ltr'><strong>Per</strong></span> <span class='ocrx_word' id='word_1_269' title='bbox 1084 2180 1254 2249; x_wconf 86' lang='lat' dir='ltr'><strong>signa,</strong></span> <span class='ocrx_word' id='word_1_270' title='bbox 1300 2176 1508 2229; x_wconf 89' lang='lat' dir='ltr'><strong>minora</strong></span> <span class='ocrx_word' id='word_1_271' title='bbox 1546 2168 1836 2235; x_wconf 88' lang='lat' dir='ltr'><strong>miracula;</strong></span> <span class='ocrx_word' id='word_1_272' title='bbox 1864 2182 1962 2238; x_wconf 91' lang='lat' dir='ltr'><strong>per</strong></span> <span class='ocrx_word' id='word_1_273' title='bbox 2001 2181 2124 2236; x_wconf 86' lang='lat' dir='ltr'><strong>pro-</strong></span> 
     </span>
    </p>
   </div>
   <div class='ocr_carea' id='block_1_37' title="bbox 558 2256 2124 2349">
    <p class='ocr_par' dir='ltr' id='par_1_37' title="bbox 558 2256 2124 2349">
     <span class='ocr_line' id='line_1_37' title="bbox 558 2256 2124 2349; baseline -0.015 -16"><span class='ocrx_word' id='word_1_274' title='bbox 558 2278 726 2349; x_wconf 85' lang='lat' dir='ltr'><strong>digia,</strong></span> <span class='ocrx_word' id='word_1_275' title='bbox 762 2272 963 2341; x_wconf 90' lang='lat' dir='ltr'><strong>majora</strong></span> <span class='ocrx_word' id='word_1_276' title='bbox 987 2268 1350 2337; x_wconf 86' lang='lat' dir='ltr'><strong>intelligimus.</strong></span> <span class='ocrx_word' id='word_1_277' title='bbox 1374 2262 1473 2318; x_wconf 83' lang='lat' dir='ltr'><strong>Vel</strong></span> <span class='ocrx_word' id='word_1_278' title='bbox 1497 2263 1657 2326; x_wconf 89' lang='lat' dir='ltr'><strong>idem,</strong></span> <span class='ocrx_word' id='word_1_279' title='bbox 1693 2259 1788 2315; x_wconf 90' lang='lat' dir='ltr'><strong>sed</strong></span> <span class='ocrx_word' id='word_1_280' title='bbox 1830 2256 2124 2313; x_wconf 89' lang='lat' dir='ltr'><strong>secundum</strong></span> 
     </span>
    </p>
   </div>
   <div class='ocr_carea' id='block_1_38' title="bbox 557 2349 2121 2433">
    <p class='ocr_par' dir='ltr' id='par_1_38' title="bbox 557 2349 2121 2433">
     <span class='ocr_line' id='line_1_38' title="bbox 557 2349 2121 2433; baseline -0.016 -7"><span class='ocrx_word' id='word_1_281' title='bbox 557 2371 662 2427; x_wconf 88' lang='lat' dir='ltr'><strong>hoc</strong></span> <span class='ocrx_word' id='word_1_282' title='bbox 695 2368 905 2423; x_wconf 90' lang='lat' dir='ltr'><strong>dicatur</strong></span> <span class='ocrx_word' id='word_1_283' title='bbox 932 2364 1141 2433; x_wconf 88' lang='lat' dir='ltr'><strong>signum</strong></span> <span class='ocrx_word' id='word_1_284' title='bbox 1185 2358 1277 2412; x_wconf 90' lang='lat' dir='ltr'><strong>Dei</strong></span> <span class='ocrx_word' id='word_1_285' title='bbox 1324 2357 1465 2425; x_wconf 93' lang='lat' dir='ltr'><strong>quod</strong></span> <span class='ocrx_word' id='word_1_286' title='bbox 1514 2352 1810 2425; x_wconf 87' lang='lat' dir='ltr'><strong>potentiam</strong></span> <span class='ocrx_word' id='word_1_287' title='bbox 1858 2349 2060 2404; x_wconf 88' lang='lat' dir='ltr'><strong>indicat</strong></span> <span class='ocrx_word' id='word_1_288' title='bbox 2106 2364 2121 2401; x_wconf 90' lang='lat'><strong>:</strong></span> 
     </span>
    </p>
   </div>
   <div class='ocr_carea' id='block_1_39' title="bbox 556 2438 2122 2530">
    <p class='ocr_par' dir='ltr' id='par_1_39' title="bbox 556 2438 2122 2530">
     <span class='ocr_line' id='line_1_39' title="bbox 556 2438 2122 2530; baseline -0.015 -15"><span class='ocrx_word' id='word_1_289' title='bbox 556 2458 879 2530; x_wconf 86' lang='lat' dir='ltr'><strong>prodigium,</strong></span> <span class='ocrx_word' id='word_1_290' title='bbox 920 2452 1045 2522; x_wconf 84' lang='lat' dir='ltr'><strong>quia</strong></span> <span class='ocrx_word' id='word_1_291' title='bbox 1082 2451 1137 2506; x_wconf 92' lang='lat' dir='ltr'><strong>in</strong></span> <span class='ocrx_word' id='word_1_292' title='bbox 1185 2463 1244 2504; x_wconf 89' lang='lat' dir='ltr'><strong>se</strong></span> <span class='ocrx_word' id='word_1_293' title='bbox 1287 2448 1380 2502; x_wconf 90' lang='lat' dir='ltr'><strong>dat</strong></span> <span class='ocrx_word' id='word_1_294' title='bbox 1424 2445 1579 2500; x_wconf 91' lang='lat' dir='ltr'><strong>nobis</strong></span> <span class='ocrx_word' id='word_1_295' title='bbox 1618 2442 1920 2511; x_wconf 89' lang='lat' dir='ltr'><strong>intelligere</strong></span> <span class='ocrx_word' id='word_1_296' title='bbox 1958 2438 2122 2493; x_wconf 89' lang='lat' dir='ltr'><strong>aliud.</strong></span> 
     </span>
    </p>
   </div>
   <div class='ocr_carea' id='block_1_40' title="bbox 555 2528 2126 2610">
    <p class='ocr_par' dir='ltr' id='par_1_40' title="bbox 555 2528 2126 2610">
     <span class='ocr_line' id='line_1_40' title="bbox 555 2528 2126 2610; baseline -0.015 -4"><span class='ocrx_word' id='word_1_297' title='bbox 555 2528 633 2607; x_wconf 72' lang='lat' dir='ltr'><strong>ita</strong></span> <span class='ocrx_word' id='word_1_298' title='bbox 660 2555 715 2602; x_wconf 88' lang='lat' dir='ltr'><strong>et</strong></span> <span class='ocrx_word' id='word_1_299' title='bbox 754 2545 909 2602; x_wconf 90' lang='lat' dir='ltr'><strong>nobis</strong></span> <span class='ocrx_word' id='word_1_300' title='bbox 957 2544 1014 2598; x_wconf 89' lang='lat' dir='ltr'><strong>in</strong></span> <span class='ocrx_word' id='word_1_301' title='bbox 1055 2542 1158 2596; x_wconf 86' lang='lat' dir='ltr'><strong>hac</strong></span> <span class='ocrx_word' id='word_1_302' title='bbox 1184 2538 1435 2610; x_wconf 66' lang='lat' dir='ltr'><strong>Egypto,</strong></span> <span class='ocrx_word' id='word_1_303' title='bbox 1477 2535 1605 2589; x_wconf 90' lang='lat' dir='ltr'><strong>dum</strong></span> <span class='ocrx_word' id='word_1_304' title='bbox 1633 2531 1918 2587; x_wconf 90' lang='lat' dir='ltr'><strong>vivendum</strong></span> <span class='ocrx_word' id='word_1_305' title='bbox 1947 2537 2029 2583; x_wconf 88' lang='lat' dir='ltr'><strong>est</strong></span> <span class='ocrx_word' id='word_1_306' title='bbox 2069 2528 2126 2583; x_wconf 92' lang='lat' dir='ltr'><strong>in</strong></span> 
     </span>
    </p>
   </div>
   <div class='ocr_carea' id='block_1_41' title="bbox 556 2622 2129 2712">
    <p class='ocr_par' dir='ltr' id='par_1_41' title="bbox 556 2622 2129 2712">
     <span class='ocr_line' id='line_1_41' title="bbox 556 2622 2129 2712; baseline -0.018 -13"><span class='ocrx_word' id='word_1_307' title='bbox 556 2655 749 2712; x_wconf 88' lang='lat' dir='ltr'><strong>campo</strong></span> <span class='ocrx_word' id='word_1_308' title='bbox 772 2639 1044 2699; x_wconf 85' lang='lat' dir='ltr'><strong>Thaneos,</strong></span> <span class='ocrx_word' id='word_1_309' title='bbox 1081 2632 1135 2687; x_wconf 93' lang='lat' dir='ltr'><strong>id</strong></span> <span class='ocrx_word' id='word_1_310' title='bbox 1165 2639 1270 2695; x_wconf 89' lang='lat' dir='ltr'><strong>est,</strong></span> <span class='ocrx_word' id='word_1_311' title='bbox 1314 2629 1368 2683; x_wconf 92' lang='lat' dir='ltr'><strong>in</strong></span> <span class='ocrx_word' id='word_1_312' title='bbox 1401 2624 1590 2681; x_wconf 89' lang='lat' dir='ltr'><strong>humili</strong></span> <span class='ocrx_word' id='word_1_313' title='bbox 1627 2622 1906 2686; x_wconf 87' lang='lat' dir='ltr'><strong>mandato,</strong></span> <span class='ocrx_word' id='word_1_314' title='bbox 1948 2627 2129 2675; x_wconf 85' lang='lat' dir='ltr'><strong>osten-</strong></span> 
     </span>
    </p>
   </div>
   <div class='ocr_carea' id='block_1_42' title="bbox 557 2709 1816 2791">
    <p class='ocr_par' dir='ltr' id='par_1_42' title="bbox 557 2709 1816 2791">
     <span class='ocr_line' id='line_1_42' title="bbox 557 2709 1816 2791; baseline -0.018 -6"><span class='ocrx_word' id='word_1_315' title='bbox 557 2730 637 2785; x_wconf 88' lang='lat' dir='ltr'><strong>dit</strong></span> <span class='ocrx_word' id='word_1_316' title='bbox 665 2709 836 2783; x_wconf 85' lang='lat' dir='ltr'><strong>multa</strong></span> <span class='ocrx_word' id='word_1_317' title='bbox 862 2722 1038 2791; x_wconf 89' lang='lat' dir='ltr'><strong>signa,</strong></span> <span class='ocrx_word' id='word_1_318' title='bbox 1065 2727 1123 2773; x_wconf 91' lang='lat' dir='ltr'><strong>et</strong></span> <span class='ocrx_word' id='word_1_319' title='bbox 1141 2715 1340 2772; x_wconf 90' lang='lat' dir='ltr'><strong>indicia</strong></span> <span class='ocrx_word' id='word_1_320' title='bbox 1369 2729 1479 2769; x_wconf 64' lang='lat' dir='ltr'><strong>suae</strong></span> <span class='ocrx_word' id='word_1_321' title='bbox 1502 2709 1816 2766; x_wconf 87' lang='lat' dir='ltr'><strong>voluntatis.</strong></span> 
     </span>
    </p>
   </div>
   <div class='ocr_carea' id='block_1_43' title="bbox 634 2801 2128 2878">
    <p class='ocr_par' dir='ltr' id='par_1_43' title="bbox 634 2801 2128 2878">
     <span class='ocr_line' id='line_1_43' title="bbox 634 2801 2128 2878; baseline -0.013 -7"><span class='ocrx_word' id='word_1_322' title='bbox 634 2838 653 2871; x_wconf 76' lang='grc' dir='ltr'>ι</span> <span class='ocrx_word' id='word_1_323' title='bbox 683 2818 753 2873; x_wconf 82' lang='grc' dir='ltr'><strong>Ει</strong></span> <span class='ocrx_word' id='word_1_324' title='bbox 788 2812 1075 2872; x_wconf 85' lang='lat' dir='ltr'><strong>convertit.</strong></span> <span class='ocrx_word' id='word_1_325' title='bbox 1126 2829 1146 2863; x_wconf 75' lang='grc' dir='ltr'><strong><em>ι</em></strong></span> <span class='ocrx_word' id='word_1_326' title='bbox 1178 2808 1372 2878; x_wconf 88' lang='lat' dir='ltr'><strong>incipit</strong></span> <span class='ocrx_word' id='word_1_327' title='bbox 1407 2817 1725 2861; x_wconf 87' lang='lat' dir='ltr'><strong>enumerare</strong></span> <span class='ocrx_word' id='word_1_328' title='bbox 1762 2801 1949 2873; x_wconf 89' lang='lat' dir='ltr'><strong>plagas</strong></span> <span class='ocrx_word' id='word_1_329' title='bbox 1994 2812 2128 2869; x_wconf 85' lang='lat' dir='ltr'><strong>quas</strong></span> 
     </span>
    </p>
   </div>
   <div class='ocr_carea' id='block_1_44' title="bbox 558 2889 2129 2971">
    <p class='ocr_par' dir='ltr' id='par_1_44' title="bbox 558 2889 2129 2971">
     <span class='ocr_line' id='line_1_44' title="bbox 558 2889 2129 2971; baseline -0.015 -6"><span class='ocrx_word' id='word_1_330' title='bbox 558 2908 819 2965; x_wconf 86' lang='lat' dir='ltr'><strong>Dominus</strong></span> <span class='ocrx_word' id='word_1_331' title='bbox 848 2902 1030 2960; x_wconf 91' lang='lat' dir='ltr'><strong>intulit</strong></span> <span class='ocrx_word' id='word_1_332' title='bbox 1071 2898 1340 2971; x_wconf 67' lang='lat' dir='ltr'><strong>Egyptiis</strong></span> <span class='ocrx_word' id='word_1_333' title='bbox 1380 2900 1601 2966; x_wconf 88' lang='lat' dir='ltr'><strong>propter</strong></span> <span class='ocrx_word' id='word_1_334' title='bbox 1634 2906 1748 2957; x_wconf 87' lang='lat' dir='ltr'><strong>eos,</strong></span> <span class='ocrx_word' id='word_1_335' title='bbox 1785 2900 1840 2945; x_wconf 88' lang='lat' dir='ltr'><strong>et</strong></span> <span class='ocrx_word' id='word_1_336' title='bbox 1869 2889 1996 2944; x_wconf 90' lang='lat' dir='ltr'><strong>licet</strong></span> <span class='ocrx_word' id='word_1_337' title='bbox 2022 2902 2129 2942; x_wconf 91' lang='lat' dir='ltr'><strong>non</strong></span> 
     </span>
    </p>
   </div>
   <div class='ocr_carea' id='block_1_45' title="bbox 560 2977 2128 3070">
    <p class='ocr_par' dir='ltr' id='par_1_45' title="bbox 560 2977 2128 3070">
     <span class='ocr_line' id='line_1_45' title="bbox 560 2977 2128 3070; baseline -0.015 -15"><span class='ocrx_word' id='word_1_338' title='bbox 560 3006 726 3070; x_wconf 89' lang='lat' dir='ltr'><strong>ponat</strong></span> <span class='ocrx_word' id='word_1_339' title='bbox 768 2995 984 3051; x_wconf 89' lang='lat' dir='ltr'><strong>easdem</strong></span> <span class='ocrx_word' id='word_1_340' title='bbox 1029 3005 1165 3061; x_wconf 89' lang='lat' dir='ltr'><strong>quas</strong></span> <span class='ocrx_word' id='word_1_341' title='bbox 1219 2986 1451 3057; x_wconf 80' lang='lat' dir='ltr'><strong>Moyses,</strong></span> <span class='ocrx_word' id='word_1_342' title='bbox 1497 2992 1685 3070; x_wconf 9' lang='lat' dir='ltr'><strong>tamen,</strong></span> <span class='ocrx_word' id='word_1_343' title='bbox 1729 2981 1916 3070; x_wconf 70' lang='lat' dir='ltr'><strong>decem</strong></span> <span class='ocrx_word' id='word_1_344' title='bbox 1954 2977 2128 3049; x_wconf 87' lang='lat' dir='ltr'><strong>ponit,</strong></span> 
     </span>
    </p>
   </div>
   <div class='ocr_carea' id='block_1_46' title="bbox 561 3066 2129 3154">
    <p class='ocr_par' dir='ltr' id='par_1_46' title="bbox 561 3066 2129 3154">
     <span class='ocr_line' id='line_1_46' title="bbox 561 3066 2129 3154; baseline -0.013 -12"><span class='ocrx_word' id='word_1_345' title='bbox 561 3066 702 3142; x_wconf 73' lang='lat' dir='ltr'><strong>sicut</strong></span> <span class='ocrx_word' id='word_1_346' title='bbox 738 3084 853 3154; x_wconf 89' lang='lat' dir='ltr'><strong>ipse</strong></span> <span class='ocrx_word' id='word_1_347' title='bbox 882 3081 1111 3150; x_wconf 79' lang='lat' dir='ltr'><strong>Moyses,</strong></span> <span class='ocrx_word' id='word_1_348' title='bbox 1139 3083 1194 3132; x_wconf 91' lang='lat' dir='ltr'><strong>et</strong></span> <span class='ocrx_word' id='word_1_349' title='bbox 1214 3081 1403 3130; x_wconf 85' lang='lat' dir='ltr'><strong>contra</strong></span> <span class='ocrx_word' id='word_1_350' title='bbox 1429 3072 1615 3128; x_wconf 91' lang='lat' dir='ltr'><strong>decem</strong></span> <span class='ocrx_word' id='word_1_351' title='bbox 1639 3069 1825 3140; x_wconf 87' lang='lat' dir='ltr'><strong>plagas</strong></span> <span class='ocrx_word' id='word_1_352' title='bbox 1851 3066 2129 3137; x_wconf 65' lang='lat' dir='ltr'><strong>Egyptia-</strong></span> 
     </span>
    </p>
   </div>
   <div class='ocr_carea' id='block_1_47' title="bbox 2223 1897 3771 1974">
    <p class='ocr_par' dir='ltr' id='par_1_47' title="bbox 2223 1897 3771 1974">
     <span class='ocr_line' id='line_1_47' title="bbox 2223 1897 3771 1974; baseline -0.006 -16"><span class='ocrx_word' id='word_1_353' title='bbox 2223 1903 2314 1974; x_wconf 92' lang='lat' dir='ltr'><strong>qui</strong></span> <span class='ocrx_word' id='word_1_354' title='bbox 2338 1901 2758 1957; x_wconf 90' lang='lat' dir='ltr'><strong>commutatione</strong></span> <span class='ocrx_word' id='word_1_355' title='bbox 2784 1900 2874 1953; x_wconf 89' lang='lat' dir='ltr'><strong>Dei</strong></span> <span class='ocrx_word' id='word_1_356' title='bbox 2899 1898 3311 1969; x_wconf 87' lang='lat' dir='ltr'><strong>grandinantur.</strong></span> <span class='ocrx_word' id='word_1_357' title='bbox 3345 1897 3457 1952; x_wconf 87' lang='lat' dir='ltr'><strong>Per</strong></span> <span class='ocrx_word' id='word_1_358' title='bbox 3479 1898 3682 1969; x_wconf 83' lang='lat' dir='ltr'><strong>ignem.</strong></span> <span class='ocrx_word' id='word_1_359' title='bbox 3708 1913 3771 1950; x_wconf 82' lang='lat' dir='ltr'><strong>ar-</strong></span> 
     </span>
    </p>
   </div>
   <div class='ocr_carea' id='block_1_48' title="bbox 2224 1986 3769 2060">
    <p class='ocr_par' dir='ltr' id='par_1_48' title="bbox 2224 1986 3769 2060">
     <span class='ocr_line' id='line_1_48' title="bbox 2224 1986 3769 2060; baseline -0.006 -11"><span class='ocrx_word' id='word_1_360' title='bbox 2224 1995 2410 2049; x_wconf 89' lang='lat' dir='ltr'><strong>dorem</strong></span> <span class='ocrx_word' id='word_1_361' title='bbox 2448 1990 2922 2060; x_wconf 61' lang='lat' dir='ltr'><strong>concupiscentiae,</strong></span> <span class='ocrx_word' id='word_1_362' title='bbox 2963 2004 3070 2057; x_wconf 92' lang='lat' dir='ltr'><strong>quo</strong></span> <span class='ocrx_word' id='word_1_363' title='bbox 3116 1989 3293 2044; x_wconf 91' lang='lat' dir='ltr'><strong>omnis</strong></span> <span class='ocrx_word' id='word_1_364' title='bbox 3348 1987 3630 2058; x_wconf 85' lang='lat' dir='ltr'><strong>possessio</strong></span> <span class='ocrx_word' id='word_1_365' title='bbox 3674 1986 3769 2040; x_wconf 83' lang='lat' dir='ltr'><strong>boni</strong></span> 
     </span>
    </p>
   </div>
   <div class='ocr_carea' id='block_1_49' title="bbox 2223 2078 3768 2155">
    <p class='ocr_par' dir='ltr' id='par_1_49' title="bbox 2223 2078 3768 2155">
     <span class='ocr_line' id='line_1_49' title="bbox 2223 2078 3768 2155; baseline -0.005 -16"><span class='ocrx_word' id='word_1_366' title='bbox 2223 2083 2404 2155; x_wconf 86' lang='lat' dir='ltr'><strong>operis</strong></span> <span class='ocrx_word' id='word_1_367' title='bbox 2445 2083 2800 2145; x_wconf 91' lang='lat' dir='ltr'><strong>consumitur,</strong></span> <span class='ocrx_word' id='word_1_368' title='bbox 2855 2078 3199 2149; x_wconf 91' lang='lat' dir='ltr'><strong>intelligimus</strong></span> <span class='ocrx_word' id='word_1_369' title='bbox 3237 2095 3253 2132; x_wconf 87' lang='lat'><strong>:</strong></span> <span class='ocrx_word' id='word_1_370' title='bbox 3294 2078 3382 2132; x_wconf 90' lang='lat' dir='ltr'><strong>hic</strong></span> <span class='ocrx_word' id='word_1_371' title='bbox 3413 2092 3638 2147; x_wconf 84' lang='lat' dir='ltr'><strong>quoque</strong></span> <span class='ocrx_word' id='word_1_372' title='bbox 3682 2078 3768 2131; x_wconf 77' lang='lat' dir='ltr'><strong>dna:</strong></span> 
     </span>
    </p>
   </div>
   <div class='ocr_carea' id='block_1_50' title="bbox 2224 2169 3768 2246">
    <p class='ocr_par' dir='ltr' id='par_1_50' title="bbox 2224 2169 3768 2246">
     <span class='ocr_line' id='line_1_50' title="bbox 2224 2169 3768 2246; baseline -0.005 -18"><span class='ocrx_word' id='word_1_373' title='bbox 2224 2175 2397 2246; x_wconf 72' lang='lat' dir='ltr'><strong>plagae</strong></span> <span class='ocrx_word' id='word_1_374' title='bbox 2420 2175 2786 2230; x_wconf 88' lang='lat' dir='ltr'><strong>continentur.</strong></span> <span class='ocrx_word' id='word_1_375' title='bbox 2815 2170 2950 2227; x_wconf 84' lang='lat' dir='ltr'><strong>Nota</strong></span> <span class='ocrx_word' id='word_1_376' title='bbox 2977 2172 3119 2241; x_wconf 91' lang='lat' dir='ltr'><strong>quod</strong></span> <span class='ocrx_word' id='word_1_377' title='bbox 3151 2170 3243 2225; x_wconf 89' lang='lat' dir='ltr'><strong>ubi</strong></span> <span class='ocrx_word' id='word_1_378' title='bbox 3277 2170 3494 2240; x_wconf 85' lang='lat' dir='ltr'><strong>Moyses</strong></span> <span class='ocrx_word' id='word_1_379' title='bbox 3537 2169 3595 2222; x_wconf 92' lang='lat' dir='ltr'><strong>in</strong></span> <span class='ocrx_word' id='word_1_380' title='bbox 3626 2169 3768 2222; x_wconf 77' lang='lat' dir='ltr'><strong>Exodo</strong></span> 
     </span>
    </p>
   </div>
   <div class='ocr_carea' id='block_1_51' title="bbox 2229 2261 3768 2341">
    <p class='ocr_par' dir='ltr' id='par_1_51' title="bbox 2229 2261 3768 2341">
     <span class='ocr_line' id='line_1_51' title="bbox 2229 2261 3768 2341; baseline -0.006 -19"><span class='ocrx_word' id='word_1_381' title='bbox 2229 2269 2369 2341; x_wconf 83' lang='lat' dir='ltr'><strong>(cap.</strong></span> <span class='ocrx_word' id='word_1_382' title='bbox 2416 2266 2493 2339; x_wconf 73' lang='lat' dir='ltr'><strong>ix)</strong></span> <span class='ocrx_word' id='word_1_383' title='bbox 2531 2267 2629 2323; x_wconf 87' lang='lat' dir='ltr'><strong>has</strong></span> <span class='ocrx_word' id='word_1_384' title='bbox 2677 2273 2787 2320; x_wconf 88' lang='lat' dir='ltr'><strong>tres</strong></span> <span class='ocrx_word' id='word_1_385' title='bbox 2813 2264 3000 2334; x_wconf 86' lang='lat' dir='ltr'><strong>plagas</strong></span> <span class='ocrx_word' id='word_1_386' title='bbox 3034 2264 3231 2332; x_wconf 89' lang='lat' dir='ltr'><strong>posuit.</strong></span> <span class='ocrx_word' id='word_1_387' title='bbox 3278 2261 3490 2317; x_wconf 89' lang='lat' dir='ltr'><strong>scilicet</strong></span> <span class='ocrx_word' id='word_1_388' title='bbox 3528 2261 3768 2331; x_wconf 73' lang='lat' dir='ltr'><strong>cynipbes,</strong></span> 
     </span>
    </p>
   </div>
   <div class='ocr_carea' id='block_1_52' title="bbox 2230 2352 3771 2424">
    <p class='ocr_par' dir='ltr' id='par_1_52' title="bbox 2230 2352 3771 2424">
     <span class='ocr_line' id='line_1_52' title="bbox 2230 2352 3771 2424; baseline -0.004 -13"><span class='ocrx_word' id='word_1_389' title='bbox 2230 2357 2412 2414; x_wconf 89' lang='lat' dir='ltr'><strong>ulcera</strong></span> <span class='ocrx_word' id='word_1_390' title='bbox 2442 2372 2748 2412; x_wconf 88' lang='lat' dir='ltr'><strong>muscarum</strong></span> <span class='ocrx_word' id='word_1_391' title='bbox 2769 2396 2784 2421; x_wconf 93' lang='lat'><strong>,</strong></span> <span class='ocrx_word' id='word_1_392' title='bbox 2823 2363 2879 2410; x_wconf 90' lang='lat' dir='ltr'><strong>et</strong></span> <span class='ocrx_word' id='word_1_393' title='bbox 2899 2354 3167 2417; x_wconf 81' lang='lat' dir='ltr'><strong>tenebras,</strong></span> <span class='ocrx_word' id='word_1_394' title='bbox 3197 2354 3349 2424; x_wconf 90' lang='lat' dir='ltr'><strong>ponit</strong></span> <span class='ocrx_word' id='word_1_395' title='bbox 3374 2352 3650 2423; x_wconf 84' lang='lat' dir='ltr'><strong>Propheta</strong></span> <span class='ocrx_word' id='word_1_396' title='bbox 3668 2367 3771 2405; x_wconf 63' lang='lat' dir='ltr'><strong>zem-</strong></span> 
     </span>
    </p>
   </div>
   <div class='ocr_carea' id='block_1_53' title="bbox 2226 2445 3769 2523">
    <p class='ocr_par' dir='ltr' id='par_1_53' title="bbox 2226 2445 3769 2523">
     <span class='ocr_line' id='line_1_53' title="bbox 2226 2445 3769 2523; baseline -0.005 -19"><span class='ocrx_word' id='word_1_397' title='bbox 2226 2451 2426 2523; x_wconf 88' lang='lat' dir='ltr'><strong>ginem,</strong></span> <span class='ocrx_word' id='word_1_398' title='bbox 2448 2448 2721 2520; x_wconf 90' lang='lat' dir='ltr'><strong>pruinam,</strong></span> <span class='ocrx_word' id='word_1_399' title='bbox 2746 2449 2949 2518; x_wconf 89' lang='lat' dir='ltr'><strong>ignem,</strong></span> <span class='ocrx_word' id='word_1_400' title='bbox 2970 2462 3079 2501; x_wconf 90' lang='lat' dir='ltr'><strong>non</strong></span> <span class='ocrx_word' id='word_1_401' title='bbox 3100 2445 3351 2517; x_wconf 83' lang='lat' dir='ltr'><strong>fulguris,</strong></span> <span class='ocrx_word' id='word_1_402' title='bbox 3379 2445 3481 2499; x_wconf 84' lang='lat' dir='ltr'><strong>sed</strong></span> <span class='ocrx_word' id='word_1_403' title='bbox 3506 2445 3602 2513; x_wconf 89' lang='lat' dir='ltr'><strong>qui</strong></span> <span class='ocrx_word' id='word_1_404' title='bbox 3620 2457 3769 2498; x_wconf 67' lang='lat' dir='ltr'><strong>onum</strong></span> 
     </span>
    </p>
   </div>
   <div class='ocr_carea' id='block_1_54' title="bbox 2224 2538 3229 2611">
    <p class='ocr_par' dir='ltr' id='par_1_54' title="bbox 2224 2538 3229 2611">
     <span class='ocr_line' id='line_1_54' title="bbox 2224 2538 3229 2611; baseline -0.01 -14"><span class='ocrx_word' id='word_1_405' title='bbox 2224 2540 2594 2611; x_wconf 85' lang='lat' dir='ltr'><strong>possessiones</strong></span> <span class='ocrx_word' id='word_1_406' title='bbox 2621 2538 2952 2594; x_wconf 90' lang='lat' dir='ltr'><strong>incenderet.</strong></span> <span class='ocrx_word' id='word_1_407' title='bbox 3222 2604 3229 2611; x_wconf 81' lang='lat'>_</span> 
     </span>
    </p>
   </div>
   <div class='ocr_carea' id='block_1_55' title="bbox 2303 2626 3772 2700">
    <p class='ocr_par' dir='ltr' id='par_1_55' title="bbox 2303 2626 3772 2700">
     <span class='ocr_line' id='line_1_55' title="bbox 2303 2626 3772 2700; baseline -0.003 -18"><span class='ocrx_word' id='word_1_408' title='bbox 2303 2650 2321 2682; x_wconf 75' lang='grc' dir='ltr'><strong>ε</strong></span> <span class='ocrx_word' id='word_1_409' title='bbox 2352 2631 2563 2686; x_wconf 86' lang='lat' dir='ltr'><strong>Misit...</strong></span> <span class='ocrx_word' id='word_1_410' title='bbox 2588 2650 2606 2682; x_wconf 74' lang='grc' dir='ltr'><strong>ι</strong></span> <span class='ocrx_word' id='word_1_411' title='bbox 2637 2630 2763 2686; x_wconf 74' lang='lat' dir='ltr'><strong>Vult</strong></span> <span class='ocrx_word' id='word_1_412' title='bbox 2789 2629 2985 2685; x_wconf 89' lang='lat' dir='ltr'><strong>addere</strong></span> <span class='ocrx_word' id='word_1_413' title='bbox 3014 2629 3315 2700; x_wconf 87' lang='lat' dir='ltr'><strong>graviorem</strong></span> <span class='ocrx_word' id='word_1_414' title='bbox 3340 2626 3772 2697; x_wconf 68' lang='lat' dir='ltr'><strong>pmnam,scilicet</strong></span> 
     </span>
    </p>
   </div>
   <div class='ocr_carea' id='block_1_56' title="bbox 2226 2717 3769 2793">
    <p class='ocr_par' dir='ltr' id='par_1_56' title="bbox 2226 2717 3769 2793">
     <span class='ocr_line' id='line_1_56' title="bbox 2226 2717 3769 2793; baseline -0.005 -16"><span class='ocrx_word' id='word_1_415' title='bbox 2226 2721 2630 2793; x_wconf 82' lang='lat' dir='ltr'><strong>percussionem</strong></span> <span class='ocrx_word' id='word_1_416' title='bbox 2667 2720 3147 2791; x_wconf 87' lang='lat' dir='ltr'><strong>primogenitorum</strong></span> <span class='ocrx_word' id='word_1_417' title='bbox 3170 2737 3195 2772; x_wconf 58' lang='grc' dir='ltr'><strong>«ε</strong></span> <span class='ocrx_word' id='word_1_418' title='bbox 3227 2719 3293 2772; x_wconf 92' lang='lat' dir='ltr'><strong>ad</strong></span> <span class='ocrx_word' id='word_1_419' title='bbox 3326 2717 3473 2772; x_wconf 91' lang='lat' dir='ltr'><strong>hanc</strong></span> <span class='ocrx_word' id='word_1_420' title='bbox 3518 2718 3769 2788; x_wconf 83' lang='lat' dir='ltr'><strong>quamdam</strong></span> 
     </span>
    </p>
   </div>
   <div class='ocr_carea' id='block_1_57' title="bbox 2227 2807 3770 2881">
    <p class='ocr_par' dir='ltr' id='par_1_57' title="bbox 2227 2807 3770 2881">
     <span class='ocr_line' id='line_1_57' title="bbox 2227 2807 3770 2881; baseline -0.003 -17"><span class='ocrx_word' id='word_1_421' title='bbox 2227 2810 2508 2881; x_wconf 66' lang='lat' dir='ltr'><strong>praemittit</strong></span> <span class='ocrx_word' id='word_1_422' title='bbox 2533 2808 3032 2872; x_wconf 89' lang='lat' dir='ltr'><strong>comminationem,</strong></span> <span class='ocrx_word' id='word_1_423' title='bbox 3063 2808 3218 2879; x_wconf 90' lang='lat' dir='ltr'><strong>quasi</strong></span> <span class='ocrx_word' id='word_1_424' title='bbox 3252 2809 3464 2863; x_wconf 90' lang='lat' dir='ltr'><strong>diceret</strong></span> <span class='ocrx_word' id='word_1_425' title='bbox 3496 2827 3511 2860; x_wconf 91' lang='lat'>:</span> <span class='ocrx_word' id='word_1_426' title='bbox 3542 2807 3663 2861; x_wconf 63' lang='lat' dir='ltr'><strong>Haec</strong></span> <span class='ocrx_word' id='word_1_427' title='bbox 3686 2822 3770 2860; x_wconf 78' lang='lat' dir='ltr'><strong>ma-</strong></span> 
     </span>
    </p>
   </div>
   <div class='ocr_carea' id='block_1_58' title="bbox 2228 2894 3772 2971">
    <p class='ocr_par' dir='ltr' id='par_1_58' title="bbox 2228 2894 3772 2971">
     <span class='ocr_line' id='line_1_58' title="bbox 2228 2894 3772 2971; baseline -0.005 -16"><span class='ocrx_word' id='word_1_428' title='bbox 2228 2900 2280 2955; x_wconf 92' lang='lat' dir='ltr'><strong>la</strong></span> <span class='ocrx_word' id='word_1_429' title='bbox 2306 2900 2562 2971; x_wconf 78' lang='lat' dir='ltr'><strong>praedicta</strong></span> <span class='ocrx_word' id='word_1_430' title='bbox 2597 2897 2778 2954; x_wconf 87' lang='lat' dir='ltr'><strong>intulit</strong></span> <span class='ocrx_word' id='word_1_431' title='bbox 2804 2898 2883 2953; x_wconf 90' lang='lat' dir='ltr'><strong>eis</strong></span> <span class='ocrx_word' id='word_1_432' title='bbox 2927 2897 3091 2962; x_wconf 93' lang='lat' dir='ltr'><strong>Deus,</strong></span> <span class='ocrx_word' id='word_1_433' title='bbox 3130 2910 3185 2953; x_wconf 92' lang='lat' dir='ltr'><strong>et</strong></span> <span class='ocrx_word' id='word_1_434' title='bbox 3210 2905 3409 2968; x_wconf 67' lang='lat' dir='ltr'><strong>praeter</strong></span> <span class='ocrx_word' id='word_1_435' title='bbox 3451 2898 3572 2952; x_wconf 58' lang='lat' dir='ltr'><strong>haec</strong></span> <span class='ocrx_word' id='word_1_436' title='bbox 3608 2917 3625 2947; x_wconf 70' lang='grc' dir='ltr'><strong>ε</strong></span> <span class='ocrx_word' id='word_1_437' title='bbox 3661 2894 3772 2949; x_wconf 82' lang='lat' dir='ltr'><strong>misit</strong></span> 
     </span>
    </p>
   </div>
   <div class='ocr_carea' id='block_1_59' title="bbox 2229 2986 3769 3060">
    <p class='ocr_par' dir='ltr' id='par_1_59' title="bbox 2229 2986 3769 3060">
     <span class='ocr_line' id='line_1_59' title="bbox 2229 2986 3769 3060; baseline -0.006 -13"><span class='ocrx_word' id='word_1_438' title='bbox 2229 2991 2286 3047; x_wconf 89' lang='lat' dir='ltr'><strong>in</strong></span> <span class='ocrx_word' id='word_1_439' title='bbox 2332 3007 2427 3047; x_wconf 90' lang='lat' dir='ltr'><strong>eos</strong></span> <span class='ocrx_word' id='word_1_440' title='bbox 2458 2992 2592 3045; x_wconf 89' lang='lat' dir='ltr'><strong>iram</strong></span> <span class='ocrx_word' id='word_1_441' title='bbox 2626 2989 3011 3060; x_wconf 86' lang='lat' dir='ltr'><strong>indignationis</strong></span> <span class='ocrx_word' id='word_1_442' title='bbox 3046 3004 3179 3055; x_wconf 78' lang='lat' dir='ltr'><strong>suae,</strong></span> <span class='ocrx_word' id='word_1_443' title='bbox 3213 3009 3231 3040; x_wconf 74' lang='grc' dir='ltr'><strong><em>ι</em></strong></span> <span class='ocrx_word' id='word_1_444' title='bbox 3268 3004 3377 3043; x_wconf 91' lang='lat' dir='ltr'><strong>non</strong></span> <span class='ocrx_word' id='word_1_445' title='bbox 3426 2986 3769 3049; x_wconf 85' lang='lat' dir='ltr'><strong>correctionis,</strong></span> 
     </span>
    </p>
   </div>
   <div class='ocr_carea' id='block_1_60' title="bbox 2230 3079 3772 3155">
    <p class='ocr_par' dir='ltr' id='par_1_60' title="bbox 2230 3079 3772 3155">
     <span class='ocr_line' id='line_1_60' title="bbox 2230 3079 3772 3155; baseline -0.006 -15"><span class='ocrx_word' id='word_1_446' title='bbox 2230 3084 2437 3141; x_wconf 90' lang='lat' dir='ltr'><strong>scilicet</strong></span> <span class='ocrx_word' id='word_1_447' title='bbox 2462 3084 2843 3155; x_wconf 90' lang='lat' dir='ltr'><strong>procedentem</strong></span> <span class='ocrx_word' id='word_1_448' title='bbox 2872 3097 2941 3137; x_wconf 78' lang='lat' dir='ltr'><strong>ex</strong></span> <span class='ocrx_word' id='word_1_449' title='bbox 2972 3082 3064 3137; x_wconf 89' lang='lat' dir='ltr'><strong>Dei</strong></span> <span class='ocrx_word' id='word_1_450' title='bbox 3094 3080 3492 3151; x_wconf 85' lang='lat' dir='ltr'><strong>indignatione,</strong></span> <span class='ocrx_word' id='word_1_451' title='bbox 3538 3079 3772 3139; x_wconf 80' lang='lat' dir='ltr'><strong>videlicet,</strong></span> 
     </span>
    </p>
   </div>
   <div class='ocr_carea' id='block_1_61' title="bbox 561 3159 2132 3246">
    <p class='ocr_par' dir='ltr' id='par_1_61' title="bbox 561 3159 2132 3246">
     <span class='ocr_line' id='line_1_61' title="bbox 561 3159 2132 3246; baseline -0.014 -13"><span class='ocrx_word' id='word_1_452' title='bbox 561 3192 706 3241; x_wconf 90' lang='lat' dir='ltr'><strong>rum,</strong></span> <span class='ocrx_word' id='word_1_453' title='bbox 732 3172 885 3246; x_wconf 91' lang='lat' dir='ltr'><strong>ponit</strong></span> <span class='ocrx_word' id='word_1_454' title='bbox 925 3171 1110 3227; x_wconf 90' lang='lat' dir='ltr'><strong>decem</strong></span> <span class='ocrx_word' id='word_1_455' title='bbox 1152 3173 1422 3238; x_wconf 70' lang='lat' dir='ltr'><strong>praecepta</strong></span> <span class='ocrx_word' id='word_1_456' title='bbox 1464 3161 1597 3233; x_wconf 91' lang='lat' dir='ltr'><strong>legis</strong></span> <span class='ocrx_word' id='word_1_457' title='bbox 1631 3159 1980 3229; x_wconf 85' lang='lat' dir='ltr'><strong>Augustinus,</strong></span> <span class='ocrx_word' id='word_1_458' title='bbox 2010 3171 2132 3227; x_wconf 70' lang='lat' dir='ltr'><strong>quae</strong></span> 
     </span>
    </p>
   </div>
   <div class='ocr_carea' id='block_1_62' title="bbox 2237 3159 3774 3246">
    <p class='ocr_par' dir='ltr' id='par_1_62' title="bbox 2237 3169 3774 3242">
     <span class='ocr_line' id='line_1_62' title="bbox 2237 3169 3774 3242; baseline -0.007 -12"><span class='ocrx_word' id='word_1_459' title='bbox 2237 3175 2634 3231; x_wconf 89' lang='lat' dir='ltr'><strong>indurationem</strong></span> <span class='ocrx_word' id='word_1_460' title='bbox 2655 3173 2855 3237; x_wconf 89' lang='lat' dir='ltr'><strong>cordis,</strong></span> <span class='ocrx_word' id='word_1_461' title='bbox 2889 3173 3030 3242; x_wconf 89' lang='lat' dir='ltr'><strong>quod</strong></span> <span class='ocrx_word' id='word_1_462' title='bbox 3072 3171 3237 3226; x_wconf 90' lang='lat' dir='ltr'><strong>nollet</strong></span> <span class='ocrx_word' id='word_1_463' title='bbox 3262 3171 3542 3227; x_wconf 85' lang='lat' dir='ltr'><strong>dimittere</strong></span> <span class='ocrx_word' id='word_1_464' title='bbox 3556 3169 3774 3241; x_wconf 73' lang='lat' dir='ltr'><strong>populum</strong></span> 
     </span>
    </p>
   </div>
   <div class='ocr_carea' id='block_1_63' title="bbox 565 3250 2130 3339">
    <p class='ocr_par' dir='ltr' id='par_1_63' title="bbox 565 3250 2130 3339">
     <span class='ocr_line' id='line_1_63' title="bbox 565 3250 2130 3339; baseline -0.016 -12"><span class='ocrx_word' id='word_1_465' title='bbox 565 3272 707 3327; x_wconf 89' lang='lat' dir='ltr'><strong>Deus</strong></span> <span class='ocrx_word' id='word_1_466' title='bbox 747 3263 945 3339; x_wconf 90' lang='lat' dir='ltr'><strong>populo</strong></span> <span class='ocrx_word' id='word_1_467' title='bbox 996 3276 1095 3319; x_wconf 91' lang='lat' dir='ltr'><strong>suo</strong></span> <span class='ocrx_word' id='word_1_468' title='bbox 1144 3260 1311 3325; x_wconf 86' lang='lat' dir='ltr'><strong>dedit,</strong></span> <span class='ocrx_word' id='word_1_469' title='bbox 1350 3266 1406 3312; x_wconf 90' lang='lat' dir='ltr'><strong>et</strong></span> <span class='ocrx_word' id='word_1_470' title='bbox 1440 3270 1539 3326; x_wconf 92' lang='lat' dir='ltr'><strong>per</strong></span> <span class='ocrx_word' id='word_1_471' title='bbox 1568 3254 1754 3309; x_wconf 88' lang='lat' dir='ltr'><strong>decem</strong></span> <span class='ocrx_word' id='word_1_472' title='bbox 1782 3250 2130 3321; x_wconf 88' lang='lat' dir='ltr'><strong>intelligimus</strong></span> 
     </span>
    </p>
   </div>
   <div class='ocr_carea' id='block_1_64' title="bbox 563 3339 2133 3428">
    <p class='ocr_par' dir='ltr' id='par_1_64' title="bbox 563 3339 2133 3428">
     <span class='ocr_line' id='line_1_64' title="bbox 563 3339 2133 3428; baseline -0.017 -9"><span class='ocrx_word' id='word_1_473' title='bbox 563 3363 845 3419; x_wconf 80' lang='lat' dir='ltr'><strong>universas</strong></span> <span class='ocrx_word' id='word_1_474' title='bbox 896 3369 1086 3428; x_wconf 63' lang='lat' dir='ltr'><strong>poenas</strong></span> <span class='ocrx_word' id='word_1_475' title='bbox 1113 3350 1456 3408; x_wconf 90' lang='lat' dir='ltr'><strong>inimicorum</strong></span> <span class='ocrx_word' id='word_1_476' title='bbox 1496 3355 1551 3403; x_wconf 91' lang='lat' dir='ltr'><strong>et</strong></span> <span class='ocrx_word' id='word_1_477' title='bbox 1599 3344 1879 3400; x_wconf 87' lang='lat' dir='ltr'><strong>universas</strong></span> <span class='ocrx_word' id='word_1_478' title='bbox 1915 3339 2133 3396; x_wconf 82' lang='lat' dir='ltr'><strong>institu—</strong></span> 
     </span>
    </p>
   </div>
   <div class='ocr_carea' id='block_1_65' title="bbox 565 3449 1059 3519">
    <p class='ocr_par' dir='ltr' id='par_1_65' title="bbox 565 3449 1059 3519">
     <span class='ocr_line' id='line_1_65' title="bbox 565 3449 1059 3519; baseline -0.02 -11"><span class='ocrx_word' id='word_1_479' title='bbox 565 3454 742 3509; x_wconf 89' lang='lat' dir='ltr'><strong>tiones</strong></span> <span class='ocrx_word' id='word_1_480' title='bbox 771 3449 1059 3519; x_wconf 78' lang='lat' dir='ltr'><strong>iustorum.</strong></span> 
     </span>
    </p>
   </div>
   <div class='ocr_carea' id='block_1_66' title="bbox 637 3520 2134 3613">
    <p class='ocr_par' dir='ltr' id='par_1_66' title="bbox 637 3520 2134 3613">
     <span class='ocr_line' id='line_1_66' title="bbox 637 3520 2134 3613; baseline -0.014 -16"><span class='ocrx_word' id='word_1_481' title='bbox 637 3543 801 3613; x_wconf 89' lang='lat' dir='ltr'><strong>Signa</strong></span> <span class='ocrx_word' id='word_1_482' title='bbox 829 3538 1009 3610; x_wconf 91' lang='lat' dir='ltr'><strong>posuit</strong></span> <span class='ocrx_word' id='word_1_483' title='bbox 1032 3537 1085 3591; x_wconf 91' lang='lat' dir='ltr'><strong>in</strong></span> <span class='ocrx_word' id='word_1_484' title='bbox 1110 3533 1368 3606; x_wconf 65' lang='lat' dir='ltr'><strong>Egypto,</strong></span> <span class='ocrx_word' id='word_1_485' title='bbox 1388 3539 1443 3587; x_wconf 93' lang='lat' dir='ltr'><strong>et</strong></span> <span class='ocrx_word' id='word_1_486' title='bbox 1460 3530 1578 3585; x_wconf 63' lang='lat' dir='ltr'><strong>hinc</strong></span> <span class='ocrx_word' id='word_1_487' title='bbox 1597 3533 1726 3584; x_wconf 88' lang='lat' dir='ltr'><strong>sunt</strong></span> <span class='ocrx_word' id='word_1_488' title='bbox 1751 3525 1925 3597; x_wconf 89' lang='lat' dir='ltr'><strong>signa.</strong></span> <span class='ocrx_word' id='word_1_489' title='bbox 1954 3540 1973 3575; x_wconf 76' lang='grc' dir='ltr'>ι</span> <span class='ocrx_word' id='word_1_490' title='bbox 1993 3520 2134 3579; x_wconf 87' lang='lat' dir='ltr'><strong>Con-</strong></span> 
     </span>
    </p>
   </div>
   <div class='ocr_carea' id='block_1_67' title="bbox 563 3618 2131 3701">
    <p class='ocr_par' dir='ltr' id='par_1_67' title="bbox 563 3618 2131 3701">
     <span class='ocr_line' id='line_1_67' title="bbox 563 3618 2131 3701; baseline -0.015 -8"><span class='ocrx_word' id='word_1_491' title='bbox 563 3635 729 3693; x_wconf 82' lang='lat' dir='ltr'><strong>vertit</strong></span> <span class='ocrx_word' id='word_1_492' title='bbox 755 3634 809 3688; x_wconf 92' lang='lat' dir='ltr'><strong>in</strong></span> <span class='ocrx_word' id='word_1_493' title='bbox 838 3630 1151 3701; x_wconf 89' lang='lat' dir='ltr'><strong>sanguinem</strong></span> <span class='ocrx_word' id='word_1_494' title='bbox 1194 3625 1413 3681; x_wconf 82' lang='lat' dir='ltr'><strong>flumina</strong></span> <span class='ocrx_word' id='word_1_495' title='bbox 1453 3635 1662 3685; x_wconf 91' lang='lat' dir='ltr'><strong>eorum,</strong></span> <span class='ocrx_word' id='word_1_496' title='bbox 1701 3627 1753 3675; x_wconf 87' lang='lat' dir='ltr'><strong>et</strong></span> <span class='ocrx_word' id='word_1_497' title='bbox 1792 3618 1993 3673; x_wconf 87' lang='lat' dir='ltr'><strong>imbres</strong></span> <span class='ocrx_word' id='word_1_498' title='bbox 2036 3629 2131 3671; x_wconf 88' lang='lat' dir='ltr'><strong>eo-</strong></span> 
     </span>
    </p>
   </div>
   <div class='ocr_carea' id='block_1_68' title="bbox 563 3705 2135 3791">
    <p class='ocr_par' dir='ltr' id='par_1_68' title="bbox 563 3705 2135 3791">
     <span class='ocr_line' id='line_1_68' title="bbox 563 3705 2135 3791; baseline -0.015 -9"><span class='ocrx_word' id='word_1_499' title='bbox 563 3740 709 3791; x_wconf 88' lang='lat' dir='ltr'><strong>rum,</strong></span> <span class='ocrx_word' id='word_1_500' title='bbox 742 3739 809 3778; x_wconf 91' lang='lat' dir='ltr'><strong>ne</strong></span> <span class='ocrx_word' id='word_1_501' title='bbox 836 3722 1101 3777; x_wconf 88' lang='lat' dir='ltr'><strong>biberent.</strong></span> <span class='ocrx_word' id='word_1_502' title='bbox 1140 3737 1159 3769; x_wconf 71' lang='grc' dir='ltr'><strong>ι</strong></span> <span class='ocrx_word' id='word_1_503' title='bbox 1185 3717 1391 3772; x_wconf 88' lang='lat' dir='ltr'><strong>Imbres</strong></span> <span class='ocrx_word' id='word_1_504' title='bbox 1416 3722 1574 3769; x_wconf 87' lang='lat' dir='ltr'><strong>vocat</strong></span> <span class='ocrx_word' id='word_1_505' title='bbox 1615 3724 1783 3780; x_wconf 88' lang='lat' dir='ltr'><strong>aquas</strong></span> <span class='ocrx_word' id='word_1_506' title='bbox 1827 3709 1893 3763; x_wconf 91' lang='lat' dir='ltr'><strong>de</strong></span> <span class='ocrx_word' id='word_1_507' title='bbox 1938 3705 2135 3777; x_wconf 87' lang='lat' dir='ltr'><strong>pluviis</strong></span> 
     </span>
    </p>
   </div>
   <div class='ocr_carea' id='block_1_69' title="bbox 564 3801 2133 3875">
    <p class='ocr_par' dir='ltr' id='par_1_69' title="bbox 564 3801 2133 3875">
     <span class='ocr_line' id='line_1_69' title="bbox 564 3801 2133 3875; baseline -0.017 0"><span class='ocrx_word' id='word_1_508' title='bbox 564 3820 620 3875; x_wconf 92' lang='lat' dir='ltr'><strong>in</strong></span> <span class='ocrx_word' id='word_1_509' title='bbox 644 3815 896 3874; x_wconf 87' lang='lat' dir='ltr'><strong>cisternis</strong></span> <span class='ocrx_word' id='word_1_510' title='bbox 917 3812 1175 3869; x_wconf 84' lang='lat' dir='ltr'><strong>collectis.</strong></span> <span class='ocrx_word' id='word_1_511' title='bbox 1202 3809 1306 3864; x_wconf 89' lang='lat' dir='ltr'><strong>Per</strong></span> <span class='ocrx_word' id='word_1_512' title='bbox 1332 3806 1551 3862; x_wconf 86' lang='lat' dir='ltr'><strong>ﬁumina</strong></span> <span class='ocrx_word' id='word_1_513' title='bbox 1600 3801 1951 3871; x_wconf 88' lang='lat' dir='ltr'><strong>intelligimus</strong></span> <span class='ocrx_word' id='word_1_514' title='bbox 2000 3811 2133 3867; x_wconf 85' lang='lat' dir='ltr'><strong>pro-</strong></span> 
     </span>
    </p>
   </div>
   <div class='ocr_carea' id='block_1_70' title="bbox 566 3888 2134 3972">
    <p class='ocr_par' dir='ltr' id='par_1_70' title="bbox 566 3888 2134 3972">
     <span class='ocr_line' id='line_1_70' title="bbox 566 3888 2134 3972; baseline -0.016 -8"><span class='ocrx_word' id='word_1_515' title='bbox 566 3908 841 3965; x_wconf 88' lang='lat' dir='ltr'><strong>fundiores</strong></span> <span class='ocrx_word' id='word_1_516' title='bbox 863 3902 1203 3972; x_wconf 86' lang='lat' dir='ltr'><strong>Scripturas,</strong></span> <span class='ocrx_word' id='word_1_517' title='bbox 1245 3906 1307 3951; x_wconf 91' lang='lat' dir='ltr'><strong>ut</strong></span> <span class='ocrx_word' id='word_1_518' title='bbox 1338 3892 1718 3965; x_wconf 84' lang='lat' dir='ltr'><strong>Evangelium;</strong></span> <span class='ocrx_word' id='word_1_519' title='bbox 1758 3905 1857 3960; x_wconf 88' lang='lat' dir='ltr'><strong>per</strong></span> <span class='ocrx_word' id='word_1_520' title='bbox 1905 3888 2134 3942; x_wconf 90' lang='lat' dir='ltr'><strong>imbrem</strong></span> 
     </span>
    </p>
   </div>
   <div class='ocr_carea' id='block_1_71' title="bbox 570 3980 2141 4058">
    <p class='ocr_par' dir='ltr' id='par_1_71' title="bbox 570 3980 2141 4058">
     <span class='ocr_line' id='line_1_71' title="bbox 570 3980 2141 4058; baseline -0.017 -2"><span class='ocrx_word' id='word_1_521' title='bbox 570 3997 878 4058; x_wconf 87' lang='lat' dir='ltr'><strong>inferiores,</strong></span> <span class='ocrx_word' id='word_1_522' title='bbox 904 3991 1050 4046; x_wconf 81' lang='lat' dir='ltr'><strong>velut</strong></span> <span class='ocrx_word' id='word_1_523' title='bbox 1074 4001 1353 4046; x_wconf 89' lang='lat' dir='ltr'><strong>sermones</strong></span> <span class='ocrx_word' id='word_1_524' title='bbox 1378 3982 1661 4055; x_wconf 83' lang='lat' dir='ltr'><strong>Augustini</strong></span> <span class='ocrx_word' id='word_1_525' title='bbox 1691 3998 1705 4034; x_wconf 86' lang='lat'><strong>;</strong></span> <span class='ocrx_word' id='word_1_526' title='bbox 1730 3980 1785 4034; x_wconf 82' lang='lat' dir='ltr'><strong>lii</strong></span> <span class='ocrx_word' id='word_1_527' title='bbox 1820 3986 2141 4033; x_wconf 88' lang='lat' dir='ltr'><strong>convertun-</strong></span> 
     </span>
    </p>
   </div>
   <div class='ocr_carea' id='block_1_72' title="bbox 567 4070 2142 4154">
    <p class='ocr_par' dir='ltr' id='par_1_72' title="bbox 567 4070 2142 4154">
     <span class='ocr_line' id='line_1_72' title="bbox 567 4070 2142 4154; baseline -0.015 -8"><span class='ocrx_word' id='word_1_528' title='bbox 567 4090 724 4146; x_wconf 85' lang='lat' dir='ltr'><strong>turin</strong></span> <span class='ocrx_word' id='word_1_529' title='bbox 747 4078 1312 4154; x_wconf 89' lang='lat' dir='ltr'><strong>sanguinem,quando</strong></span> <span class='ocrx_word' id='word_1_530' title='bbox 1325 4077 1592 4130; x_wconf 88' lang='lat' dir='ltr'><strong>ducuntur</strong></span> <span class='ocrx_word' id='word_1_531' title='bbox 1608 4073 1660 4127; x_wconf 92' lang='lat' dir='ltr'><strong>in</strong></span> <span class='ocrx_word' id='word_1_532' title='bbox 1682 4070 2004 4126; x_wconf 89' lang='lat' dir='ltr'><strong>intellectum</strong></span> <span class='ocrx_word' id='word_1_533' title='bbox 2026 4083 2142 4123; x_wconf 91' lang='lat' dir='ltr'><strong>car-</strong></span> 
     </span>
    </p>
   </div>
   <div class='ocr_carea' id='block_1_73' title="bbox 570 4158 2137 4244">
    <p class='ocr_par' dir='ltr' id='par_1_73' title="bbox 570 4158 2137 4244">
     <span class='ocr_line' id='line_1_73' title="bbox 570 4158 2137 4244; baseline -0.013 -11"><span class='ocrx_word' id='word_1_534' title='bbox 570 4177 747 4233; x_wconf 89' lang='lat' dir='ltr'><strong>nalem</strong></span> <span class='ocrx_word' id='word_1_535' title='bbox 767 4214 783 4239; x_wconf 93' lang='lat'><strong>,</strong></span> <span class='ocrx_word' id='word_1_536' title='bbox 811 4173 901 4244; x_wconf 89' lang='lat' dir='ltr'><strong>qui</strong></span> <span class='ocrx_word' id='word_1_537' title='bbox 934 4169 1236 4227; x_wconf 88' lang='lat' dir='ltr'><strong>intellectus</strong></span> <span class='ocrx_word' id='word_1_538' title='bbox 1268 4174 1497 4221; x_wconf 88' lang='lat' dir='ltr'><strong>mortem</strong></span> <span class='ocrx_word' id='word_1_539' title='bbox 1538 4162 1786 4233; x_wconf 90' lang='lat' dir='ltr'><strong>propinat</strong></span> <span class='ocrx_word' id='word_1_540' title='bbox 1812 4158 2137 4215; x_wconf 88' lang='lat' dir='ltr'><strong>bibentibus.</strong></span> 
     </span>
    </p>
   </div>
   <div class='ocr_carea' id='block_1_74' title="bbox 651 4269 2143 4345">
    <p class='ocr_par' dir='ltr' id='par_1_74' title="bbox 651 4269 2143 4345">
     <span class='ocr_line' id='line_1_74' title="bbox 651 4269 2143 4345; baseline -0.01 -9"><span class='ocrx_word' id='word_1_541' title='bbox 651 4303 668 4336; x_wconf 79' lang='grc' dir='ltr'>ι</span> <span class='ocrx_word' id='word_1_542' title='bbox 691 4283 836 4340; x_wconf 83' lang='lat' dir='ltr'><strong>Misit</strong></span> <span class='ocrx_word' id='word_1_543' title='bbox 873 4301 892 4334; x_wconf 74' lang='grc' dir='ltr'><strong><em>ι</em></strong></span> <span class='ocrx_word' id='word_1_544' title='bbox 916 4280 1081 4336; x_wconf 90' lang='lat' dir='ltr'><strong>etiam</strong></span> <span class='ocrx_word' id='word_1_545' title='bbox 1114 4298 1132 4331; x_wconf 74' lang='grc' dir='ltr'>ι</span> <span class='ocrx_word' id='word_1_546' title='bbox 1175 4277 1230 4331; x_wconf 90' lang='lat' dir='ltr'><strong>in</strong></span> <span class='ocrx_word' id='word_1_547' title='bbox 1259 4290 1353 4331; x_wconf 89' lang='lat' dir='ltr'><strong>eos</strong></span> <span class='ocrx_word' id='word_1_548' title='bbox 1385 4271 1742 4345; x_wconf 87' lang='lat' dir='ltr'><strong>cynomyiam,</strong></span> <span class='ocrx_word' id='word_1_549' title='bbox 1778 4288 1798 4321; x_wconf 75' lang='grc' dir='ltr'><strong><em>ι</em></strong></span> <span class='ocrx_word' id='word_1_550' title='bbox 1829 4269 1881 4323; x_wconf 89' lang='lat' dir='ltr'><strong>id</strong></span> <span class='ocrx_word' id='word_1_551' title='bbox 1917 4277 2020 4334; x_wconf 90' lang='lat' dir='ltr'><strong>est,</strong></span> <span class='ocrx_word' id='word_1_552' title='bbox 2052 4281 2143 4323; x_wconf 87' lang='lat' dir='ltr'><strong>ca-</strong></span> 
     </span>
    </p>
   </div>
   <div class='ocr_carea' id='block_1_75' title="bbox 571 4358 2136 4436">
    <p class='ocr_par' dir='ltr' id='par_1_75' title="bbox 571 4358 2136 4436">
     <span class='ocr_line' id='line_1_75' title="bbox 571 4358 2136 4436; baseline -0.014 -4"><span class='ocrx_word' id='word_1_553' title='bbox 571 4376 754 4433; x_wconf 91' lang='lat' dir='ltr'><strong>ninam</strong></span> <span class='ocrx_word' id='word_1_554' title='bbox 783 4385 1043 4435; x_wconf 88' lang='lat' dir='ltr'><strong>muscam,</strong></span> <span class='ocrx_word' id='word_1_555' title='bbox 1072 4387 1091 4421; x_wconf 76' lang='grc'><strong>(</strong></span> <span class='ocrx_word' id='word_1_556' title='bbox 1119 4376 1177 4425; x_wconf 86' lang='lat' dir='ltr'><strong>et</strong></span> <span class='ocrx_word' id='word_1_557' title='bbox 1203 4385 1219 4420; x_wconf 75' lang='grc' dir='ltr'><strong>ι</strong></span> <span class='ocrx_word' id='word_1_558' title='bbox 1248 4365 1337 4421; x_wconf 90' lang='lat' dir='ltr'><strong>illa</strong></span> <span class='ocrx_word' id='word_1_559' title='bbox 1373 4362 1656 4436; x_wconf 83' lang='lat' dir='ltr'><strong>cynomyia</strong></span> <span class='ocrx_word' id='word_1_560' title='bbox 1686 4379 1705 4411; x_wconf 77' lang='grc' dir='ltr'>ι</span> <span class='ocrx_word' id='word_1_561' title='bbox 1742 4358 1976 4415; x_wconf 89' lang='lat' dir='ltr'><strong>comedit</strong></span> <span class='ocrx_word' id='word_1_562' title='bbox 1996 4373 2091 4414; x_wconf 91' lang='lat' dir='ltr'><strong>eos</strong></span> <span class='ocrx_word' id='word_1_563' title='bbox 2116 4374 2136 4410; x_wconf 75' lang='grc' dir='ltr'><strong><em>ι</em></strong></span> 
     </span>
    </p>
   </div>
   <div class='ocr_carea' id='block_1_76' title="bbox 572 4451 2144 4537">
    <p class='ocr_par' dir='ltr' id='par_1_76' title="bbox 572 4451 2144 4537">
     <span class='ocr_line' id='line_1_76' title="bbox 572 4451 2144 4537; baseline -0.011 -15"><span class='ocrx_word' id='word_1_564' title='bbox 572 4466 701 4537; x_wconf 90' lang='lat' dir='ltr'><strong>quia</strong></span> <span class='ocrx_word' id='word_1_565' title='bbox 724 4463 961 4536; x_wconf 89' lang='lat' dir='ltr'><strong>graviter</strong></span> <span class='ocrx_word' id='word_1_566' title='bbox 982 4459 1395 4537; x_wconf 84' lang='lat' dir='ltr'><strong>mordebateos,</strong></span> <span class='ocrx_word' id='word_1_567' title='bbox 1413 4474 1432 4508; x_wconf 73' lang='grc' dir='ltr'><em>ς</em></span> <span class='ocrx_word' id='word_1_568' title='bbox 1450 4463 1506 4512; x_wconf 90' lang='lat' dir='ltr'><strong>et</strong></span> <span class='ocrx_word' id='word_1_569' title='bbox 1525 4468 1737 4518; x_wconf 88' lang='lat' dir='ltr'><strong>ranam,</strong></span> <span class='ocrx_word' id='word_1_570' title='bbox 1751 4462 1806 4507; x_wconf 91' lang='lat' dir='ltr'><strong>et</strong></span> <span class='ocrx_word' id='word_1_571' title='bbox 1816 4451 2144 4522; x_wconf 90' lang='lat' dir='ltr'><strong>desperdidit</strong></span> 
     </span>
    </p>
   </div>
   <div class='ocr_carea' id='block_1_77' title="bbox 572 4534 2144 4627">
    <p class='ocr_par' dir='ltr' id='par_1_77' title="bbox 572 4534 2144 4627">
     <span class='ocr_line' id='line_1_77' title="bbox 572 4534 2144 4627; baseline -0.011 -13"><span class='ocrx_word' id='word_1_572' title='bbox 572 4534 688 4623; x_wconf 81' lang='lat' dir='ltr'><strong>eos,</strong></span> <span class='ocrx_word' id='word_1_573' title='bbox 714 4534 880 4627; x_wconf 50' lang='lat' dir='ltr'><strong>{quia</strong></span> <span class='ocrx_word' id='word_1_574' title='bbox 902 4553 957 4608; x_wconf 91' lang='lat' dir='ltr'><strong>in</strong></span> <span class='ocrx_word' id='word_1_575' title='bbox 975 4550 1120 4606; x_wconf 90' lang='lat' dir='ltr'><strong>nullo</strong></span> <span class='ocrx_word' id='word_1_576' title='bbox 1141 4534 1260 4606; x_wconf 83' lang='lat' dir='ltr'><strong>loco</strong></span> <span class='ocrx_word' id='word_1_577' title='bbox 1279 4554 1529 4619; x_wconf 91' lang='lat' dir='ltr'><strong>poterant</strong></span> <span class='ocrx_word' id='word_1_578' title='bbox 1548 4545 1767 4601; x_wconf 81' lang='lat' dir='ltr'><strong>stabiles</strong></span> <span class='ocrx_word' id='word_1_579' title='bbox 1785 4557 1908 4599; x_wconf 89' lang='lat' dir='ltr'><strong>esse</strong></span> <span class='ocrx_word' id='word_1_580' title='bbox 1925 4552 2144 4613; x_wconf 90' lang='lat' dir='ltr'><strong>propter</strong></span> 
     </span>
    </p>
   </div>
   <div class='ocr_carea' id='block_1_78' title="bbox 576 4637 2145 4713">
    <p class='ocr_par' dir='ltr' id='par_1_78' title="bbox 576 4637 2145 4713">
     <span class='ocr_line' id='line_1_78' title="bbox 576 4637 2145 4713; baseline -0.011 -10"><span class='ocrx_word' id='word_1_581' title='bbox 576 4661 763 4705; x_wconf 89' lang='lat' dir='ltr'><strong>ranas.</strong></span> <span class='ocrx_word' id='word_1_582' title='bbox 789 4644 898 4699; x_wconf 85' lang='lat' dir='ltr'><strong>Per</strong></span> <span class='ocrx_word' id='word_1_583' title='bbox 937 4640 1272 4713; x_wconf 84' lang='lat' dir='ltr'><strong>cynomyiam</strong></span> <span class='ocrx_word' id='word_1_584' title='bbox 1310 4637 1741 4708; x_wconf 89' lang='lat' dir='ltr'><strong>improbitatem,</strong></span> <span class='ocrx_word' id='word_1_585' title='bbox 1779 4648 1898 4702; x_wconf 65' lang='lat' dir='ltr'><strong>quae</strong></span> <span class='ocrx_word' id='word_1_586' title='bbox 1934 4645 2145 4700; x_wconf 89' lang='lat' dir='ltr'><strong>semper</strong></span> 
     </span>
    </p>
   </div>
   <div class='ocr_carea' id='block_1_79' title="bbox 574 4721 2145 4802">
    <p class='ocr_par' dir='ltr' id='par_1_79' title="bbox 574 4721 2145 4802">
     <span class='ocr_line' id='line_1_79' title="bbox 574 4721 2145 4802; baseline -0.011 -10"><span class='ocrx_word' id='word_1_587' title='bbox 574 4737 845 4793; x_wconf 86' lang='lat' dir='ltr'><strong>hominem</strong></span> <span class='ocrx_word' id='word_1_588' title='bbox 870 4733 1151 4802; x_wconf 89' lang='lat' dir='ltr'><strong>inquietat,</strong></span> <span class='ocrx_word' id='word_1_589' title='bbox 1174 4729 1469 4800; x_wconf 87' lang='lat' dir='ltr'><strong>accipimus</strong></span> <span class='ocrx_word' id='word_1_590' title='bbox 1523 4744 1537 4780; x_wconf 92' lang='lat'><strong>:</strong></span> <span class='ocrx_word' id='word_1_591' title='bbox 1585 4740 1682 4796; x_wconf 90' lang='lat' dir='ltr'><strong>per</strong></span> <span class='ocrx_word' id='word_1_592' title='bbox 1731 4737 1916 4778; x_wconf 88' lang='lat' dir='ltr'><strong>ranam</strong></span> <span class='ocrx_word' id='word_1_593' title='bbox 1956 4721 2145 4791; x_wconf 87' lang='lat' dir='ltr'><strong>loqua-</strong></span> 
     </span>
    </p>
   </div>
   <div class='ocr_carea' id='block_1_80' title="bbox 577 4814 2144 4899">
    <p class='ocr_par' dir='ltr' id='par_1_80' title="bbox 577 4814 2144 4899">
     <span class='ocr_line' id='line_1_80' title="bbox 577 4814 2144 4899; baseline -0.01 -20"><span class='ocrx_word' id='word_1_594' title='bbox 577 4826 716 4899; x_wconf 87' lang='lat' dir='ltr'><strong>citas</strong></span> <span class='ocrx_word' id='word_1_595' title='bbox 763 4824 1094 4894; x_wconf 89' lang='lat' dir='ltr'><strong>designatur,</strong></span> <span class='ocrx_word' id='word_1_596' title='bbox 1145 4820 1228 4875; x_wconf 92' lang='lat' dir='ltr'><strong>cui</strong></span> <span class='ocrx_word' id='word_1_597' title='bbox 1278 4816 1620 4872; x_wconf 86' lang='lat' dir='ltr'><strong>intendentes</strong></span> <span class='ocrx_word' id='word_1_598' title='bbox 1675 4814 2063 4882; x_wconf 89' lang='lat' dir='ltr'><strong>disperguntur</strong></span> <span class='ocrx_word' id='word_1_599' title='bbox 2111 4823 2144 4863; x_wconf 87' lang='lat' dir='ltr'><strong>a</strong></span> 
     </span>
    </p>
   </div>
   <div class='ocr_carea' id='block_1_81' title="bbox 574 4906 1950 4976">
    <p class='ocr_par' dir='ltr' id='par_1_81' title="bbox 574 4906 1950 4976">
     <span class='ocr_line' id='line_1_81' title="bbox 574 4906 1950 4976; baseline -0.015 -1"><span class='ocrx_word' id='word_1_600' title='bbox 574 4917 843 4975; x_wconf 87' lang='lat' dir='ltr'><strong>veritate:</strong></span> <span class='ocrx_word' id='word_1_601' title='bbox 866 4921 921 4968; x_wconf 90' lang='lat' dir='ltr'><strong>et</strong></span> <span class='ocrx_word' id='word_1_602' title='bbox 941 4914 994 4967; x_wconf 89' lang='lat' dir='ltr'><strong>in</strong></span> <span class='ocrx_word' id='word_1_603' title='bbox 1020 4912 1124 4966; x_wconf 91' lang='lat' dir='ltr'><strong>hoc</strong></span> <span class='ocrx_word' id='word_1_604' title='bbox 1149 4925 1307 4964; x_wconf 90' lang='lat' dir='ltr'><strong>versu</strong></span> <span class='ocrx_word' id='word_1_605' title='bbox 1339 4907 1457 4962; x_wconf 84' lang='lat' dir='ltr'><strong>duae</strong></span> <span class='ocrx_word' id='word_1_606' title='bbox 1482 4906 1652 4976; x_wconf 70' lang='lat' dir='ltr'><strong>plagae</strong></span> <span class='ocrx_word' id='word_1_607' title='bbox 1679 4910 1950 4958; x_wconf 83' lang='lat' dir='ltr'><strong>notantur.</strong></span> 
     </span>
    </p>
   </div>
   <div class='ocr_carea' id='block_1_82' title="bbox 654 4988 2141 5070">
    <p class='ocr_par' dir='ltr' id='par_1_82' title="bbox 654 4988 2141 5070">
     <span class='ocr_line' id='line_1_82' title="bbox 654 4988 2141 5070; baseline -0.013 -10"><span class='ocrx_word' id='word_1_608' title='bbox 654 5024 675 5058; x_wconf 71' lang='grc' dir='ltr'><strong>ε</strong></span> <span class='ocrx_word' id='word_1_609' title='bbox 710 5005 778 5059; x_wconf 89' lang='lat' dir='ltr'><strong>Et</strong></span> <span class='ocrx_word' id='word_1_610' title='bbox 812 5002 956 5058; x_wconf 92' lang='lat' dir='ltr'><strong>dedit</strong></span> <span class='ocrx_word' id='word_1_611' title='bbox 975 4999 1195 5070; x_wconf 67' lang='lat' dir='ltr'><strong>aerugini</strong></span> <span class='ocrx_word' id='word_1_612' title='bbox 1222 4996 1426 5052; x_wconf 87' lang='lat' dir='ltr'><strong>fructus</strong></span> <span class='ocrx_word' id='word_1_613' title='bbox 1448 5009 1654 5049; x_wconf 91' lang='lat' dir='ltr'><strong>eorum.</strong></span> <span class='ocrx_word' id='word_1_614' title='bbox 1694 5010 1711 5042; x_wconf 77' lang='grc' dir='ltr'><strong>ι</strong></span> <span class='ocrx_word' id='word_1_615' title='bbox 1741 4992 1817 5046; x_wconf 87' lang='lat' dir='ltr'><strong>De</strong></span> <span class='ocrx_word' id='word_1_616' title='bbox 1837 4988 2141 5053; x_wconf 88' lang='lat' dir='ltr'><strong>arboribus,</strong></span> 
     </span>
    </p>
   </div>
   <div class='ocr_carea' id='block_1_83' title="bbox 578 5078 2151 5168">
    <p class='ocr_par' dir='ltr' id='par_1_83' title="bbox 578 5078 2151 5168">
     <span class='ocr_line' id='line_1_83' title="bbox 578 5078 2151 5168; baseline -0.013 -16"><span class='ocrx_word' id='word_1_617' title='bbox 578 5109 677 5168; x_wconf 82' lang='lat' dir='ltr'><strong>per</strong></span> <span class='ocrx_word' id='word_1_618' title='bbox 708 5094 1024 5164; x_wconf 62' lang='lat' dir='ltr'><strong>aeruginem,</strong></span> <span class='ocrx_word' id='word_1_619' title='bbox 1054 5104 1174 5159; x_wconf 72' lang='lat' dir='ltr'><strong>qua:</strong></span> <span class='ocrx_word' id='word_1_620' title='bbox 1203 5095 1289 5141; x_wconf 88' lang='lat' dir='ltr'><strong>est</strong></span> <span class='ocrx_word' id='word_1_621' title='bbox 1317 5100 1448 5140; x_wconf 86' lang='lat' dir='ltr'><strong>aura</strong></span> <span class='ocrx_word' id='word_1_622' title='bbox 1488 5096 1710 5145; x_wconf 88' lang='lat' dir='ltr'><strong>nocens,</strong></span> <span class='ocrx_word' id='word_1_623' title='bbox 1740 5079 1825 5133; x_wconf 91' lang='lat' dir='ltr'><strong>vel</strong></span> <span class='ocrx_word' id='word_1_624' title='bbox 1850 5078 2064 5143; x_wconf 89' lang='lat' dir='ltr'><strong>nebula,</strong></span> <span class='ocrx_word' id='word_1_625' title='bbox 2095 5085 2151 5132; x_wconf 94' lang='lat' dir='ltr'><strong>et</strong></span> 
     </span>
    </p>
   </div>
   <div class='ocr_carea' id='block_1_84' title="bbox 582 5170 2152 5256">
    <p class='ocr_par' dir='ltr' id='par_1_84' title="bbox 582 5170 2152 5256">
     <span class='ocr_line' id='line_1_84' title="bbox 582 5170 2152 5256; baseline -0.012 -14"><span class='ocrx_word' id='word_1_626' title='bbox 582 5195 810 5244; x_wconf 88' lang='lat' dir='ltr'><strong>latenter</strong></span> <span class='ocrx_word' id='word_1_627' title='bbox 820 5194 1030 5256; x_wconf 86' lang='lat' dir='ltr'><strong>segetes</strong></span> <span class='ocrx_word' id='word_1_628' title='bbox 1040 5175 1733 5248; x_wconf 86' lang='lat' dir='ltr'><strong>corrumpens,intelligitur</strong></span> <span class='ocrx_word' id='word_1_629' title='bbox 1748 5170 2017 5241; x_wconf 89' lang='lat' dir='ltr'><strong>superbia,</strong></span> <span class='ocrx_word' id='word_1_630' title='bbox 2033 5184 2152 5238; x_wconf 69' lang='lat' dir='ltr'><strong>qua:</strong></span> 
     </span>
    </p>
   </div>
   <div class='ocr_carea' id='block_1_85' title="bbox 2231 3258 3779 3333">
    <p class='ocr_par' dir='ltr' id='par_1_85' title="bbox 2231 3258 3779 3333">
     <span class='ocr_line' id='line_1_85' title="bbox 2231 3258 3779 3333; baseline -0.007 -14"><span class='ocrx_word' id='word_1_631' title='bbox 2231 3264 2349 3319; x_wconf 87' lang='lat' dir='ltr'><strong>Dei.</strong></span> <span class='ocrx_word' id='word_1_632' title='bbox 2403 3263 2473 3319; x_wconf 89' lang='lat' dir='ltr'><strong>Et</strong></span> <span class='ocrx_word' id='word_1_633' title='bbox 2503 3270 2627 3333; x_wconf 89' lang='lat' dir='ltr'><strong>post</strong></span> <span class='ocrx_word' id='word_1_634' title='bbox 2672 3263 2813 3316; x_wconf 88' lang='lat' dir='ltr'><strong>hanc</strong></span> <span class='ocrx_word' id='word_1_635' title='bbox 2837 3261 2974 3315; x_wconf 90' lang='lat' dir='ltr'><strong>iram</strong></span> <span class='ocrx_word' id='word_1_636' title='bbox 3019 3259 3166 3314; x_wconf 90' lang='lat' dir='ltr'><strong>misit</strong></span> <span class='ocrx_word' id='word_1_637' title='bbox 3206 3259 3260 3313; x_wconf 89' lang='lat' dir='ltr'><strong>in</strong></span> <span class='ocrx_word' id='word_1_638' title='bbox 3297 3275 3392 3314; x_wconf 88' lang='lat' dir='ltr'><strong>eos</strong></span> <span class='ocrx_word' id='word_1_639' title='bbox 3426 3278 3447 3310; x_wconf 76' lang='grc' dir='ltr'>ι</span> <span class='ocrx_word' id='word_1_640' title='bbox 3493 3258 3779 3327; x_wconf 73' lang='lat' dir='ltr'><strong>indignatio-</strong></span> 
     </span>
    </p>
   </div>
   <div class='ocr_carea' id='block_1_86' title="bbox 2228 3346 3784 3424">
    <p class='ocr_par' dir='ltr' id='par_1_86' title="bbox 2228 3346 3784 3424">
     <span class='ocr_line' id='line_1_86' title="bbox 2228 3346 3784 3424; baseline -0.01 -13"><span class='ocrx_word' id='word_1_641' title='bbox 2228 3369 2353 3411; x_wconf 87' lang='lat' dir='ltr'><strong>nem</strong></span> <span class='ocrx_word' id='word_1_642' title='bbox 2387 3373 2406 3405; x_wconf 76' lang='grc' dir='ltr'><strong><em>ι</em></strong></span> <span class='ocrx_word' id='word_1_643' title='bbox 2436 3353 2579 3423; x_wconf 88' lang='lat' dir='ltr'><strong>quod</strong></span> <span class='ocrx_word' id='word_1_644' title='bbox 2611 3353 2711 3422; x_wconf 91' lang='lat' dir='ltr'><strong>ipsi</strong></span> <span class='ocrx_word' id='word_1_645' title='bbox 2753 3351 2896 3406; x_wconf 87' lang='lat' dir='ltr'><strong>inter</strong></span> <span class='ocrx_word' id='word_1_646' title='bbox 2921 3364 2979 3406; x_wconf 90' lang='lat' dir='ltr'><strong>se</strong></span> <span class='ocrx_word' id='word_1_647' title='bbox 3006 3349 3454 3420; x_wconf 86' lang='lat' dir='ltr'><strong>dedignarentur,</strong></span> <span class='ocrx_word' id='word_1_648' title='bbox 3492 3366 3511 3399; x_wconf 76' lang='grc' dir='ltr'>ι</span> <span class='ocrx_word' id='word_1_649' title='bbox 3538 3357 3590 3401; x_wconf 88' lang='lat' dir='ltr'><strong>et</strong></span> <span class='ocrx_word' id='word_1_650' title='bbox 3616 3346 3784 3424; x_wconf 49' lang='lat' dir='ltr'><strong>iram».</strong></span> 
     </span>
    </p>
   </div>
   <div class='ocr_carea' id='block_1_87' title="bbox 2230 3439 3777 3517">
    <p class='ocr_par' dir='ltr' id='par_1_87' title="bbox 2230 3439 3777 3517">
     <span class='ocr_line' id='line_1_87' title="bbox 2230 3439 3777 3517; baseline -0.008 -16"><span class='ocrx_word' id='word_1_651' title='bbox 2230 3446 2374 3517; x_wconf 89' lang='lat' dir='ltr'><strong>quod</strong></span> <span class='ocrx_word' id='word_1_652' title='bbox 2402 3445 2503 3500; x_wconf 88' lang='lat' dir='ltr'><strong>sibi</strong></span> <span class='ocrx_word' id='word_1_653' title='bbox 2535 3445 2901 3499; x_wconf 89' lang='lat' dir='ltr'><strong>irascerentur</strong></span> <span class='ocrx_word' id='word_1_654' title='bbox 2929 3442 3178 3505; x_wconf 89' lang='lat' dir='ltr'><strong>invicem,</strong></span> <span class='ocrx_word' id='word_1_655' title='bbox 3217 3460 3235 3493; x_wconf 71' lang='grc' dir='ltr'><strong><em>ι</em></strong></span> <span class='ocrx_word' id='word_1_656' title='bbox 3269 3449 3325 3495; x_wconf 91' lang='lat' dir='ltr'><strong>et</strong></span> <span class='ocrx_word' id='word_1_657' title='bbox 3354 3439 3739 3494; x_wconf 81' lang='lat' dir='ltr'><strong>tribulationem</strong></span> <span class='ocrx_word' id='word_1_658' title='bbox 3762 3452 3777 3483; x_wconf 74' lang='grc' dir='ltr'><strong>ι</strong></span> 
     </span>
    </p>
   </div>
   <div class='ocr_carea' id='block_1_88' title="bbox 2184 3525 3783 3607">
    <p class='ocr_par' dir='ltr' id='par_1_88' title="bbox 2184 3525 3783 3607">
     <span class='ocr_line' id='line_1_88' title="bbox 2184 3525 3783 3607; baseline -0.011 -12"><span class='ocrx_word' id='word_1_659' title='bbox 2184 3590 2187 3595; x_wconf 82' lang='grc'>.</span> <span class='ocrx_word' id='word_1_660' title='bbox 2240 3551 2341 3607; x_wconf 89' lang='lat' dir='ltr'><strong>per</strong></span> <span class='ocrx_word' id='word_1_661' title='bbox 2368 3549 2702 3606; x_wconf 75' lang='lat' dir='ltr'><strong>quaecunque</strong></span> <span class='ocrx_word' id='word_1_662' title='bbox 2730 3532 2835 3588; x_wconf 88' lang='lat' dir='ltr'><strong>alia</strong></span> <span class='ocrx_word' id='word_1_663' title='bbox 2866 3542 3108 3604; x_wconf 90' lang='lat' dir='ltr'><strong>peccata,</strong></span> <span class='ocrx_word' id='word_1_664' title='bbox 3139 3532 3335 3602; x_wconf 89' lang='lat' dir='ltr'><strong>quibus</strong></span> <span class='ocrx_word' id='word_1_665' title='bbox 3375 3530 3603 3585; x_wconf 90' lang='lat' dir='ltr'><strong>interius</strong></span> <span class='ocrx_word' id='word_1_666' title='bbox 3638 3525 3783 3580; x_wconf 76' lang='lat' dir='ltr'><strong>tribu-</strong></span> 
     </span>
    </p>
   </div>
   <div class='ocr_carea' id='block_1_89' title="bbox 2241 3616 3785 3683">
    <p class='ocr_par' dir='ltr' id='par_1_89' title="bbox 2241 3616 3785 3683">
     <span class='ocr_line' id='line_1_89' title="bbox 2241 3616 3785 3683; baseline -0.01 -1"><span class='ocrx_word' id='word_1_667' title='bbox 2241 3616 2504 3683; x_wconf 87' lang='lat' dir='ltr'><strong>larentur.</strong></span> <span class='ocrx_word' id='word_1_668' title='bbox 2554 3625 2680 3680; x_wconf 66' lang='lat' dir='ltr'><strong>Haec</strong></span> <span class='ocrx_word' id='word_1_669' title='bbox 2717 3624 2897 3678; x_wconf 87' lang='lat' dir='ltr'><strong>omnia</strong></span> <span class='ocrx_word' id='word_1_670' title='bbox 2937 3623 3059 3677; x_wconf 91' lang='lat' dir='ltr'><strong>dico</strong></span> <span class='ocrx_word' id='word_1_671' title='bbox 3112 3640 3128 3670; x_wconf 76' lang='grc' dir='ltr'>ι</span> <span class='ocrx_word' id='word_1_672' title='bbox 3168 3621 3532 3676; x_wconf 89' lang='lat' dir='ltr'><strong>immissiones</strong></span> <span class='ocrx_word' id='word_1_673' title='bbox 3564 3638 3582 3669; x_wconf 76' lang='grc' dir='ltr'><strong><em>ι</em></strong></span> <span class='ocrx_word' id='word_1_674' title='bbox 3639 3616 3785 3670; x_wconf 81' lang='lat' dir='ltr'><strong>factas</strong></span> 
     </span>
    </p>
   </div>
   <div class='ocr_carea' id='block_1_90' title="bbox 2241 3708 3789 3790">
    <p class='ocr_par' dir='ltr' id='par_1_90' title="bbox 2241 3708 3789 3790">
     <span class='ocr_line' id='line_1_90' title="bbox 2241 3708 3789 3790; baseline -0.007 -18"><span class='ocrx_word' id='word_1_675' title='bbox 2241 3737 2262 3772; x_wconf 74' lang='grc' dir='ltr'>ι</span> <span class='ocrx_word' id='word_1_676' title='bbox 2293 3734 2390 3790; x_wconf 90' lang='lat' dir='ltr'><strong>per</strong></span> <span class='ocrx_word' id='word_1_677' title='bbox 2421 3716 2640 3784; x_wconf 88' lang='lat' dir='ltr'><strong>angelos</strong></span> <span class='ocrx_word' id='word_1_678' title='bbox 2662 3713 2854 3780; x_wconf 87' lang='lat' dir='ltr'><strong>malos,</strong></span> <span class='ocrx_word' id='word_1_679' title='bbox 2890 3732 2910 3767; x_wconf 75' lang='grc' dir='ltr'><strong><em>ι</em></strong></span> <span class='ocrx_word' id='word_1_680' title='bbox 2937 3713 3144 3769; x_wconf 88' lang='lat' dir='ltr'><strong>scilicet</strong></span> <span class='ocrx_word' id='word_1_681' title='bbox 3171 3727 3270 3783; x_wconf 88' lang='lat' dir='ltr'><strong>per</strong></span> <span class='ocrx_word' id='word_1_682' title='bbox 3312 3711 3670 3765; x_wconf 86' lang='lat' dir='ltr'><strong>ministerium</strong></span> <span class='ocrx_word' id='word_1_683' title='bbox 3695 3708 3789 3761; x_wconf 71' lang='lat' dir='ltr'><strong>dia-</strong></span> 
     </span>
    </p>
   </div>
   <div class='ocr_carea' id='block_1_91' title="bbox 2234 3800 3792 3872">
    <p class='ocr_par' dir='ltr' id='par_1_91' title="bbox 2234 3800 3792 3872">
     <span class='ocr_line' id='line_1_91' title="bbox 2234 3800 3792 3872; baseline -0.009 -7"><span class='ocrx_word' id='word_1_684' title='bbox 2234 3808 2502 3865; x_wconf 90' lang='lat' dir='ltr'><strong>bolorum.</strong></span> <span class='ocrx_word' id='word_1_685' title='bbox 2525 3806 2725 3861; x_wconf 89' lang='lat' dir='ltr'><strong>Eodem</strong></span> <span class='ocrx_word' id='word_1_686' title='bbox 2757 3802 2934 3869; x_wconf 89' lang='lat' dir='ltr'><strong>modo,</strong></span> <span class='ocrx_word' id='word_1_687' title='bbox 2957 3802 3082 3872; x_wconf 92' lang='lat' dir='ltr'><strong>quia</strong></span> <span class='ocrx_word' id='word_1_688' title='bbox 3110 3802 3276 3856; x_wconf 89' lang='lat' dir='ltr'><strong>Deum</strong></span> <span class='ocrx_word' id='word_1_689' title='bbox 3298 3801 3363 3855; x_wconf 89' lang='lat' dir='ltr'><strong>ad</strong></span> <span class='ocrx_word' id='word_1_690' title='bbox 3386 3800 3792 3869; x_wconf 82' lang='lat' dir='ltr'><strong>indignationem</strong></span> 
     </span>
    </p>
   </div>
   <div class='ocr_carea' id='block_1_92' title="bbox 2236 3888 3797 3969">
    <p class='ocr_par' dir='ltr' id='par_1_92' title="bbox 2236 3888 3797 3969">
     <span class='ocr_line' id='line_1_92' title="bbox 2236 3888 3797 3969; baseline -0.006 -18"><span class='ocrx_word' id='word_1_691' title='bbox 2236 3912 2611 3969; x_wconf 88' lang='lat' dir='ltr'><strong>provocamus,</strong></span> <span class='ocrx_word' id='word_1_692' title='bbox 2639 3894 2883 3949; x_wconf 92' lang='lat' dir='ltr'><strong>immittit</strong></span> <span class='ocrx_word' id='word_1_693' title='bbox 2908 3893 3062 3948; x_wconf 91' lang='lat' dir='ltr'><strong>nobis</strong></span> <span class='ocrx_word' id='word_1_694' title='bbox 3092 3893 3253 3964; x_wconf 74' lang='lat' dir='ltr'><strong>iram,</strong></span> <span class='ocrx_word' id='word_1_695' title='bbox 3285 3892 3329 3945; x_wconf 87' lang='lat' dir='ltr'><strong>id</strong></span> <span class='ocrx_word' id='word_1_696' title='bbox 3358 3897 3433 3943; x_wconf 86' lang='lat' dir='ltr'><strong>est</strong></span> <span class='ocrx_word' id='word_1_697' title='bbox 3470 3888 3797 3957; x_wconf 84' lang='lat' dir='ltr'><strong>indignatio-</strong></span> 
     </span>
    </p>
   </div>
   <div class='ocr_carea' id='block_1_93' title="bbox 2239 3982 3794 4055">
    <p class='ocr_par' dir='ltr' id='par_1_93' title="bbox 2239 3982 3794 4055">
     <span class='ocr_line' id='line_1_93' title="bbox 2239 3982 3794 4055; baseline -0.006 -14"><span class='ocrx_word' id='word_1_698' title='bbox 2239 4003 2384 4053; x_wconf 89' lang='lat' dir='ltr'><strong>nem,</strong></span> <span class='ocrx_word' id='word_1_699' title='bbox 2413 3986 2553 4055; x_wconf 88' lang='lat' dir='ltr'><strong>quod</strong></span> <span class='ocrx_word' id='word_1_700' title='bbox 2576 3985 2689 4055; x_wconf 89' lang='lat' dir='ltr'><strong>jam</strong></span> <span class='ocrx_word' id='word_1_701' title='bbox 2721 3985 2786 4039; x_wconf 92' lang='lat' dir='ltr'><strong>de</strong></span> <span class='ocrx_word' id='word_1_702' title='bbox 2817 3982 3120 4039; x_wconf 87' lang='lat' dir='ltr'><strong>commissis</strong></span> <span class='ocrx_word' id='word_1_703' title='bbox 3149 3996 3254 4035; x_wconf 89' lang='lat' dir='ltr'><strong>non</strong></span> <span class='ocrx_word' id='word_1_704' title='bbox 3283 3992 3726 4048; x_wconf 83' lang='lat' dir='ltr'><strong>compungamur,</strong></span> <span class='ocrx_word' id='word_1_705' title='bbox 3750 3985 3794 4032; x_wconf 82' lang='lat' dir='ltr'><strong>et</strong></span> 
     </span>
    </p>
   </div>
   <div class='ocr_carea' id='block_1_94' title="bbox 2240 4068 3794 4146">
    <p class='ocr_par' dir='ltr' id='par_1_94' title="bbox 2240 4068 3794 4146">
     <span class='ocr_line' id='line_1_94' title="bbox 2240 4068 3794 4146; baseline -0.006 -14"><span class='ocrx_word' id='word_1_706' title='bbox 2240 4077 2434 4132; x_wconf 91' lang='lat' dir='ltr'><strong>deinde</strong></span> <span class='ocrx_word' id='word_1_707' title='bbox 2456 4075 2509 4130; x_wconf 92' lang='lat' dir='ltr'><strong>in</strong></span> <span class='ocrx_word' id='word_1_708' title='bbox 2539 4075 2721 4146; x_wconf 86' lang='lat' dir='ltr'><strong>pejora</strong></span> <span class='ocrx_word' id='word_1_709' title='bbox 2751 4081 2970 4145; x_wconf 88' lang='lat' dir='ltr'><strong>peccata</strong></span> <span class='ocrx_word' id='word_1_710' title='bbox 2992 4071 3139 4142; x_wconf 88' lang='lat' dir='ltr'><strong>justo</strong></span> <span class='ocrx_word' id='word_1_711' title='bbox 3154 4071 3357 4140; x_wconf 90' lang='lat' dir='ltr'><strong>judicio</strong></span> <span class='ocrx_word' id='word_1_712' title='bbox 3379 4084 3473 4124; x_wconf 91' lang='lat' dir='ltr'><strong>suo</strong></span> <span class='ocrx_word' id='word_1_713' title='bbox 3493 4084 3595 4123; x_wconf 89' lang='lat' dir='ltr'><strong>nos</strong></span> <span class='ocrx_word' id='word_1_714' title='bbox 3623 4068 3794 4139; x_wconf 72' lang='lat' dir='ltr'><strong>praeci-</strong></span> 
     </span>
    </p>
   </div>
   <div class='ocr_carea' id='block_1_95' title="bbox 2240 4161 3791 4239">
    <p class='ocr_par' dir='ltr' id='par_1_95' title="bbox 2240 4161 3791 4239">
     <span class='ocr_line' id='line_1_95' title="bbox 2240 4161 3791 4239; baseline -0.004 -16"><span class='ocrx_word' id='word_1_715' title='bbox 2240 4169 2398 4239; x_wconf 87' lang='lat' dir='ltr'><strong>pitat,</strong></span> <span class='ocrx_word' id='word_1_716' title='bbox 2424 4176 2482 4222; x_wconf 93' lang='lat' dir='ltr'><strong>ut</strong></span> <span class='ocrx_word' id='word_1_717' title='bbox 2510 4168 2804 4222; x_wconf 82' lang='lat' dir='ltr'><strong>habeamus</strong></span> <span class='ocrx_word' id='word_1_718' title='bbox 2830 4165 2971 4220; x_wconf 91' lang='lat' dir='ltr'><strong>inter</strong></span> <span class='ocrx_word' id='word_1_719' title='bbox 2990 4179 3089 4219; x_wconf 89' lang='lat' dir='ltr'><strong>nos</strong></span> <span class='ocrx_word' id='word_1_720' title='bbox 3114 4162 3629 4233; x_wconf 86' lang='lat' dir='ltr'><strong>indignationem,et</strong></span> <span class='ocrx_word' id='word_1_721' title='bbox 3657 4161 3791 4217; x_wconf 81' lang='lat' dir='ltr'><strong>iram.</strong></span> 
     </span>
    </p>
   </div>
   <div class='ocr_carea' id='block_1_96' title="bbox 2243 4258 2754 4314">
    <p class='ocr_par' dir='ltr' id='par_1_96' title="bbox 2243 4258 2754 4314">
     <span class='ocr_line' id='line_1_96' title="bbox 2243 4258 2754 4314; baseline -0.008 0"><span class='ocrx_word' id='word_1_722' title='bbox 2243 4268 2299 4314; x_wconf 89' lang='lat' dir='ltr'><strong>et</strong></span> <span class='ocrx_word' id='word_1_723' title='bbox 2330 4258 2754 4314; x_wconf 81' lang='lat' dir='ltr'><strong>tribulationem.</strong></span> 
     </span>
    </p>
   </div>
   <div class='ocr_carea' id='block_1_97' title="bbox 2320 4342 3799 4416">
    <p class='ocr_par' dir='ltr' id='par_1_97' title="bbox 2320 4342 3799 4416">
     <span class='ocr_line' id='line_1_97' title="bbox 2320 4342 3799 4416; baseline -0.005 -15"><span class='ocrx_word' id='word_1_724' title='bbox 2320 4369 2338 4401; x_wconf 74' lang='grc' dir='ltr'>ι</span> <span class='ocrx_word' id='word_1_725' title='bbox 2369 4350 2520 4403; x_wconf 80' lang='lat' dir='ltr'><strong>Viam</strong></span> <span class='ocrx_word' id='word_1_726' title='bbox 2544 4349 2688 4403; x_wconf 77' lang='lat' dir='ltr'><strong>fecit.</strong></span> <span class='ocrx_word' id='word_1_727' title='bbox 2721 4367 2740 4400; x_wconf 73' lang='grc' dir='ltr'><strong><em>ι</em></strong></span> <span class='ocrx_word' id='word_1_728' title='bbox 2765 4346 3156 4402; x_wconf 89' lang='lat' dir='ltr'><strong>lmmissionem</strong></span> <span class='ocrx_word' id='word_1_729' title='bbox 3180 4359 3278 4416; x_wconf 91' lang='lat' dir='ltr'><strong>per</strong></span> <span class='ocrx_word' id='word_1_730' title='bbox 3298 4343 3523 4415; x_wconf 89' lang='lat' dir='ltr'><strong>angelos</strong></span> <span class='ocrx_word' id='word_1_731' title='bbox 3549 4342 3739 4403; x_wconf 86' lang='lat' dir='ltr'><strong>malos,</strong></span> <span class='ocrx_word' id='word_1_732' title='bbox 3757 4349 3799 4394; x_wconf 80' lang='lat' dir='ltr'><strong>et</strong></span> 
     </span>
    </p>
   </div>
   <div class='ocr_carea' id='block_1_98' title="bbox 2244 4432 3799 4511">
    <p class='ocr_par' dir='ltr' id='par_1_98' title="bbox 2244 4432 3799 4511">
     <span class='ocr_line' id='line_1_98' title="bbox 2244 4432 3799 4511; baseline -0.008 -16"><span class='ocrx_word' id='word_1_733' title='bbox 2244 4455 2345 4511; x_wconf 91' lang='lat' dir='ltr'><strong>per</strong></span> <span class='ocrx_word' id='word_1_734' title='bbox 2374 4440 2479 4494; x_wconf 85' lang='lat' dir='ltr'><strong>hoc</strong></span> <span class='ocrx_word' id='word_1_735' title='bbox 2519 4436 2647 4493; x_wconf 85' lang='lat' dir='ltr'><strong>fecit</strong></span> <span class='ocrx_word' id='word_1_736' title='bbox 2678 4455 2697 4488; x_wconf 73' lang='grc' dir='ltr'><strong>ε</strong></span> <span class='ocrx_word' id='word_1_737' title='bbox 2729 4436 2974 4491; x_wconf 88' lang='lat' dir='ltr'><strong>semitam</strong></span> <span class='ocrx_word' id='word_1_738' title='bbox 3004 4437 3097 4490; x_wconf 78' lang='lat' dir='ltr'><strong>ira:</strong></span> <span class='ocrx_word' id='word_1_739' title='bbox 3128 4450 3269 4500; x_wconf 76' lang='lat' dir='ltr'><strong>suae,</strong></span> <span class='ocrx_word' id='word_1_740' title='bbox 3306 4454 3325 4486; x_wconf 76' lang='grc' dir='ltr'><strong><em>ι</em></strong></span> <span class='ocrx_word' id='word_1_741' title='bbox 3350 4434 3405 4487; x_wconf 92' lang='lat' dir='ltr'><strong>id</strong></span> <span class='ocrx_word' id='word_1_742' title='bbox 3433 4442 3543 4497; x_wconf 89' lang='lat' dir='ltr'><strong>est,</strong></span> <span class='ocrx_word' id='word_1_743' title='bbox 3573 4432 3799 4486; x_wconf 62' lang='lat' dir='ltr'><strong>vindicta</strong></span> 
     </span>
    </p>
   </div>
   <div class='ocr_carea' id='block_1_99' title="bbox 2248 4524 3801 4596">
    <p class='ocr_par' dir='ltr' id='par_1_99' title="bbox 2248 4524 3801 4596">
     <span class='ocr_line' id='line_1_99' title="bbox 2248 4524 3801 4596; baseline -0.007 -12"><span class='ocrx_word' id='word_1_744' title='bbox 2248 4544 2359 4585; x_wconf 68' lang='lat' dir='ltr'><strong>suae</strong></span> <span class='ocrx_word' id='word_1_745' title='bbox 2394 4528 2605 4592; x_wconf 90' lang='lat' dir='ltr'><strong>stricte,</strong></span> <span class='ocrx_word' id='word_1_746' title='bbox 2638 4534 2694 4582; x_wconf 89' lang='lat' dir='ltr'><strong>et</strong></span> <span class='ocrx_word' id='word_1_747' title='bbox 2714 4527 2867 4596; x_wconf 90' lang='lat' dir='ltr'><strong>quasi</strong></span> <span class='ocrx_word' id='word_1_748' title='bbox 2900 4540 2996 4595; x_wconf 94' lang='lat' dir='ltr'><strong>per</strong></span> <span class='ocrx_word' id='word_1_749' title='bbox 3030 4526 3280 4580; x_wconf 90' lang='lat' dir='ltr'><strong>semitam</strong></span> <span class='ocrx_word' id='word_1_750' title='bbox 3320 4527 3666 4589; x_wconf 60' lang='lat' dir='ltr'><strong>exercitatae,</strong></span> <span class='ocrx_word' id='word_1_751' title='bbox 3700 4524 3801 4576; x_wconf 76' lang='lat' dir='ltr'><strong>dum</strong></span> 
     </span>
    </p>
   </div>
   <div class='ocr_carea' id='block_1_100' title="bbox 2251 4615 3805 4688">
    <p class='ocr_par' dir='ltr' id='par_1_100' title="bbox 2251 4615 3805 4688">
     <span class='ocr_line' id='line_1_100' title="bbox 2251 4615 3805 4688; baseline -0.008 -12"><span class='ocrx_word' id='word_1_752' title='bbox 2251 4622 2311 4686; x_wconf 21' lang='lat' dir='ltr'><strong>in,</strong></span> <span class='ocrx_word' id='word_1_753' title='bbox 2342 4620 2584 4675; x_wconf 89' lang='lat' dir='ltr'><strong>interiori</strong></span> <span class='ocrx_word' id='word_1_754' title='bbox 2620 4627 2828 4673; x_wconf 87' lang='lat' dir='ltr'><strong>tantum</strong></span> <span class='ocrx_word' id='word_1_755' title='bbox 2855 4617 3120 4688; x_wconf 91' lang='lat' dir='ltr'><strong>percussit</strong></span> <span class='ocrx_word' id='word_1_756' title='bbox 3167 4631 3283 4682; x_wconf 90' lang='lat' dir='ltr'><strong>eos,</strong></span> <span class='ocrx_word' id='word_1_757' title='bbox 3320 4635 3339 4667; x_wconf 71' lang='grc' dir='ltr'>ι</span> <span class='ocrx_word' id='word_1_758' title='bbox 3376 4616 3559 4680; x_wconf 80' lang='lat' dir='ltr'><strong>viam,</strong></span> <span class='ocrx_word' id='word_1_759' title='bbox 3607 4635 3627 4666; x_wconf 72' lang='grc' dir='ltr'><strong>ι</strong></span> <span class='ocrx_word' id='word_1_760' title='bbox 3661 4615 3710 4667; x_wconf 90' lang='lat' dir='ltr'><strong>id</strong></span> <span class='ocrx_word' id='word_1_761' title='bbox 3744 4618 3805 4664; x_wconf 71' lang='lat' dir='ltr'><strong>est</strong></span> 
     </span>
    </p>
   </div>
   <div class='ocr_carea' id='block_1_101' title="bbox 2251 4700 3808 4782">
    <p class='ocr_par' dir='ltr' id='par_1_101' title="bbox 2251 4700 3808 4782">
     <span class='ocr_line' id='line_1_101' title="bbox 2251 4700 3808 4782; baseline -0.006 -16"><span class='ocrx_word' id='word_1_762' title='bbox 2251 4711 2681 4782; x_wconf 86' lang='lat' dir='ltr'><strong>amplitudinem,</strong></span> <span class='ocrx_word' id='word_1_763' title='bbox 2708 4710 2832 4763; x_wconf 89' lang='lat' dir='ltr'><strong>dum</strong></span> <span class='ocrx_word' id='word_1_764' title='bbox 2868 4707 3047 4763; x_wconf 90' lang='lat' dir='ltr'><strong>omnia</strong></span> <span class='ocrx_word' id='word_1_765' title='bbox 3085 4706 3443 4777; x_wconf 88' lang='lat' dir='ltr'><strong>primogenita</strong></span> <span class='ocrx_word' id='word_1_766' title='bbox 3480 4714 3664 4759; x_wconf 87' lang='lat' dir='ltr'><strong>morte</strong></span> <span class='ocrx_word' id='word_1_767' title='bbox 3698 4700 3808 4756; x_wconf 68' lang='lat' dir='ltr'><strong>afﬂi-</strong></span> 
     </span>
    </p>
   </div>
   <div class='ocr_carea' id='block_1_102' title="bbox 2250 4789 3809 4872">
    <p class='ocr_par' dir='ltr' id='par_1_102' title="bbox 2250 4789 3809 4872">
     <span class='ocr_line' id='line_1_102' title="bbox 2250 4789 3809 4872; baseline -0.012 -15"><span class='ocrx_word' id='word_1_768' title='bbox 2250 4812 2426 4872; x_wconf 85' lang='lat' dir='ltr'><strong>geret,</strong></span> <span class='ocrx_word' id='word_1_769' title='bbox 2463 4821 2481 4853; x_wconf 82' lang='grc'><strong>‹</strong></span> <span class='ocrx_word' id='word_1_770' title='bbox 2514 4810 2569 4856; x_wconf 91' lang='lat' dir='ltr'><strong>et</strong></span> <span class='ocrx_word' id='word_1_771' title='bbox 2599 4819 2617 4851; x_wconf 78' lang='grc' dir='ltr'><strong><em>ι</em></strong></span> <span class='ocrx_word' id='word_1_772' title='bbox 2646 4799 2769 4853; x_wconf 89' lang='lat' dir='ltr'><strong>inde</strong></span> <span class='ocrx_word' id='word_1_773' title='bbox 2785 4797 2945 4869; x_wconf 88' lang='lat' dir='ltr'><strong>dicit,</strong></span> <span class='ocrx_word' id='word_1_774' title='bbox 2979 4815 2998 4847; x_wconf 74' lang='grc' dir='ltr'>ι</span> <span class='ocrx_word' id='word_1_775' title='bbox 3045 4810 3152 4851; x_wconf 91' lang='lat' dir='ltr'><strong>non</strong></span> <span class='ocrx_word' id='word_1_776' title='bbox 3188 4794 3432 4865; x_wconf 88' lang='lat' dir='ltr'><strong>pepercit</strong></span> <span class='ocrx_word' id='word_1_777' title='bbox 3456 4808 3487 4845; x_wconf 90' lang='lat' dir='ltr'><strong>a</strong></span> <span class='ocrx_word' id='word_1_778' title='bbox 3512 4800 3697 4847; x_wconf 85' lang='lat' dir='ltr'><strong>morte</strong></span> <span class='ocrx_word' id='word_1_779' title='bbox 3720 4789 3809 4842; x_wconf 83' lang='lat' dir='ltr'><strong>ani-</strong></span> 
     </span>
    </p>
   </div>
   <div class='ocr_carea' id='block_1_103' title="bbox 2200 4879 3813 4971">
    <p class='ocr_par' dir='ltr' id='par_1_103' title="bbox 2200 4879 3813 4971">
     <span class='ocr_line' id='line_1_103' title="bbox 2200 4879 3813 4971; baseline -0.007 -25"><span class='ocrx_word' id='word_1_780' title='bbox 2200 4968 2205 4971; x_wconf 81' lang='lat'><strong><em>_</em></strong></span> <span class='ocrx_word' id='word_1_781' title='bbox 2251 4892 2442 4946; x_wconf 90' lang='lat' dir='ltr'><strong>mabus</strong></span> <span class='ocrx_word' id='word_1_782' title='bbox 2470 4905 2695 4945; x_wconf 89' lang='lat' dir='ltr'><strong>eorum:</strong></span> <span class='ocrx_word' id='word_1_783' title='bbox 2729 4897 2783 4943; x_wconf 91' lang='lat' dir='ltr'><strong>et</strong></span> <span class='ocrx_word' id='word_1_784' title='bbox 2801 4889 3044 4959; x_wconf 88' lang='lat' dir='ltr'><strong>jumenta</strong></span> <span class='ocrx_word' id='word_1_785' title='bbox 3075 4901 3260 4940; x_wconf 89' lang='lat' dir='ltr'><strong>eorum</strong></span> <span class='ocrx_word' id='word_1_786' title='bbox 3291 4886 3344 4939; x_wconf 92' lang='lat' dir='ltr'><strong>in</strong></span> <span class='ocrx_word' id='word_1_787' title='bbox 3393 4893 3577 4938; x_wconf 88' lang='lat' dir='ltr'><strong>morte</strong></span> <span class='ocrx_word' id='word_1_788' title='bbox 3617 4879 3813 4937; x_wconf 75' lang='lat' dir='ltr'><strong>conclu-</strong></span> 
     </span>
    </p>
   </div>
   <div class='ocr_carea' id='block_1_104' title="bbox 2252 4974 3814 5049">
    <p class='ocr_par' dir='ltr' id='par_1_104' title="bbox 2252 4974 3814 5049">
     <span class='ocr_line' id='line_1_104' title="bbox 2252 4974 3814 5049; baseline -0.01 -12"><span class='ocrx_word' id='word_1_789' title='bbox 2252 4982 2341 5047; x_wconf 90' lang='lat' dir='ltr'><strong>sit,</strong></span> <span class='ocrx_word' id='word_1_790' title='bbox 2377 5001 2394 5031; x_wconf 71' lang='grc' dir='ltr'><strong><em>ι</em></strong></span> <span class='ocrx_word' id='word_1_791' title='bbox 2427 4982 2479 5034; x_wconf 91' lang='lat' dir='ltr'><strong>in</strong></span> <span class='ocrx_word' id='word_1_792' title='bbox 2502 4981 2692 5035; x_wconf 90' lang='lat' dir='ltr'><strong>eodem</strong></span> <span class='ocrx_word' id='word_1_793' title='bbox 2720 4978 2890 5049; x_wconf 90' lang='lat' dir='ltr'><strong>pretio</strong></span> <span class='ocrx_word' id='word_1_794' title='bbox 2922 4986 3179 5047; x_wconf 90' lang='lat' dir='ltr'><strong>reputans</strong></span> <span class='ocrx_word' id='word_1_795' title='bbox 3206 4975 3453 5030; x_wconf 84' lang='lat' dir='ltr'><strong>homines</strong></span> <span class='ocrx_word' id='word_1_796' title='bbox 3484 4983 3543 5028; x_wconf 87' lang='lat' dir='ltr'><strong>et</strong></span> <span class='ocrx_word' id='word_1_797' title='bbox 3565 4974 3814 5042; x_wconf 78' lang='lat' dir='ltr'><strong>iumenta.</strong></span> 
     </span>
    </p>
   </div>
   <div class='ocr_carea' id='block_1_105' title="bbox 2323 5066 3817 5143">
    <p class='ocr_par' dir='ltr' id='par_1_105' title="bbox 2323 5066 3817 5143">
     <span class='ocr_line' id='line_1_105' title="bbox 2323 5066 3817 5143; baseline -0.008 -14"><span class='ocrx_word' id='word_1_798' title='bbox 2323 5075 2525 5129; x_wconf 72' lang='lat' dir='ltr'><strong>Przeter</strong></span> <span class='ocrx_word' id='word_1_799' title='bbox 2551 5072 2794 5143; x_wconf 87' lang='lat' dir='ltr'><strong>jumenta</strong></span> <span class='ocrx_word' id='word_1_800' title='bbox 2833 5089 2851 5122; x_wconf 87' lang='grc'><strong>‹</strong></span> <span class='ocrx_word' id='word_1_801' title='bbox 2888 5070 3156 5140; x_wconf 85' lang='lat' dir='ltr'><strong>percussit</strong></span> <span class='ocrx_word' id='word_1_802' title='bbox 3196 5088 3213 5119; x_wconf 76' lang='grc' dir='ltr'><strong><em>ι</em></strong></span> <span class='ocrx_word' id='word_1_803' title='bbox 3259 5066 3478 5137; x_wconf 87' lang='lat' dir='ltr'><strong>angelus</strong></span> <span class='ocrx_word' id='word_1_804' title='bbox 3516 5066 3613 5119; x_wconf 88' lang='lat' dir='ltr'><strong>ille</strong></span> <span class='ocrx_word' id='word_1_805' title='bbox 3639 5079 3817 5134; x_wconf 78' lang='lat' dir='ltr'><strong>percu-</strong></span> 
     </span>
    </p>
   </div>
   <div class='ocr_carea' id='block_1_106' title="bbox 2254 5156 3820 5234">
    <p class='ocr_par' dir='ltr' id='par_1_106' title="bbox 2254 5156 3820 5234">
     <span class='ocr_line' id='line_1_106' title="bbox 2254 5156 3820 5234; baseline -0.01 -13"><span class='ocrx_word' id='word_1_806' title='bbox 2254 5167 2395 5221; x_wconf 90' lang='lat' dir='ltr'><strong>tiens</strong></span> <span class='ocrx_word' id='word_1_807' title='bbox 2427 5182 2447 5216; x_wconf 83' lang='grc'><em>‹</em></span> <span class='ocrx_word' id='word_1_808' title='bbox 2487 5179 2645 5219; x_wconf 88' lang='lat' dir='ltr'><strong>omne</strong></span> <span class='ocrx_word' id='word_1_809' title='bbox 2667 5162 3081 5234; x_wconf 88' lang='lat' dir='ltr'><strong>primogenitum</strong></span> <span class='ocrx_word' id='word_1_810' title='bbox 3112 5181 3129 5212; x_wconf 75' lang='grc' dir='ltr'><strong><em>ι</em></strong></span> <span class='ocrx_word' id='word_1_811' title='bbox 3161 5159 3537 5228; x_wconf 83' lang='lat' dir='ltr'><strong>cujuscunque</strong></span> <span class='ocrx_word' id='word_1_812' title='bbox 3560 5156 3820 5217; x_wconf 76' lang='lat' dir='ltr'><strong>aliimalis,</strong></span> 
     </span>
    </p>
   </div>
   <div class='ocr_carea' id='block_1_107' title="bbox 582 5250 3824 5345">
    <p class='ocr_par' dir='ltr' id='par_1_107' title="bbox 582 5250 3824 5345">
     <span class='ocr_line' id='line_1_107' title="bbox 582 5250 3824 5345; baseline -0.01 -10"><span class='ocrx_word' id='word_1_813' title='bbox 582 5280 813 5335; x_wconf 85' lang='lat' dir='ltr'><strong>latenter</strong></span> <span class='ocrx_word' id='word_1_814' title='bbox 858 5250 1154 5345; x_wconf 69' lang='lat' dir='ltr'><strong>corrumpit</strong></span> <span class='ocrx_word' id='word_1_815' title='bbox 1180 5273 1350 5326; x_wconf 87' lang='lat' dir='ltr'><strong>bonos</strong></span> <span class='ocrx_word' id='word_1_816' title='bbox 1376 5280 1577 5331; x_wconf 89' lang='lat' dir='ltr'><strong>mores,</strong></span> <span class='ocrx_word' id='word_1_817' title='bbox 1624 5280 1748 5320; x_wconf 91' lang='lat' dir='ltr'><strong>cum</strong></span> <span class='ocrx_word' id='word_1_818' title='bbox 1778 5280 1836 5319; x_wconf 88' lang='lat' dir='ltr'><strong>se</strong></span> <span class='ocrx_word' id='word_1_819' title='bbox 1874 5262 2151 5318; x_wconf 74' lang='lat' dir='ltr'><strong>existimat</strong></span> <span class='ocrx_word' id='word_1_820' title='bbox 2196 5332 2199 5335; x_wconf 92' lang='lat'><em>_</em></span> <span class='ocrx_word' id='word_1_821' title='bbox 2260 5279 2278 5311; x_wconf 83' lang='grc'><em>‹</em></span> <span class='ocrx_word' id='word_1_822' title='bbox 2307 5259 2361 5313; x_wconf 93' lang='lat' dir='ltr'><strong>in</strong></span> <span class='ocrx_word' id='word_1_823' title='bbox 2403 5266 2546 5313; x_wconf 87' lang='lat' dir='ltr'><strong>terra</strong></span> <span class='ocrx_word' id='word_1_824' title='bbox 2576 5255 2819 5327; x_wconf 68' lang='lat' dir='ltr'><strong>Egypti,</strong></span> <span class='ocrx_word' id='word_1_825' title='bbox 2854 5276 2871 5306; x_wconf 75' lang='grc' dir='ltr'><strong><em>ι</em></strong></span> <span class='ocrx_word' id='word_1_826' title='bbox 2897 5262 2951 5311; x_wconf 79' lang='grc' dir='ltr'><strong>ει</strong></span> <span class='ocrx_word' id='word_1_827' title='bbox 2978 5255 3141 5309; x_wconf 87' lang='lat' dir='ltr'><strong>etiam</strong></span> <span class='ocrx_word' id='word_1_828' title='bbox 3191 5271 3210 5302; x_wconf 73' lang='grc' dir='ltr'>ι</span> <span class='ocrx_word' id='word_1_829' title='bbox 3234 5252 3503 5323; x_wconf 81' lang='lat' dir='ltr'><strong>primitias</strong></span> <span class='ocrx_word' id='word_1_830' title='bbox 3542 5253 3737 5305; x_wconf 83' lang='lat' dir='ltr'><strong>omnis</strong></span> <span class='ocrx_word' id='word_1_831' title='bbox 3759 5250 3824 5303; x_wconf 83' lang='lat' dir='ltr'><strong>la-</strong></span> 
     </span>
    </p>
   </div>
   <div class='ocr_carea' id='block_1_108' title="bbox 582 5354 2145 5439">
    <p class='ocr_par' dir='ltr' id='par_1_108' title="bbox 582 5354 2145 5439">
     <span class='ocr_line' id='line_1_108' title="bbox 582 5354 2145 5439; baseline -0.014 -11"><span class='ocrx_word' id='word_1_832' title='bbox 582 5372 747 5427; x_wconf 82' lang='lat' dir='ltr'><strong>homo</strong></span> <span class='ocrx_word' id='word_1_833' title='bbox 787 5366 987 5439; x_wconf 89' lang='lat' dir='ltr'><strong>aliquid</strong></span> <span class='ocrx_word' id='word_1_834' title='bbox 1033 5378 1172 5429; x_wconf 84' lang='lat' dir='ltr'><strong>esse,</strong></span> <span class='ocrx_word' id='word_1_835' title='bbox 1214 5375 1338 5417; x_wconf 90' lang='lat' dir='ltr'><strong>cum</strong></span> <span class='ocrx_word' id='word_1_836' title='bbox 1380 5358 1518 5415; x_wconf 87' lang='lat' dir='ltr'><strong>nihil</strong></span> <span class='ocrx_word' id='word_1_837' title='bbox 1543 5358 1615 5413; x_wconf 89' lang='lat' dir='ltr'><strong>sit</strong></span> <span class='ocrx_word' id='word_1_838' title='bbox 1643 5354 1787 5427; x_wconf 78' lang='lat' dir='ltr'><strong>(Gal.</strong></span> <span class='ocrx_word' id='word_1_839' title='bbox 1815 5354 1892 5425; x_wconf 84' lang='lat' dir='ltr'><strong>vr)</strong></span> <span class='ocrx_word' id='word_1_840' title='bbox 1925 5368 1940 5407; x_wconf 89' lang='lat'><strong>:</strong></span> <span class='ocrx_word' id='word_1_841' title='bbox 1981 5372 2000 5405; x_wconf 86' lang='grc'><strong>‹</strong></span> <span class='ocrx_word' id='word_1_842' title='bbox 2035 5360 2094 5407; x_wconf 93' lang='lat' dir='ltr'><strong>et</strong></span> <span class='ocrx_word' id='word_1_843' title='bbox 2124 5371 2145 5406; x_wconf 75' lang='grc' dir='ltr'><strong><em>ι</em></strong></span> 
     </span>
    </p>
   </div>
   <div class='ocr_carea' id='block_1_109' title="bbox 588 5445 2197 5516">
    <p class='ocr_par' dir='ltr' id='par_1_109' title="bbox 588 5445 2197 5516">
     <span class='ocr_line' id='line_1_109' title="bbox 588 5445 2197 5516; baseline -0.012 0"><span class='ocrx_word' id='word_1_844' title='bbox 588 5460 735 5516; x_wconf 91' lang='lat' dir='ltr'><strong>dedit</strong></span> <span class='ocrx_word' id='word_1_845' title='bbox 778 5478 797 5511; x_wconf 74' lang='grc' dir='ltr'><strong><em>ι</em></strong></span> <span class='ocrx_word' id='word_1_846' title='bbox 829 5458 1041 5513; x_wconf 88' lang='lat' dir='ltr'><strong>labores</strong></span> <span class='ocrx_word' id='word_1_847' title='bbox 1067 5468 1252 5510; x_wconf 89' lang='lat' dir='ltr'><strong>eorum</strong></span> <span class='ocrx_word' id='word_1_848' title='bbox 1290 5470 1310 5504; x_wconf 77' lang='grc' dir='ltr'><strong><em>ι</em></strong></span> <span class='ocrx_word' id='word_1_849' title='bbox 1342 5449 1491 5506; x_wconf 90' lang='lat' dir='ltr'><strong>velut</strong></span> <span class='ocrx_word' id='word_1_850' title='bbox 1527 5449 1584 5504; x_wconf 87' lang='lat' dir='ltr'><strong>in</strong></span> <span class='ocrx_word' id='word_1_851' title='bbox 1636 5447 1769 5503; x_wconf 89' lang='lat' dir='ltr'><strong>satis</strong></span> <span class='ocrx_word' id='word_1_852' title='bbox 1803 5463 1823 5498; x_wconf 73' lang='grc' dir='ltr'>ι</span> <span class='ocrx_word' id='word_1_853' title='bbox 1864 5445 2086 5501; x_wconf 81' lang='lat' dir='ltr'><strong>locustae</strong></span> <span class='ocrx_word' id='word_1_854' title='bbox 2122 5464 2142 5498; x_wconf 76' lang='grc' dir='ltr'><strong>ι</strong></span> <span class='ocrx_word' id='word_1_855' title='bbox 2194 5502 2197 5505; x_wconf 27' lang='grc' dir='ltr'><strong><em>λ</em></strong></span> 
     </span>
    </p>
   </div>
   <div class='ocr_carea' id='block_1_110' title="bbox 587 5536 2153 5624">
    <p class='ocr_par' dir='ltr' id='par_1_110' title="bbox 587 5536 2153 5624">
     <span class='ocr_line' id='line_1_110' title="bbox 587 5536 2153 5624; baseline -0.008 -17"><span class='ocrx_word' id='word_1_856' title='bbox 587 5568 708 5624; x_wconf 68' lang='lat' dir='ltr'><strong>qua:</strong></span> <span class='ocrx_word' id='word_1_857' title='bbox 731 5551 1016 5609; x_wconf 85' lang='lat' dir='ltr'><strong>corrodent</strong></span> <span class='ocrx_word' id='word_1_858' title='bbox 1041 5566 1055 5602; x_wconf 88' lang='lat'><strong>:</strong></span> <span class='ocrx_word' id='word_1_859' title='bbox 1084 5562 1183 5618; x_wconf 89' lang='lat' dir='ltr'><strong>per</strong></span> <span class='ocrx_word' id='word_1_860' title='bbox 1206 5536 1367 5616; x_wconf 79' lang='lat' dir='ltr'><strong>quain</strong></span> <span class='ocrx_word' id='word_1_861' title='bbox 1390 5542 1651 5599; x_wconf 86' lang='lat' dir='ltr'><strong>detractio</strong></span> <span class='ocrx_word' id='word_1_862' title='bbox 1672 5539 2008 5611; x_wconf 87' lang='lat' dir='ltr'><strong>intelligitur,</strong></span> <span class='ocrx_word' id='word_1_863' title='bbox 2033 5554 2153 5610; x_wconf 64' lang='lat' dir='ltr'><strong>quae</strong></span> 
     </span>
    </p>
   </div>
   <div class='ocr_carea' id='block_1_111' title="bbox 587 5629 2154 5700">
    <p class='ocr_par' dir='ltr' id='par_1_111' title="bbox 587 5629 2154 5700">
     <span class='ocr_line' id='line_1_111' title="bbox 587 5629 2154 5700; baseline -0.008 -3"><span class='ocrx_word' id='word_1_864' title='bbox 587 5642 882 5698; x_wconf 75' lang='lat' dir='ltr'><strong>cormdens</strong></span> <span class='ocrx_word' id='word_1_865' title='bbox 910 5641 1080 5695; x_wconf 88' lang='lat' dir='ltr'><strong>bonos</strong></span> <span class='ocrx_word' id='word_1_866' title='bbox 1105 5636 1314 5692; x_wconf 86' lang='lat' dir='ltr'><strong>labores</strong></span> <span class='ocrx_word' id='word_1_867' title='bbox 1351 5632 1636 5689; x_wconf 88' lang='lat' dir='ltr'><strong>annihilat.</strong></span> <span class='ocrx_word' id='word_1_868' title='bbox 1666 5630 1852 5685; x_wconf 84' lang='lat' dir='ltr'><strong>Potest</strong></span> <span class='ocrx_word' id='word_1_869' title='bbox 1870 5645 1968 5700; x_wconf 89' lang='lat' dir='ltr'><strong>per</strong></span> <span class='ocrx_word' id='word_1_870' title='bbox 2006 5629 2154 5685; x_wconf 88' lang='lat' dir='ltr'><strong>locu-</strong></span> 
     </span>
    </p>
   </div>
   <div class='ocr_carea' id='block_1_112' title="bbox 591 5719 2154 5801">
    <p class='ocr_par' dir='ltr' id='par_1_112' title="bbox 591 5719 2154 5801">
     <span class='ocr_line' id='line_1_112' title="bbox 591 5719 2154 5801; baseline -0.011 -11"><span class='ocrx_word' id='word_1_871' title='bbox 591 5739 766 5797; x_wconf 69' lang='lat' dir='ltr'><strong>llam,</strong></span> <span class='ocrx_word' id='word_1_872' title='bbox 812 5746 933 5801; x_wconf 66' lang='lat' dir='ltr'><strong>quae</strong></span> <span class='ocrx_word' id='word_1_873' title='bbox 969 5727 1217 5785; x_wconf 77' lang='lat' dir='ltr'><strong>instabile</strong></span> <span class='ocrx_word' id='word_1_874' title='bbox 1254 5733 1338 5782; x_wconf 86' lang='lat' dir='ltr'><strong>est</strong></span> <span class='ocrx_word' id='word_1_875' title='bbox 1366 5723 1598 5789; x_wconf 88' lang='lat' dir='ltr'><strong>animal,</strong></span> <span class='ocrx_word' id='word_1_876' title='bbox 1637 5721 1899 5798; x_wconf 87' lang='lat' dir='ltr'><strong>malorum</strong></span> <span class='ocrx_word' id='word_1_877' title='bbox 1931 5719 2154 5789; x_wconf 90' lang='lat' dir='ltr'><strong>intelligi</strong></span> 
     </span>
    </p>
   </div>
   <div class='ocr_carea' id='block_1_113' title="bbox 2252 5341 3828 5411">
    <p class='ocr_par' dir='ltr' id='par_1_113' title="bbox 2252 5341 3828 5411">
     <span class='ocr_line' id='line_1_113' title="bbox 2252 5341 3828 5411; baseline -0.007 -7"><span class='ocrx_word' id='word_1_878' title='bbox 2252 5348 2400 5404; x_wconf 90' lang='lat' dir='ltr'><strong>boris</strong></span> <span class='ocrx_word' id='word_1_879' title='bbox 2424 5363 2613 5403; x_wconf 89' lang='lat' dir='ltr'><strong>eorum</strong></span> <span class='ocrx_word' id='word_1_880' title='bbox 2640 5366 2658 5399; x_wconf 73' lang='grc' dir='ltr'><strong><em>ι</em></strong></span> <span class='ocrx_word' id='word_1_881' title='bbox 2686 5345 2847 5402; x_wconf 88' lang='lat' dir='ltr'><strong>veluti</strong></span> <span class='ocrx_word' id='word_1_882' title='bbox 2866 5342 3212 5408; x_wconf 87' lang='lat' dir='ltr'><strong>hordea,lina</strong></span> <span class='ocrx_word' id='word_1_883' title='bbox 3237 5352 3291 5397; x_wconf 89' lang='lat' dir='ltr'><strong>et</strong></span> <span class='ocrx_word' id='word_1_884' title='bbox 3314 5342 3514 5396; x_wconf 86' lang='lat' dir='ltr'><strong>similia</strong></span> <span class='ocrx_word' id='word_1_885' title='bbox 3532 5358 3667 5411; x_wconf 64' lang='lat' dir='ltr'><strong>quae</strong></span> <span class='ocrx_word' id='word_1_886' title='bbox 3688 5341 3828 5396; x_wconf 76' lang='lat' dir='ltr'><strong>Cilqu</strong></span> 
     </span>
    </p>
   </div>
   <div class='ocr_carea' id='block_1_114' title="bbox 2256 5431 3831 5503">
    <p class='ocr_par' dir='ltr' id='par_1_114' title="bbox 2256 5431 3831 5503">
     <span class='ocr_line' id='line_1_114' title="bbox 2256 5431 3831 5503; baseline -0.01 -7"><span class='ocrx_word' id='word_1_887' title='bbox 2256 5446 2646 5503; x_wconf 86' lang='lat' dir='ltr'><strong>maturescunt,</strong></span> <span class='ocrx_word' id='word_1_888' title='bbox 2691 5456 2711 5489; x_wconf 75' lang='grc' dir='ltr'>ι</span> <span class='ocrx_word' id='word_1_889' title='bbox 2744 5437 2799 5491; x_wconf 92' lang='lat' dir='ltr'><strong>in</strong></span> <span class='ocrx_word' id='word_1_890' title='bbox 2840 5433 3203 5491; x_wconf 89' lang='lat' dir='ltr'><strong>tabernaculis</strong></span> <span class='ocrx_word' id='word_1_891' title='bbox 3232 5432 3422 5488; x_wconf 71' lang='lat' dir='ltr'><strong>Citam.</strong></span> <span class='ocrx_word' id='word_1_892' title='bbox 3475 5449 3495 5481; x_wconf 74' lang='grc' dir='ltr'><strong><em>ι</em></strong></span> <span class='ocrx_word' id='word_1_893' title='bbox 3537 5431 3831 5503; x_wconf 58' lang='lat' dir='ltr'><strong>Egyptian</strong></span> 
     </span>
    </p>
   </div>
   <div class='ocr_carea' id='block_1_115' title="bbox 2254 5525 3833 5602">
    <p class='ocr_par' dir='ltr' id='par_1_115' title="bbox 2254 5525 3833 5602">
     <span class='ocr_line' id='line_1_115' title="bbox 2254 5525 3833 5602; baseline -0.009 -10"><span class='ocrx_word' id='word_1_894' title='bbox 2254 5545 2413 5594; x_wconf 90' lang='lat' dir='ltr'><strong>vocat</strong></span> <span class='ocrx_word' id='word_1_895' title='bbox 2454 5531 2857 5591; x_wconf 89' lang='lat' dir='ltr'><strong>tabernaculum</strong></span> <span class='ocrx_word' id='word_1_896' title='bbox 2904 5531 3095 5596; x_wconf 88' lang='lat' dir='ltr'><strong>Cham,</strong></span> <span class='ocrx_word' id='word_1_897' title='bbox 3127 5530 3253 5602; x_wconf 89' lang='lat' dir='ltr'><strong>quia</strong></span> <span class='ocrx_word' id='word_1_898' title='bbox 3280 5529 3373 5584; x_wconf 92' lang='lat' dir='ltr'><strong>ﬁlii</strong></span> <span class='ocrx_word' id='word_1_899' title='bbox 3416 5527 3725 5589; x_wconf 82' lang='lat' dir='ltr'><strong>Chanaan,</strong></span> <span class='ocrx_word' id='word_1_900' title='bbox 3753 5525 3833 5596; x_wconf 81' lang='lat' dir='ltr'><strong>qui</strong></span> 
     </span>
    </p>
   </div>
   <div class='ocr_carea' id='block_1_116' title="bbox 2256 5616 3838 5691">
    <p class='ocr_par' dir='ltr' id='par_1_116' title="bbox 2256 5616 3838 5691">
     <span class='ocr_line' id='line_1_116' title="bbox 2256 5616 3838 5691; baseline -0.006 -11"><span class='ocrx_word' id='word_1_901' title='bbox 2256 5624 2358 5681; x_wconf 86' lang='lat' dir='ltr'><strong>fuit</strong></span> <span class='ocrx_word' id='word_1_902' title='bbox 2387 5624 2527 5680; x_wconf 88' lang='lat' dir='ltr'><strong>ﬁlius</strong></span> <span class='ocrx_word' id='word_1_903' title='bbox 2560 5624 2752 5688; x_wconf 87' lang='lat' dir='ltr'><strong>Cham,</strong></span> <span class='ocrx_word' id='word_1_904' title='bbox 2780 5620 2875 5676; x_wconf 86' lang='lat' dir='ltr'><strong>ﬁlii</strong></span> <span class='ocrx_word' id='word_1_905' title='bbox 2897 5620 3008 5676; x_wconf 88' lang='lat' dir='ltr'><strong>Noe</strong></span> <span class='ocrx_word' id='word_1_906' title='bbox 3031 5627 3314 5691; x_wconf 77' lang='lat' dir='ltr'><strong>cceperunt</strong></span> <span class='ocrx_word' id='word_1_907' title='bbox 3345 5616 3663 5689; x_wconf 68' lang='lat' dir='ltr'><strong>Egyptum</strong></span> <span class='ocrx_word' id='word_1_908' title='bbox 3690 5616 3838 5673; x_wconf 53' lang='lat' dir='ltr'><strong>iuliae</strong></span> 
     </span>
    </p>
   </div>
   <div class='ocr_carea' id='block_1_117' title="bbox 2256 5710 3843 5773">
    <p class='ocr_par' dir='ltr' id='par_1_117' title="bbox 2256 5710 3843 5773">
     <span class='ocr_line' id='line_1_117' title="bbox 2256 5710 3843 5773; baseline -0.007 0"><span class='ocrx_word' id='word_1_909' title='bbox 2256 5718 2449 5773; x_wconf 84' lang='lat' dir='ltr'><strong>bitare.</strong></span> <span class='ocrx_word' id='word_1_910' title='bbox 2492 5715 2755 5773; x_wconf 79' lang='lat' dir='ltr'><strong>Similiter</strong></span> <span class='ocrx_word' id='word_1_911' title='bbox 2783 5714 2834 5768; x_wconf 90' lang='lat' dir='ltr'><strong>in</strong></span> <span class='ocrx_word' id='word_1_912' title='bbox 2870 5713 3024 5769; x_wconf 88' lang='lat' dir='ltr'><strong>nobis</strong></span> <span class='ocrx_word' id='word_1_913' title='bbox 3047 5711 3179 5767; x_wconf 89' lang='lat' dir='ltr'><strong>facit</strong></span> <span class='ocrx_word' id='word_1_914' title='bbox 3227 5710 3370 5766; x_wconf 89' lang='lat' dir='ltr'><strong>Deus</strong></span> <span class='ocrx_word' id='word_1_915' title='bbox 3425 5710 3574 5766; x_wconf 82' lang='lat' dir='ltr'><strong>viam</strong></span> <span class='ocrx_word' id='word_1_916' title='bbox 3639 5713 3843 5768; x_wconf 68' lang='lat' dir='ltr'><strong>seruire</strong></span> 
     </span>
    </p>
   </div>
  </div>
