3940 6490
179 478 309 535 465

1342 449 1794 532 nmmum
1831 474 1900 532 lN
1939 476 2276 538 PSALMOS.

3326 492 3432 550 466

185 591 297 646 irae
326 604 460 656 sua,
489 586 705 660 quando
730 587 797 644 de
827 584 1118 644 levioribus
1148 589 1386 659 peccatis
1404 588 1768 645 subtrahendo
1794 590 1846 648 Α
1943 589 2009 645 Et
2040 591 2167 647 licet
2197 603 2274 649 tot
2299 592 2553 651 beneﬁcia
2588 598 2902 655 contulisset
2926 600 3007 656 eis
3033 601 3193 668 Deus,
3224 602 3324 675 ipsi
3349 613 3434 661 ta—

186 682 457 753 gratiam,
477 680 543 735 ad
568 681 815 752 graviora
842 694 940 735 nos
963 680 1226 750 permittit
1264 680 1609 737 descendere.
1633 679 1762 734 Ani-

187 788 320 828 mas
366 772 533 828 etiam
582 772 635 824 in
680 779 853 825 morte
892 770 1185 837 concludit,
1215 771 1432 842 quando
1477 785 1649 841 usque
1698 769 1767 823 ad

192 873 571 933 contemptum
603 863 695 918 Dei
724 879 824 918 nos
844 863 971 919 sinit
994 864 1345 935 praecipitari,
1375 873 1429 920 et
1454 864 1651 919 retinet
1668 876 1767 917 nos

195 956 258 1011 in
286 954 647 1015 excaecatione
673 954 885 1008 mentis.
909 951 1155 1010 Iumenta
1194 956 1249 1010 in
1277 964 1448 1010 morte
1476 951 1765 1017 concludit,

194 1045 420 1113 quando
441 1058 656 1097 onmem
682 1044 993 1112 pudicitiam
1021 1045 1073 1098 in
1098 1045 1253 1100 nobis
1274 1047 1450 1116 perire
1477 1044 1764 1100 consentit.

191 1134 300 1190 Vel
325 1149 421 1205 per
440 1132 682 1200 jumenta
714 1131 842 1189 fatui
870 1133 1240 1205 intelliguntur
1266 1136 1359 1206 qui
1408 1135 1567 1190 simul
1596 1150 1627 1189 a
1656 1133 1769 1189 Deo

191 1241 326 1281 cum
373 1225 565 1280 astutis
609 1226 1001 1295 percutiuntur.
1061 1228 1444 1282 Percutiuntur
1501 1227 1554 1281 in
1612 1226 1768 1281 nobis

192 1316 588 1388 primogenita,
648 1314 850 1369 scilicet
911 1316 1043 1371 ﬁdes
1110 1326 1166 1372 et
1222 1316 1388 1383 talia,
1447 1317 1493 1372 si
1538 1330 1767 1387 perma-

196 1423 430 1462 neamus
483 1406 538 1459 in
585 1405 852 1476 Egypto,
907 1406 959 1461 id
1021 1416 1144 1472 est,
1195 1407 1251 1462 in
1306 1408 1538 1464 tenebris
1602 1410 1762 1481 hujus

194 1495 346 1549 vitae.
398 1494 779 1550 Percutiuntur
822 1495 1072 1564 primitiae
1110 1495 1329 1561 laboris,
1367 1501 1580 1568 quando
1628 1502 1766 1556 cha-

196 1594 355 1656 ritas,
386 1608 505 1662 qua:
539 1590 711 1660 major
756 1601 839 1646 est
885 1592 1025 1646 inter
1073 1592 1208 1646 alias
1246 1594 1488 1660 virtutes,
1519 1596 1605 1650 vel
1652 1596 1771 1652 alite

194 1684 486 1754 praecipua:
537 1683 765 1736 virtutes
820 1682 873 1734 in
923 1683 1076 1737 nobis
1123 1686 1553 1754 pereunt,.quod
1589 1686 1692 1741 erit
1723 1686 1769 1742 si

195 1774 543 1838 inveniamur
578 1772 631 1826 in
677 1772 1038 1828 tabernaculis
1075 1773 1269 1840 Cham,
1315 1776 1368 1830 id
1410 1785 1514 1841 est,
1550 1778 1766 1834 diaboli.

195 1867 374 1923 Cham
401 1869 544 1923 enim
577 1867 805 1923 callidus
848 1869 1254 1938 interpretatur,
1289 1886 1383 1940 per
1411 1873 1552 1940 quod
1588 1873 1772 1927 diabo-

1868 695 1991 736 men
2006 680 2118 750 jam
2143 683 2449 742 habitantes
2473 695 2672 743 terram
2704 691 3094 761 promissionis,
3132 712 3150 745 ι
3193 702 3434 753 tentave-

1871 778 2019 837 runt,
2042 780 2100 827 et
2118 775 2572 832 exacerbaverunt
2586 776 2779 845 Deum,
2802 780 3094 846 excelsum,
3113 791 3168 838 et
3191 784 3433 842 testimo—

1870 863 1959 918 nia
1996 863 2112 933 ejus
2149 882 2255 922 non
2295 869 2683 938 custodierunt,
2722 891 2743 926 ι
2772 873 2827 929 id
2867 882 2969 941 est,
3007 885 3274 949 praecepta
3317 877 3435 950 ejus

1871 954 2097 1027 implere
2131 958 2503 1027 neglexerunt.

1948 1066 1969 1100 ι
2009 1049 2074 1103 Et
2102 1058 2415 1107 averterunt
2452 1066 2510 1107 se
2543 1072 2563 1105 ι
2591 1053 2659 1108 ab
2685 1071 2769 1121 eo,
2806 1077 2824 1108 ι
2863 1066 3050 1116 etnon
3082 1072 3438 1118 servaverunt

1872 1147 2085 1208 pactum
2116 1158 2134 1192 ι
2181 1141 2319 1209 quod
2349 1141 2663 1212 pepigerant
2703 1158 2824 1200 cum
2857 1147 3102 1215 Domino,
3141 1151 3383 1208 dicentes
3414 1170 3431 1207 :

1872 1224 2214 1298 Quaecunque
2239 1231 2510 1301 praecipiet
2532 1234 2687 1289 nobis
2707 1220 2982 1303 Dominus,
3011 1237 3288 1307 faciemus,
3325 1260 3344 1293 ς
3382 1247 3443 1298 et

1873 1317 2118 1372 conversi
2161 1328 2286 1374 sunt
2340 1322 2395 1375 in
2424 1337 2609 1378 arcum
2647 1339 2892 1394 pravum,
2942 1347 2960 1381 ι
2992 1329 3045 1383 id
3075 1338 3179 1395 est,
3226 1332 3438 1390 similes

1874 1413 1999 1460 sunt
2047 1406 2174 1463 facti
2226 1425 2393 1481 pravo
2443 1413 2624 1478 arcui,
2681 1431 2700 1465 ι
2758 1419 3207 1486 quemadmodum
3257 1434 3442 1492 patres

1872 1509 2077 1550 eorum.
2118 1517 2136 1549 ι
2169 1498 2342 1555 Arcus
2387 1516 2583 1570 pravus
2630 1503 2844 1568 dicitur,
2875 1506 2966 1575 qui
3008 1523 3132 1563 cum
3176 1511 3440 1580 minatur,

1875 1584 2010 1639 nihil
2061 1589 2288 1656 percutit
2321 1607 2335 1643 :
2367 1590 2449 1645 vel
2474 1592 2583 1660 qui,
2623 1608 2747 1648 cum
2773 1593 2967 1650 debeat
3006 1596 3169 1654 ferire
3206 1600 3440 1668 hostem,

1875 1677 2107 1745 percutit
2141 1676 2436 1734 dominum.
2490 1681 2567 1736 Ita
2598 1690 2654 1737 et
2691 1699 2792 1741 nos
2837 1674 3229 1746 e'xacerbamus
3252 1691 3442 1757 Deum,

1876 1778 1977 1820 nec
2005 1765 2180 1838 legem
2209 1770 2327 1839 ejus
2363 1774 2714 1842 custodimus,
2755 1785 2812 1832 et
2838 1776 3041 1836 factum
3072 1781 3128 1836 in
3176 1782 3446 1853 baptismo

1876 1864 2091 1924 pactum
2121 1860 2264 1928 quod
2288 1860 2499 1918 diabolo
2522 1872 2577 1919 et
2609 1868 2818 1938 pompis
2842 1868 2958 1938 ejus
2994 1873 3444 1941 renuntiavimus,

197 1954 291 2012 lus
319 1956 653 2027 intelligitur.
686 1956 780 2012 Vel
802 1936 1093 2013 descensus
1113 1936 1305 2022 Cham,
1330 1936 1591 2030 per'quoo
1620 1976 1771 2016 mun-

1887 1961 1978 2002 ton
2002 1950 2374 2018 observamus,
2401 1956 2497 2011 sed
2516 1956 2570 2011 in
2594 1973 2777 2014 arcum
2798 1977 3024 2031 pravum
3048 1966 3444 2034 convertimur,

202 2046 311 2101 dus
352 2048 686 2117 intelligitur,
728 2048 880 2117 cujus
906 2059 1179 2103 amatores
1210 2065 1423 2120 semper
1446 2051 1773 2108 descendunt

200 2137 265 2190 in
290 2136 706 2207 profunditatem
735 2139 1008 2194 vitiorum.
1601 2140 1609 2148 '

285 2245 304 2277 ι
336 2226 403 2280 Et
448 2229 687 2283 abstulit.
736 2249 755 2281 ›
799 2229 932 2284 Pars
964 2237 1172 2286 octava.
1207 2229 1317 2287 Has
1362 2231 1548 2303 plagas
1596 2233 1777 2289 intulit

200 2316 351 2372 Deus
372 2318 666 2389 Egyptiis,
704 2341 722 2372 ‹
761 2324 1013 2393 populum
1041 2340 1227 2387 suum,
1271 2343 1291 2377 ι
1331 2324 1535 2380 scilicet
1565 2324 1777 2383 Judaeos

209 2427 231 2461 ι
272 2410 489 2465 abstulit
522 2432 540 2463 ι
569 2413 635 2468 de
663 2422 805 2468 terra
826 2414 1041 2486 IEgypti
1070 2435 1088 2467 ‹
1114 2417 1252 2471 sicut
1278 2410 1424 2479 oves,
1455 2438 1472 2470 ι
1500 2433 1607 2473 non
1631 2418 1774 2487 quod

202 2498 286 2552 illi
323 2514 381 2553 se
424 2515 552 2554 oves
597 2500 857 2568 facerent,
891 2504 984 2557 sed
1032 2502 1122 2558 ille
1152 2504 1378 2561 ducebat
1420 2521 1513 2561 eos
1552 2515 1659 2560 tam
1684 2507 1777 2562 be-

202 2590 392 2661 nigne,
438 2593 578 2647 sicut
624 2595 798 2649 bonus
826 2604 1007 2665 pastor
1035 2611 1183 2661 oves,
1233 2615 1251 2648 ‹
1304 2606 1360 2653 et
1386 2598 1641 2667 perduxit
1680 2613 1775 2654 eos

207 2689 467 2752 tanquam
494 2700 712 2755 gregem
744 2686 798 2739 in
834 2687 1068 2742 deserto.
1108 2708 1128 2740 ι

210 2774 213 2777 ’
286 2791 306 2824 ι
345 2772 411 2827 Et
455 2774 676 2829 deduxit
719 2790 813 2830 eos
845 2795 864 2828 ι
895 2790 994 2846 per
1029 2777 1300 2832 desertum
1336 2798 1355 2830 ‹
1399 2778 1451 2833 in
1480 2792 1573 2848 Spe
1609 2798 1627 2830 ι
1652 2794 1779 2848 pro-

206 2864 391 2920 missae
420 2866 768 2929 baereditatis,
810 2885 829 2918 ι
868 2875 923 2921 et
949 2882 1052 2922 non
1080 2868 1370 2923 timuerunt
1401 2888 1420 2920 ι
1458 2869 1687 2939 aliquem
1714 2870 1781 2924 de

207 2956 486 3025 inimicis,
534 2959 676 3027 quod
716 2967 899 3028 posset
943 2958 1021 3014 eis
1070 2958 1283 3014 auferre
1326 2960 1646 3030 promissam
1690 2975 1782 3029 pa-

207 3046 392 3111 triam,
421 3066 439 3098 ι
460 3056 515 3101 et
542 3048 785 3103 inimicos
812 3064 998 3105 eorum
1024 3051 1235 3120 operuit
1262 3067 1429 3107 mare.
1453 3071 1471 3103 ι
1491 3049 1580 3107 Sic
1602 3059 1658 3105 et
1678 3065 1778 3107 nos

209 3136 362 3192 ducit
382 3154 476 3207 per
500 3139 770 3195 desertum
802 3140 960 3211 hujus
987 3141 1108 3196 vita:
1131 3150 1384 3212 tanquam
1411 3159 1558 3207 oves,
1592 3152 1648 3199 et
1680 3159 1777 3198 au-

209 3226 319 3283 fert
366 3230 432 3284 de
474 3246 634 3285 manu
680 3232 903 3298 inimici,
944 3241 1000 3287 et
1030 3231 1178 3288 ducit
1210 3234 1264 3288 in
1303 3248 1397 3303 spe
1424 3242 1639 3288 aeternae
1686 3249 1779 3303 pa-

211 3320 350 3387 triae,
404 3337 504 3377 nec
542 3324 792 3378 timemus
851 3323 994 3393 quod
1045 3324 1240 3392 aliquis
1284 3326 1624 3379 inimicorum
1675 3324 1780 3379 iter

209 3419 455 3465 nostrum
499 3414 669 3481 possit
697 3412 975 3480 impedire.
1009 3412 1075 3466 Et
1116 3413 1363 3468 inimicos
1387 3424 1621 3477 nostros,
1648 3427 1776 3482 pec-

209 3511 335 3556 cata
372 3503 603 3568 scilicet,
652 3502 906 3572 dimergit
954 3501 1011 3556 in
1049 3517 1222 3569 mare,
1252 3502 1305 3557 id
1350 3511 1454 3570 est,
1503 3504 1558 3558 in
1610 3518 1779 3573 aquas

212 3592 488 3661 baptismt.

294 3700 314 3735 ι
344 3680 412 3738 Et
439 3683 647 3738 induxit
670 3697 763 3739 eos
790 3682 846 3740 in
865 3693 1105 3739 montem
1128 3681 1571 3739 sanctiﬁcationis
1590 3698 1721 3751 suae,
1754 3704 1773 3738 ι

215 3774 446 3839 scilicet,
461 3774 611 3841 Sion,
627 3777 717 3847 qui
739 3776 1107 3832 sanctiﬁcatus
1119 3785 1203 3833 est
1218 3772 1551 3833 caeremoniis
1570 3793 1777 3845 eorum,

220 3882 241 3916 ο
276 3873 510 3920 montem
530 3885 550 3919 ι
570 3866 691 3921 dico
712 3885 731 3917 ι
753 3882 912 3936 quem
935 3883 1041 3922 non
1062 3868 1269 3939 gladius
1290 3882 1477 3923 eorum
1504 3886 1521 3919 ι
1550 3867 1781 3939 acquisi-

212 3956 310 4021 vit,
343 3974 361 4007 ι
387 3957 480 4011 sed
520 3975 538 4009 ι
574 3956 817 4021 dextera,
856 3975 875 4009 ι
911 3956 965 4011 id
990 3968 1090 4022 est,
1123 3957 1362 4028 potentia
1393 3976 1413 4010 ι
1446 3955 1582 4026 ejus.
1614 3976 1633 4009 ι

288 4062 307 4093 ι
336 4042 403 4096 Et
438 4043 595 4112 ejecit
618 4059 649 4097 a
685 4042 821 4098 facie
848 4057 1033 4097 eorum
1075 4051 1284 4112 gentes,
1320 4063 1339 4094 ι
1370 4058 1491 4112 qua:
1528 4042 1678 4112 prius
1718 4042 1781 4097 il-

209 4137 321 4191 lam
370 4144 570 4192 terram
610 4137 942 4202 obtinebant,
998 4157 1015 4188 ι
1064 4145 1121 4193 et
1155 4144 1302 4192 sorte
1340 4137 1520 4192 divisit
1552 4137 1631 4192 eis
1661 4143 1771 4192 ter-

209 4242 353 4293 ram,
396 4248 415 4280 ι
453 4228 748 4282 secundum
784 4228 1021 4299 singulas
1052 4228 1228 4283 tribus
1261 4247 1280 4279 ι
1313 4227 1367 4281 in
1397 4226 1636 4283 funiculo
1661 4226 1776 4284 dis-

208 4320 541 4384 tributionis,
595 4338 615 4372 ι
661 4319 864 4374 scilicet
913 4318 1103 4388 aequali
1151 4333 1421 4373 mensura.
1459 4317 1534 4371 lta
1568 4318 1774 4374 inducit

207 4428 311 4468 nos
340 4410 479 4468 Deus
504 4413 557 4467 in
585 4421 819 4466 montem
842 4412 1233 4467 sanctificatum
1268 4427 1377 4466 suae
1405 4410 1774 4477 habitationis,

209 4504 421 4559 scilicet
472 4502 787 4567 Ecclesiam,
828 4518 992 4572 quam
1036 4500 1321 4570 acquisivit
1373 4502 1595 4555 dextera
1635 4498 1772 4568 ejus,

206 4596 337 4666 quia
369 4594 515 4649 nullo
540 4595 699 4649 modo
727 4594 989 4664 potuisset
1018 4593 1149 4649 illud
1178 4592 1293 4646 ﬁeri
1318 4592 1399 4646 vel
1434 4607 1774 4661 permanere,
1806 4623 1857 4680 ι)

208 4687 316 4742 nisi
344 4687 438 4741 Dei
464 4686 793 4757 Operatione.
822 4685 889 4738 Et
908 4682 1065 4752 ejecit
1092 4699 1121 4737 a
1151 4683 1303 4738 nobis
1329 4691 1536 4753 gentes,
1569 4685 1775 4740 scilicet

207 4778 364 4843 vitia,
398 4793 465 4831 ne
493 4790 904 4847 permaneamus
941 4774 994 4828 in
1022 4772 1189 4844 priori
1215 4773 1490 4842 genitura;
1524 4772 1608 4827 vel
1647 4788 1777 4844 gen-

207 4877 317 4935 tes,
358 4871 652 4943 daemones,
686 4867 779 4938 qui
817 4881 914 4921 nos
942 4866 1092 4936 prius
1121 4863 1482 4936 possidebant,
1521 4864 1594 4918 ita
1632 4865 1776 4933 quod

207 4973 487 5019 removeat
514 4978 545 5016 a
586 4960 724 5015 facie
763 4967 965 5023 nostra,
1000 4954 1232 5025 necjam
1259 4954 1653 5026 conspiciamus
1682 4969 1775 5010 eos

206 5060 268 5114 in
296 5057 467 5112 nobis.
494 5055 563 5110 Et
579 5053 767 5110 dividit
790 5051 944 5107 nobis
974 5058 1204 5115 terram,
1238 5049 1292 5104 id
1329 5055 1414 5104 est
1454 5047 1771 5114 Ecclesiam,

207 5166 314 5221 qtta
345 5149 477 5204 alios
503 5146 630 5202 facit
656 5141 1169 5216 presbyteros,alios
1195 5140 1509 5212 conjugatos
1538 5158 1551 5194 :
1588 5148 1644 5195 et
1671 5141 1775 5196 hoc

209 5249 387 5305 sorte,
420 5238 474 5294 id
519 5246 621 5302 est,
669 5250 777 5291 non
828 5236 1064 5290 humano
1108 5232 1328 5302 judicio,
1383 5233 1477 5289 sed
1507 5233 1622 5288 sola
1678 5233 1770 5291 Dei

209 5332 473 5387 electione
503 5347 515 5383 :
552 5338 608 5383 et
642 5329 745 5383 hoc
787 5326 1026 5381 funiculo
1053 5325 1467 5391 distributionis,
1496 5325 1619 5395 quia
1654 5325 1774 5382 uni-

209 5425 407 5493 cuique
435 5420 581 5476 dedit
618 5419 847 5489 gratiam
866 5432 1017 5472 suam
1050 5416 1193 5471 Deus
1218 5416 1285 5471 ad
1310 5430 1639 5472 mensuram.

283 5515 482 5570 Gentes
517 5510 694 5580 ejecit,
745 5530 763 5561 ‹
809 5516 863 5564 et
889 5507 1130 5562 habitare
1158 5506 1284 5562 fecit
1326 5507 1382 5561 in
1414 5505 1773 5564 tabernaculis

208 5619 397 5661 eorum
421 5603 593 5657 tribus
618 5598 804 5655 Israel.
838 5617 859 5650 ι
894 5598 984 5652 Sic
1008 5597 1156 5652 viros
1182 5596 1425 5653 videntes
1446 5597 1614 5652 Deum
1644 5596 1778 5654 facit

210 5696 516 5753 inhabitare
552 5694 662 5764 jam
717 5707 813 5761 per
864 5704 1013 5760 spem
1053 5690 1230 5744 locum
1273 5689 1416 5744 unde
1453 5697 1776 5745 corruerunt

211 5790 511 5851 daemones;
557 5782 642 5837 vel
677 5783 767 5837 ubi
793 5782 940 5852 prius
975 5782 1028 5837 in
1066 5780 1221 5836 nobis
1265 5778 1581 5837 habitabant
1619 5779 1770 5848 vitia,

207 5874 340 5949 fecit
361 5875 587 5933 virtutes
610 5872 871 5928 habitare.

1874 2038 2022 2095 bene
2055 2055 2151 2095 nos
2176 2039 2414 2099 facturos
2439 2048 2833 2117 promittentes,
2861 2061 2919 2107 et
2953 2068 3059 2109 non
3088 2054 3445 2125 complentes,

1786 2170 1787 2173 η
1874 2130 1957 2185 vel
1983 2132 2108 2200 quia
2135 2132 2260 2188 dum
2292 2135 2413 2193 aliis
2437 2137 2580 2194 mala
2608 2155 2884 2210 paramus,
2918 2144 2975 2200 in
3002 2161 3101 2202 nos
3127 2146 3273 2217 ipsos
3301 2146 3446 2203 mala

1876 2220 2228 2279 refundimus.

1898 2336 1901 2337 ν
1946 2314 2013 2369 Εῑ
2043 2334 2061 2367 ι
2091 2316 2146 2371 in
2176 2317 2314 2373 iram
2339 2322 2745 2380 concitaverunt
2776 2341 2898 2382 eum
2922 2329 2977 2384 in
3001 2330 3226 2387 collibus
3254 2332 3388 2399 suis,
3419 2351 3441 2387 ι

1877 2403 1931 2459 in
1960 2406 2154 2476 quibus
2200 2409 2496 2466 adorabant
2541 2412 2703 2480 idola,
2739 2434 2759 2467 t
2789 2426 2846 2472 et
2884 2418 2938 2473 in
2968 2421 3305 2492 sculptilibus
3330 2423 3448 2479 suis

1878 2494 1942 2549 ad
1963 2496 2357 2554 mmulationem
2378 2516 2499 2557 eum
2531 2517 2978 2576 provocaverunt,
3004 2531 3022 2564 ι
3050 2527 3172 2567 eum
3200 2513 3443 2570 debitum

1877 2580 1988 2638 Deo
2010 2585 2270 2643 honorem
2303 2591 2416 2646 suis
2440 2593 2777 2662 sculptilibus
2802 2598 3157 2668 impartirent.
3194 2603 3262 2658 Et
3289 2604 3444 2659 simi-

1877 2674 2000 2730 liter
2043 2677 2095 2731 in
2132 2679 2376 2747 collibus,
2432 2683 2486 2738 id
2526 2694 2630 2750 est,
2680 2687 2734 2741 in
2786 2692 3037 2760 superbia
3088 2704 3297 2760 nostra,
3348 2711 3447 2751 nos

1878 2762 2048 2819 Deum
2086 2767 2154 2822 ad
2201 2769 2338 2824 iram
2367 2772 2721 2840 concitamus,
2756 2785 2813 2831 et
2848 2779 2901 2832 in
2931 2780 3285 2852 sculptilibus,
3316 2786 3445 2840 dum

1878 2852 1947 2908 ad
1970 2855 2328 2915 idololatriam
2350 2864 2735 2929 convertimur,
2769 2868 2853 2922 vel
2878 2871 3002 2924 dum
3023 2887 3270 2930 nummos
3284 2874 3450 2930 nimis

1880 2947 2073 3015 cupide
2118 2952 2545 3022 contemplantes
2591 2971 2932 3026 veneramur,
2963 2962 3046 3017 vel
3094 2963 3323 3033 libidini,
3358 2968 3448 3024 vel

1880 3033 2036 3091 alicui
2068 3038 2277 3104 talium,
2303 3043 2454 3110 quasi
2472 3044 2579 3099 Deo
2600 3046 2830 3104 sollicite
2845 3052 3130 3109 servimus.

1955 3146 1974 3178 ι
2008 3128 2227 3186 Audivit
2270 3133 2430 3189 Deus.
2485 3155 2504 3187 ι
2559 3136 2690 3194 Pars
2728 3156 2886 3196 nona.
2939 3142 3299 3202 Continuatio.
3355 3148 3450 3206 Sic

1880 3234 2309 3288 provocaverunt
2328 3241 2483 3294 cum,
2510 3237 2563 3283 et
2587 3230 2705 3287 ideo
2738 3250 2756 3283 ε
2795 3230 2997 3290 audivit
3025 3236 3188 3303 Deus,
3218 3259 3237 3290 ι
3273 3240 3326 3295 id
3364 3250 3449 3296 est

1883 3308 2164 3378 intellexit,
2198 3333 2219 3364 ί
2251 3323 2305 3370 et
2330 3319 2560 3385 sprevit:
2586 3328 2643 3374 et
2678 3322 3066 3393 redegitlsrael
3093 3326 3248 3382 valde
3269 3329 3335 3383 ad
3361 3330 3447 3383 ni-

1880 3397 2068 3465 hilum,
2094 3420 2112 3453 t
2140 3402 2225 3457 cui
2256 3404 2384 3458 nulli
2413 3406 2646 3463 hostium
2669 3418 2917 3478 poterant
2948 3413 3219 3470 resistere.
3243 3415 3331 3471 Sic
3353 3433 3450 3472 nos

1882 3487 2022 3544 Deus
2042 3493 2267 3561 spernit,
2289 3503 2345 3549 et
2369 3494 2497 3550 facit
2520 3498 2713 3556 cedere
2742 3502 2960 3558 cuilibet
2986 3505 3289 3561 tentationi.

1957 3580 2052 3636 «Et
2070 3602 2090 3636 ι
2105 3595 2325 3655 prepter
2344 3602 2530 3643 eorum
2549 3593 2844 3660 nequitiam
2875 3615 2893 3646 ε
2915 3595 3111 3665 repulit
3133 3599 3448 3655 tabernacu—

1881 3668 1992 3724 lum
2024 3690 2044 3723 ι
2076 3675 2218 3742 quod
2239 3683 2357 3729 erat
2391 3677 2444 3730 in
2486 3696 2505 3729 ‹
2535 3677 2665 3746 Silo,
2709 3702 2726 3733 ι
2762 3684 2887 3751 quia
2924 3686 3167 3752 permisit
3209 3688 3277 3742 ab
3305 3689 3449 3744 Allo-

1882 3756 2045 3827 philis
2073 3774 2255 3814 aream
2280 3776 2401 3830 quae
2431 3772 2553 3818 erat
2584 3765 2638 3819 in
2679 3768 3030 3824 tabernaculo
3077 3773 3198 3841 capi
3231 3773 3282 3844 (Ι
3319 3774 3447 3846 Reg.

1883 3847 1980 3919 tv),
2013 3867 2033 3901 ‹
2062 3848 2467 3907 tabernaculum
2509 3869 2665 3909 suum
2705 3856 2793 3911 ubi
2829 3857 3092 3915 habitavit
3130 3861 3183 3915 in
3218 3861 3449 3918 homini-

1881 3939 2005 4003 bus,
2042 3960 2063 3993 ι
2099 3942 2226 4011 quia
2254 3943 2309 3998 in
2338 3945 2684 4003 tabernaculo
2713 3948 2870 4004 dabat
2896 3949 3036 4007 Deus
3066 3967 3340 4024 responsa.
3364 3953 3448 4011 Si-

1881 4031 2083 4088 militer
2115 4034 2324 4103 repellit
2348 4035 2466 4092 illos
2487 4038 2577 4107 qui
2609 4038 2843 4095 militant
2872 4042 2925 4095 in
2948 4041 3213 4108 Ecclesia,
3238 4045 3293 4099 in
3327 4047 3447 4116 qui-

1879 4121 1981 4177 bus
2004 4123 2264 4180 hahitavit
2293 4126 2428 4197 ipse,
2459 4128 2507 4184 si
2536 4129 2638 4199 ipsi
2666 4130 2776 4187 sint
2798 4132 2853 4187 in
2881 4131 3017 4200 Silo,
3048 4134 3102 4189 id
3129 4145 3231 4204 est,
3259 4152 3451 4194 cama-

1877 4214 2002 4271 liter
2027 4216 2227 4272 vivant.

1956 4326 1975 4359 σ
2012 4308 2080 4364 Ει
2124 4310 2344 4366 tradidit
2393 4330 2411 4364 ι
2442 4314 2679 4369 ostendit
2719 4317 2989 4384 quomodo
3033 4318 3231 4388 repulit
3270 4320 3449 4377 taber-

1881 4402 2151 4470 naculum,
2178 4405 2301 4474 quia
2336 4425 2354 4457 ‹
2390 4406 2610 4462 tradidit
2652 4408 2905 4464 virtutem
2954 4423 3162 4477 eorum,
3201 4431 3221 4464 ι
3259 4412 3313 4468 id
3342 4421 3445 4481 est,

1882 4508 2086 4561 arcam,
2117 4510 2237 4565 qua:
2276 4504 2396 4551 erat
2434 4497 2609 4553 virtus
2655 4513 2861 4562 eorum,
2898 4501 3023 4570 quia
3068 4516 3132 4557 ea
3185 4513 3451 4574 praesente

1881 4597 2094 4653 semper
2124 4585 2412 4640 vincebant
2450 4586 2716 4653 inimicos,
2766 4589 2988 4645 tradidit
3021 4608 3041 4642 ε
3089 4592 3141 4646 in
3167 4595 3451 4664 captivita-

1882 4681 1988 4727 tem
2018 4694 2036 4725 ι
2075 4674 2502 4743 Philistinorum,
2541 4695 2558 4728 ι
2603 4685 2659 4732 et
2692 4674 3142 4747 pulchritudinem
3178 4696 3390 4751 eorum,
3423 4705 3444 4740 ι

1883 4764 1934 4819 id
1960 4774 2061 4830 est,
2089 4768 2334 4823 eamdem
2358 4784 2563 4835 arcam,
2597 4770 2664 4826 de
2689 4786 2795 4840 qua
2835 4773 2936 4843 ipsi
2960 4774 3331 4846 gloriabantur
3353 4795 3447 4836 su-

1881 4870 1977 4925 per
2020 4870 2209 4913 omnes
2233 4856 2453 4924 Gentes,
2504 4878 2523 4911 ‹
2574 4860 2627 4913 in
2655 4874 2846 4918 manus
2890 4863 3115 4929 inimici,
3171 4888 3191 4920 ι
3242 4870 3450 4926 scilicet

1881 4944 2117 5013 ejusdem
2162 4947 2362 5019 populi.
2396 4949 2474 5004 lta
2510 4950 2816 5008 libertatem
2858 4956 3029 5011 nostri
3058 4958 3287 5025 arbitrii,
3328 4976 3450 5029 qum

1880 5046 1964 5093 est
1988 5038 2163 5095 virtus
2212 5048 2397 5097 nostra
2435 5049 2489 5099 et
2527 5042 2697 5114 gloria
2733 5054 2939 5111 nostra,
2971 5047 3193 5103 tradidit
3224 5060 3449 5120 propter

1881 5130 2178 5201 nequitiam
2208 5140 2446 5188 nostram
2485 5133 2540 5188 in
2567 5135 2846 5190 servitium
2869 5134 3086 5191 diaboli.

1958 5240 1977 5273 ε
2011 5222 2079 5277 Ει
2128 5220 2392 5278 conclusit
2425 5221 2479 5276 in
2519 5222 2698 5293 gladio
2735 5223 2986 5293 populum
3036 5240 3214 5293 suum,
3251 5246 3271 5281 ι
3317 5228 3445 5298 quia

1879 5313 2124 5387 permisit
2168 5327 2263 5369 eos
2299 5313 2367 5369 ab
2403 5313 2635 5369 inimicis
2681 5314 2876 5380 occidi,
2918 5331 2939 5365 ι
2980 5323 3037 5371 et
3073 5316 3442 5375 hmreditatem
3489 5388 3496 5395 ~

1879 5422 2033 5464 suam
2060 5406 2289 5479 sprevit;
2319 5426 2340 5461 ι
2374 5406 2622 5463 similiter
2649 5406 2824 5477 gladio
2847 5405 3042 5464 diaboli
3062 5410 3323 5480 permittit
3344 5428 3445 5468 nos

1877 5499 2070 5559 occidi.

1950 5610 1969 5643 ‹
1997 5588 2228 5645 Juvenes
2251 5604 2437 5645 eorum
2465 5588 2699 5646 comedit
2722 5589 2881 5661 ignis,
2911 5610 2930 5643 ι
2956 5588 3010 5646 id
3034 5599 3139 5656 est,
3162 5588 3314 5650 furor
3338 5593 3443 5649 ini-

1874 5682 2135 5737 micorum
2163 5698 2178 5735 :
2208 5698 2228 5733 σ
2252 5688 2310 5736 et
2325 5681 2563 5751 virgines
2581 5694 2769 5736 eorum
2794 5696 2901 5737 non
2920 5690 3048 5737 sunt
3073 5681 3430 5751 lamentata.

1874 5776 2013 5832 sicut
2030 5775 2364 5833 consuetudo
2391 5776 2657 5846 exigebat.
2682 5775 2759 5831 Ita
2791 5776 3037 5847 juvenes,
3064 5775 3115 5831 id
3138 5783 3240 5842 est,
3268 5776 3440 5835 fortes

1875 5870 1930 5927 in
1957 5867 2214 5937 Ecclesia,
2243 5867 2475 5926 comedit
2496 5867 2635 5940 ignis
2652 5867 3232 5938 concupiscentiarum,
3254 5875 3308 5924 et
3327 5868 3441 5926 vir-
