3940 6498
450 346 555 399 467

913 339 1271 398 HAYMONIS
1312 336 1792 394 HALBERSTAT.
1830 337 2044 394 EPISC.
2086 335 2236 392 OPP.
2280 335 2458 391 PARS
2490 336 2530 390 I.
2569 365 2639 376 —
2677 331 3030 391 COMMENT.
3073 329 3241 386 BIBL.

3622 330 3738 386 468

437 437 602 527 gines
639 455 693 510 in
738 469 964 526 corpore
1014 471 1122 510 non
1172 464 1296 509 sunt
1345 455 1645 508 lamentata:
1703 469 1733 506 a
1785 454 2022 524 praelatis
2048 457 2099 514 Α
2131 468 2149 501 ι
2185 449 2395 518 accepit
2426 463 2548 504 eum
2589 469 2607 501 ι
2645 449 2697 502 in
2727 463 2907 518 regem
2945 465 2962 498 ι
2995 447 3063 501 de
3099 466 3118 498 ι
3150 453 3366 501 euntem
3394 461 3416 496 ‹
3452 453 3589 515 post
3618 444 3736 502 to,»

451 545 726 612 Ecclesiae,
755 547 881 616 quia
916 562 1138 618 prorsus
1163 546 1451 616 desperant
1474 546 1540 600 de
1565 547 1646 600 eis
1675 547 2019 615 quandoque.

525 654 545 687 ι
593 636 912 693 Sacerdotes
939 653 1151 702 eorum,
1187 656 1205 688 ι
1241 636 1444 692 scilicet
1481 635 1657 706 Ophni
1692 645 1748 692 et
1773 638 2030 714 Phinees,

448 725 542 780 ﬁlii
565 725 681 782 Heli
717 747 736 780 ι
768 730 1078 784 ceciderunt
1109 729 1160 782 in
1193 728 1409 800 gladio)
1441 729 1879 797 Philistinorum;
1918 748 1938 782 ι
1970 737 2033 802 et

446 815 623 871 vidua:
649 834 833 872 eorum
863 835 969 872 non
999 819 1372 890 plorabantur.
1397 840 1414 873 ι
1439 819 1700 878 Similiter
1716 822 2030 878 sacerdotes

448 909 618 962 nostri
654 911 853 964 cadunt
876 911 928 964 in
951 910 1128 981 gladio
1168 911 1282 966 oris
1312 911 1431 977 Dei,
1471 928 1592 968 cum
1622 914 1705 969 his
1736 929 1856 984 quae
1883 915 2029 970 bene

446 1003 769 1057 annuntiant
790 1004 1063 1058 contraria
1091 1002 1316 1069 faciunt,
1339 1013 1394 1060 et
1423 1005 1596 1062 viduae
1622 1015 1822 1062 nostrae
1847 1005 2025 1062 reales

446 1107 551 1146 non
593 1093 869 1162 plorantur
899 1112 927 1148 a
974 1095 1211 1166 praelatis
1254 1096 1530 1162 Ecclesize,
1561 1098 1685 1167 quia
1717 1098 1784 1151 de
1811 1097 1892 1152 eis
1931 1097 2026 1152 de-

445 1193 693 1252 speratur
737 1187 1079 1256 quandoque.
1124 1187 1220 1242 Vel
1264 1203 1362 1258 per
1412 1189 1602 1243 viduas
1648 1188 1918 1257 quoslibet
1966 1189 2022 1242 in

443 1271 684 1326 Ecclesia
738 1275 1043 1330 castitatem
1103 1286 1378 1341 voventes,
1423 1293 1710 1347 possumus
1754 1278 2029 1348 accipere,

441 1365 531 1432 qui
554 1363 703 1432 juste
730 1383 834 1421 non
861 1369 1164 1438 plorantur,
1193 1371 1238 1425 si
1279 1380 1462 1426 votum
1509 1371 1840 1440 frangentes,
1873 1384 2022 1426 rece-

442 1459 577 1513 dunt
611 1462 664 1514 in
689 1478 841 1515 nsum
869 1462 1132 1517 libidinis.

519 1569 536 1599 ε
577 1550 642 1604 Ει
676 1553 944 1607 excitatus
977 1560 1061 1607 est
1102 1571 1121 1604 ι
1147 1551 1426 1607 Dominus.
1462 1551 1711 1607 Ostendit
1748 1553 2021 1622 quomodo

440 1639 506 1695 de
532 1643 974 1710 persecutoribus
1020 1644 1312 1698 vindicavit
1351 1659 1410 1698 se
1449 1642 1610 1710 Deus,
1644 1644 1840 1713 quibus
1870 1643 2022 1698 vide-

440 1729 602 1783 batur
619 1751 635 1780 ι
657 1731 932 1786 dormiens
957 1731 1098 1787 Deus
1117 1752 1134 1784 ›
1160 1741 1418 1801 tanquam
1431 1732 1633 1797 ebrius,
1650 1733 1774 1786 dum
1796 1747 1922 1787 suos
1944 1732 2016 1785 ita

2127 553 2326 611 tantes,
2364 564 2380 595 ι
2409 543 2461 598 id
2498 551 2601 607 est,
2628 550 2750 614 post
2777 555 2926 597 oves.

2195 636 2368 705 Elegit
2395 655 2413 686 ‹
2449 649 2667 705 pascere
2695 632 2881 700 Iacob,
2913 652 2932 686 ι
2967 633 3023 688 id
3049 641 3152 697 est,
3184 639 3245 688 ut
3270 639 3464 702 pascat
3491 649 3512 682 ι
3544 626 3732 687 Iacob

2126 743 2344 785 servum
2384 742 2561 793 suum,
2594 734 2651 781 et
2693 725 2859 782 Israel
2897 745 2916 778 ι
2949 725 3198 780 eumdem
3254 724 3517 794 populum
3549 742 3564 777 :
3615 740 3730 780 non

2126 830 2336 876 tantum
2369 835 2608 887 servum,
2641 839 2660 871 ι
2692 820 2786 876 sed
2817 820 3186 875 baereditatem
3220 834 3392 874 suam.
3441 817 3511 872 Et
3551 837 3572 869 ι
3608 819 3730 888 ipse

2126 911 2296 967 David
2352 930 2371 962 ι
2421 912 2569 981 pavit
2599 925 2694 970 eos
2737 911 2793 966 in
2837 910 3145 965 innocentia
3173 909 3354 990 cordis
3393 908 3484 963 sui
3516 929 3536 960 ι
3577 924 3726 977 βπε-

2125 1005 2300 1061 bendo
2323 1005 2402 1059 eis
2426 1003 2734 1074 exemplum
2765 1002 3108 1073 innocentiae,
3136 1021 3156 1054 ‹
3191 1011 3247 1057 ει
3275 1002 3504 1057 deduxit
3531 1016 3636 1055 eos
3670 1000 3723 1056 in

2127 1094 2490 1149 intellectibus
2529 1109 2788 1148 manuum
2826 1108 3072 1157 suarum,
3107 1111 3126 1144 ι
3169 1092 3222 1145 id
3265 1100 3370 1156 est,
3409 1091 3468 1144 in
3504 1090 3724 1145 intelle-

2126 1183 2394 1248 ctualibus
2431 1184 2708 1252 operibus,
2738 1181 2898 1237 factis
2927 1197 3049 1237 cum
3078 1181 3404 1236 discretione
3432 1189 3495 1234 et
3513 1177 3723 1234 intelle-

2126 1284 2236 1339 ctu,
2264 1275 2319 1329 in
2342 1275 2538 1344 quibus
2565 1274 2718 1330 daret
2754 1275 2874 1329 aliis
2905 1274 3208 1344 exemplum
3233 1273 3372 1328 bene
3392 1282 3453 1327 et
3487 1273 3723 1328 honeste

2125 1371 2407 1442 operandi.
2447 1368 2552 1424 Per
2592 1370 2758 1424 David
2803 1370 3077 1424 Christum
3122 1369 3500 1439 intelligimus,
3552 1381 3722 1437 quem

2125 1463 2342 1518 sustulit
2377 1463 2520 1516 Deus
2540 1462 2605 1517 de
2625 1469 2746 1532 post
2773 1460 3045 1525 foetantes,
3077 1462 3202 1529 quia
3244 1459 3550 1528 assumpsit
3592 1472 3720 1512 eum

2124 1552 2422 1616 incualum,
2446 1567 2567 1606 cum
2598 1552 2710 1620 ipse
2746 1551 2798 1604 in
2835 1552 2938 1605 hoc
2982 1551 3184 1604 mundo
3217 1549 3418 1603 multos
3453 1548 3720 1602 fecundos

2126 1643 2234 1698 Deo
2257 1642 2461 1696 faceret
2487 1661 2498 1695 :
2535 1643 2618 1696 vel
2653 1643 2718 1696 de
2747 1641 2974 1696 Judaico
2999 1641 3214 1711 populo,
3248 1642 3336 1696 ubi
3368 1657 3496 1696 cum
3519 1640 3719 1696 mullos

2124 1734 2383 1790 fecundos
2411 1733 2644 1788 faciebat
2670 1773 2685 1800 ,
2716 1732 2932 1788 sustulit
2962 1733 3027 1785 ad
3064 1731 3317 1802 gentilem
3349 1731 3642 1801 populum,
3666 1737 3717 1782 et

440 1823 598 1894 afﬂigi
623 1827 979 1895 permitteret.
1013 1826 1379 1882 Coutiuuatiu.
1412 1827 1641 1897 Propter
1669 1835 1888 1896 peccata
1918 1840 2017 1880 sua
2045 1810 2094 1871 Β
2123 1825 2190 1880 ad
2213 1826 2316 1879 hoc
2344 1823 2504 1895 elegit
2526 1833 2585 1877 ut
2625 1831 2874 1893 pasceret
2900 1821 3086 1888 Jacob,
3118 1823 3170 1877 id
3195 1831 3296 1886 est,
3331 1823 3597 1893 gentilem
3625 1838 3712 1892 po»

440 1913 514 1968 ita
557 1915 803 1984 permisit
849 1916 1008 1986 allligi
1040 1931 1186 1983 suos,
1238 1936 1255 1968 ι
1281 1925 1356 1970 'et
1394 1937 1409 1967 ι
1449 1919 1664 1972 tandem
1693 1936 1710 1967 ι
1751 1915 2018 1972 excitatus
2119 1923 2304 1989 pulum
2342 1922 2615 1992 posterius
2658 1931 2868 1985 natum,
2907 1927 2964 1973 et
2999 1919 3464 1988 supplantatorem
3509 1915 3715 1970 Iudaici

437 2013 520 2058 est
557 2005 839 2073 Dominus,
889 2017 1144 2078 tanquam
1193 2008 1485 2073 dormiens,
1529 2017 1785 2077 tauquam
1824 2016 2017 2078 potens
2119 2015 2410 2085 populizet
2428 2012 2616 2078 Israel,
2642 2013 2694 2066 id
2719 2021 2820 2077 est,
2849 2012 2992 2081 ipsos
3015 2010 3230 2066 Judaeos
3254 2019 3512 2080 pasceret
3532 2009 3712 2063 eaden

437 2099 746 2166 crapulatus
782 2116 811 2154 a
853 2101 982 2156 vino
1015 2119 1028 2154 :
1078 2120 1099 2155 ι
1145 2101 1272 2171 quia
1311 2101 1451 2156 sicut
1489 2101 1681 2172 aliquis
1727 2110 1938 2171 potens,
1971 2101 2020 2156 si
2120 2106 2388 2178 spirituali
2426 2105 2694 2169 doctrina,
2725 2119 2890 2173 quam
2919 2111 2976 2156 et
3003 2102 3232 2173 gentiles
3252 2103 3542 2172 pascebat.

437 2190 665 2244 multum
699 2202 936 2261 potatus,
965 2195 1254 2257 obdormit,
1295 2195 1581 2258 excitatus,
1627 2203 1683 2249 et
1708 2195 1778 2249 ad
1808 2196 2020 2250 iracun-

438 2279 581 2334 diam
619 2293 813 2346 motus,
845 2285 1141 2340 maximum
1187 2285 1425 2341 furorem
1455 2296 1693 2352 exercet,
1726 2287 1800 2340 ita
1831 2287 2018 2342 Domi—

435 2385 536 2425 nus
574 2374 726 2440 quasi
771 2390 1023 2445 magnum
1070 2375 1307 2432 furorem
1349 2378 1655 2443 exercebat,
1695 2392 1820 2432 cum
1855 2391 1914 2433 se
1949 2377 2017 2432 de

432 2456 723 2515 Philisueis
755 2471 860 2516 tam
886 2463 1151 2519 acerrime
1185 2465 1498 2519 vindicavit.

510 2566 528 2598 ε
563 2548 627 2602 Ει
647 2553 929 2620 percussit.
981 2574 999 2606 ι
1031 2553 1313 2610 Excitatus
1339 2563 1441 2619 est,
1479 2574 1497 2606 ‹
1529 2564 1586 2609 ει
1613 2555 1883 2625 percussit
1912 2554 2014 2608 ini-

431 2639 599 2695 micos
624 2657 770 2707 suos,
803 2664 820 2695 ι
855 2644 1062 2700 scilicet
1093 2645 1336 2711 Azotios,
1372 2665 1390 2696 ι
1416 2647 1472 2699 in
1485 2646 1809 2715 posteriora,
1840 2665 1858 2698 ι
1887 2646 2013 2716 quia

433 2733 659 2788 immisit
697 2735 778 2790 eis
821 2752 1024 2802 mures,
1068 2738 1160 2808 qui
1197 2738 1455 2793 roderent
1492 2739 1570 2794 eis
1609 2753 1783 2794 anos:
1822 2748 1877 2794 et
1909 2738 2014 2793 hoc

437 2843 457 2875 ι
508 2827 866 2896 opprobrium
907 2829 1055 2884 dedit
1092 2830 1172 2886 eis
1224 2832 1630 2902 sempiternum.
1683 2852 1702 2884 ι
1758 2831 2013 2887 Inimicos

431 2931 561 2971 suos
595 2920 831 2986 percutit
875 2918 1015 2974 Deus
1055 2921 1110 2974 in
1151 2922 1474 2991 posteriora,
1504 2924 1554 2978 id
1587 2932 1690 2986 est,
1734 2924 1790 2978 in
1810 2924 1890 2978 eis
1915 2921 2011 2993 qui

430 3006 805 3076 relinquentur
825 3019 945 3078 post
972 3010 1115 3065 hanc
1146 3012 1315 3066 vitam
1341 3030 1353 3065 :
1386 3013 1513 3082 quia
1539 3013 1716 3068 aufert
1745 3014 1824 3069 eis
1844 3015 2012 3068 vitam

431 3106 712 3166 aeternam,
740 3108 795 3155 et
823 3101 915 3156 dat
946 3101 1025 3156 eis
1052 3104 1399 3173 opprobrium
1431 3105 1843 3176 sempiternum,
1881 3109 2006 3178 quia

432 3187 792 3244 detruduntur
821 3192 875 3245 in
897 3191 1185 3249 infernum.

511 3298 528 3330 ι
558 3280 624 3334 Ει
649 3283 862 3352 repulit.
901 3304 919 3335 ι
952 3284 1113 3356 Plaga
1153 3286 1386 3343 decima.
1419 3289 1766 3346 Continuatio
1794 3311 1807 3345 :
1843 3291 1934 3346 Sic
1953 3307 2012 3348 se

432 3369 499 3425 de
531 3373 726 3442 pupulo
756 3390 854 3430 suo
876 3376 1188 3444 vindicavit,
1226 3398 1244 3430 ι
1273 3387 1329 3435 ει
1366 3382 1560 3452 repulit
1603 3382 2012 3438 tabernaculum

428 3461 665 3530 .loseph;
702 3473 758 3518 et
785 3465 984 3522 tribum
1016 3467 1272 3538 Ephraim
1303 3490 1320 3522 ι
1353 3487 1473 3541 qua:
1504 3472 1698 3528 melior
1723 3482 1843 3528 erat
1873 3475 2014 3529 inter

430 3555 570 3611 ﬁlios
589 3555 810 3628 Ioseph,
846 3579 864 3612 ‹
893 3575 999 3616 non
1035 3562 1197 3633 elegit
1229 3582 1248 3614 ›
1279 3564 1420 3633 quod
1452 3579 1632 3635 regem
1660 3566 2012 3622 constitueret

430 3661 552 3700 eum
579 3648 794 3717 populo.

507 3758 524 3787 ι
562 3738 665 3795 Sed
697 3741 860 3813 elegit
895 3743 1096 3799 tribum
1119 3743 1253 3800 Juda
1286 3765 1304 3799 ι
1347 3754 1407 3802 ιιι
1446 3761 1602 3817 reges
1642 3748 1766 3802 inde
1808 3748 2012 3804 faceret

435 3849 454 3882 ι
490 3841 727 3888 montem
767 3835 894 3891 Sion
924 3853 1083 3907 quem
1119 3837 1327 3904 dilexit,
1362 3857 1379 3890 ι
1401 3839 1454 3894 in
1481 3855 1588 3909 quo
1613 3839 1701 3895 ille
1728 3855 1824 3895 rex
1850 3841 2005 3908 situs,

429 3925 646 3980 domum
675 3927 970 3983 aediﬁcaret
995 3944 1168 3983 suam.
1623 3975 1626 3978 .

503 4037 523 4070 ι
555 4018 624 4073 Ει
648 4019 936 4074 aediﬁcavit
965 4019 1324 4076 sanctiﬁcium
1384 4037 1560 4088 suum,
1597 4041 1614 4073 ι
1645 4023 1698 4077 id
1719 4031 1805 4078 est
1834 4024 2009 4079 taber-

425 4109 679 4165 naculum
711 4125 886 4172 suum,
921 4129 938 4162 ‹
973 4111 1114 4166 sicut
1139 4111 1436 4178 unicornis,
1472 4133 1490 4166 ι
1517 4113 1570 4169 id
1609 4122 1712 4179 est,
1736 4124 2006 4184 potenter,

427 4203 571 4272 quod
588 4200 767 4256 nullus
781 4202 951 4271 possit
964 4203 1043 4257 eis
1059 4203 1330 4267 resistere,
1343 4223 1361 4254 ι
1383 4205 1436 4259 in
1453 4213 1620 4270 terra,
1641 4221 1804 4276 quam
1819 4205 2007 4262 funda-

426 4291 505 4348 vit
529 4292 580 4346 in
611 4291 806 4346 saecula
835 4311 847 4345 :
886 4312 904 4343 ι
932 4292 1034 4348 hoc
1062 4309 1169 4349 non
1197 4302 1376 4363 potest
1399 4294 1504 4350 dici
1531 4295 1598 4350 ad
1623 4295 1881 4362 litteram,
1911 4297 2008 4354 sed

425 4388 600 4454 magis
647 4383 1045 4455 intelligendum
1084 4393 1167 4440 est
1208 4386 1274 4442 ad
1305 4385 1638 4457 allegoriam.
1670 4387 1750 4444 lta
1779 4389 1922 4447 Deus
1951 4391 2005 4445 in

425 4475 530 4530 hac
559 4475 665 4528 vita
708 4475 905 4545 repulit
947 4477 1353 4532 tabernaculum
1393 4476 1614 4550 Ioseph,
1652 4481 1707 4535 id
1738 4491 1842 4549 est,
1874 4497 2006 4551 aug-

423 4579 696 4639 mentatos
719 4571 773 4625 in
797 4572 902 4626 hoc
919 4572 1137 4638 saeculo,
1157 4573 1298 4642 quod
1329 4589 1435 4629 non
1459 4574 1569 4630 sint
1595 4575 2003 4632 tabernaculum

423 4665 542 4730 Dei,
571 4673 626 4719 et
654 4664 852 4718 tribum
869 4664 1151 4734 Ephraim,
1179 4664 1231 4719 id
1254 4673 1360 4730 est,
1393 4663 1783 4722 fructiﬁcantes
1814 4668 1868 4721 in
1901 4668 2004 4722 hoc

421 4755 640 4810 saeculo.
679 4755 746 4809 Et
773 4754 939 4824 elegit
965 4754 1124 4821 Juda,
1159 4757 1211 4811 id
1241 4765 1339 4821 est,
1372 4759 1694 4814 conﬁtentes
1723 4777 1736 4814 :
1771 4767 1826 4813 et
1848 4775 2003 4813 mon-

421 4855 530 4902 tem
565 4846 716 4909 Sion,
757 4847 967 4904 scilicet
1002 4858 1244 4904 sauctam
1271 4849 1590 4906 Ecclesiam.
1616 4851 1685 4906 Et
1713 4850 2004 4906 :ediﬁcavit

420 4939 779 4995 sanctiﬁcium
819 4957 1000 5007 suum,
1043 4942 1098 4998 id
1126 4951 1230 5008 est,
1259 4943 1557 5000 Ecclesiam
1599 4943 1998 4999 sanctiﬁcatam

419 5031 520 5085 sibi
549 5031 704 5088 bonis
728 5033 964 5104 praelatis
990 5042 1048 5090 et
1071 5035 1193 5090 aliis
1228 5034 1386 5090 bonis
1411 5035 1688 5096 membris,
1721 5034 1862 5090 sicut
1881 5035 1999 5090 uni-

419 5121 623 5187 cornis,
655 5131 714 5177 ut
739 5139 924 5196 supra.
950 5124 1050 5182 Vel
1071 5127 1226 5187 sicut,
1253 5126 1617 5189 unicornium,
1644 5127 1769 5196 quia
1802 5126 1876 5182 illi
1904 5127 1996 5196 qui

418 5221 545 5266 sunt
567 5213 619 5266 in
644 5213 882 5271 Ecclesia
901 5257 916 5282 ,
947 5225 1076 5271 sunt
1103 5216 1310 5271 similes
1332 5216 1602 5282 unicorni,
1626 5218 1752 5287 quia
1775 5227 1829 5273 et
1866 5219 1999 5272 viri-

416 5301 546 5359 liter
569 5307 826 5362 resistunt
873 5307 1338 5378 impugnatoribus
1382 5315 1437 5363 et
1475 5309 1608 5363 casti
1639 5319 1802 5363 sunt:
1833 5325 1998 5381 quam

416 5395 713 5454 Ecclesiam
728 5398 1390 5470 fundavitpermansuram
1415 5400 1470 5455 in
1495 5400 1706 5456 saecula.
1727 5399 1803 5455 Ita
1825 5401 1997 5457 Judaei

414 5497 745 5559 putaverunt
784 5498 986 5546 terram
1020 5499 1076 5545 et
1113 5491 1288 5563 legem
1317 5507 1473 5546 suam
1503 5505 1624 5546 esse
1670 5490 1894 5546 fundata
1939 5492 1995 5546 in

416 5580 637 5636 saecula.

489 5669 710 5728 Tribum
738 5673 877 5729 Juda
907 5674 1070 5745 elegit
1101 5694 1121 5728 ‹
1155 5683 1210 5731 ει
1235 5695 1254 5728 ›
1287 5675 1412 5732 inde
1448 5696 1467 5727 ι
1499 5677 1660 5747 elegit
1678 5677 1847 5733 David
1879 5693 1994 5734 ser-

414 5775 543 5819 vum
589 5779 766 5829 suum,
795 5775 852 5821 et
884 5766 1102 5822 sustulit
1121 5765 1243 5823 eum
1275 5769 1340 5824 de
1367 5768 1619 5840 gregibus
1648 5770 1849 5834 ovium,
1887 5793 1902 5823 ι
1937 5782 1991 5828 et

2525 2235 2594 2290 IN
2628 2233 2962 2289 PSALMUM
2999 2233 3280 2290 LXXVIII.

2505 2345 2745 2400 Tt'ruws
2786 2364 2799 2398 :
2842 2342 3088 2399 Psalmus
3117 2345 3316 2413 Asaph.

2193 2478 2214 2512 ι
2245 2458 2408 2525 Deus,
2432 2468 2697 2514 venerunt
2722 2456 2941 2514 Gentes.
2980 2478 2999 2510 ι
3029 2458 3275 2514 Psalmus
3315 2460 3423 2514 iste
3466 2459 3708 2514 convenit

2115 2551 2318 2620 Asaph,
2359 2551 2412 2605 id
2441 2558 2543 2616 est,
2587 2550 2729 2605 ﬁdeli
2761 2549 3079 2621 Synagogaz,
3105 2567 3224 2620 quae
3260 2552 3349 2606 hic
3383 2549 3706 2622 loquiturde

2115 2642 2418 2696 vastatione
2442 2641 2801 2707 llierusalem,
2841 2657 3003 2711 quam
3029 2643 3173 2696 videt
3204 2641 3445 2697 futuram
3474 2644 3580 2697 sub
3611 2643 3698 2695 Au

2116 2732 2297 2786 tiocho
2319 2747 2461 2803 rege,
2488 2731 2541 2785 in
2572 2740 2817 2802 tempore
2839 2731 3270 2786 Machabzeorum
3295 2731 3379 2803 (II
3409 2731 3595 2784 Maeli.
3621 2732 3703 2799 vi):

2114 2831 2171 2876 et
2210 2822 2460 2878 similiter
2506 2823 2561 2878 in
2591 2823 2833 2879 Ecclesia
2883 2822 3084 2878 Christi
3134 2824 3388 2895 intelligit
3443 2824 3706 2894 Propheta

2115 2915 2390 2971 multoties
2430 2925 2771 2970 eventurum.
2812 2916 3038 2972 Materia
3077 2924 3160 2971 est
3194 2916 3428 2988 populus
3468 2916 3561 2971 ille
3601 2917 3702 2970 Dei.

2115 3007 2338 3062 Modus:
2370 3007 2427 3060 ln
2452 3007 2623 3075 prima
2648 3017 2803 3076 parte
2831 3008 3069 3062 ostendit
3109 3007 3251 3061 mala
3288 3023 3410 3076 quae
3452 3008 3706 3062 sustinuit

2112 3097 2342 3167 populus
2389 3097 2498 3161 ille,
2533 3107 2589 3152 et
2639 3097 2991 3168 pollutionem
3038 3098 3224 3168 templi
3256 3097 3350 3152 Dei
3391 3097 3600 3153 factam
3643 3098 3703 3152 ab

2039 3173 2084 3236 C
2115 3187 2382 3243 Antiocho
2434 3203 2580 3258 rege.
2626 3186 2685 3242 In
2737 3190 2974 3244 secunda
3025 3197 3230 3259 parte,
3277 3204 3398 3257 quae
3453 3189 3701 3258 incipit:

2122 3303 2140 3334 ‹
2171 3282 2482 3352 Usquequo,
2507 3282 2752 3348 Domine,
2777 3282 3028 3338 irasceris
3058 3284 3112 3337 in
3149 3281 3360 3337 ﬁnem?
3401 3303 3422 3334 ι
3458 3294 3705 3353 precatur

2113 3375 2409 3429 vindictam
2435 3374 2498 3428 de
2529 3373 2794 3438 inimicis,
2827 3383 2882 3428 et
2907 3373 3234 3444 adjutorium
3270 3373 3474 3443 populo
3507 3373 3615 3428 Dei.
3645 3371 3698 3426 In

2113 3465 2275 3521 tertia
2292 3475 2442 3536 parte
2461 3506 2474 3530 ,
2493 3481 2611 3534 quae
2631 3465 2821 3534 incipit
2841 3485 2852 3518 :
2876 3483 2892 3516 ι
2916 3465 3224 3520 Innotescat
3241 3465 3295 3520 in
3314 3467 3623 3520 nationibus
3637 3505 3653 3530 ,
3673 3484 3694 3517 ι

2113 3557 2249 3627 petit
2275 3557 2418 3625 quod
2454 3572 2553 3627 per
2592 3557 2883 3611 vindictam
2917 3565 3199 3610 convertat
3247 3556 3398 3612 Deus
3435 3559 3696 3622 inimicos,

2113 3659 2168 3705 et
2198 3665 2410 3720 semper
2440 3649 2733 3720 possideat,
2789 3658 2845 3704 et
2876 3648 3128 3704 defendat
3170 3650 3313 3704 ﬁlios
3348 3651 3700 3705 mortiﬁcato-

2112 3755 2256 3804 rum,
2288 3739 2341 3794 id
2363 3748 2466 3803 est,
2496 3739 2613 3794 illos
2644 3739 2735 3808 qui
2766 3739 2819 3793 in
2846 3738 3162 3795 defensione
3192 3740 3440 3795 veritatis
3472 3740 3698 3794 imitan-

2111 3841 2201 3886 tur
2253 3828 2467 3886 Judaeos
2512 3831 2648 3890 istos,
2685 3845 2699 3884 :
2742 3831 2834 3901 qui
2880 3847 2981 3902 pro
3029 3832 3264 3887 veritate
3305 3831 3370 3886 ab
3413 3831 3699 3886 Antiocho

2110 3920 2529 3987 interﬁciuntur,
2555 3921 2697 3976 sicut
2717 3921 3030 3990 Eleazarus,
3048 3931 3105 3977 et
3123 3932 3320 3993 septem
3345 3921 3562 3987 fratres,
3589 3923 3694 3992 qui

2111 4016 2283 4087 magis
2317 4016 2455 4070 mori
2484 4015 2781 4085 elegerunt,
2813 4032 2978 4086 quam
3015 4017 3330 4072 mandatum
3352 4015 3443 4070 Dei
3470 4024 3703 4086 praeter-

2112 4107 2193 4162 ire
2223 4107 2309 4178 (ΙΙ
2343 4105 2520 4162 Much.
2553 4123 2605 4172 v,
2638 4123 2723 4173 vr,
2768 4108 2888 4178 vn).
2923 4108 3156 4164 Intentio
3201 4119 3286 4165 est
3314 4125 3414 4164 nos
3444 4108 3512 4163 ad
3541 4123 3696 4162 com-

2112 4199 2420 4269 passionem
2447 4199 2694 4253 invitare.
2727 4199 2796 4254 Et
2825 4199 3117 4270 deplorans
3136 4201 3494 4258 vastationem
3519 4197 3700 4270 populi

2114 4292 2196 4347 sui
2224 4299 2280 4344 et
2315 4289 2486 4346 ﬁdelis
2516 4289 2830 4363 Synagogaa,

2185 4382 2275 4439 Sic
2305 4383 2527 4452 incipit:
2557 4383 2601 4440 Ο
2630 4402 2649 4436 ι
2687 4384 2848 4451 Deus,
2880 4384 3103 4450 Gentes,
3152 4405 3172 4439 ι
3215 4386 3269 4442 id
3309 4396 3418 4453 est,
3443 4386 3697 4458 gentiles.

2111 4474 2318 4532 scilicet
2347 4475 2646 4538 Antiochus
2673 4485 2728 4530 et
2755 4477 2862 4542 sui,
2896 4497 2912 4528 ι
2946 4488 3211 4532 venerunt
3237 4479 3293 4532 in
3323 4478 3698 4534 haereditatem

2114 4577 2282 4634 tuam,
2323 4589 2341 4621 ι
2375 4569 2603 4636 scilicet,
2631 4569 2990 4637 Hierusalem,
3041 4592 3060 4625 ι
3095 4572 3408 4643 polluerunt
3437 4574 3698 4644 templum

2111 4668 2356 4717 sanctum
2388 4670 2558 4724 tuum.
2582 4682 2600 4712 ι
2626 4662 2749 4731 quia
2778 4663 2830 4716 in
2864 4662 3062 4733 templo
3089 4671 3182 4719 tuo
3207 4662 3452 4720 fecerunt
3480 4663 3699 4720 adorari

2113 4752 2336 4818 idolum,
2367 4762 2422 4808 et
2446 4755 2668 4823 stupris,
2695 4766 2750 4809 et
2778 4754 2898 4809 aliis
2935 4755 3294 4811 immunditiis
3338 4755 3466 4811 illud
3493 4755 3700 4826 pollue-

2110 4851 2254 4908 runt,
2292 4851 2347 4897 et
2376 4863 2394 4895 ι
2429 4853 2722 4913 posuerunt
2748 4844 2802 4899 in
2832 4861 3115 4915 pomorum
3143 4847 3465 4913 custodiam,
3502 4868 3523 4898 ι
3566 4850 3703 4918 quia

2108 4935 2355 4992 fecerunt
2399 4952 2520 4992 eam
2565 4939 2858 5006 desertam,
2906 4941 3046 4996 sicut
3085 4941 3280 4997 casulae
3310 4957 3430 5011 quae
3479 4952 3612 4998 sunt
3644 4944 3706 4998 in.

2101 5030 2362 5100 pomariis
2399 5030 2484 5087 vel
2523 5031 2716 5096 vineis,
2766 5049 2886 5103 quae
2925 5033 3168 5090 collectis
3223 5034 3492 5092 fructibus
3537 5037 3700 5093 dese-

2104 5130 2318 5176 runtur.

2172 5212 2239 5268 Et
2289 5227 2394 5269 non
2423 5220 2632 5268 tantum
2681 5213 2738 5268 in
2772 5213 3015 5270 viventes
3071 5215 3320 5280 saeviunt,
3378 5215 3472 5271 sed
3526 5216 3697 5272 etiam

2099 5313 2365 5370 mortuos,
2407 5315 2461 5360 et
2490 5305 2592 5362 hoc
2617 5313 2702 5360 est
2727 5325 2744 5356 ε
2780 5315 3076 5376 posuerunt
3105 5307 3412 5374 morticina,
3446 5327 3464 5358 ι
3504 5307 3558 5362 id
3581 5316 3695 5372 est,

2107 5399 2370 5454 cadavera
2411 5397 2697 5468 insepulta,
2737 5416 2754 5449 ι
2811 5413 3090 5454 servorum
3126 5408 3366 5464 tuorum,
3396 5414 3554 5454 escas
3593 5414 3703 5455 vo-

2105 5494 2346 5550 latilibus
2384 5495 2530 5559 cmli,
2571 5515 2589 5546 ι
2636 5507 2691 5550 ει
2733 5510 2840 5549 non
2885 5503 3096 5549 tantum
3130 5495 3342 5562 avibus,
3380 5494 3476 5550 sed
3523 5493 3698 5548 etiam

2110 5604 2129 5636 ‹
2165 5587 2351 5640 bestiis
2388 5593 2546 5639 terra:
2577 5605 2594 5636 ι
2637 5586 2846 5640 scilicet
2883 5586 3024 5655 lupis
3051 5595 3104 5640 et
3131 5586 3354 5643 canibus
3388 5595 3702 5656 posuerunt

2103 5693 2259 5734 escas
2302 5697 2320 5729 ‹
2373 5693 2564 5732 carnes
2610 5698 2626 5728 ι
2673 5693 2778 5732 non
2815 5685 3021 5732 tantum
3070 5679 3193 5734 dico
3241 5692 3544 5745 servorum,
3588 5678 3698 5734 sed

2101 5773 2264 5827 etiam
2301 5788 2320 5821 ι
2358 5779 2666 5825 sanctorum
2706 5778 2944 5826 tuorum.
2985 5791 3003 5824 ι
