  <div class='ocr_page' id='page_1' title='image "/cluster/home/n/w/nwhite01/storage/ocr_20150623/116/hvd.32044015466881/236.png"; bbox 0 0 3940 6444; ppageno 0'>
   <div class='ocr_carea' id='block_1_1' title="bbox 154 448 265 506">
    <p class='ocr_par' dir='ltr' id='par_1_1' title="bbox 154 448 265 506">
     <span class='ocr_line' id='line_1_1' title="bbox 154 448 265 506; baseline 0.018 -2"><span class='ocrx_word' id='word_1_1' title='bbox 154 448 265 506; x_wconf 76' lang='grc'><strong>469</strong></span> 
     </span>
    </p>
   </div>
   <div class='ocr_carea' id='block_1_2' title="bbox 1321 449 2232 506">
    <p class='ocr_par' dir='ltr' id='par_1_2' title="bbox 1321 449 2232 506">
     <span class='ocr_line' id='line_1_2' title="bbox 1321 449 2232 506; baseline -0.001 -2"><span class='ocrx_word' id='word_1_2' title='bbox 1321 449 1756 506; x_wconf 83' lang='lat' dir='ltr'><strong>EXPLANATIO</strong></span> <span class='ocrx_word' id='word_1_3' title='bbox 1793 451 1860 504; x_wconf 88' lang='lat' dir='ltr'><strong>IN</strong></span> <span class='ocrx_word' id='word_1_4' title='bbox 1899 451 2022 506; x_wconf 87' lang='lat' dir='ltr'><strong>PSA</strong></span> <span class='ocrx_word' id='word_1_5' title='bbox 2032 449 2232 506; x_wconf 83' lang='lat' dir='ltr'><strong>LMOS.</strong></span> 
     </span>
    </p>
   </div>
   <div class='ocr_carea' id='block_1_3' title="bbox 3289 445 3393 500">
    <p class='ocr_par' dir='ltr' id='par_1_3' title="bbox 3289 445 3393 500">
     <span class='ocr_line' id='line_1_3' title="bbox 3289 445 3393 500; baseline -0.01 0"><span class='ocrx_word' id='word_1_6' title='bbox 3289 445 3393 500; x_wconf 77' lang='grc'><strong>470</strong></span> 
     </span>
    </p>
   </div>
   <div class='ocr_carea' id='block_1_4' title="bbox 230 558 3442 631">
    <p class='ocr_par' dir='ltr' id='par_1_4' title="bbox 230 558 3442 631">
     <span class='ocr_line' id='line_1_4' title="bbox 230 558 3442 631; baseline -0.001 -16"><span class='ocrx_word' id='word_1_7' title='bbox 230 560 300 615; x_wconf 87' lang='grc' dir='ltr'><em>Ει</em></span> <span class='ocrx_word' id='word_1_8' title='bbox 346 559 661 631; x_wconf 87' lang='lat' dir='ltr'><strong>sanguinem</strong></span> <span class='ocrx_word' id='word_1_9' title='bbox 708 560 809 630; x_wconf 86' lang='lat' dir='ltr'><strong>ipsi</strong></span> <span class='ocrx_word' id='word_1_10' title='bbox 849 578 868 611; x_wconf 74' lang='grc' dir='ltr'><strong>ι</strong></span> <span class='ocrx_word' id='word_1_11' title='bbox 916 559 1236 626; x_wconf 80' lang='lat' dir='ltr'><strong>effuderunt,</strong></span> <span class='ocrx_word' id='word_1_12' title='bbox 1275 582 1294 614; x_wconf 73' lang='grc' dir='ltr'><strong>ι</strong></span> <span class='ocrx_word' id='word_1_13' title='bbox 1344 563 1399 616; x_wconf 88' lang='lat' dir='ltr'>id</span> <span class='ocrx_word' id='word_1_14' title='bbox 1457 571 1558 626; x_wconf 88' lang='lat' dir='ltr'><strong>est,</strong></span> <span class='ocrx_word' id='word_1_15' title='bbox 1593 576 1726 616; x_wconf 84' lang='lat' dir='ltr'><strong>.cum</strong></span> <span class='ocrx_word' id='word_1_16' title='bbox 1756 566 1809 626; x_wconf 74' lang='grc' dir='ltr'>Α</span> <span class='ocrx_word' id='word_1_17' title='bbox 1833 561 1977 616; x_wconf 82' lang='grc' dir='ltr'><strong>ηυΙΙο</strong></span> <span class='ocrx_word' id='word_1_18' title='bbox 2001 564 2158 616; x_wconf 89' lang='lat' dir='ltr'><strong>modo</strong></span> <span class='ocrx_word' id='word_1_19' title='bbox 2197 563 2490 616; x_wconf 86' lang='lat' dir='ltr'><strong>secundum</strong></span> <span class='ocrx_word' id='word_1_20' title='bbox 2521 559 2712 616; x_wconf 90' lang='lat' dir='ltr'><strong>merita</strong></span> <span class='ocrx_word' id='word_1_21' title='bbox 2739 568 2922 615; x_wconf 89' lang='lat' dir='ltr'><strong>nostra</strong></span> <span class='ocrx_word' id='word_1_22' title='bbox 2958 558 3302 626; x_wconf 82' lang='lat' dir='ltr'><strong>sufiicientes,</strong></span> <span class='ocrx_word' id='word_1_23' title='bbox 3328 559 3396 614; x_wconf 90' lang='lat' dir='ltr'><strong>ad</strong></span> <span class='ocrx_word' id='word_1_24' title='bbox 3427 573 3442 581; x_wconf 54' lang='grc' dir='ltr'><strong>λ’</strong></span> 
     </span>
    </p>
   </div>
   <div class='ocr_carea' id='block_1_5' title="bbox 154 652 1723 724">
    <p class='ocr_par' dir='ltr' id='par_1_5' title="bbox 154 652 1723 724">
     <span class='ocr_line' id='line_1_5' title="bbox 154 652 1723 724; baseline -0.003 -15"><span class='ocrx_word' id='word_1_25' title='bbox 154 668 354 724; x_wconf 85' lang='lat' dir='ltr'><strong>magna</strong></span> <span class='ocrx_word' id='word_1_26' title='bbox 394 653 552 723; x_wconf 89' lang='lat' dir='ltr'><strong>copia</strong></span> <span class='ocrx_word' id='word_1_27' title='bbox 596 667 690 708; x_wconf 91' lang='lat' dir='ltr'><strong>eos</strong></span> <span class='ocrx_word' id='word_1_28' title='bbox 733 652 1045 708; x_wconf 89' lang='lat' dir='ltr'><strong>occiderunt</strong></span> <span class='ocrx_word' id='word_1_29' title='bbox 1091 673 1110 706; x_wconf 73' lang='grc' dir='ltr'><strong>ε</strong></span> <span class='ocrx_word' id='word_1_30' title='bbox 1158 662 1410 723; x_wconf 90' lang='lat' dir='ltr'><strong>tanquam</strong></span> <span class='ocrx_word' id='word_1_31' title='bbox 1441 668 1656 722; x_wconf 89' lang='lat' dir='ltr'><strong>aquam,</strong></span> <span class='ocrx_word' id='word_1_32' title='bbox 1703 671 1723 705; x_wconf 73' lang='grc' dir='ltr'><strong>ι</strong></span> 
     </span>
    </p>
   </div>
   <div class='ocr_carea' id='block_1_6' title="bbox 156 742 1741 814">
    <p class='ocr_par' dir='ltr' id='par_1_6' title="bbox 156 742 1741 814">
     <span class='ocr_line' id='line_1_6' title="bbox 156 742 1741 814; baseline -0.001 -16"><span class='ocrx_word' id='word_1_33' title='bbox 156 745 216 798; x_wconf 93' lang='lat' dir='ltr'><strong>id</strong></span> <span class='ocrx_word' id='word_1_34' title='bbox 244 753 347 808; x_wconf 90' lang='grc' dir='ltr'><em>εει,</em></span> <span class='ocrx_word' id='word_1_35' title='bbox 376 742 572 804; x_wconf 90' lang='lat' dir='ltr'><strong>viliter,</strong></span> <span class='ocrx_word' id='word_1_36' title='bbox 618 743 734 797; x_wconf 89' lang='lat' dir='ltr'><strong>sine</strong></span> <span class='ocrx_word' id='word_1_37' title='bbox 763 743 908 797; x_wconf 92' lang='lat' dir='ltr'><strong>omni</strong></span> <span class='ocrx_word' id='word_1_38' title='bbox 956 754 1201 814; x_wconf 89' lang='lat' dir='ltr'><strong>respectu</strong></span> <span class='ocrx_word' id='word_1_39' title='bbox 1248 744 1628 799; x_wconf 56' lang='lat' dir='ltr'><strong>misericordias</strong></span> <span class='ocrx_word' id='word_1_40' title='bbox 1677 752 1741 798; x_wconf 18' lang='lat' dir='ltr'><strong>et.</strong></span> 
     </span>
    </p>
   </div>
   <div class='ocr_carea' id='block_1_7' title="bbox 155 833 1728 899">
    <p class='ocr_par' dir='ltr' id='par_1_7' title="bbox 155 833 1728 899">
     <span class='ocr_line' id='line_1_7' title="bbox 155 833 1728 899; baseline 0 -9"><span class='ocrx_word' id='word_1_41' title='bbox 155 851 265 890; x_wconf 87' lang='lat' dir='ltr'><strong>non</strong></span> <span class='ocrx_word' id='word_1_42' title='bbox 294 835 346 888; x_wconf 91' lang='lat' dir='ltr'><strong>in</strong></span> <span class='ocrx_word' id='word_1_43' title='bbox 377 834 489 889; x_wconf 88' lang='lat' dir='ltr'><strong>sola</strong></span> <span class='ocrx_word' id='word_1_44' title='bbox 521 833 873 899; x_wconf 87' lang='lat' dir='ltr'><strong>Hierusalem,</strong></span> <span class='ocrx_word' id='word_1_45' title='bbox 905 835 998 889; x_wconf 91' lang='lat' dir='ltr'><strong>sed</strong></span> <span class='ocrx_word' id='word_1_46' title='bbox 1023 836 1186 892; x_wconf 86' lang='lat' dir='ltr'><strong>etiam</strong></span> <span class='ocrx_word' id='word_1_47' title='bbox 1215 854 1233 887; x_wconf 74' lang='grc' dir='ltr'>σ</span> <span class='ocrx_word' id='word_1_48' title='bbox 1264 835 1318 890; x_wconf 82' lang='lat' dir='ltr'><strong>ia</strong></span> <span class='ocrx_word' id='word_1_49' title='bbox 1348 836 1574 890; x_wconf 89' lang='lat' dir='ltr'><strong>circuitu</strong></span> <span class='ocrx_word' id='word_1_50' title='bbox 1601 834 1728 890; x_wconf 67' lang='lat' dir='ltr'><strong>Hie—</strong></span> 
     </span>
    </p>
   </div>
   <div class='ocr_carea' id='block_1_8' title="bbox 159 924 1733 996">
    <p class='ocr_par' dir='ltr' id='par_1_8' title="bbox 159 924 1733 996">
     <span class='ocr_line' id='line_1_8' title="bbox 159 924 1733 996; baseline -0.001 -16"><span class='ocrx_word' id='word_1_51' title='bbox 159 925 418 990; x_wconf 88' lang='lat' dir='ltr'><strong>rusalem,</strong></span> <span class='ocrx_word' id='word_1_52' title='bbox 460 933 515 978; x_wconf 92' lang='lat' dir='ltr'><strong>et</strong></span> <span class='ocrx_word' id='word_1_53' title='bbox 563 941 668 996; x_wconf 84' lang='lat' dir='ltr'><strong>non</strong></span> <span class='ocrx_word' id='word_1_54' title='bbox 703 935 822 980; x_wconf 89' lang='lat' dir='ltr'><strong>erat</strong></span> <span class='ocrx_word' id='word_1_55' title='bbox 858 926 948 995; x_wconf 88' lang='lat' dir='ltr'><strong>qui</strong></span> <span class='ocrx_word' id='word_1_56' title='bbox 987 926 1238 996; x_wconf 80' lang='lat' dir='ltr'><strong>sepeliret</strong></span> <span class='ocrx_word' id='word_1_57' title='bbox 1271 946 1290 978; x_wconf 73' lang='grc' dir='ltr'><strong>ι</strong></span> <span class='ocrx_word' id='word_1_58' title='bbox 1329 941 1440 991; x_wconf 84' lang='grc' dir='ltr'><em>εοε,</em></span> <span class='ocrx_word' id='word_1_59' title='bbox 1483 926 1609 994; x_wconf 84' lang='lat' dir='ltr'><strong>quia</strong></span> <span class='ocrx_word' id='word_1_60' title='bbox 1650 924 1733 981; x_wconf 88' lang='lat' dir='ltr'><strong>vel</strong></span> 
     </span>
    </p>
   </div>
   <div class='ocr_carea' id='block_1_9' title="bbox 156 1015 1734 1087">
    <p class='ocr_par' dir='ltr' id='par_1_9' title="bbox 156 1015 1734 1087">
     <span class='ocr_line' id='line_1_9' title="bbox 156 1015 1734 1087; baseline 0.003 -19"><span class='ocrx_word' id='word_1_61' title='bbox 156 1015 586 1085; x_wconf 77' lang='lat' dir='ltr'><strong>prohibebantur</strong></span> <span class='ocrx_word' id='word_1_62' title='bbox 612 1015 695 1070; x_wconf 90' lang='lat' dir='ltr'><strong>vel</strong></span> <span class='ocrx_word' id='word_1_63' title='bbox 739 1017 794 1071; x_wconf 92' lang='lat' dir='ltr'><strong>in</strong></span> <span class='ocrx_word' id='word_1_64' title='bbox 831 1025 979 1072; x_wconf 84' lang='lat' dir='ltr'><strong>tanta</strong></span> <span class='ocrx_word' id='word_1_65' title='bbox 1021 1017 1365 1072; x_wconf 70' lang='lat' dir='ltr'><strong>tribulatione</strong></span> <span class='ocrx_word' id='word_1_66' title='bbox 1391 1025 1568 1082; x_wconf 88' lang='lat' dir='ltr'><strong>erant,</strong></span> <span class='ocrx_word' id='word_1_67' title='bbox 1589 1016 1734 1087; x_wconf 91' lang='lat' dir='ltr'><strong>quod</strong></span> 
     </span>
    </p>
   </div>
   <div class='ocr_carea' id='block_1_10' title="bbox 164 1105 574 1160">
    <p class='ocr_par' dir='ltr' id='par_1_10' title="bbox 164 1105 574 1160">
     <span class='ocr_line' id='line_1_10' title="bbox 164 1105 574 1160; baseline -0.005 0"><span class='ocrx_word' id='word_1_68' title='bbox 164 1107 300 1160; x_wconf 88' lang='lat' dir='ltr'><strong>nulli</strong></span> <span class='ocrx_word' id='word_1_69' title='bbox 330 1105 574 1159; x_wconf 89' lang='lat' dir='ltr'><strong>vacabat.</strong></span> 
     </span>
    </p>
   </div>
   <div class='ocr_carea' id='block_1_11' title="bbox 238 1196 1735 1267">
    <p class='ocr_par' dir='ltr' id='par_1_11' title="bbox 238 1196 1735 1267">
     <span class='ocr_line' id='line_1_11' title="bbox 238 1196 1735 1267; baseline 0.001 -15"><span class='ocrx_word' id='word_1_70' title='bbox 238 1197 306 1252; x_wconf 82' lang='lat' dir='ltr'><strong>Et</strong></span> <span class='ocrx_word' id='word_1_71' title='bbox 349 1196 438 1250; x_wconf 90' lang='lat' dir='ltr'><strong>hic</strong></span> <span class='ocrx_word' id='word_1_72' title='bbox 488 1196 758 1265; x_wconf 83' lang='lat' dir='ltr'><strong>Propheta</strong></span> <span class='ocrx_word' id='word_1_73' title='bbox 805 1197 894 1266; x_wconf 90' lang='lat' dir='ltr'><strong>qui</strong></span> <span class='ocrx_word' id='word_1_74' title='bbox 935 1197 1188 1267; x_wconf 89' lang='lat' dir='ltr'><strong>loquitur,</strong></span> <span class='ocrx_word' id='word_1_75' title='bbox 1256 1197 1341 1252; x_wconf 90' lang='lat' dir='ltr'><strong>vel</strong></span> <span class='ocrx_word' id='word_1_76' title='bbox 1387 1198 1613 1266; x_wconf 84' lang='lat' dir='ltr'><strong>quilibet</strong></span> <span class='ocrx_word' id='word_1_77' title='bbox 1665 1199 1735 1254; x_wconf 91' lang='lat' dir='ltr'><strong>de</strong></span> 
     </span>
    </p>
   </div>
   <div class='ocr_carea' id='block_1_12' title="bbox 161 1289 1736 1360">
    <p class='ocr_par' dir='ltr' id='par_1_12' title="bbox 161 1289 1736 1360">
     <span class='ocr_line' id='line_1_12' title="bbox 161 1289 1736 1360; baseline -0.001 -15"><span class='ocrx_word' id='word_1_78' title='bbox 161 1289 306 1345; x_wconf 82' lang='lat' dir='ltr'><strong>fideli</strong></span> <span class='ocrx_word' id='word_1_79' title='bbox 336 1289 551 1359; x_wconf 91' lang='lat' dir='ltr'><strong>populo,</strong></span> <span class='ocrx_word' id='word_1_80' title='bbox 575 1303 902 1360; x_wconf 81' lang='lat' dir='ltr'><strong>cognoscens</strong></span> <span class='ocrx_word' id='word_1_81' title='bbox 923 1290 990 1344; x_wconf 91' lang='lat' dir='ltr'><strong>de</strong></span> <span class='ocrx_word' id='word_1_82' title='bbox 1011 1290 1204 1360; x_wconf 91' lang='lat' dir='ltr'><strong>populo</strong></span> <span class='ocrx_word' id='word_1_83' title='bbox 1225 1289 1336 1356; x_wconf 91' lang='lat' dir='ltr'><strong>illo,</strong></span> <span class='ocrx_word' id='word_1_84' title='bbox 1364 1298 1418 1344; x_wconf 90' lang='lat' dir='ltr'><strong>et</strong></span> <span class='ocrx_word' id='word_1_85' title='bbox 1445 1289 1736 1346; x_wconf 92' lang='lat' dir='ltr'><strong>condolens</strong></span> 
     </span>
    </p>
   </div>
   <div class='ocr_carea' id='block_1_13' title="bbox 159 1379 1733 1451">
    <p class='ocr_par' dir='ltr' id='par_1_13' title="bbox 159 1379 1733 1451">
     <span class='ocr_line' id='line_1_13' title="bbox 159 1379 1733 1451; baseline 0 -17"><span class='ocrx_word' id='word_1_86' title='bbox 159 1381 322 1434; x_wconf 90' lang='lat' dir='ltr'><strong>malis</strong></span> <span class='ocrx_word' id='word_1_87' title='bbox 349 1395 558 1444; x_wconf 89' lang='lat' dir='ltr'><strong>eorum,</strong></span> <span class='ocrx_word' id='word_1_88' title='bbox 601 1381 751 1448; x_wconf 89' lang='lat' dir='ltr'><strong>quasi</strong></span> <span class='ocrx_word' id='word_1_89' title='bbox 782 1381 848 1434; x_wconf 88' lang='lat' dir='ltr'><strong>de</strong></span> <span class='ocrx_word' id='word_1_90' title='bbox 884 1381 1105 1450; x_wconf 89' lang='lat' dir='ltr'><strong>proprio</strong></span> <span class='ocrx_word' id='word_1_91' title='bbox 1130 1382 1348 1446; x_wconf 91' lang='lat' dir='ltr'><strong>damno,</strong></span> <span class='ocrx_word' id='word_1_92' title='bbox 1390 1381 1544 1451; x_wconf 81' lang='lat' dir='ltr'><strong>ponit</strong></span> <span class='ocrx_word' id='word_1_93' title='bbox 1581 1396 1639 1435; x_wconf 92' lang='lat' dir='ltr'><strong>se</strong></span> <span class='ocrx_word' id='word_1_94' title='bbox 1677 1379 1733 1435; x_wconf 92' lang='lat' dir='ltr'><strong>in</strong></span> 
     </span>
    </p>
   </div>
   <div class='ocr_carea' id='block_1_14' title="bbox 160 1473 1735 1542">
    <p class='ocr_par' dir='ltr' id='par_1_14' title="bbox 160 1473 1735 1542">
     <span class='ocr_line' id='line_1_14' title="bbox 160 1473 1735 1542; baseline -0.001 -14"><span class='ocrx_word' id='word_1_95' title='bbox 160 1489 390 1529; x_wconf 89' lang='lat' dir='ltr'><strong>numero</strong></span> <span class='ocrx_word' id='word_1_96' title='bbox 439 1489 625 1528; x_wconf 90' lang='lat' dir='ltr'><strong>eorum</strong></span> <span class='ocrx_word' id='word_1_97' title='bbox 658 1474 840 1529; x_wconf 91' lang='lat' dir='ltr'><strong>dicens</strong></span> <span class='ocrx_word' id='word_1_98' title='bbox 871 1492 883 1528; x_wconf 91' lang='lat'>:</span> <span class='ocrx_word' id='word_1_99' title='bbox 921 1493 938 1525; x_wconf 73' lang='grc' dir='ltr'><strong>ε</strong></span> <span class='ocrx_word' id='word_1_100' title='bbox 977 1474 1128 1528; x_wconf 80' lang='lat' dir='ltr'><strong>Facti</strong></span> <span class='ocrx_word' id='word_1_101' title='bbox 1176 1489 1361 1529; x_wconf 89' lang='lat' dir='ltr'><strong>sumus</strong></span> <span class='ocrx_word' id='word_1_102' title='bbox 1388 1473 1735 1542; x_wconf 83' lang='lat' dir='ltr'><strong>Opprobrium</strong></span> 
     </span>
    </p>
   </div>
   <div class='ocr_carea' id='block_1_15' title="bbox 159 1566 1739 1638">
    <p class='ocr_par' dir='ltr' id='par_1_15' title="bbox 159 1566 1739 1638">
     <span class='ocr_line' id='line_1_15' title="bbox 159 1566 1739 1638; baseline -0.001 -19"><span class='ocrx_word' id='word_1_103' title='bbox 159 1568 356 1621; x_wconf 76' lang='lat' dir='ltr'><strong>vicinis</strong></span> <span class='ocrx_word' id='word_1_104' title='bbox 407 1566 608 1621; x_wconf 85' lang='lat' dir='ltr'><strong>nostris</strong></span> <span class='ocrx_word' id='word_1_105' title='bbox 663 1587 683 1618; x_wconf 69' lang='grc' dir='ltr'><strong>ι</strong></span> <span class='ocrx_word' id='word_1_106' title='bbox 739 1567 829 1634; x_wconf 91' lang='lat' dir='ltr'><strong>qui</strong></span> <span class='ocrx_word' id='word_1_107' title='bbox 876 1581 1016 1638; x_wconf 72' lang='lat' dir='ltr'><strong>saepe</strong></span> <span class='ocrx_word' id='word_1_108' title='bbox 1063 1567 1218 1622; x_wconf 90' lang='lat' dir='ltr'><strong>nobis</strong></span> <span class='ocrx_word' id='word_1_109' title='bbox 1257 1568 1636 1636; x_wconf 90' lang='lat' dir='ltr'><strong>improperent,</strong></span> <span class='ocrx_word' id='word_1_110' title='bbox 1683 1572 1739 1619; x_wconf 91' lang='lat' dir='ltr'><strong>et</strong></span> 
     </span>
    </p>
   </div>
   <div class='ocr_carea' id='block_1_16' title="bbox 161 1654 1737 1726">
    <p class='ocr_par' dir='ltr' id='par_1_16' title="bbox 161 1654 1737 1726">
     <span class='ocr_line' id='line_1_16' title="bbox 161 1654 1737 1726; baseline -0.001 -15"><span class='ocrx_word' id='word_1_111' title='bbox 161 1657 401 1712; x_wconf 88' lang='lat' dir='ltr'><strong>ostendit</strong></span> <span class='ocrx_word' id='word_1_112' title='bbox 430 1671 528 1725; x_wconf 88' lang='lat' dir='ltr'><strong>per</strong></span> <span class='ocrx_word' id='word_1_113' title='bbox 557 1655 690 1709; x_wconf 90' lang='lat' dir='ltr'><strong>duas</strong></span> <span class='ocrx_word' id='word_1_114' title='bbox 716 1664 929 1724; x_wconf 87' lang='lat' dir='ltr'><strong>partes;</strong></span> <span class='ocrx_word' id='word_1_115' title='bbox 962 1656 1312 1726; x_wconf 79' lang='lat' dir='ltr'><strong>Opprobrinm</strong></span> <span class='ocrx_word' id='word_1_116' title='bbox 1359 1656 1568 1710; x_wconf 87' lang='lat' dir='ltr'><strong>scilicet</strong></span> <span class='ocrx_word' id='word_1_117' title='bbox 1610 1654 1737 1709; x_wconf 87' lang='lat' dir='ltr'><strong>facti</strong></span> 
     </span>
    </p>
   </div>
   <div class='ocr_carea' id='block_1_17' title="bbox 162 1744 1738 1815">
    <p class='ocr_par' dir='ltr' id='par_1_17' title="bbox 162 1744 1738 1815">
     <span class='ocr_line' id='line_1_17' title="bbox 162 1744 1738 1815; baseline -0.001 -16"><span class='ocrx_word' id='word_1_118' title='bbox 162 1760 351 1799; x_wconf 89' lang='lat' dir='ltr'><strong>sumus</strong></span> <span class='ocrx_word' id='word_1_119' title='bbox 396 1764 414 1795; x_wconf 74' lang='grc' dir='ltr'><strong>ι</strong></span> <span class='ocrx_word' id='word_1_120' title='bbox 466 1747 837 1808; x_wconf 89' lang='lat' dir='ltr'><strong>subsannatio,</strong></span> <span class='ocrx_word' id='word_1_121' title='bbox 886 1765 904 1797; x_wconf 76' lang='grc' dir='ltr'><strong>ι</strong></span> <span class='ocrx_word' id='word_1_122' title='bbox 951 1746 1002 1800; x_wconf 92' lang='lat' dir='ltr'><strong>id</strong></span> <span class='ocrx_word' id='word_1_123' title='bbox 1028 1754 1128 1808; x_wconf 90' lang='lat' dir='ltr'><strong>est,</strong></span> <span class='ocrx_word' id='word_1_124' title='bbox 1175 1747 1373 1801; x_wconf 91' lang='lat' dir='ltr'><strong>derisio</strong></span> <span class='ocrx_word' id='word_1_125' title='bbox 1398 1762 1516 1815; x_wconf 63' lang='lat' dir='ltr'><strong>quae</strong></span> <span class='ocrx_word' id='word_1_126' title='bbox 1559 1744 1616 1798; x_wconf 86' lang='lat' dir='ltr'><strong>fit</strong></span> <span class='ocrx_word' id='word_1_127' title='bbox 1642 1759 1738 1812; x_wconf 90' lang='lat' dir='ltr'><strong>per</strong></span> 
     </span>
    </p>
   </div>
   <div class='ocr_carea' id='block_1_18' title="bbox 164 1836 1734 1904">
    <p class='ocr_par' dir='ltr' id='par_1_18' title="bbox 164 1836 1734 1904">
     <span class='ocr_line' id='line_1_18' title="bbox 164 1836 1734 1904; baseline 0.001 -17"><span class='ocrx_word' id='word_1_128' title='bbox 164 1851 378 1900; x_wconf 90' lang='lat' dir='ltr'><strong>nasum,</strong></span> <span class='ocrx_word' id='word_1_129' title='bbox 417 1853 435 1886; x_wconf 84' lang='grc'>‹</span> <span class='ocrx_word' id='word_1_130' title='bbox 472 1843 525 1890; x_wconf 87' lang='grc' dir='ltr'><strong>ει</strong></span> <span class='ocrx_word' id='word_1_131' title='bbox 556 1836 731 1889; x_wconf 89' lang='lat' dir='ltr'><strong>illusio</strong></span> <span class='ocrx_word' id='word_1_132' title='bbox 760 1856 777 1887; x_wconf 77' lang='grc' dir='ltr'><strong>ι</strong></span> <span class='ocrx_word' id='word_1_133' title='bbox 808 1837 930 1904; x_wconf 93' lang='lat' dir='ltr'><strong>quia</strong></span> <span class='ocrx_word' id='word_1_134' title='bbox 962 1837 1144 1890; x_wconf 90' lang='lat' dir='ltr'><strong>multis</strong></span> <span class='ocrx_word' id='word_1_135' title='bbox 1183 1837 1358 1891; x_wconf 86' lang='lat' dir='ltr'><strong>verbis</strong></span> <span class='ocrx_word' id='word_1_136' title='bbox 1393 1852 1490 1890; x_wconf 92' lang='lat' dir='ltr'><strong>nos</strong></span> <span class='ocrx_word' id='word_1_137' title='bbox 1521 1836 1734 1890; x_wconf 88' lang='lat' dir='ltr'><strong>deride-</strong></span> 
     </span>
    </p>
   </div>
   <div class='ocr_carea' id='block_1_19' title="bbox 1829 652 2506 721">
    <p class='ocr_par' dir='ltr' id='par_1_19' title="bbox 1829 652 2506 721">
     <span class='ocr_line' id='line_1_19' title="bbox 1829 652 2506 721; baseline 0 -17"><span class='ocrx_word' id='word_1_138' title='bbox 1829 652 2108 721; x_wconf 68' lang='lat' dir='ltr'><strong>prazmium</strong></span> <span class='ocrx_word' id='word_1_139' title='bbox 2136 652 2256 704; x_wconf 84' lang='lat' dir='ltr'><strong>vitae</strong></span> <span class='ocrx_word' id='word_1_140' title='bbox 2277 659 2506 706; x_wconf 61' lang='lat' dir='ltr'><strong>aeternae.</strong></span> 
     </span>
    </p>
   </div>
   <div class='ocr_carea' id='block_1_20' title="bbox 1904 741 3396 812">
    <p class='ocr_par' dir='ltr' id='par_1_20' title="bbox 1904 741 3396 812">
     <span class='ocr_line' id='line_1_20' title="bbox 1904 741 3396 812; baseline 0.001 -16"><span class='ocrx_word' id='word_1_141' title='bbox 1904 741 2010 796; x_wconf 90' lang='lat' dir='ltr'><strong>Sed</strong></span> <span class='ocrx_word' id='word_1_142' title='bbox 2053 750 2246 796; x_wconf 82' lang='lat' dir='ltr'><strong>contra.</strong></span> <span class='ocrx_word' id='word_1_143' title='bbox 2275 751 2514 796; x_wconf 88' lang='lat' dir='ltr'><strong>nostram</strong></span> <span class='ocrx_word' id='word_1_144' title='bbox 2544 742 3026 812; x_wconf 88' lang='lat' dir='ltr'><strong>impossibilitatem</strong></span> <span class='ocrx_word' id='word_1_145' title='bbox 3059 752 3135 807; x_wconf 90' lang='lat' dir='ltr'><strong>tu,</strong></span> <span class='ocrx_word' id='word_1_146' title='bbox 3177 760 3197 792; x_wconf 74' lang='grc' dir='ltr'><strong>ι</strong></span> <span class='ocrx_word' id='word_1_147' title='bbox 3232 743 3396 806; x_wconf 88' lang='lat' dir='ltr'><strong>Deus,</strong></span> 
     </span>
    </p>
   </div>
   <div class='ocr_carea' id='block_1_21' title="bbox 1833 830 3401 903">
    <p class='ocr_par' dir='ltr' id='par_1_21' title="bbox 1833 830 3401 903">
     <span class='ocr_line' id='line_1_21' title="bbox 1833 830 3401 903; baseline 0.001 -17"><span class='ocrx_word' id='word_1_148' title='bbox 1833 832 2023 901; x_wconf 78' lang='lat' dir='ltr'><strong>adiuva</strong></span> <span class='ocrx_word' id='word_1_149' title='bbox 2053 847 2150 887; x_wconf 93' lang='lat' dir='ltr'><strong>nos</strong></span> <span class='ocrx_word' id='word_1_150' title='bbox 2195 853 2214 884; x_wconf 77' lang='grc' dir='ltr'><strong>ι</strong></span> <span class='ocrx_word' id='word_1_151' title='bbox 2257 833 2323 886; x_wconf 88' lang='lat' dir='ltr'><strong>ad</strong></span> <span class='ocrx_word' id='word_1_152' title='bbox 2360 833 2497 886; x_wconf 90' lang='lat' dir='ltr'><strong>bene</strong></span> <span class='ocrx_word' id='word_1_153' title='bbox 2531 834 2880 902; x_wconf 88' lang='lat' dir='ltr'><strong>operandum,</strong></span> <span class='ocrx_word' id='word_1_154' title='bbox 2923 835 3012 903; x_wconf 92' lang='lat' dir='ltr'><strong>qui</strong></span> <span class='ocrx_word' id='word_1_155' title='bbox 3040 835 3178 888; x_wconf 87' lang='lat' dir='ltr'><strong>bene</strong></span> <span class='ocrx_word' id='word_1_156' title='bbox 3219 830 3401 888; x_wconf 89' lang='lat' dir='ltr'><strong>facere</strong></span> 
     </span>
    </p>
   </div>
   <div class='ocr_carea' id='block_1_22' title="bbox 1833 924 3402 994">
    <p class='ocr_par' dir='ltr' id='par_1_22' title="bbox 1833 924 3402 994">
     <span class='ocr_line' id='line_1_22' title="bbox 1833 924 3402 994; baseline -0.002 -15"><span class='ocrx_word' id='word_1_157' title='bbox 1833 925 2020 990; x_wconf 87' lang='lat' dir='ltr'><strong>debes,</strong></span> <span class='ocrx_word' id='word_1_158' title='bbox 2049 925 2174 994; x_wconf 85' lang='lat' dir='ltr'><strong>quia</strong></span> <span class='ocrx_word' id='word_1_159' title='bbox 2205 933 2261 977; x_wconf 93' lang='lat' dir='ltr'><strong>tu</strong></span> <span class='ocrx_word' id='word_1_160' title='bbox 2290 937 2350 978; x_wconf 87' lang='lat' dir='ltr'><strong>es</strong></span> <span class='ocrx_word' id='word_1_161' title='bbox 2395 942 2414 975; x_wconf 87' lang='grc'>‹</span> <span class='ocrx_word' id='word_1_162' title='bbox 2453 924 2706 978; x_wconf 89' lang='lat' dir='ltr'><strong>salutaris</strong></span> <span class='ocrx_word' id='word_1_163' title='bbox 2736 936 2940 989; x_wconf 85' lang='lat' dir='ltr'><strong>noster,</strong></span> <span class='ocrx_word' id='word_1_164' title='bbox 2979 945 2996 976; x_wconf 75' lang='grc' dir='ltr'><strong>ι</strong></span> <span class='ocrx_word' id='word_1_165' title='bbox 3031 924 3084 978; x_wconf 91' lang='lat' dir='ltr'><strong>id</strong></span> <span class='ocrx_word' id='word_1_166' title='bbox 3108 932 3210 989; x_wconf 90' lang='lat' dir='ltr'><strong>est,</strong></span> <span class='ocrx_word' id='word_1_167' title='bbox 3241 938 3269 976; x_wconf 91' lang='lat' dir='ltr'><strong>a</strong></span> <span class='ocrx_word' id='word_1_168' title='bbox 3294 937 3402 991; x_wconf 93' lang='lat' dir='ltr'><strong>quo</strong></span> 
     </span>
    </p>
   </div>
   <div class='ocr_carea' id='block_1_23' title="bbox 1834 1015 3402 1086">
    <p class='ocr_par' dir='ltr' id='par_1_23' title="bbox 1834 1015 3402 1086">
     <span class='ocr_line' id='line_1_23' title="bbox 1834 1015 3402 1086; baseline -0.004 -15"><span class='ocrx_word' id='word_1_169' title='bbox 1834 1017 1949 1073; x_wconf 92' lang='lat' dir='ltr'><strong>solo</strong></span> <span class='ocrx_word' id='word_1_170' title='bbox 2002 1027 2348 1086; x_wconf 75' lang='lat' dir='ltr'><strong>expectamus</strong></span> <span class='ocrx_word' id='word_1_171' title='bbox 2389 1015 2762 1079; x_wconf 91' lang='lat' dir='ltr'><strong>salvationem,</strong></span> <span class='ocrx_word' id='word_1_172' title='bbox 2819 1035 2836 1066; x_wconf 78' lang='grc' dir='ltr'><strong>ι</strong></span> <span class='ocrx_word' id='word_1_173' title='bbox 2884 1024 2941 1071; x_wconf 88' lang='grc' dir='ltr'><strong>ει</strong></span> <span class='ocrx_word' id='word_1_174' title='bbox 2980 1015 3146 1069; x_wconf 90' lang='lat' dir='ltr'><strong>libera</strong></span> <span class='ocrx_word' id='word_1_175' title='bbox 3189 1029 3289 1068; x_wconf 90' lang='lat' dir='ltr'><strong>nos</strong></span> <span class='ocrx_word' id='word_1_176' title='bbox 3323 1031 3343 1065; x_wconf 75' lang='grc' dir='ltr'><strong>ι</strong></span> <span class='ocrx_word' id='word_1_177' title='bbox 3371 1027 3402 1066; x_wconf 88' lang='lat' dir='ltr'><strong>a</strong></span> 
     </span>
    </p>
   </div>
   <div class='ocr_carea' id='block_1_24' title="bbox 1832 1106 3408 1179">
    <p class='ocr_par' dir='ltr' id='par_1_24' title="bbox 1832 1106 3408 1179">
     <span class='ocr_line' id='line_1_24' title="bbox 1832 1106 3408 1179; baseline -0.001 -16"><span class='ocrx_word' id='word_1_178' title='bbox 1832 1109 2069 1179; x_wconf 81' lang='lat' dir='ltr'><strong>peccatis</strong></span> <span class='ocrx_word' id='word_1_179' title='bbox 2098 1107 2296 1162; x_wconf 79' lang='lat' dir='ltr'><strong>nostris</strong></span> <span class='ocrx_word' id='word_1_180' title='bbox 2329 1125 2346 1157; x_wconf 77' lang='grc' dir='ltr'><strong>ι</strong></span> <span class='ocrx_word' id='word_1_181' title='bbox 2381 1115 2603 1176; x_wconf 86' lang='lat' dir='ltr'><strong>propter</strong></span> <span class='ocrx_word' id='word_1_182' title='bbox 2631 1107 2858 1176; x_wconf 82' lang='lat' dir='ltr'><strong>gloriam</strong></span> <span class='ocrx_word' id='word_1_183' title='bbox 2902 1108 3136 1161; x_wconf 89' lang='lat' dir='ltr'><strong>nominis</strong></span> <span class='ocrx_word' id='word_1_184' title='bbox 3175 1106 3272 1170; x_wconf 90' lang='lat' dir='ltr'><strong>tui,</strong></span> <span class='ocrx_word' id='word_1_185' title='bbox 3306 1123 3324 1156; x_wconf 75' lang='grc' dir='ltr'><strong>ι</strong></span> <span class='ocrx_word' id='word_1_186' title='bbox 3351 1106 3408 1161; x_wconf 94' lang='lat' dir='ltr'><strong>id</strong></span> 
     </span>
    </p>
   </div>
   <div class='ocr_carea' id='block_1_25' title="bbox 1834 1197 3404 1269">
    <p class='ocr_par' dir='ltr' id='par_1_25' title="bbox 1834 1197 3404 1269">
     <span class='ocr_line' id='line_1_25' title="bbox 1834 1197 3404 1269; baseline -0.001 -16"><span class='ocrx_word' id='word_1_187' title='bbox 1834 1208 1936 1263; x_wconf 91' lang='lat' dir='ltr'><strong>est,</strong></span> <span class='ocrx_word' id='word_1_188' title='bbox 1966 1200 2091 1269; x_wconf 87' lang='lat' dir='ltr'><strong>quia</strong></span> <span class='ocrx_word' id='word_1_189' title='bbox 2128 1200 2250 1253; x_wconf 92' lang='lat' dir='ltr'><strong>inde</strong></span> <span class='ocrx_word' id='word_1_190' title='bbox 2281 1214 2476 1252; x_wconf 89' lang='lat' dir='ltr'><strong>nomen</strong></span> <span class='ocrx_word' id='word_1_191' title='bbox 2517 1207 2668 1252; x_wconf 88' lang='lat' dir='ltr'><strong>tuum</strong></span> <span class='ocrx_word' id='word_1_192' title='bbox 2709 1197 3149 1267; x_wconf 86' lang='lat' dir='ltr'><strong>gloriﬁcabimus,</strong></span> <span class='ocrx_word' id='word_1_193' title='bbox 3192 1206 3247 1251; x_wconf 92' lang='lat' dir='ltr'><strong>et</strong></span> <span class='ocrx_word' id='word_1_194' title='bbox 3283 1197 3404 1251; x_wconf 91' lang='lat' dir='ltr'><strong>lau-</strong></span> 
     </span>
    </p>
   </div>
   <div class='ocr_carea' id='block_1_26' title="bbox 1837 1284 3407 1345">
    <p class='ocr_par' dir='ltr' id='par_1_26' title="bbox 1837 1284 3407 1345">
     <span class='ocr_line' id='line_1_26' title="bbox 1837 1284 3407 1345; baseline -0.003 0"><span class='ocrx_word' id='word_1_195' title='bbox 1837 1291 1956 1345; x_wconf 92' lang='lat' dir='ltr'><strong>dem</strong></span> <span class='ocrx_word' id='word_1_196' title='bbox 1987 1290 2112 1343; x_wconf 90' lang='lat' dir='ltr'><strong>inde</strong></span> <span class='ocrx_word' id='word_1_197' title='bbox 2141 1289 2296 1343; x_wconf 89' lang='lat' dir='ltr'><strong>nobis</strong></span> <span class='ocrx_word' id='word_1_198' title='bbox 2324 1288 2524 1342; x_wconf 90' lang='lat' dir='ltr'><strong>nullam</strong></span> <span class='ocrx_word' id='word_1_199' title='bbox 2556 1287 2928 1342; x_wconf 90' lang='lat' dir='ltr'><strong>attribuemus.</strong></span> <span class='ocrx_word' id='word_1_200' title='bbox 2955 1285 3105 1341; x_wconf 89' lang='lat' dir='ltr'><strong>Sicut</strong></span> <span class='ocrx_word' id='word_1_201' title='bbox 3143 1287 3216 1340; x_wconf 93' lang='lat' dir='ltr'><strong>illi</strong></span> <span class='ocrx_word' id='word_1_202' title='bbox 3235 1284 3407 1342; x_wconf 66' lang='lat' dir='ltr'><strong>Judaei</strong></span> 
     </span>
    </p>
   </div>
   <div class='ocr_carea' id='block_1_27' title="bbox 1834 1379 3412 1450">
    <p class='ocr_par' dir='ltr' id='par_1_27' title="bbox 1834 1379 3412 1450">
     <span class='ocr_line' id='line_1_27' title="bbox 1834 1379 3412 1450; baseline -0.003 -14"><span class='ocrx_word' id='word_1_203' title='bbox 1834 1383 2087 1450; x_wconf 82' lang='lat' dir='ltr'><strong>petebant</strong></span> <span class='ocrx_word' id='word_1_204' title='bbox 2121 1381 2340 1435; x_wconf 89' lang='lat' dir='ltr'><strong>liberari</strong></span> <span class='ocrx_word' id='word_1_205' title='bbox 2388 1380 2456 1434; x_wconf 89' lang='lat' dir='ltr'><strong>ab</strong></span> <span class='ocrx_word' id='word_1_206' title='bbox 2490 1379 2756 1433; x_wconf 86' lang='lat' dir='ltr'><strong>Antiocho</strong></span> <span class='ocrx_word' id='word_1_207' title='bbox 2803 1387 2857 1433; x_wconf 92' lang='lat' dir='ltr'><strong>et</strong></span> <span class='ocrx_word' id='word_1_208' title='bbox 2897 1379 3016 1434; x_wconf 91' lang='lat' dir='ltr'><strong>aliis</strong></span> <span class='ocrx_word' id='word_1_209' title='bbox 3052 1379 3412 1448; x_wconf 83' lang='lat' dir='ltr'><strong>persecutori-</strong></span> 
     </span>
    </p>
   </div>
   <div class='ocr_carea' id='block_1_28' title="bbox 1836 1467 3408 1537">
    <p class='ocr_par' dir='ltr' id='par_1_28' title="bbox 1836 1467 3408 1537">
     <span class='ocr_line' id='line_1_28' title="bbox 1836 1467 3408 1537; baseline -0.002 -13"><span class='ocrx_word' id='word_1_210' title='bbox 1836 1471 1956 1533; x_wconf 91' lang='lat' dir='ltr'><strong>bus,</strong></span> <span class='ocrx_word' id='word_1_211' title='bbox 1984 1470 2063 1523; x_wconf 93' lang='lat' dir='ltr'><strong>sic</strong></span> <span class='ocrx_word' id='word_1_212' title='bbox 2093 1469 2358 1532; x_wconf 86' lang='lat' dir='ltr'><strong>Ecclesia,</strong></span> <span class='ocrx_word' id='word_1_213' title='bbox 2403 1483 2470 1521; x_wconf 92' lang='lat' dir='ltr'><strong>ne</strong></span> <span class='ocrx_word' id='word_1_214' title='bbox 2498 1468 2781 1537; x_wconf 87' lang='lat' dir='ltr'><strong>aliquando</strong></span> <span class='ocrx_word' id='word_1_215' title='bbox 2820 1467 3134 1521; x_wconf 89' lang='lat' dir='ltr'><strong>devincatur</strong></span> <span class='ocrx_word' id='word_1_216' title='bbox 3163 1481 3193 1520; x_wconf 89' lang='lat' dir='ltr'><strong>a</strong></span> <span class='ocrx_word' id='word_1_217' title='bbox 3222 1481 3408 1535; x_wconf 71' lang='lat' dir='ltr'><strong>perse~</strong></span> 
     </span>
    </p>
   </div>
   <div class='ocr_carea' id='block_1_29' title="bbox 1837 1558 3412 1630">
    <p class='ocr_par' dir='ltr' id='par_1_29' title="bbox 1837 1558 3412 1630">
     <span class='ocr_line' id='line_1_29' title="bbox 1837 1558 3412 1630; baseline -0.003 -14"><span class='ocrx_word' id='word_1_218' title='bbox 1837 1571 2054 1627; x_wconf 90' lang='lat' dir='ltr'><strong>cutore;</strong></span> <span class='ocrx_word' id='word_1_219' title='bbox 2090 1563 2258 1616; x_wconf 90' lang='lat' dir='ltr'><strong>libera</strong></span> <span class='ocrx_word' id='word_1_220' title='bbox 2301 1563 2420 1616; x_wconf 92' lang='lat' dir='ltr'><strong>dico</strong></span> <span class='ocrx_word' id='word_1_221' title='bbox 2462 1579 2480 1613; x_wconf 84' lang='grc'><strong>‹</strong></span> <span class='ocrx_word' id='word_1_222' title='bbox 2518 1569 2572 1616; x_wconf 87' lang='grc' dir='ltr'><strong>ει</strong></span> <span class='ocrx_word' id='word_1_223' title='bbox 2611 1560 2874 1630; x_wconf 77' lang='lat' dir='ltr'><strong>pi-Opitius</strong></span> <span class='ocrx_word' id='word_1_224' title='bbox 2901 1567 3017 1613; x_wconf 89' lang='lat' dir='ltr'><strong>esto</strong></span> <span class='ocrx_word' id='word_1_225' title='bbox 3047 1558 3282 1627; x_wconf 87' lang='lat' dir='ltr'><strong>peccatis</strong></span> <span class='ocrx_word' id='word_1_226' title='bbox 3312 1571 3412 1612; x_wconf 93' lang='lat' dir='ltr'><strong>no-</strong></span> 
     </span>
    </p>
   </div>
   <div class='ocr_carea' id='block_1_30' title="bbox 1837 1650 3413 1724">
    <p class='ocr_par' dir='ltr' id='par_1_30' title="bbox 1837 1650 3413 1724">
     <span class='ocr_line' id='line_1_30' title="bbox 1837 1650 3413 1724; baseline -0.006 -14"><span class='ocrx_word' id='word_1_227' title='bbox 1837 1655 1986 1719; x_wconf 89' lang='lat' dir='ltr'><strong>stris,</strong></span> <span class='ocrx_word' id='word_1_228' title='bbox 2009 1663 2226 1724; x_wconf 90' lang='lat' dir='ltr'><strong>propter</strong></span> <span class='ocrx_word' id='word_1_229' title='bbox 2253 1669 2445 1708; x_wconf 90' lang='lat' dir='ltr'><strong>nomen</strong></span> <span class='ocrx_word' id='word_1_230' title='bbox 2479 1661 2647 1718; x_wconf 90' lang='lat' dir='ltr'><strong>tuum,</strong></span> <span class='ocrx_word' id='word_1_231' title='bbox 2679 1673 2696 1704; x_wconf 74' lang='grc' dir='ltr'><strong>ι</strong></span> <span class='ocrx_word' id='word_1_232' title='bbox 2730 1651 2971 1705; x_wconf 89' lang='lat' dir='ltr'><strong>utetiam</strong></span> <span class='ocrx_word' id='word_1_233' title='bbox 3011 1650 3123 1703; x_wconf 77' lang='lat' dir='ltr'><strong>haec</strong></span> <span class='ocrx_word' id='word_1_234' title='bbox 3163 1662 3413 1716; x_wconf 87' lang='lat' dir='ltr'><strong>persecu-</strong></span> 
     </span>
    </p>
   </div>
   <div class='ocr_carea' id='block_1_31' title="bbox 1839 1740 3412 1815">
    <p class='ocr_par' dir='ltr' id='par_1_31' title="bbox 1839 1740 3412 1815">
     <span class='ocr_line' id='line_1_31' title="bbox 1839 1740 3412 1815; baseline -0.003 -17"><span class='ocrx_word' id='word_1_235' title='bbox 1839 1746 1913 1799; x_wconf 93' lang='lat' dir='ltr'><strong>tio</strong></span> <span class='ocrx_word' id='word_1_236' title='bbox 1955 1761 2115 1815; x_wconf 91' lang='lat' dir='ltr'><strong>quam</strong></span> <span class='ocrx_word' id='word_1_237' title='bbox 2171 1746 2497 1799; x_wconf 89' lang='lat' dir='ltr'><strong>sustinemus</strong></span> <span class='ocrx_word' id='word_1_238' title='bbox 2549 1745 2621 1798; x_wconf 87' lang='lat' dir='ltr'><strong>sit</strong></span> <span class='ocrx_word' id='word_1_239' title='bbox 2675 1742 2970 1798; x_wconf 82' lang='lat' dir='ltr'><strong>destructio</strong></span> <span class='ocrx_word' id='word_1_240' title='bbox 3013 1750 3074 1796; x_wconf 5' lang='lat' dir='ltr'><strong>et,</strong></span> <span class='ocrx_word' id='word_1_241' title='bbox 3110 1740 3412 1795; x_wconf 91' lang='lat' dir='ltr'><strong>combustio</strong></span> 
     </span>
    </p>
   </div>
   <div class='ocr_carea' id='block_1_32' title="bbox 1839 1828 3414 1902">
    <p class='ocr_par' dir='ltr' id='par_1_32' title="bbox 1839 1828 3414 1902">
     <span class='ocr_line' id='line_1_32' title="bbox 1839 1828 3414 1902; baseline -0.002 -15"><span class='ocrx_word' id='word_1_242' title='bbox 1839 1842 2187 1902; x_wconf 84' lang='lat' dir='ltr'><strong>peccatorum</strong></span> <span class='ocrx_word' id='word_1_243' title='bbox 2225 1842 2550 1887; x_wconf 89' lang='lat' dir='ltr'><strong>nostrorum.</strong></span> <span class='ocrx_word' id='word_1_244' title='bbox 2594 1831 2725 1886; x_wconf 88' lang='lat' dir='ltr'><strong>Cum</strong></span> <span class='ocrx_word' id='word_1_245' title='bbox 2757 1831 2886 1885; x_wconf 88' lang='lat' dir='ltr'><strong>dicit</strong></span> <span class='ocrx_word' id='word_1_246' title='bbox 2909 1828 3121 1897; x_wconf 85' lang='lat' dir='ltr'><strong>adjuva,</strong></span> <span class='ocrx_word' id='word_1_247' title='bbox 3156 1828 3330 1882; x_wconf 89' lang='lat' dir='ltr'><strong>innuit</strong></span> <span class='ocrx_word' id='word_1_248' title='bbox 3353 1841 3414 1884; x_wconf 87' lang='lat' dir='ltr'><strong>se</strong></span> 
     </span>
    </p>
   </div>
   <div class='ocr_carea' id='block_1_33' title="bbox 161 1910 3413 1996">
    <p class='ocr_par' dir='ltr' id='par_1_33' title="bbox 161 1910 3413 1996">
     <span class='ocr_line' id='line_1_33' title="bbox 161 1910 3413 1996; baseline -0.001 -18"><span class='ocrx_word' id='word_1_249' title='bbox 161 1925 319 1990; x_wconf 88' lang='lat' dir='ltr'><strong>bant,</strong></span> <span class='ocrx_word' id='word_1_250' title='bbox 345 1933 398 1980; x_wconf 92' lang='lat' dir='ltr'><strong>et</strong></span> <span class='ocrx_word' id='word_1_251' title='bbox 422 1941 640 1981; x_wconf 88' lang='lat' dir='ltr'><strong>eramus</strong></span> <span class='ocrx_word' id='word_1_252' title='bbox 665 1927 817 1996; x_wconf 88' lang='lat' dir='ltr'><strong>quasi</strong></span> <span class='ocrx_word' id='word_1_253' title='bbox 847 1941 1034 1982; x_wconf 86' lang='lat' dir='ltr'><strong>eorum</strong></span> <span class='ocrx_word' id='word_1_254' title='bbox 1062 1927 1432 1995; x_wconf 89' lang='lat' dir='ltr'><strong>spectaculum</strong></span> <span class='ocrx_word' id='word_1_255' title='bbox 1465 1944 1485 1976; x_wconf 83' lang='grc'><strong><em>‹</em></strong></span> <span class='ocrx_word' id='word_1_256' title='bbox 1524 1926 1609 1979; x_wconf 86' lang='lat' dir='ltr'><strong>his</strong></span> <span class='ocrx_word' id='word_1_257' title='bbox 1647 1924 1738 1994; x_wconf 88' lang='lat' dir='ltr'><strong>qui</strong></span> <span class='ocrx_word' id='word_1_258' title='bbox 1767 1910 1815 1970; x_wconf 84' lang='grc' dir='ltr'>Β</span> <span class='ocrx_word' id='word_1_259' title='bbox 1843 1939 1909 1978; x_wconf 83' lang='lat' dir='ltr'><strong>ex</strong></span> <span class='ocrx_word' id='word_1_260' title='bbox 1966 1923 2212 1978; x_wconf 88' lang='lat' dir='ltr'><strong>libertate</strong></span> <span class='ocrx_word' id='word_1_261' title='bbox 2267 1924 2476 1978; x_wconf 87' lang='lat' dir='ltr'><strong>arbitrii</strong></span> <span class='ocrx_word' id='word_1_262' title='bbox 2537 1923 2734 1991; x_wconf 88' lang='lat' dir='ltr'><strong>aliquid</strong></span> <span class='ocrx_word' id='word_1_263' title='bbox 2792 1937 2967 1991; x_wconf 89' lang='lat' dir='ltr'><strong>posse.</strong></span> <span class='ocrx_word' id='word_1_264' title='bbox 3031 1921 3233 1991; x_wconf 83' lang='lat' dir='ltr'><strong>Adjuva</strong></span> <span class='ocrx_word' id='word_1_265' title='bbox 3289 1919 3413 1976; x_wconf 91' lang='lat' dir='ltr'><strong>dico</strong></span> 
     </span>
    </p>
   </div>
   <div class='ocr_carea' id='block_1_34' title="bbox 162 2014 1740 2072">
    <p class='ocr_par' dir='ltr' id='par_1_34' title="bbox 162 2014 1740 2072">
     <span class='ocr_line' id='line_1_34' title="bbox 162 2014 1740 2072; baseline -0.001 -2"><span class='ocrx_word' id='word_1_266' title='bbox 162 2017 224 2070; x_wconf 87' lang='lat' dir='ltr'><strong>in</strong></span> <span class='ocrx_word' id='word_1_267' title='bbox 255 2017 483 2072; x_wconf 87' lang='lat' dir='ltr'><strong>circuitu</strong></span> <span class='ocrx_word' id='word_1_268' title='bbox 524 2025 708 2071; x_wconf 90' lang='lat' dir='ltr'><strong>nostro</strong></span> <span class='ocrx_word' id='word_1_269' title='bbox 733 2025 874 2072; x_wconf 90' lang='lat' dir='ltr'><strong>sunt.</strong></span> <span class='ocrx_word' id='word_1_270' title='bbox 923 2037 942 2068; x_wconf 75' lang='grc' dir='ltr'><strong>ι</strong></span> <span class='ocrx_word' id='word_1_271' title='bbox 977 2016 1079 2071; x_wconf 91' lang='lat' dir='ltr'><strong>Per</strong></span> <span class='ocrx_word' id='word_1_272' title='bbox 1115 2018 1228 2072; x_wconf 61' lang='lat' dir='ltr'><strong>haec</strong></span> <span class='ocrx_word' id='word_1_273' title='bbox 1256 2018 1439 2072; x_wconf 88' lang='lat' dir='ltr'><strong>omnia</strong></span> <span class='ocrx_word' id='word_1_274' title='bbox 1467 2015 1579 2069; x_wconf 89' lang='lat' dir='ltr'><strong>vult</strong></span> <span class='ocrx_word' id='word_1_275' title='bbox 1607 2014 1740 2069; x_wconf 90' lang='lat' dir='ltr'><strong>Pro-</strong></span> 
     </span>
    </p>
   </div>
   <div class='ocr_carea' id='block_1_35' title="bbox 162 2107 1741 2179">
    <p class='ocr_par' dir='ltr' id='par_1_35' title="bbox 162 2107 1741 2179">
     <span class='ocr_line' id='line_1_35' title="bbox 162 2107 1741 2179; baseline -0.001 -17"><span class='ocrx_word' id='word_1_276' title='bbox 162 2110 330 2179; x_wconf 89' lang='lat' dir='ltr'><strong>pheta</strong></span> <span class='ocrx_word' id='word_1_277' title='bbox 355 2124 690 2164; x_wconf 90' lang='lat' dir='ltr'><strong>commovere</strong></span> <span class='ocrx_word' id='word_1_278' title='bbox 718 2111 886 2165; x_wconf 90' lang='lat' dir='ltr'><strong>Deum</strong></span> <span class='ocrx_word' id='word_1_279' title='bbox 931 2109 1167 2177; x_wconf 78' lang='lat' dir='ltr'><strong>iudicem</strong></span> <span class='ocrx_word' id='word_1_280' title='bbox 1213 2111 1282 2163; x_wconf 90' lang='lat' dir='ltr'><strong>ad</strong></span> <span class='ocrx_word' id='word_1_281' title='bbox 1312 2107 1741 2163; x_wconf 90' lang='lat' dir='ltr'><strong>misericordiam</strong></span> 
     </span>
    </p>
   </div>
   <div class='ocr_carea' id='block_1_36' title="bbox 159 2198 1743 2269">
    <p class='ocr_par' dir='ltr' id='par_1_36' title="bbox 159 2198 1743 2269">
     <span class='ocr_line' id='line_1_36' title="bbox 159 2198 1743 2269; baseline 0 -18"><span class='ocrx_word' id='word_1_282' title='bbox 159 2213 295 2267; x_wconf 88' lang='lat' dir='ltr'><strong>erga</strong></span> <span class='ocrx_word' id='word_1_283' title='bbox 325 2199 576 2269; x_wconf 85' lang='lat' dir='ltr'><strong>populum</strong></span> <span class='ocrx_word' id='word_1_284' title='bbox 611 2215 789 2254; x_wconf 91' lang='lat' dir='ltr'><strong>suum.</strong></span> <span class='ocrx_word' id='word_1_285' title='bbox 826 2199 950 2256; x_wconf 53' lang='lat' dir='ltr'><strong>Hac</strong></span> <span class='ocrx_word' id='word_1_286' title='bbox 977 2201 1164 2255; x_wconf 90' lang='lat' dir='ltr'><strong>eadem</strong></span> <span class='ocrx_word' id='word_1_287' title='bbox 1194 2199 1335 2255; x_wconf 87' lang='lat' dir='ltr'><strong>mala</strong></span> <span class='ocrx_word' id='word_1_288' title='bbox 1363 2206 1489 2254; x_wconf 90' lang='lat' dir='ltr'><strong>sunt</strong></span> <span class='ocrx_word' id='word_1_289' title='bbox 1524 2198 1743 2252; x_wconf 88' lang='lat' dir='ltr'><strong>inventa</strong></span> 
     </span>
    </p>
   </div>
   <div class='ocr_carea' id='block_1_37' title="bbox 162 2287 907 2345">
    <p class='ocr_par' dir='ltr' id='par_1_37' title="bbox 162 2287 907 2345">
     <span class='ocr_line' id='line_1_37' title="bbox 162 2287 907 2345; baseline 0.001 -3"><span class='ocrx_word' id='word_1_290' title='bbox 162 2288 222 2342; x_wconf 88' lang='lat' dir='ltr'><strong>in</strong></span> <span class='ocrx_word' id='word_1_291' title='bbox 253 2287 494 2345; x_wconf 86' lang='lat' dir='ltr'><strong>Ecclesia</strong></span> <span class='ocrx_word' id='word_1_292' title='bbox 516 2289 702 2344; x_wconf 90' lang='lat' dir='ltr'><strong>eodem</strong></span> <span class='ocrx_word' id='word_1_293' title='bbox 730 2290 907 2344; x_wconf 89' lang='lat' dir='ltr'><strong>modo.</strong></span> 
     </span>
    </p>
   </div>
   <div class='ocr_carea' id='block_1_38' title="bbox 243 2397 1742 2469">
    <p class='ocr_par' dir='ltr' id='par_1_38' title="bbox 243 2397 1742 2469">
     <span class='ocr_line' id='line_1_38' title="bbox 243 2397 1742 2469; baseline 0 -17"><span class='ocrx_word' id='word_1_294' title='bbox 243 2417 262 2450; x_wconf 70' lang='grc' dir='ltr'><strong>ι</strong></span> <span class='ocrx_word' id='word_1_295' title='bbox 313 2397 622 2469; x_wconf 90' lang='lat' dir='ltr'><strong>Usquequo.</strong></span> <span class='ocrx_word' id='word_1_296' title='bbox 663 2420 682 2453; x_wconf 83' lang='grc'><strong>›</strong></span> <span class='ocrx_word' id='word_1_297' title='bbox 719 2400 850 2456; x_wconf 90' lang='lat' dir='ltr'><strong>Pars</strong></span> <span class='ocrx_word' id='word_1_298' title='bbox 888 2402 1139 2457; x_wconf 89' lang='lat' dir='ltr'><strong>secunda.</strong></span> <span class='ocrx_word' id='word_1_299' title='bbox 1185 2401 1310 2456; x_wconf 74' lang='lat' dir='ltr'><strong>Haec</strong></span> <span class='ocrx_word' id='word_1_300' title='bbox 1349 2400 1488 2454; x_wconf 88' lang='lat' dir='ltr'><strong>mala</strong></span> <span class='ocrx_word' id='word_1_301' title='bbox 1518 2399 1742 2453; x_wconf 88' lang='lat' dir='ltr'><strong>veniunt</strong></span> 
     </span>
    </p>
   </div>
   <div class='ocr_carea' id='block_1_39' title="bbox 165 2488 1739 2562">
    <p class='ocr_par' dir='ltr' id='par_1_39' title="bbox 165 2488 1739 2562">
     <span class='ocr_line' id='line_1_39' title="bbox 165 2488 1739 2562; baseline 0.001 -20"><span class='ocrx_word' id='word_1_302' title='bbox 165 2488 362 2559; x_wconf 91' lang='lat' dir='ltr'><strong>populo</strong></span> <span class='ocrx_word' id='word_1_303' title='bbox 383 2498 493 2562; x_wconf 86' lang='lat' dir='ltr'><strong>tuo,</strong></span> <span class='ocrx_word' id='word_1_304' title='bbox 521 2489 611 2545; x_wconf 89' lang='lat' dir='ltr'><strong>sed</strong></span> <span class='ocrx_word' id='word_1_305' title='bbox 643 2510 662 2542; x_wconf 86' lang='grc'><strong><em>‹</em></strong></span> <span class='ocrx_word' id='word_1_306' title='bbox 695 2507 990 2561; x_wconf 90' lang='lat' dir='ltr'><strong>usquequo,</strong></span> <span class='ocrx_word' id='word_1_307' title='bbox 1033 2491 1280 2555; x_wconf 88' lang='lat' dir='ltr'><strong>Domine,</strong></span> <span class='ocrx_word' id='word_1_308' title='bbox 1315 2491 1600 2545; x_wconf 83' lang='lat' dir='ltr'><strong>irasceris?</strong></span> <span class='ocrx_word' id='word_1_309' title='bbox 1633 2510 1651 2542; x_wconf 76' lang='grc' dir='ltr'><strong>ι</strong></span> <span class='ocrx_word' id='word_1_310' title='bbox 1683 2490 1739 2543; x_wconf 91' lang='lat' dir='ltr'><strong>ld</strong></span> 
     </span>
    </p>
   </div>
   <div class='ocr_carea' id='block_1_40' title="bbox 166 2579 1741 2650">
    <p class='ocr_par' dir='ltr' id='par_1_40' title="bbox 166 2579 1741 2650">
     <span class='ocr_line' id='line_1_40' title="bbox 166 2579 1741 2650; baseline -0.001 -16"><span class='ocrx_word' id='word_1_311' title='bbox 166 2589 270 2645; x_wconf 91' lang='lat' dir='ltr'><strong>est,</strong></span> <span class='ocrx_word' id='word_1_312' title='bbox 307 2582 460 2649; x_wconf 88' lang='lat' dir='ltr'><strong>quasi</strong></span> <span class='ocrx_word' id='word_1_313' title='bbox 497 2581 666 2636; x_wconf 89' lang='lat' dir='ltr'><strong>iratus</strong></span> <span class='ocrx_word' id='word_1_314' title='bbox 695 2582 944 2650; x_wconf 90' lang='lat' dir='ltr'><strong>populum</strong></span> <span class='ocrx_word' id='word_1_315' title='bbox 972 2590 1118 2635; x_wconf 90' lang='lat' dir='ltr'><strong>tuum</strong></span> <span class='ocrx_word' id='word_1_316' title='bbox 1157 2581 1400 2636; x_wconf 88' lang='lat' dir='ltr'><strong>tribulari</strong></span> <span class='ocrx_word' id='word_1_317' title='bbox 1435 2579 1741 2650; x_wconf 84' lang='lat' dir='ltr'><strong>permittis?</strong></span> 
     </span>
    </p>
   </div>
   <div class='ocr_carea' id='block_1_41' title="bbox 169 2670 1739 2741">
    <p class='ocr_par' dir='ltr' id='par_1_41' title="bbox 169 2670 1739 2741">
     <span class='ocr_line' id='line_1_41' title="bbox 169 2670 1739 2741; baseline 0.001 -18"><span class='ocrx_word' id='word_1_318' title='bbox 169 2670 285 2723; x_wconf 87' lang='lat' dir='ltr'><strong>Erit</strong></span> <span class='ocrx_word' id='word_1_319' title='bbox 312 2671 414 2725; x_wconf 90' lang='lat' dir='ltr'><strong>hoc</strong></span> <span class='ocrx_word' id='word_1_320' title='bbox 436 2685 606 2740; x_wconf 91' lang='lat' dir='ltr'><strong>usque</strong></span> <span class='ocrx_word' id='word_1_321' title='bbox 637 2689 656 2721; x_wconf 85' lang='grc'><em>‹</em></span> <span class='ocrx_word' id='word_1_322' title='bbox 691 2672 742 2725; x_wconf 90' lang='lat' dir='ltr'><strong>in</strong></span> <span class='ocrx_word' id='word_1_323' title='bbox 765 2671 948 2736; x_wconf 88' lang='lat' dir='ltr'><strong>finem,</strong></span> <span class='ocrx_word' id='word_1_324' title='bbox 986 2689 1004 2722; x_wconf 69' lang='grc' dir='ltr'><strong>ι</strong></span> <span class='ocrx_word' id='word_1_325' title='bbox 1043 2671 1096 2724; x_wconf 91' lang='lat' dir='ltr'><strong>id</strong></span> <span class='ocrx_word' id='word_1_326' title='bbox 1115 2680 1217 2734; x_wconf 90' lang='lat' dir='ltr'><strong>est,</strong></span> <span class='ocrx_word' id='word_1_327' title='bbox 1248 2687 1417 2741; x_wconf 88' lang='lat' dir='ltr'><strong>usque</strong></span> <span class='ocrx_word' id='word_1_328' title='bbox 1440 2672 1505 2724; x_wconf 87' lang='lat' dir='ltr'><strong>ad</strong></span> <span class='ocrx_word' id='word_1_329' title='bbox 1529 2679 1739 2739; x_wconf 86' lang='lat' dir='ltr'><strong>tempus</strong></span> 
     </span>
    </p>
   </div>
   <div class='ocr_carea' id='block_1_42' title="bbox 169 2760 1742 2830">
    <p class='ocr_par' dir='ltr' id='par_1_42' title="bbox 169 2760 1742 2830">
     <span class='ocr_line' id='line_1_42' title="bbox 169 2760 1742 2830; baseline 0.001 -18"><span class='ocrx_word' id='word_1_330' title='bbox 169 2761 370 2829; x_wconf 69' lang='lat' dir='ltr'><strong>gratiae.</strong></span> <span class='ocrx_word' id='word_1_331' title='bbox 410 2760 477 2815; x_wconf 89' lang='lat' dir='ltr'><strong>Et</strong></span> <span class='ocrx_word' id='word_1_332' title='bbox 500 2776 777 2830; x_wconf 89' lang='lat' dir='ltr'><strong>usquequo</strong></span> <span class='ocrx_word' id='word_1_333' title='bbox 812 2781 830 2812; x_wconf 89' lang='grc'><em>‹</em></span> <span class='ocrx_word' id='word_1_334' title='bbox 875 2761 1217 2826; x_wconf 89' lang='lat' dir='ltr'><strong>accendetur,</strong></span> <span class='ocrx_word' id='word_1_335' title='bbox 1253 2780 1272 2812; x_wconf 73' lang='grc' dir='ltr'><strong>ι</strong></span> <span class='ocrx_word' id='word_1_336' title='bbox 1318 2762 1371 2816; x_wconf 90' lang='lat' dir='ltr'><strong>id</strong></span> <span class='ocrx_word' id='word_1_337' title='bbox 1413 2770 1515 2826; x_wconf 89' lang='lat' dir='ltr'><strong>est,</strong></span> <span class='ocrx_word' id='word_1_338' title='bbox 1561 2761 1742 2816; x_wconf 90' lang='lat' dir='ltr'><strong>multi-</strong></span> 
     </span>
    </p>
   </div>
   <div class='ocr_carea' id='block_1_43' title="bbox 166 2849 1736 2920">
    <p class='ocr_par' dir='ltr' id='par_1_43' title="bbox 166 2849 1736 2920">
     <span class='ocr_line' id='line_1_43' title="bbox 166 2849 1736 2920; baseline 0.001 -19"><span class='ocrx_word' id='word_1_339' title='bbox 166 2849 455 2918; x_wconf 88' lang='lat' dir='ltr'><strong>plicabitur</strong></span> <span class='ocrx_word' id='word_1_340' title='bbox 491 2849 556 2903; x_wconf 89' lang='lat' dir='ltr'><strong>ad</strong></span> <span class='ocrx_word' id='word_1_341' title='bbox 601 2851 898 2920; x_wconf 91' lang='lat' dir='ltr'><strong>puniendos</strong></span> <span class='ocrx_word' id='word_1_342' title='bbox 926 2859 1043 2905; x_wconf 92' lang='lat' dir='ltr'><strong>tuos</strong></span> <span class='ocrx_word' id='word_1_343' title='bbox 1079 2868 1098 2900; x_wconf 71' lang='grc' dir='ltr'><strong>ι</strong></span> <span class='ocrx_word' id='word_1_344' title='bbox 1143 2851 1288 2905; x_wconf 81' lang='lat' dir='ltr'><strong>zelus</strong></span> <span class='ocrx_word' id='word_1_345' title='bbox 1330 2860 1475 2916; x_wconf 90' lang='lat' dir='ltr'><strong>tuus,</strong></span> <span class='ocrx_word' id='word_1_346' title='bbox 1503 2869 1521 2900; x_wconf 73' lang='grc' dir='ltr'><strong>ι</strong></span> <span class='ocrx_word' id='word_1_347' title='bbox 1553 2851 1605 2904; x_wconf 90' lang='lat' dir='ltr'><strong>id</strong></span> <span class='ocrx_word' id='word_1_348' title='bbox 1634 2858 1736 2914; x_wconf 86' lang='lat' dir='ltr'><strong>est,</strong></span> 
     </span>
    </p>
   </div>
   <div class='ocr_carea' id='block_1_44' title="bbox 173 2940 1740 3011">
    <p class='ocr_par' dir='ltr' id='par_1_44' title="bbox 173 2940 1740 3011">
     <span class='ocr_line' id='line_1_44' title="bbox 173 2940 1740 3011; baseline 0 -17"><span class='ocrx_word' id='word_1_349' title='bbox 173 2941 468 3011; x_wconf 79' lang='lat' dir='ltr'><strong>indignatio</strong></span> <span class='ocrx_word' id='word_1_350' title='bbox 523 2957 621 3011; x_wconf 85' lang='lat' dir='ltr'><strong>pro</strong></span> <span class='ocrx_word' id='word_1_351' title='bbox 664 2943 901 3010; x_wconf 89' lang='lat' dir='ltr'><strong>peccatis</strong></span> <span class='ocrx_word' id='word_1_352' title='bbox 947 2957 1136 2998; x_wconf 90' lang='lat' dir='ltr'><strong>eorum</strong></span> <span class='ocrx_word' id='word_1_353' title='bbox 1188 2943 1466 2998; x_wconf 79' lang='lat' dir='ltr'><strong>exhibita?</strong></span> <span class='ocrx_word' id='word_1_354' title='bbox 1523 2961 1541 2992; x_wconf 93' lang='grc'><em>‹</em></span> <span class='ocrx_word' id='word_1_355' title='bbox 1592 2940 1740 2996; x_wconf 90' lang='lat' dir='ltr'><strong>velut</strong></span> 
     </span>
    </p>
   </div>
   <div class='ocr_carea' id='block_1_45' title="bbox 172 3029 1732 3100">
    <p class='ocr_par' dir='ltr' id='par_1_45' title="bbox 172 3029 1732 3100">
     <span class='ocr_line' id='line_1_45' title="bbox 172 3029 1732 3100; baseline 0.003 -19"><span class='ocrx_word' id='word_1_356' title='bbox 172 3029 310 3098; x_wconf 80' lang='lat' dir='ltr'><strong>ignis</strong></span> <span class='ocrx_word' id='word_1_357' title='bbox 344 3049 363 3081; x_wconf 77' lang='grc' dir='ltr'><strong>ι</strong></span> <span class='ocrx_word' id='word_1_358' title='bbox 392 3033 505 3100; x_wconf 92' lang='lat' dir='ltr'><strong>qui,</strong></span> <span class='ocrx_word' id='word_1_359' title='bbox 534 3032 771 3100; x_wconf 92' lang='lat' dir='ltr'><strong>quandiu</strong></span> <span class='ocrx_word' id='word_1_360' title='bbox 818 3033 1097 3087; x_wconf 85' lang='lat' dir='ltr'><strong>materiam</strong></span> <span class='ocrx_word' id='word_1_361' title='bbox 1133 3033 1357 3098; x_wconf 87' lang='lat' dir='ltr'><strong>invenit,</strong></span> <span class='ocrx_word' id='word_1_362' title='bbox 1389 3047 1495 3087; x_wconf 90' lang='lat' dir='ltr'><strong>non</strong></span> <span class='ocrx_word' id='word_1_363' title='bbox 1524 3032 1732 3087; x_wconf 80' lang='lat' dir='ltr'><strong>deficit:</strong></span> 
     </span>
    </p>
   </div>
   <div class='ocr_carea' id='block_1_46' title="bbox 172 3121 1734 3195">
    <p class='ocr_par' dir='ltr' id='par_1_46' title="bbox 172 3121 1734 3195">
     <span class='ocr_line' id='line_1_46' title="bbox 172 3121 1734 3195; baseline 0.002 -22"><span class='ocrx_word' id='word_1_364' title='bbox 172 3121 327 3190; x_wconf 89' lang='lat' dir='ltr'><strong>quasi</strong></span> <span class='ocrx_word' id='word_1_365' title='bbox 377 3122 559 3176; x_wconf 88' lang='lat' dir='ltr'><strong>tandiu</strong></span> <span class='ocrx_word' id='word_1_366' title='bbox 593 3123 893 3188; x_wconf 81' lang='lat' dir='ltr'><strong>tribulatio,</strong></span> <span class='ocrx_word' id='word_1_367' title='bbox 937 3125 1168 3194; x_wconf 89' lang='lat' dir='ltr'><strong>quandiu</strong></span> <span class='ocrx_word' id='word_1_368' title='bbox 1197 3125 1413 3195; x_wconf 89' lang='lat' dir='ltr'><strong>aliquod</strong></span> <span class='ocrx_word' id='word_1_369' title='bbox 1453 3125 1734 3193; x_wconf 83' lang='lat' dir='ltr'><strong>peccatum</strong></span> 
     </span>
    </p>
   </div>
   <div class='ocr_carea' id='block_1_47' title="bbox 176 3214 1736 3286">
    <p class='ocr_par' dir='ltr' id='par_1_47' title="bbox 176 3214 1736 3286">
     <span class='ocr_line' id='line_1_47' title="bbox 176 3214 1736 3286; baseline 0.001 -20"><span class='ocrx_word' id='word_1_370' title='bbox 176 3214 510 3283; x_wconf 87' lang='lat' dir='ltr'><strong>purgandum</strong></span> <span class='ocrx_word' id='word_1_371' title='bbox 534 3216 653 3269; x_wconf 91' lang='lat' dir='ltr'><strong>erit.</strong></span> <span class='ocrx_word' id='word_1_372' title='bbox 673 3215 767 3270; x_wconf 82' lang='lat' dir='ltr'><strong>Vel</strong></span> <span class='ocrx_word' id='word_1_373' title='bbox 790 3216 898 3286; x_wconf 89' lang='lat' dir='ltr'><strong>igni</strong></span> <span class='ocrx_word' id='word_1_374' title='bbox 923 3217 1070 3271; x_wconf 88' lang='lat' dir='ltr'><strong>zelus</strong></span> <span class='ocrx_word' id='word_1_375' title='bbox 1092 3217 1186 3272; x_wconf 86' lang='lat' dir='ltr'><strong>Dei</strong></span> <span class='ocrx_word' id='word_1_376' title='bbox 1207 3224 1549 3284; x_wconf 89' lang='lat' dir='ltr'><strong>comparatur</strong></span> <span class='ocrx_word' id='word_1_377' title='bbox 1573 3232 1586 3268; x_wconf 91' lang='lat'><strong>:</strong></span> <span class='ocrx_word' id='word_1_378' title='bbox 1611 3216 1736 3284; x_wconf 89' lang='lat' dir='ltr'><strong>quia</strong></span> 
     </span>
    </p>
   </div>
   <div class='ocr_carea' id='block_1_48' title="bbox 176 3303 1743 3375">
    <p class='ocr_par' dir='ltr' id='par_1_48' title="bbox 176 3303 1743 3375">
     <span class='ocr_line' id='line_1_48' title="bbox 176 3303 1743 3375; baseline 0.001 -17"><span class='ocrx_word' id='word_1_379' title='bbox 176 3303 318 3358; x_wconf 89' lang='lat' dir='ltr'><strong>sicut</strong></span> <span class='ocrx_word' id='word_1_380' title='bbox 347 3304 486 3375; x_wconf 91' lang='lat' dir='ltr'><strong>ignis</strong></span> <span class='ocrx_word' id='word_1_381' title='bbox 513 3305 692 3359; x_wconf 91' lang='lat' dir='ltr'><strong>mollia</strong></span> <span class='ocrx_word' id='word_1_382' title='bbox 719 3306 1005 3371; x_wconf 91' lang='lat' dir='ltr'><strong>comburit,</strong></span> <span class='ocrx_word' id='word_1_383' title='bbox 1049 3315 1104 3359; x_wconf 92' lang='lat' dir='ltr'><strong>et</strong></span> <span class='ocrx_word' id='word_1_384' title='bbox 1139 3307 1269 3359; x_wconf 91' lang='lat' dir='ltr'><strong>dura</strong></span> <span class='ocrx_word' id='word_1_385' title='bbox 1296 3304 1519 3358; x_wconf 84' lang='lat' dir='ltr'><strong>fortiora</strong></span> <span class='ocrx_word' id='word_1_386' title='bbox 1548 3313 1603 3358; x_wconf 90' lang='lat' dir='ltr'><strong>et</strong></span> <span class='ocrx_word' id='word_1_387' title='bbox 1623 3319 1743 3374; x_wconf 89' lang='lat' dir='ltr'><strong>pro-</strong></span> 
     </span>
    </p>
   </div>
   <div class='ocr_carea' id='block_1_49' title="bbox 179 3393 1742 3460">
    <p class='ocr_par' dir='ltr' id='par_1_49' title="bbox 179 3393 1742 3460">
     <span class='ocr_line' id='line_1_49' title="bbox 179 3393 1742 3460; baseline 0 -12"><span class='ocrx_word' id='word_1_388' title='bbox 179 3394 308 3448; x_wconf 89' lang='lat' dir='ltr'><strong>bata</strong></span> <span class='ocrx_word' id='word_1_389' title='bbox 337 3395 532 3460; x_wconf 92' lang='lat' dir='ltr'><strong>reddit,</strong></span> <span class='ocrx_word' id='word_1_390' title='bbox 586 3395 664 3448; x_wconf 92' lang='lat' dir='ltr'><strong>sic</strong></span> <span class='ocrx_word' id='word_1_391' title='bbox 691 3393 967 3448; x_wconf 87' lang='lat' dir='ltr'><strong>tribulatio</strong></span> <span class='ocrx_word' id='word_1_392' title='bbox 1002 3395 1189 3448; x_wconf 90' lang='lat' dir='ltr'><strong>molles</strong></span> <span class='ocrx_word' id='word_1_393' title='bbox 1221 3395 1490 3449; x_wconf 88' lang='lat' dir='ltr'><strong>consumit</strong></span> <span class='ocrx_word' id='word_1_394' title='bbox 1517 3402 1573 3448; x_wconf 91' lang='lat' dir='ltr'><strong>et</strong></span> <span class='ocrx_word' id='word_1_395' title='bbox 1608 3394 1742 3449; x_wconf 84' lang='lat' dir='ltr'><strong>defi-</strong></span> 
     </span>
    </p>
   </div>
   <div class='ocr_carea' id='block_1_50' title="bbox 179 3483 1323 3552">
    <p class='ocr_par' dir='ltr' id='par_1_50' title="bbox 179 3483 1323 3552">
     <span class='ocr_line' id='line_1_50' title="bbox 179 3483 1323 3552; baseline -0.002 -13"><span class='ocrx_word' id='word_1_396' title='bbox 179 3497 305 3540; x_wconf 85' lang='lat' dir='ltr'><strong>cere</strong></span> <span class='ocrx_word' id='word_1_397' title='bbox 320 3484 480 3549; x_wconf 88' lang='lat' dir='ltr'><strong>facit;</strong></span> <span class='ocrx_word' id='word_1_398' title='bbox 507 3483 762 3552; x_wconf 89' lang='lat' dir='ltr'><strong>probatos</strong></span> <span class='ocrx_word' id='word_1_399' title='bbox 788 3497 918 3537; x_wconf 89' lang='lat' dir='ltr'><strong>vero</strong></span> <span class='ocrx_word' id='word_1_400' title='bbox 939 3483 1106 3538; x_wconf 86' lang='lat' dir='ltr'><strong>fortes</strong></span> <span class='ocrx_word' id='word_1_401' title='bbox 1131 3483 1323 3537; x_wconf 92' lang='lat' dir='ltr'><strong>reddit.</strong></span> 
     </span>
    </p>
   </div>
   <div class='ocr_carea' id='block_1_51' title="bbox 253 3589 1748 3661">
    <p class='ocr_par' dir='ltr' id='par_1_51' title="bbox 253 3589 1748 3661">
     <span class='ocr_line' id='line_1_51' title="bbox 253 3589 1748 3661; baseline 0.003 -17"><span class='ocrx_word' id='word_1_402' title='bbox 253 3589 398 3656; x_wconf 83' lang='lat' dir='ltr'><strong>Noli,</strong></span> <span class='ocrx_word' id='word_1_403' title='bbox 419 3590 571 3656; x_wconf 91' lang='lat' dir='ltr'><strong>dico,</strong></span> <span class='ocrx_word' id='word_1_404' title='bbox 603 3591 764 3645; x_wconf 91' lang='lat' dir='ltr'><strong>irasci</strong></span> <span class='ocrx_word' id='word_1_405' title='bbox 796 3591 990 3661; x_wconf 88' lang='lat' dir='ltr'><strong>populo</strong></span> <span class='ocrx_word' id='word_1_406' title='bbox 1035 3601 1146 3658; x_wconf 90' lang='lat' dir='ltr'><strong>tuo,</strong></span> <span class='ocrx_word' id='word_1_407' title='bbox 1193 3593 1287 3647; x_wconf 90' lang='lat' dir='ltr'><strong>sed</strong></span> <span class='ocrx_word' id='word_1_408' title='bbox 1321 3610 1338 3642; x_wconf 74' lang='grc' dir='ltr'><strong>ι</strong></span> <span class='ocrx_word' id='word_1_409' title='bbox 1375 3591 1605 3657; x_wconf 88' lang='lat' dir='ltr'><strong>effunde,</strong></span> <span class='ocrx_word' id='word_1_410' title='bbox 1640 3612 1658 3645; x_wconf 75' lang='grc' dir='ltr'><strong>ι</strong></span> <span class='ocrx_word' id='word_1_411' title='bbox 1693 3594 1748 3648; x_wconf 92' lang='lat' dir='ltr'><strong>id</strong></span> 
     </span>
    </p>
   </div>
   <div class='ocr_carea' id='block_1_52' title="bbox 183 3681 1748 3750">
    <p class='ocr_par' dir='ltr' id='par_1_52' title="bbox 183 3681 1748 3750">
     <span class='ocr_line' id='line_1_52' title="bbox 183 3681 1748 3750; baseline 0.003 -17"><span class='ocrx_word' id='word_1_412' title='bbox 183 3688 286 3745; x_wconf 90' lang='lat' dir='ltr'><strong>est,</strong></span> <span class='ocrx_word' id='word_1_413' title='bbox 331 3695 453 3734; x_wconf 89' lang='lat' dir='ltr'><strong>cum</strong></span> <span class='ocrx_word' id='word_1_414' title='bbox 498 3694 690 3750; x_wconf 90' lang='lat' dir='ltr'><strong>magna</strong></span> <span class='ocrx_word' id='word_1_415' title='bbox 727 3681 876 3750; x_wconf 90' lang='lat' dir='ltr'><strong>copia</strong></span> <span class='ocrx_word' id='word_1_416' title='bbox 921 3681 1150 3736; x_wconf 91' lang='lat' dir='ltr'><strong>immitte</strong></span> <span class='ocrx_word' id='word_1_417' title='bbox 1188 3701 1206 3732; x_wconf 88' lang='grc'><em>‹</em></span> <span class='ocrx_word' id='word_1_418' title='bbox 1258 3682 1394 3736; x_wconf 90' lang='lat' dir='ltr'><strong>iram</strong></span> <span class='ocrx_word' id='word_1_419' title='bbox 1432 3690 1598 3747; x_wconf 90' lang='lat' dir='ltr'><strong>tuam,</strong></span> <span class='ocrx_word' id='word_1_420' title='bbox 1641 3701 1660 3733; x_wconf 71' lang='grc' dir='ltr'><strong>ι</strong></span> <span class='ocrx_word' id='word_1_421' title='bbox 1695 3684 1748 3737; x_wconf 90' lang='lat' dir='ltr'><strong>id</strong></span> 
     </span>
    </p>
   </div>
   <div class='ocr_carea' id='block_1_53' title="bbox 184 3771 1746 3842">
    <p class='ocr_par' dir='ltr' id='par_1_53' title="bbox 184 3771 1746 3842">
     <span class='ocr_line' id='line_1_53' title="bbox 184 3771 1746 3842; baseline 0.001 -17"><span class='ocrx_word' id='word_1_422' title='bbox 184 3779 287 3834; x_wconf 90' lang='lat' dir='ltr'><strong>est,</strong></span> <span class='ocrx_word' id='word_1_423' title='bbox 339 3771 628 3824; x_wconf 87' lang='lat' dir='ltr'><strong>vindictam</strong></span> <span class='ocrx_word' id='word_1_424' title='bbox 659 3779 803 3824; x_wconf 89' lang='lat' dir='ltr'><strong>tuam</strong></span> <span class='ocrx_word' id='word_1_425' title='bbox 854 3790 872 3822; x_wconf 73' lang='grc' dir='ltr'><strong>ι</strong></span> <span class='ocrx_word' id='word_1_426' title='bbox 908 3772 960 3825; x_wconf 87' lang='lat' dir='ltr'><strong>in</strong></span> <span class='ocrx_word' id='word_1_427' title='bbox 997 3780 1203 3840; x_wconf 77' lang='lat' dir='ltr'><strong>gentes,</strong></span> <span class='ocrx_word' id='word_1_428' title='bbox 1243 3791 1262 3825; x_wconf 72' lang='grc' dir='ltr'><strong>ι</strong></span> <span class='ocrx_word' id='word_1_429' title='bbox 1311 3773 1364 3826; x_wconf 90' lang='lat' dir='ltr'><strong>id</strong></span> <span class='ocrx_word' id='word_1_430' title='bbox 1395 3781 1494 3834; x_wconf 89' lang='lat' dir='ltr'><strong>est,</strong></span> <span class='ocrx_word' id='word_1_431' title='bbox 1534 3773 1585 3827; x_wconf 92' lang='lat' dir='ltr'><strong>in</strong></span> <span class='ocrx_word' id='word_1_432' title='bbox 1617 3787 1746 3842; x_wconf 86' lang='lat' dir='ltr'><strong>gen-</strong></span> 
     </span>
    </p>
   </div>
   <div class='ocr_carea' id='block_1_54' title="bbox 180 3860 1749 3930">
    <p class='ocr_par' dir='ltr' id='par_1_54' title="bbox 180 3860 1749 3930">
     <span class='ocr_line' id='line_1_54' title="bbox 180 3860 1749 3930; baseline 0.001 -15"><span class='ocrx_word' id='word_1_433' title='bbox 180 3861 306 3915; x_wconf 90' lang='lat' dir='ltr'><strong>tiles</strong></span> <span class='ocrx_word' id='word_1_434' title='bbox 327 3860 465 3927; x_wconf 90' lang='lat' dir='ltr'><strong>illos,</strong></span> <span class='ocrx_word' id='word_1_435' title='bbox 498 3882 516 3912; x_wconf 87' lang='grc'><em>‹</em></span> <span class='ocrx_word' id='word_1_436' title='bbox 545 3876 664 3930; x_wconf 69' lang='lat' dir='ltr'><strong>qua:</strong></span> <span class='ocrx_word' id='word_1_437' title='bbox 687 3869 738 3916; x_wconf 90' lang='lat' dir='ltr'><strong>te</strong></span> <span class='ocrx_word' id='word_1_438' title='bbox 761 3875 865 3916; x_wconf 91' lang='lat' dir='ltr'><strong>non</strong></span> <span class='ocrx_word' id='word_1_439' title='bbox 890 3871 1170 3928; x_wconf 89' lang='lat' dir='ltr'><strong>noverunt,</strong></span> <span class='ocrx_word' id='word_1_440' title='bbox 1195 3881 1214 3914; x_wconf 72' lang='grc' dir='ltr'><strong>ι</strong></span> <span class='ocrx_word' id='word_1_441' title='bbox 1240 3878 1339 3917; x_wconf 91' lang='lat' dir='ltr'><strong>nec</strong></span> <span class='ocrx_word' id='word_1_442' title='bbox 1363 3873 1414 3917; x_wconf 90' lang='lat' dir='ltr'><strong>te</strong></span> <span class='ocrx_word' id='word_1_443' title='bbox 1437 3863 1604 3917; x_wconf 89' lang='lat' dir='ltr'><strong>Deum</strong></span> <span class='ocrx_word' id='word_1_444' title='bbox 1631 3877 1749 3917; x_wconf 90' lang='lat' dir='ltr'><strong>esse</strong></span> 
     </span>
    </p>
   </div>
   <div class='ocr_carea' id='block_1_55' title="bbox 180 3952 1744 4022">
    <p class='ocr_par' dir='ltr' id='par_1_55' title="bbox 180 3952 1744 4022">
     <span class='ocr_line' id='line_1_55' title="bbox 180 3952 1744 4022; baseline 0 -16"><span class='ocrx_word' id='word_1_445' title='bbox 180 3952 566 4007; x_wconf 89' lang='lat' dir='ltr'><strong>crediderunt:</strong></span> <span class='ocrx_word' id='word_1_446' title='bbox 603 3969 621 4002; x_wconf 72' lang='grc' dir='ltr'><strong>ι</strong></span> <span class='ocrx_word' id='word_1_447' title='bbox 661 3959 716 4007; x_wconf 85' lang='grc' dir='ltr'><strong>ει</strong></span> <span class='ocrx_word' id='word_1_448' title='bbox 748 3971 767 4002; x_wconf 75' lang='grc' dir='ltr'><strong>ι</strong></span> <span class='ocrx_word' id='word_1_449' title='bbox 814 3968 917 4006; x_wconf 93' lang='lat' dir='ltr'><strong>non</strong></span> <span class='ocrx_word' id='word_1_450' title='bbox 941 3952 1062 4008; x_wconf 91' lang='lat' dir='ltr'><strong>dico</strong></span> <span class='ocrx_word' id='word_1_451' title='bbox 1090 3952 1144 4006; x_wconf 93' lang='lat' dir='ltr'><strong>in</strong></span> <span class='ocrx_word' id='word_1_452' title='bbox 1176 3952 1412 4008; x_wconf 89' lang='lat' dir='ltr'><strong>minores</strong></span> <span class='ocrx_word' id='word_1_453' title='bbox 1436 3953 1504 4007; x_wconf 93' lang='lat' dir='ltr'><strong>de</strong></span> <span class='ocrx_word' id='word_1_454' title='bbox 1528 3953 1744 4022; x_wconf 79' lang='lat' dir='ltr'><strong>populo,</strong></span> 
     </span>
    </p>
   </div>
   <div class='ocr_carea' id='block_1_56' title="bbox 180 4043 1750 4114">
    <p class='ocr_par' dir='ltr' id='par_1_56' title="bbox 180 4043 1750 4114">
     <span class='ocr_line' id='line_1_56' title="bbox 180 4043 1750 4114; baseline 0.001 -16"><span class='ocrx_word' id='word_1_455' title='bbox 180 4045 274 4098; x_wconf 89' lang='lat' dir='ltr'><strong>sed</strong></span> <span class='ocrx_word' id='word_1_456' title='bbox 303 4043 513 4099; x_wconf 81' lang='lat' dir='ltr'><strong>effunde</strong></span> <span class='ocrx_word' id='word_1_457' title='bbox 548 4062 567 4095; x_wconf 89' lang='grc'><strong><em>‹</em></strong></span> <span class='ocrx_word' id='word_1_458' title='bbox 605 4044 658 4098; x_wconf 92' lang='lat' dir='ltr'><strong>in</strong></span> <span class='ocrx_word' id='word_1_459' title='bbox 687 4057 871 4114; x_wconf 89' lang='lat' dir='ltr'><strong>regna,</strong></span> <span class='ocrx_word' id='word_1_460' title='bbox 919 4063 937 4095; x_wconf 74' lang='grc' dir='ltr'><strong>ι</strong></span> <span class='ocrx_word' id='word_1_461' title='bbox 967 4043 1020 4098; x_wconf 91' lang='lat' dir='ltr'><strong>id</strong></span> <span class='ocrx_word' id='word_1_462' title='bbox 1043 4051 1146 4110; x_wconf 92' lang='lat' dir='ltr'><strong>est,</strong></span> <span class='ocrx_word' id='word_1_463' title='bbox 1170 4044 1225 4097; x_wconf 89' lang='lat' dir='ltr'><strong>in</strong></span> <span class='ocrx_word' id='word_1_464' title='bbox 1255 4059 1427 4114; x_wconf 91' lang='lat' dir='ltr'><strong>reges,</strong></span> <span class='ocrx_word' id='word_1_465' title='bbox 1466 4061 1486 4094; x_wconf 86' lang='grc'><em>‹</em></span> <span class='ocrx_word' id='word_1_466' title='bbox 1511 4058 1630 4112; x_wconf 69' lang='lat' dir='ltr'><strong>quae</strong></span> <span class='ocrx_word' id='word_1_467' title='bbox 1652 4059 1750 4099; x_wconf 89' lang='lat' dir='ltr'><strong>no-</strong></span> 
     </span>
    </p>
   </div>
   <div class='ocr_carea' id='block_1_57' title="bbox 181 4135 1750 4206">
    <p class='ocr_par' dir='ltr' id='par_1_57' title="bbox 181 4135 1750 4206">
     <span class='ocr_line' id='line_1_57' title="bbox 181 4135 1750 4206; baseline -0.001 -14"><span class='ocrx_word' id='word_1_468' title='bbox 181 4152 304 4192; x_wconf 91' lang='lat' dir='ltr'><strong>men</strong></span> <span class='ocrx_word' id='word_1_469' title='bbox 335 4145 482 4190; x_wconf 92' lang='lat' dir='ltr'><strong>tuum</strong></span> <span class='ocrx_word' id='word_1_470' title='bbox 509 4151 614 4191; x_wconf 88' lang='lat' dir='ltr'><strong>non</strong></span> <span class='ocrx_word' id='word_1_471' title='bbox 646 4137 1046 4191; x_wconf 88' lang='lat' dir='ltr'><strong>invocaverunt.</strong></span> <span class='ocrx_word' id='word_1_472' title='bbox 1083 4157 1102 4189; x_wconf 74' lang='grc' dir='ltr'><strong>ι</strong></span> <span class='ocrx_word' id='word_1_473' title='bbox 1133 4135 1298 4192; x_wconf 75' lang='lat' dir='ltr'><strong>Judzei</strong></span> <span class='ocrx_word' id='word_1_474' title='bbox 1324 4136 1581 4206; x_wconf 91' lang='lat' dir='ltr'><strong>quidquid</strong></span> <span class='ocrx_word' id='word_1_475' title='bbox 1606 4135 1750 4190; x_wconf 89' lang='lat' dir='ltr'><strong>face-</strong></span> 
     </span>
    </p>
   </div>
   <div class='ocr_carea' id='block_1_58' title="bbox 182 4225 1747 4296">
    <p class='ocr_par' dir='ltr' id='par_1_58' title="bbox 182 4225 1747 4296">
     <span class='ocr_line' id='line_1_58' title="bbox 182 4225 1747 4296; baseline -0.001 -16"><span class='ocrx_word' id='word_1_476' title='bbox 182 4234 323 4292; x_wconf 89' lang='lat' dir='ltr'><strong>rent,</strong></span> <span class='ocrx_word' id='word_1_477' title='bbox 351 4241 622 4296; x_wconf 91' lang='lat' dir='ltr'><strong>nunquam</strong></span> <span class='ocrx_word' id='word_1_478' title='bbox 643 4234 716 4293; x_wconf 90' lang='lat' dir='ltr'><strong>te,</strong></span> <span class='ocrx_word' id='word_1_479' title='bbox 736 4241 770 4281; x_wconf 94' lang='lat' dir='ltr'><strong>o</strong></span> <span class='ocrx_word' id='word_1_480' title='bbox 789 4225 1033 4294; x_wconf 89' lang='lat' dir='ltr'><strong>Domine,</strong></span> <span class='ocrx_word' id='word_1_481' title='bbox 1059 4227 1226 4281; x_wconf 90' lang='lat' dir='ltr'><strong>Deum</strong></span> <span class='ocrx_word' id='word_1_482' title='bbox 1258 4240 1413 4281; x_wconf 90' lang='lat' dir='ltr'><strong>suum</strong></span> <span class='ocrx_word' id='word_1_483' title='bbox 1441 4238 1560 4280; x_wconf 89' lang='lat' dir='ltr'><strong>esse</strong></span> <span class='ocrx_word' id='word_1_484' title='bbox 1581 4238 1747 4296; x_wconf 87' lang='lat' dir='ltr'><strong>nega-</strong></span> 
     </span>
    </p>
   </div>
   <div class='ocr_carea' id='block_1_59' title="bbox 182 4325 394 4373">
    <p class='ocr_par' dir='ltr' id='par_1_59' title="bbox 182 4325 394 4373">
     <span class='ocr_line' id='line_1_59' title="bbox 182 4325 394 4373; baseline 0 -2"><span class='ocrx_word' id='word_1_485' title='bbox 182 4325 394 4373; x_wconf 87' lang='lat' dir='ltr'><strong>verunt.</strong></span> 
     </span>
    </p>
   </div>
   <div class='ocr_carea' id='block_1_60' title="bbox 254 4427 1750 4501">
    <p class='ocr_par' dir='ltr' id='par_1_60' title="bbox 254 4427 1750 4501">
     <span class='ocr_line' id='line_1_60' title="bbox 254 4427 1750 4501; baseline 0 -18"><span class='ocrx_word' id='word_1_486' title='bbox 254 4429 376 4484; x_wconf 91' lang='lat' dir='ltr'><strong>ldeo</strong></span> <span class='ocrx_word' id='word_1_487' title='bbox 399 4429 563 4485; x_wconf 90' lang='lat' dir='ltr'><strong>debes</strong></span> <span class='ocrx_word' id='word_1_488' title='bbox 592 4427 883 4496; x_wconf 73' lang='lat' dir='ltr'><strong>effundere,</strong></span> <span class='ocrx_word' id='word_1_489' title='bbox 915 4449 933 4482; x_wconf 78' lang='grc' dir='ltr'><strong>ι</strong></span> <span class='ocrx_word' id='word_1_490' title='bbox 968 4430 1093 4501; x_wconf 86' lang='lat' dir='ltr'><strong>quia</strong></span> <span class='ocrx_word' id='word_1_491' title='bbox 1120 4430 1492 4496; x_wconf 90' lang='lat' dir='ltr'><strong>comederunt,</strong></span> <span class='ocrx_word' id='word_1_492' title='bbox 1519 4447 1539 4482; x_wconf 72' lang='grc' dir='ltr'><strong>ι</strong></span> <span class='ocrx_word' id='word_1_493' title='bbox 1575 4429 1630 4485; x_wconf 91' lang='lat' dir='ltr'><strong>id</strong></span> <span class='ocrx_word' id='word_1_494' title='bbox 1647 4438 1750 4496; x_wconf 90' lang='lat' dir='ltr'><strong>est,</strong></span> 
     </span>
    </p>
   </div>
   <div class='ocr_carea' id='block_1_61' title="bbox 181 4521 1753 4592">
    <p class='ocr_par' dir='ltr' id='par_1_61' title="bbox 181 4521 1753 4592">
     <span class='ocr_line' id='line_1_61' title="bbox 181 4521 1753 4592; baseline 0.001 -16"><span class='ocrx_word' id='word_1_495' title='bbox 181 4523 566 4577; x_wconf 84' lang='lat' dir='ltr'><strong>destruxcrunt</strong></span> <span class='ocrx_word' id='word_1_496' title='bbox 598 4541 616 4573; x_wconf 72' lang='grc' dir='ltr'>ί</span> <span class='ocrx_word' id='word_1_497' title='bbox 648 4521 831 4588; x_wconf 84' lang='lat' dir='ltr'><strong>Jacob,</strong></span> <span class='ocrx_word' id='word_1_498' title='bbox 864 4542 882 4574; x_wconf 72' lang='grc' dir='ltr'><strong>ι</strong></span> <span class='ocrx_word' id='word_1_499' title='bbox 927 4522 978 4576; x_wconf 93' lang='lat' dir='ltr'><strong>id</strong></span> <span class='ocrx_word' id='word_1_500' title='bbox 1009 4530 1107 4587; x_wconf 88' lang='lat' dir='ltr'><strong>est,</strong></span> <span class='ocrx_word' id='word_1_501' title='bbox 1137 4521 1392 4592; x_wconf 89' lang='lat' dir='ltr'><strong>populum</strong></span> <span class='ocrx_word' id='word_1_502' title='bbox 1423 4521 1604 4585; x_wconf 86' lang='lat' dir='ltr'><strong>Israel,</strong></span> <span class='ocrx_word' id='word_1_503' title='bbox 1643 4538 1662 4571; x_wconf 83' lang='grc'><em>‹</em></span> <span class='ocrx_word' id='word_1_504' title='bbox 1699 4529 1753 4576; x_wconf 87' lang='grc' dir='ltr'><strong>ει</strong></span> 
     </span>
    </p>
   </div>
   <div class='ocr_carea' id='block_1_62' title="bbox 182 4596 1828 4690">
    <p class='ocr_par' dir='ltr' id='par_1_62' title="bbox 182 4596 1828 4690">
     <span class='ocr_line' id='line_1_62' title="bbox 182 4596 1828 4690; baseline -0.001 -18"><span class='ocrx_word' id='word_1_505' title='bbox 182 4619 360 4674; x_wconf 91' lang='lat' dir='ltr'><strong>locum</strong></span> <span class='ocrx_word' id='word_1_506' title='bbox 386 4619 523 4690; x_wconf 86' lang='lat' dir='ltr'><strong>ejus,</strong></span> <span class='ocrx_word' id='word_1_507' title='bbox 554 4638 572 4670; x_wconf 76' lang='grc' dir='ltr'><strong>ι</strong></span> <span class='ocrx_word' id='word_1_508' title='bbox 602 4618 653 4673; x_wconf 90' lang='lat' dir='ltr'><strong>id</strong></span> <span class='ocrx_word' id='word_1_509' title='bbox 683 4627 785 4684; x_wconf 90' lang='lat' dir='ltr'><strong>est,</strong></span> <span class='ocrx_word' id='word_1_510' title='bbox 816 4611 1088 4674; x_wconf 87' lang='lat' dir='ltr'><strong>civitatem</strong></span> <span class='ocrx_word' id='word_1_511' title='bbox 1109 4615 1464 4681; x_wconf 86' lang='lat' dir='ltr'><strong>Hierusalem,</strong></span> <span class='ocrx_word' id='word_1_512' title='bbox 1497 4635 1516 4666; x_wconf 71' lang='grc' dir='ltr'><strong>ι</strong></span> <span class='ocrx_word' id='word_1_513' title='bbox 1539 4613 1749 4670; x_wconf 89' lang='lat' dir='ltr'><strong>desola-</strong></span> <span class='ocrx_word' id='word_1_514' title='bbox 1776 4596 1828 4657; x_wconf 86' lang='grc' dir='ltr'><strong>Ῑ)</strong></span> 
     </span>
    </p>
   </div>
   <div class='ocr_carea' id='block_1_63' title="bbox 182 4707 1751 4774">
    <p class='ocr_par' dir='ltr' id='par_1_63' title="bbox 182 4707 1751 4774">
     <span class='ocr_line' id='line_1_63' title="bbox 182 4707 1751 4774; baseline -0.001 -11"><span class='ocrx_word' id='word_1_515' title='bbox 182 4718 401 4773; x_wconf 87' lang='lat' dir='ltr'><strong>verunt,</strong></span> <span class='ocrx_word' id='word_1_516' title='bbox 445 4729 464 4762; x_wconf 74' lang='grc' dir='ltr'><strong>ι</strong></span> <span class='ocrx_word' id='word_1_517' title='bbox 505 4709 558 4763; x_wconf 91' lang='lat' dir='ltr'><strong>id</strong></span> <span class='ocrx_word' id='word_1_518' title='bbox 587 4717 689 4774; x_wconf 90' lang='lat' dir='ltr'><strong>est,</strong></span> <span class='ocrx_word' id='word_1_519' title='bbox 721 4709 1019 4764; x_wconf 91' lang='lat' dir='ltr'><strong>desolatum</strong></span> <span class='ocrx_word' id='word_1_520' title='bbox 1052 4716 1106 4762; x_wconf 91' lang='lat' dir='ltr'><strong>et</strong></span> <span class='ocrx_word' id='word_1_521' title='bbox 1137 4710 1471 4764; x_wconf 86' lang='lat' dir='ltr'><strong>devastatum</strong></span> <span class='ocrx_word' id='word_1_522' title='bbox 1502 4707 1751 4762; x_wconf 86' lang='lat' dir='ltr'><strong>reddide-</strong></span> 
     </span>
    </p>
   </div>
   <div class='ocr_carea' id='block_1_64' title="bbox 184 4798 1755 4870">
    <p class='ocr_par' dir='ltr' id='par_1_64' title="bbox 184 4798 1755 4870">
     <span class='ocr_line' id='line_1_64' title="bbox 184 4798 1755 4870; baseline -0.001 -14"><span class='ocrx_word' id='word_1_523' title='bbox 184 4811 330 4856; x_wconf 87' lang='lat' dir='ltr'><strong>runt.</strong></span> <span class='ocrx_word' id='word_1_524' title='bbox 357 4799 452 4857; x_wconf 85' lang='lat' dir='ltr'><strong>Vel</strong></span> <span class='ocrx_word' id='word_1_525' title='bbox 478 4801 829 4856; x_wconf 89' lang='lat' dir='ltr'><strong>comederunt</strong></span> <span class='ocrx_word' id='word_1_526' title='bbox 859 4799 1041 4866; x_wconf 83' lang='lat' dir='ltr'><strong>Jacoh,</strong></span> <span class='ocrx_word' id='word_1_527' title='bbox 1065 4800 1118 4854; x_wconf 91' lang='lat' dir='ltr'><strong>id</strong></span> <span class='ocrx_word' id='word_1_528' title='bbox 1140 4807 1245 4868; x_wconf 91' lang='lat' dir='ltr'><strong>est,</strong></span> <span class='ocrx_word' id='word_1_529' title='bbox 1266 4800 1526 4870; x_wconf 85' lang='lat' dir='ltr'><strong>quosdam</strong></span> <span class='ocrx_word' id='word_1_530' title='bbox 1548 4800 1615 4855; x_wconf 91' lang='lat' dir='ltr'><strong>de</strong></span> <span class='ocrx_word' id='word_1_531' title='bbox 1649 4798 1755 4855; x_wconf 90' lang='lat' dir='ltr'><strong>illis</strong></span> 
     </span>
    </p>
   </div>
   <div class='ocr_carea' id='block_1_65' title="bbox 184 4894 1052 4964">
    <p class='ocr_par' dir='ltr' id='par_1_65' title="bbox 184 4894 1052 4964">
     <span class='ocr_line' id='line_1_65' title="bbox 184 4894 1052 4964; baseline -0.006 -15"><span class='ocrx_word' id='word_1_532' title='bbox 184 4897 239 4950; x_wconf 92' lang='lat' dir='ltr'><strong>in</strong></span> <span class='ocrx_word' id='word_1_533' title='bbox 278 4909 475 4964; x_wconf 90' lang='lat' dir='ltr'><strong>corpus</strong></span> <span class='ocrx_word' id='word_1_534' title='bbox 503 4909 659 4948; x_wconf 89' lang='lat' dir='ltr'><strong>suum</strong></span> <span class='ocrx_word' id='word_1_535' title='bbox 681 4894 1052 4948; x_wconf 85' lang='lat' dir='ltr'><strong>traduxerunt.</strong></span> 
     </span>
    </p>
   </div>
   <div class='ocr_carea' id='block_1_66' title="bbox 255 4985 1758 5072">
    <p class='ocr_par' dir='ltr' id='par_1_66' title="bbox 255 4985 1758 5072">
     <span class='ocr_line' id='line_1_66' title="bbox 255 4985 1758 5072; baseline -0.003 -9"><span class='ocrx_word' id='word_1_536' title='bbox 255 5008 313 5063; x_wconf 84' lang='lat' dir='ltr'><strong>In</strong></span> <span class='ocrx_word' id='word_1_537' title='bbox 342 5009 462 5064; x_wconf 90' lang='lat' dir='ltr'><strong>illos</strong></span> <span class='ocrx_word' id='word_1_538' title='bbox 487 5009 624 5062; x_wconf 90' lang='lat' dir='ltr'><strong>iram</strong></span> <span class='ocrx_word' id='word_1_539' title='bbox 648 5005 880 5072; x_wconf 70' lang='lat' dir='ltr'><strong>effunde,</strong></span> <span class='ocrx_word' id='word_1_540' title='bbox 903 5012 958 5060; x_wconf 93' lang='lat' dir='ltr'><strong>et</strong></span> <span class='ocrx_word' id='word_1_541' title='bbox 985 5003 1155 5062; x_wconf 86' lang='lat' dir='ltr'><strong>nostri</strong></span> <span class='ocrx_word' id='word_1_542' title='bbox 1183 5003 1477 5061; x_wconf 85' lang='lat' dir='ltr'><strong>miserere:</strong></span> <span class='ocrx_word' id='word_1_543' title='bbox 1508 4985 1612 5059; x_wconf 81' lang='lat' dir='ltr'><strong>hoc</strong></span> <span class='ocrx_word' id='word_1_544' title='bbox 1628 5003 1758 5059; x_wconf 89' lang='lat' dir='ltr'><strong>dicit</strong></span> 
     </span>
    </p>
   </div>
   <div class='ocr_carea' id='block_1_67' title="bbox 191 5093 1748 5166">
    <p class='ocr_par' dir='ltr' id='par_1_67' title="bbox 191 5093 1748 5166">
     <span class='ocr_line' id='line_1_67' title="bbox 191 5093 1748 5166; baseline -0.004 -16"><span class='ocrx_word' id='word_1_545' title='bbox 191 5117 210 5150; x_wconf 74' lang='grc' dir='ltr'><strong>ι</strong></span> <span class='ocrx_word' id='word_1_546' title='bbox 242 5113 310 5154; x_wconf 91' lang='lat' dir='ltr'><strong>ne</strong></span> <span class='ocrx_word' id='word_1_547' title='bbox 333 5098 640 5153; x_wconf 91' lang='lat' dir='ltr'><strong>memineris</strong></span> <span class='ocrx_word' id='word_1_548' title='bbox 661 5095 1000 5166; x_wconf 88' lang='lat' dir='ltr'><strong>iniquitatum</strong></span> <span class='ocrx_word' id='word_1_549' title='bbox 1023 5102 1330 5149; x_wconf 88' lang='lat' dir='ltr'><strong>nostrarum</strong></span> <span class='ocrx_word' id='word_1_550' title='bbox 1357 5093 1748 5163; x_wconf 65' lang='lat' dir='ltr'><strong>antiquarum,»</strong></span> 
     </span>
    </p>
   </div>
   <div class='ocr_carea' id='block_1_68' title="bbox 187 5184 1760 5258">
    <p class='ocr_par' dir='ltr' id='par_1_68' title="bbox 187 5184 1760 5258">
     <span class='ocr_line' id='line_1_68' title="bbox 187 5184 1760 5258; baseline -0.003 -14"><span class='ocrx_word' id='word_1_551' title='bbox 187 5190 241 5244; x_wconf 89' lang='lat' dir='ltr'><strong>id</strong></span> <span class='ocrx_word' id='word_1_552' title='bbox 273 5198 377 5254; x_wconf 90' lang='lat' dir='ltr'><strong>est,</strong></span> <span class='ocrx_word' id='word_1_553' title='bbox 405 5205 510 5244; x_wconf 88' lang='lat' dir='ltr'><strong>non</strong></span> <span class='ocrx_word' id='word_1_554' title='bbox 543 5196 745 5244; x_wconf 89' lang='lat' dir='ltr'><strong>tantum</strong></span> <span class='ocrx_word' id='word_1_555' title='bbox 773 5203 910 5258; x_wconf 88' lang='lat' dir='ltr'><strong>quas</strong></span> <span class='ocrx_word' id='word_1_556' title='bbox 927 5186 1186 5242; x_wconf 76' lang='lat' dir='ltr'><strong>habemus</strong></span> <span class='ocrx_word' id='word_1_557' title='bbox 1206 5185 1416 5242; x_wconf 83' lang='lat' dir='ltr'><strong>noviter</strong></span> <span class='ocrx_word' id='word_1_558' title='bbox 1446 5184 1636 5251; x_wconf 88' lang='lat' dir='ltr'><strong>factas,</strong></span> <span class='ocrx_word' id='word_1_559' title='bbox 1662 5184 1760 5240; x_wconf 86' lang='lat' dir='ltr'><strong>sed</strong></span> 
     </span>
    </p>
   </div>
   <div class='ocr_carea' id='block_1_69' title="bbox 189 5276 1759 5351">
    <p class='ocr_par' dir='ltr' id='par_1_69' title="bbox 189 5276 1759 5351">
     <span class='ocr_line' id='line_1_69' title="bbox 189 5276 1759 5351; baseline -0.003 -16"><span class='ocrx_word' id='word_1_560' title='bbox 189 5295 330 5350; x_wconf 91' lang='lat' dir='ltr'><strong>quas</strong></span> <span class='ocrx_word' id='word_1_561' title='bbox 361 5296 389 5334; x_wconf 90' lang='lat' dir='ltr'><strong>a</strong></span> <span class='ocrx_word' id='word_1_562' title='bbox 417 5279 606 5351; x_wconf 91' lang='lat' dir='ltr'><strong>primis</strong></span> <span class='ocrx_word' id='word_1_563' title='bbox 630 5278 872 5349; x_wconf 89' lang='lat' dir='ltr'><strong>patribus</strong></span> <span class='ocrx_word' id='word_1_564' title='bbox 899 5278 1220 5347; x_wconf 86' lang='lat' dir='ltr'><strong>accepimus,</strong></span> <span class='ocrx_word' id='word_1_565' title='bbox 1260 5286 1315 5332; x_wconf 90' lang='lat' dir='ltr'><strong>et</strong></span> <span class='ocrx_word' id='word_1_566' title='bbox 1336 5276 1392 5330; x_wconf 93' lang='lat' dir='ltr'><strong>in</strong></span> <span class='ocrx_word' id='word_1_567' title='bbox 1415 5276 1610 5346; x_wconf 83' lang='lat' dir='ltr'><strong>quibus</strong></span> <span class='ocrx_word' id='word_1_568' title='bbox 1628 5290 1759 5331; x_wconf 89' lang='lat' dir='ltr'><strong>con-</strong></span> 
     </span>
    </p>
   </div>
   <div class='ocr_carea' id='block_1_70' title="bbox 189 5367 1759 5438">
    <p class='ocr_par' dir='ltr' id='par_1_70' title="bbox 189 5367 1759 5438">
     <span class='ocr_line' id='line_1_70' title="bbox 189 5367 1759 5438; baseline -0.003 -11"><span class='ocrx_word' id='word_1_569' title='bbox 189 5372 489 5437; x_wconf 90' lang='lat' dir='ltr'><strong>suevimus,</strong></span> <span class='ocrx_word' id='word_1_570' title='bbox 520 5371 639 5424; x_wconf 89' lang='lat' dir='ltr'><strong>illas</strong></span> <span class='ocrx_word' id='word_1_571' title='bbox 669 5384 736 5424; x_wconf 93' lang='lat' dir='ltr'><strong>ne</strong></span> <span class='ocrx_word' id='word_1_572' title='bbox 770 5369 1099 5433; x_wconf 90' lang='lat' dir='ltr'><strong>memineris,</strong></span> <span class='ocrx_word' id='word_1_573' title='bbox 1123 5368 1178 5422; x_wconf 90' lang='lat' dir='ltr'><strong>id</strong></span> <span class='ocrx_word' id='word_1_574' title='bbox 1199 5377 1299 5432; x_wconf 91' lang='lat' dir='ltr'><strong>est,</strong></span> <span class='ocrx_word' id='word_1_575' title='bbox 1332 5383 1402 5422; x_wconf 86' lang='lat' dir='ltr'><strong>ne</strong></span> <span class='ocrx_word' id='word_1_576' title='bbox 1426 5367 1759 5438; x_wconf 86' lang='lat' dir='ltr'><strong>punias,.sed</strong></span> 
     </span>
    </p>
   </div>
   <div class='ocr_carea' id='block_1_71' title="bbox 193 5464 1762 5535">
    <p class='ocr_par' dir='ltr' id='par_1_71' title="bbox 193 5464 1762 5535">
     <span class='ocr_line' id='line_1_71' title="bbox 193 5464 1762 5535; baseline -0.001 -14"><span class='ocrx_word' id='word_1_577' title='bbox 193 5485 215 5521; x_wconf 72' lang='grc' dir='ltr'><strong>ι</strong></span> <span class='ocrx_word' id='word_1_578' title='bbox 252 5468 360 5522; x_wconf 93' lang='lat' dir='ltr'><strong>cito</strong></span> <span class='ocrx_word' id='word_1_579' title='bbox 411 5464 791 5522; x_wconf 65' lang='lat' dir='ltr'><strong>misericordiae</strong></span> <span class='ocrx_word' id='word_1_580' title='bbox 835 5473 956 5529; x_wconf 65' lang='lat' dir='ltr'><strong>tuae,</strong></span> <span class='ocrx_word' id='word_1_581' title='bbox 996 5483 1016 5516; x_wconf 75' lang='grc' dir='ltr'><strong>ι</strong></span> <span class='ocrx_word' id='word_1_582' title='bbox 1053 5464 1108 5518; x_wconf 92' lang='lat' dir='ltr'><strong>id</strong></span> <span class='ocrx_word' id='word_1_583' title='bbox 1135 5473 1237 5529; x_wconf 87' lang='lat' dir='ltr'><strong>est,</strong></span> <span class='ocrx_word' id='word_1_584' title='bbox 1271 5464 1617 5520; x_wconf 87' lang='lat' dir='ltr'><strong>remissiones</strong></span> <span class='ocrx_word' id='word_1_585' title='bbox 1636 5479 1762 5535; x_wconf 88' lang='lat' dir='ltr'><strong>pec-</strong></span> 
     </span>
    </p>
   </div>
   <div class='ocr_carea' id='block_1_72' title="bbox 190 5555 1755 5626">
    <p class='ocr_par' dir='ltr' id='par_1_72' title="bbox 190 5555 1755 5626">
     <span class='ocr_line' id='line_1_72' title="bbox 190 5555 1755 5626; baseline -0.001 -13"><span class='ocrx_word' id='word_1_586' title='bbox 190 5568 461 5620; x_wconf 88' lang='lat' dir='ltr'><strong>catorum,</strong></span> <span class='ocrx_word' id='word_1_587' title='bbox 491 5566 544 5610; x_wconf 92' lang='lat' dir='ltr'><strong>et</strong></span> <span class='ocrx_word' id='word_1_588' title='bbox 567 5556 684 5611; x_wconf 84' lang='lat' dir='ltr'><strong>aliae</strong></span> <span class='ocrx_word' id='word_1_589' title='bbox 710 5555 1094 5610; x_wconf 83' lang='lat' dir='ltr'><strong>misericordiae</strong></span> <span class='ocrx_word' id='word_1_590' title='bbox 1115 5563 1220 5610; x_wconf 65' lang='lat' dir='ltr'><strong>tuae</strong></span> <span class='ocrx_word' id='word_1_591' title='bbox 1245 5574 1263 5607; x_wconf 74' lang='grc' dir='ltr'><strong>ε</strong></span> <span class='ocrx_word' id='word_1_592' title='bbox 1291 5557 1584 5626; x_wconf 87' lang='lat' dir='ltr'><strong>anticipent</strong></span> <span class='ocrx_word' id='word_1_593' title='bbox 1607 5572 1706 5611; x_wconf 90' lang='lat' dir='ltr'><strong>nos</strong></span> <span class='ocrx_word' id='word_1_594' title='bbox 1735 5576 1755 5610; x_wconf 74' lang='grc' dir='ltr'><strong>ι</strong></span> 
     </span>
    </p>
   </div>
   <div class='ocr_carea' id='block_1_73' title="bbox 191 5647 1762 5717">
    <p class='ocr_par' dir='ltr' id='par_1_73' title="bbox 191 5647 1762 5717">
     <span class='ocr_line' id='line_1_73' title="bbox 191 5647 1762 5717; baseline -0.003 -12"><span class='ocrx_word' id='word_1_595' title='bbox 191 5647 247 5705; x_wconf 84' lang='lat' dir='ltr'><strong>id</strong></span> <span class='ocrx_word' id='word_1_596' title='bbox 267 5656 369 5714; x_wconf 90' lang='lat' dir='ltr'><strong>est,</strong></span> <span class='ocrx_word' id='word_1_597' title='bbox 393 5647 723 5717; x_wconf 64' lang='lat' dir='ltr'><strong>praeveniant</strong></span> <span class='ocrx_word' id='word_1_598' title='bbox 760 5662 877 5713; x_wconf 89' lang='lat' dir='ltr'><strong>nos,</strong></span> <span class='ocrx_word' id='word_1_599' title='bbox 915 5655 1200 5716; x_wconf 89' lang='lat' dir='ltr'><strong>antequam</strong></span> <span class='ocrx_word' id='word_1_600' title='bbox 1225 5647 1277 5700; x_wconf 90' lang='lat' dir='ltr'><strong>in</strong></span> <span class='ocrx_word' id='word_1_601' title='bbox 1300 5647 1563 5715; x_wconf 89' lang='lat' dir='ltr'><strong>judicium</strong></span> <span class='ocrx_word' id='word_1_602' title='bbox 1588 5649 1762 5703; x_wconf 89' lang='lat' dir='ltr'><strong>addu-</strong></span> 
     </span>
    </p>
   </div>
   <div class='ocr_carea' id='block_1_74' title="bbox 191 5739 1764 5812">
    <p class='ocr_par' dir='ltr' id='par_1_74' title="bbox 191 5739 1764 5812">
     <span class='ocr_line' id='line_1_74' title="bbox 191 5739 1764 5812; baseline -0.001 -15"><span class='ocrx_word' id='word_1_603' title='bbox 191 5755 386 5797; x_wconf 89' lang='lat' dir='ltr'><strong>camur</strong></span> <span class='ocrx_word' id='word_1_604' title='bbox 418 5758 432 5795; x_wconf 91' lang='lat'><strong>:</strong></span> <span class='ocrx_word' id='word_1_605' title='bbox 464 5741 586 5796; x_wconf 90' lang='lat' dir='ltr'><strong>ideo</strong></span> <span class='ocrx_word' id='word_1_606' title='bbox 606 5754 795 5811; x_wconf 91' lang='lat' dir='ltr'><strong>precor</strong></span> <span class='ocrx_word' id='word_1_607' title='bbox 821 5748 880 5794; x_wconf 94' lang='lat' dir='ltr'><strong>ut</strong></span> <span class='ocrx_word' id='word_1_608' title='bbox 920 5739 1302 5796; x_wconf 65' lang='lat' dir='ltr'><strong>misericordiae</strong></span> <span class='ocrx_word' id='word_1_609' title='bbox 1331 5749 1435 5795; x_wconf 69' lang='lat' dir='ltr'><strong>tuae</strong></span> <span class='ocrx_word' id='word_1_610' title='bbox 1465 5741 1764 5812; x_wconf 86' lang='lat' dir='ltr'><strong>anticipent</strong></span> 
     </span>
    </p>
   </div>
   <div class='ocr_carea' id='block_1_75' title="bbox 196 5829 1756 5904">
    <p class='ocr_par' dir='ltr' id='par_1_75' title="bbox 196 5829 1756 5904">
     <span class='ocr_line' id='line_1_75' title="bbox 196 5829 1756 5904; baseline 0.003 -19"><span class='ocrx_word' id='word_1_611' title='bbox 196 5846 322 5900; x_wconf 78' lang='lat' dir='ltr'><strong>nos,</strong></span> <span class='ocrx_word' id='word_1_612' title='bbox 351 5851 370 5885; x_wconf 73' lang='grc' dir='ltr'><strong>ι</strong></span> <span class='ocrx_word' id='word_1_613' title='bbox 399 5832 524 5904; x_wconf 89' lang='lat' dir='ltr'><strong>quia</strong></span> <span class='ocrx_word' id='word_1_614' title='bbox 563 5846 828 5902; x_wconf 76' lang='lat' dir='ltr'><strong>pauperes</strong></span> <span class='ocrx_word' id='word_1_615' title='bbox 874 5829 1002 5887; x_wconf 84' lang='lat' dir='ltr'><strong>facti</strong></span> <span class='ocrx_word' id='word_1_616' title='bbox 1027 5845 1216 5887; x_wconf 86' lang='lat' dir='ltr'><strong>sumus</strong></span> <span class='ocrx_word' id='word_1_617' title='bbox 1261 5830 1443 5899; x_wconf 88' lang='lat' dir='ltr'><strong>nimis,</strong></span> <span class='ocrx_word' id='word_1_618' title='bbox 1497 5852 1516 5886; x_wconf 75' lang='grc' dir='ltr'><strong>ι</strong></span> <span class='ocrx_word' id='word_1_619' title='bbox 1559 5833 1612 5888; x_wconf 91' lang='lat' dir='ltr'><strong>id</strong></span> <span class='ocrx_word' id='word_1_620' title='bbox 1655 5843 1756 5901; x_wconf 86' lang='lat' dir='ltr'><strong>est,</strong></span> 
     </span>
    </p>
   </div>
   <div class='ocr_carea' id='block_1_76' title="bbox 1852 2011 3409 2077">
    <p class='ocr_par' dir='ltr' id='par_1_76' title="bbox 1852 2011 3409 2077">
     <span class='ocr_line' id='line_1_76' title="bbox 1852 2011 3409 2077; baseline 0.002 -14"><span class='ocrx_word' id='word_1_621' title='bbox 1852 2031 1870 2063; x_wconf 73' lang='grc' dir='ltr'><strong>ε</strong></span> <span class='ocrx_word' id='word_1_622' title='bbox 1900 2029 1967 2068; x_wconf 85' lang='grc' dir='ltr'><em>ηε</em></span> <span class='ocrx_word' id='word_1_623' title='bbox 1993 2013 2130 2068; x_wconf 89' lang='lat' dir='ltr'><strong>forte</strong></span> <span class='ocrx_word' id='word_1_624' title='bbox 2151 2014 2334 2068; x_wconf 89' lang='lat' dir='ltr'><strong>dicant</strong></span> <span class='ocrx_word' id='word_1_625' title='bbox 2355 2014 2409 2067; x_wconf 91' lang='lat' dir='ltr'><strong>in</strong></span> <span class='ocrx_word' id='word_1_626' title='bbox 2433 2013 2716 2077; x_wconf 87' lang='lat' dir='ltr'><strong>Gentibus,</strong></span> <span class='ocrx_word' id='word_1_627' title='bbox 2743 2013 2842 2067; x_wconf 91' lang='lat' dir='ltr'><strong>Ubi</strong></span> <span class='ocrx_word' id='word_1_628' title='bbox 2867 2021 2950 2067; x_wconf 89' lang='lat' dir='ltr'><strong>est</strong></span> <span class='ocrx_word' id='word_1_629' title='bbox 2971 2012 3111 2066; x_wconf 91' lang='lat' dir='ltr'><strong>Deus</strong></span> <span class='ocrx_word' id='word_1_630' title='bbox 3134 2011 3357 2066; x_wconf 88' lang='lat' dir='ltr'><strong>eorum?</strong></span> <span class='ocrx_word' id='word_1_631' title='bbox 3385 2028 3409 2066; x_wconf 85' lang='grc' dir='ltr'><strong>υ</strong></span> 
     </span>
    </p>
   </div>
   <div class='ocr_carea' id='block_1_77' title="bbox 1844 2102 3412 2174">
    <p class='ocr_par' dir='ltr' id='par_1_77' title="bbox 1844 2102 3412 2174">
     <span class='ocr_line' id='line_1_77' title="bbox 1844 2102 3412 2174; baseline -0.001 -17"><span class='ocrx_word' id='word_1_632' title='bbox 1844 2102 2110 2158; x_wconf 89' lang='lat' dir='ltr'><strong>Putabant</strong></span> <span class='ocrx_word' id='word_1_633' title='bbox 2151 2105 2292 2158; x_wconf 90' lang='lat' dir='ltr'><strong>enim</strong></span> <span class='ocrx_word' id='word_1_634' title='bbox 2327 2104 2553 2174; x_wconf 78' lang='lat' dir='ltr'><strong>gentiles</strong></span> <span class='ocrx_word' id='word_1_635' title='bbox 2589 2103 2802 2160; x_wconf 68' lang='lat' dir='ltr'><strong>Judmos</strong></span> <span class='ocrx_word' id='word_1_636' title='bbox 2844 2105 3012 2158; x_wconf 92' lang='lat' dir='ltr'><strong>Deum</strong></span> <span class='ocrx_word' id='word_1_637' title='bbox 3047 2118 3152 2158; x_wconf 91' lang='lat' dir='ltr'><strong>non</strong></span> <span class='ocrx_word' id='word_1_638' title='bbox 3189 2103 3412 2167; x_wconf 83' lang='lat' dir='ltr'><strong>habere,</strong></span> 
     </span>
    </p>
   </div>
   <div class='ocr_carea' id='block_1_78' title="bbox 1846 2191 3414 2264">
    <p class='ocr_par' dir='ltr' id='par_1_78' title="bbox 1846 2191 3414 2264">
     <span class='ocr_line' id='line_1_78' title="bbox 1846 2191 3414 2264; baseline 0 -16"><span class='ocrx_word' id='word_1_639' title='bbox 1846 2195 1970 2262; x_wconf 90' lang='lat' dir='ltr'><strong>quia</strong></span> <span class='ocrx_word' id='word_1_640' title='bbox 2004 2194 2286 2248; x_wconf 88' lang='lat' dir='ltr'><strong>invisibilis</strong></span> <span class='ocrx_word' id='word_1_641' title='bbox 2319 2202 2453 2258; x_wconf 90' lang='lat' dir='ltr'><strong>erat,</strong></span> <span class='ocrx_word' id='word_1_642' title='bbox 2486 2205 2542 2248; x_wconf 92' lang='lat' dir='ltr'><strong>et</strong></span> <span class='ocrx_word' id='word_1_643' title='bbox 2577 2196 3005 2264; x_wconf 88' lang='lat' dir='ltr'><strong>improperantes</strong></span> <span class='ocrx_word' id='word_1_644' title='bbox 3033 2191 3232 2248; x_wconf 72' lang='lat' dir='ltr'><strong>Judaais</strong></span> <span class='ocrx_word' id='word_1_645' title='bbox 3270 2193 3414 2249; x_wconf 88' lang='lat' dir='ltr'><strong>dice-</strong></span> 
     </span>
    </p>
   </div>
   <div class='ocr_carea' id='block_1_79' title="bbox 1842 2284 2900 2353">
    <p class='ocr_par' dir='ltr' id='par_1_79' title="bbox 1842 2284 2900 2353">
     <span class='ocr_line' id='line_1_79' title="bbox 1842 2284 2900 2353; baseline -0.002 -14"><span class='ocrx_word' id='word_1_646' title='bbox 1842 2285 1992 2349; x_wconf 85' lang='lat' dir='ltr'><strong>bant,</strong></span> <span class='ocrx_word' id='word_1_647' title='bbox 2020 2284 2158 2353; x_wconf 91' lang='lat' dir='ltr'><strong>quod</strong></span> <span class='ocrx_word' id='word_1_648' title='bbox 2189 2284 2358 2339; x_wconf 90' lang='lat' dir='ltr'><strong>nubes</strong></span> <span class='ocrx_word' id='word_1_649' title='bbox 2386 2293 2441 2338; x_wconf 92' lang='lat' dir='ltr'><strong>et</strong></span> <span class='ocrx_word' id='word_1_650' title='bbox 2460 2284 2639 2338; x_wconf 88' lang='lat' dir='ltr'><strong>inania</strong></span> <span class='ocrx_word' id='word_1_651' title='bbox 2663 2284 2900 2339; x_wconf 92' lang='lat' dir='ltr'><strong>colerent</strong></span> 
     </span>
    </p>
   </div>
   <div class='ocr_carea' id='block_1_80' title="bbox 1914 2370 3410 2441">
    <p class='ocr_par' dir='ltr' id='par_1_80' title="bbox 1914 2370 3410 2441">
     <span class='ocr_line' id='line_1_80' title="bbox 1914 2370 3410 2441; baseline -0.003 -15"><span class='ocrx_word' id='word_1_652' title='bbox 1914 2373 2047 2428; x_wconf 91' lang='lat' dir='ltr'><strong>Pars</strong></span> <span class='ocrx_word' id='word_1_653' title='bbox 2074 2373 2249 2427; x_wconf 88' lang='lat' dir='ltr'><strong>tertia.</strong></span> <span class='ocrx_word' id='word_1_654' title='bbox 2280 2371 2355 2427; x_wconf 84' lang='lat' dir='ltr'><strong>Ne</strong></span> <span class='ocrx_word' id='word_1_655' title='bbox 2383 2373 2510 2427; x_wconf 93' lang='lat' dir='ltr'><strong>illud</strong></span> <span class='ocrx_word' id='word_1_656' title='bbox 2539 2373 2739 2437; x_wconf 88' lang='lat' dir='ltr'><strong>dicant,</strong></span> <span class='ocrx_word' id='word_1_657' title='bbox 2767 2383 2821 2427; x_wconf 88' lang='lat' dir='ltr'><strong>et</strong></span> <span class='ocrx_word' id='word_1_658' title='bbox 2846 2372 2949 2427; x_wconf 92' lang='lat' dir='ltr'><strong>hoc</strong></span> <span class='ocrx_word' id='word_1_659' title='bbox 2977 2372 3154 2441; x_wconf 88' lang='lat' dir='ltr'><strong>potius</strong></span> <span class='ocrx_word' id='word_1_660' title='bbox 3176 2370 3410 2434; x_wconf 89' lang='lat' dir='ltr'><strong>eveniat,</strong></span> 
     </span>
    </p>
   </div>
   <div class='ocr_carea' id='block_1_81' title="bbox 1842 2459 3411 2534">
    <p class='ocr_par' dir='ltr' id='par_1_81' title="bbox 1842 2459 3411 2534">
     <span class='ocr_line' id='line_1_81' title="bbox 1842 2459 3411 2534; baseline -0.001 -16"><span class='ocrx_word' id='word_1_661' title='bbox 1842 2464 1985 2534; x_wconf 88' lang='lat' dir='ltr'><strong>quod</strong></span> <span class='ocrx_word' id='word_1_662' title='bbox 2013 2483 2029 2514; x_wconf 70' lang='grc' dir='ltr'><em>α</em></span> <span class='ocrx_word' id='word_1_663' title='bbox 2066 2464 2198 2518; x_wconf 89' lang='lat' dir='ltr'><strong>ultio</strong></span> <span class='ocrx_word' id='word_1_664' title='bbox 2238 2463 2515 2533; x_wconf 78' lang='lat' dir='ltr'><strong>sanguinis</strong></span> <span class='ocrx_word' id='word_1_665' title='bbox 2547 2477 2825 2517; x_wconf 89' lang='lat' dir='ltr'><strong>servorum</strong></span> <span class='ocrx_word' id='word_1_666' title='bbox 2856 2471 3069 2516; x_wconf 89' lang='lat' dir='ltr'><strong>tuorum</strong></span> <span class='ocrx_word' id='word_1_667' title='bbox 3098 2461 3191 2530; x_wconf 89' lang='lat' dir='ltr'><strong>qui</strong></span> <span class='ocrx_word' id='word_1_668' title='bbox 3210 2459 3411 2516; x_wconf 79' lang='lat' dir='ltr'><strong>effusus</strong></span> 
     </span>
    </p>
   </div>
   <div class='ocr_carea' id='block_1_82' title="bbox 1841 2549 3406 2621">
    <p class='ocr_par' dir='ltr' id='par_1_82' title="bbox 1841 2549 3406 2621">
     <span class='ocr_line' id='line_1_82' title="bbox 1841 2549 3406 2621; baseline -0.004 -11"><span class='ocrx_word' id='word_1_669' title='bbox 1841 2564 1944 2620; x_wconf 87' lang='lat' dir='ltr'><strong>est,</strong></span> <span class='ocrx_word' id='word_1_670' title='bbox 1980 2555 2286 2608; x_wconf 89' lang='lat' dir='ltr'><strong>innotescat</strong></span> <span class='ocrx_word' id='word_1_671' title='bbox 2333 2553 2387 2606; x_wconf 91' lang='lat' dir='ltr'><strong>in</strong></span> <span class='ocrx_word' id='word_1_672' title='bbox 2424 2553 2752 2616; x_wconf 88' lang='lat' dir='ltr'><strong>nationibus,</strong></span> <span class='ocrx_word' id='word_1_673' title='bbox 2787 2569 2804 2602; x_wconf 81' lang='grc'>›</span> <span class='ocrx_word' id='word_1_674' title='bbox 2850 2551 2901 2606; x_wconf 92' lang='lat' dir='ltr'><strong>id</strong></span> <span class='ocrx_word' id='word_1_675' title='bbox 2927 2560 3027 2616; x_wconf 90' lang='lat' dir='ltr'><strong>est,</strong></span> <span class='ocrx_word' id='word_1_676' title='bbox 3052 2552 3107 2605; x_wconf 93' lang='lat' dir='ltr'><strong>in</strong></span> <span class='ocrx_word' id='word_1_677' title='bbox 3140 2549 3406 2621; x_wconf 89' lang='lat' dir='ltr'><strong>gentibus,</strong></span> 
     </span>
    </p>
   </div>
   <div class='ocr_carea' id='block_1_83' title="bbox 1841 2643 3408 2716">
    <p class='ocr_par' dir='ltr' id='par_1_83' title="bbox 1841 2643 3408 2716">
     <span class='ocr_line' id='line_1_83' title="bbox 1841 2643 3408 2716; baseline -0.003 -18"><span class='ocrx_word' id='word_1_678' title='bbox 1841 2661 1960 2716; x_wconf 71' lang='lat' dir='ltr'><strong>qum</strong></span> <span class='ocrx_word' id='word_1_679' title='bbox 1986 2645 2200 2714; x_wconf 89' lang='lat' dir='ltr'><strong>proprie</strong></span> <span class='ocrx_word' id='word_1_680' title='bbox 2230 2644 2482 2698; x_wconf 90' lang='lat' dir='ltr'><strong>dicuntur</strong></span> <span class='ocrx_word' id='word_1_681' title='bbox 2508 2644 2772 2707; x_wconf 85' lang='lat' dir='ltr'><strong>nationes,</strong></span> <span class='ocrx_word' id='word_1_682' title='bbox 2805 2643 2930 2711; x_wconf 90' lang='lat' dir='ltr'><strong>quia</strong></span> <span class='ocrx_word' id='word_1_683' title='bbox 2959 2648 3238 2696; x_wconf 88' lang='lat' dir='ltr'><strong>remanent</strong></span> <span class='ocrx_word' id='word_1_684' title='bbox 3272 2655 3408 2709; x_wconf 89' lang='lat' dir='ltr'><strong>qua-</strong></span> 
     </span>
    </p>
   </div>
   <div class='ocr_carea' id='block_1_84' title="bbox 1841 2729 3409 2803">
    <p class='ocr_par' dir='ltr' id='par_1_84' title="bbox 1841 2729 3409 2803">
     <span class='ocr_line' id='line_1_84' title="bbox 1841 2729 3409 2803; baseline -0.007 -11"><span class='ocrx_word' id='word_1_685' title='bbox 1841 2737 1920 2792; x_wconf 86' lang='lat' dir='ltr'><strong>les</strong></span> <span class='ocrx_word' id='word_1_686' title='bbox 1951 2737 2168 2791; x_wconf 87' lang='lat' dir='ltr'><strong>fuerunt</strong></span> <span class='ocrx_word' id='word_1_687' title='bbox 2198 2743 2357 2799; x_wconf 72' lang='lat' dir='ltr'><strong>naue,</strong></span> <span class='ocrx_word' id='word_1_688' title='bbox 2389 2734 2598 2789; x_wconf 85' lang='lat' dir='ltr'><strong>scilicet</strong></span> <span class='ocrx_word' id='word_1_689' title='bbox 2625 2733 2897 2803; x_wconf 87' lang='lat' dir='ltr'><strong>genti-liter</strong></span> <span class='ocrx_word' id='word_1_690' title='bbox 2923 2732 3182 2794; x_wconf 89' lang='lat' dir='ltr'><strong>viventes,</strong></span> <span class='ocrx_word' id='word_1_691' title='bbox 3215 2729 3409 2783; x_wconf 86' lang='lat' dir='ltr'><strong>intelli-</strong></span> 
     </span>
    </p>
   </div>
   <div class='ocr_carea' id='block_1_85' title="bbox 1841 2825 3404 2899">
    <p class='ocr_par' dir='ltr' id='par_1_85' title="bbox 1841 2825 3404 2899">
     <span class='ocr_line' id='line_1_85' title="bbox 1841 2825 3404 2899; baseline -0.005 -17"><span class='ocrx_word' id='word_1_692' title='bbox 1841 2836 1970 2899; x_wconf 87' lang='lat' dir='ltr'><strong>gant</strong></span> <span class='ocrx_word' id='word_1_693' title='bbox 1987 2828 2154 2881; x_wconf 90' lang='lat' dir='ltr'><strong>Deum</strong></span> <span class='ocrx_word' id='word_1_694' title='bbox 2179 2828 2231 2881; x_wconf 94' lang='lat' dir='ltr'><strong>in</strong></span> <span class='ocrx_word' id='word_1_695' title='bbox 2255 2841 2313 2881; x_wconf 94' lang='lat' dir='ltr'><strong>se</strong></span> <span class='ocrx_word' id='word_1_696' title='bbox 2332 2826 2536 2889; x_wconf 90' lang='lat' dir='ltr'><strong>ulcisci,</strong></span> <span class='ocrx_word' id='word_1_697' title='bbox 2563 2835 2616 2880; x_wconf 92' lang='lat' dir='ltr'><strong>et</strong></span> <span class='ocrx_word' id='word_1_698' title='bbox 2637 2834 2856 2894; x_wconf 89' lang='lat' dir='ltr'><strong>propter</strong></span> <span class='ocrx_word' id='word_1_699' title='bbox 2877 2825 2980 2877; x_wconf 92' lang='lat' dir='ltr'><strong>hoc</strong></span> <span class='ocrx_word' id='word_1_700' title='bbox 3003 2828 3404 2877; x_wconf 88' lang='lat' dir='ltr'><strong>convertantur.</strong></span> 
     </span>
    </p>
   </div>
   <div class='ocr_carea' id='block_1_86' title="bbox 1839 2916 3410 2982">
    <p class='ocr_par' dir='ltr' id='par_1_86' title="bbox 1839 2916 3410 2982">
     <span class='ocr_line' id='line_1_86' title="bbox 1839 2916 3410 2982; baseline -0.007 -8"><span class='ocrx_word' id='word_1_701' title='bbox 1839 2920 1970 2974; x_wconf 91' lang='lat' dir='ltr'><strong>Dico</strong></span> <span class='ocrx_word' id='word_1_702' title='bbox 1995 2919 2124 2973; x_wconf 90' lang='lat' dir='ltr'><strong>ultio</strong></span> <span class='ocrx_word' id='word_1_703' title='bbox 2155 2919 2472 2982; x_wconf 90' lang='lat' dir='ltr'><strong>innotescat,</strong></span> <span class='ocrx_word' id='word_1_704' title='bbox 2501 2925 2556 2970; x_wconf 92' lang='lat' dir='ltr'><strong>et</strong></span> <span class='ocrx_word' id='word_1_705' title='bbox 2587 2917 2688 2970; x_wconf 92' lang='lat' dir='ltr'><strong>hoc</strong></span> <span class='ocrx_word' id='word_1_706' title='bbox 2716 2916 2842 2981; x_wconf 88' lang='lat' dir='ltr'><strong>cito,</strong></span> <span class='ocrx_word' id='word_1_707' title='bbox 2863 2916 3039 2969; x_wconf 90' lang='lat' dir='ltr'><strong>ethoc</strong></span> <span class='ocrx_word' id='word_1_708' title='bbox 3063 2923 3147 2968; x_wconf 89' lang='lat' dir='ltr'><strong>est</strong></span> <span class='ocrx_word' id='word_1_709' title='bbox 3174 2932 3190 2964; x_wconf 83' lang='grc'>‹</span> <span class='ocrx_word' id='word_1_710' title='bbox 3226 2926 3410 2966; x_wconf 90' lang='lat' dir='ltr'><strong>coram</strong></span> 
     </span>
    </p>
   </div>
   <div class='ocr_carea' id='block_1_87' title="bbox 1839 3001 3411 3076">
    <p class='ocr_par' dir='ltr' id='par_1_87' title="bbox 1839 3001 3411 3076">
     <span class='ocr_line' id='line_1_87' title="bbox 1839 3001 3411 3076; baseline -0.007 -11"><span class='ocrx_word' id='word_1_711' title='bbox 1839 3010 2008 3065; x_wconf 91' lang='lat' dir='ltr'><strong>oculis</strong></span> <span class='ocrx_word' id='word_1_712' title='bbox 2023 3009 2238 3072; x_wconf 88' lang='lat' dir='ltr'><strong>nostris,</strong></span> <span class='ocrx_word' id='word_1_713' title='bbox 2263 3027 2281 3059; x_wconf 77' lang='grc' dir='ltr'><strong>ι</strong></span> <span class='ocrx_word' id='word_1_714' title='bbox 2303 3008 2376 3060; x_wconf 90' lang='lat' dir='ltr'><strong>ita</strong></span> <span class='ocrx_word' id='word_1_715' title='bbox 2389 3008 2533 3076; x_wconf 92' lang='lat' dir='ltr'><strong>quod</strong></span> <span class='ocrx_word' id='word_1_716' title='bbox 2547 3021 2644 3061; x_wconf 90' lang='lat' dir='ltr'><strong>nos</strong></span> <span class='ocrx_word' id='word_1_717' title='bbox 2665 3006 2961 3069; x_wconf 87' lang='lat' dir='ltr'><strong>videamus,</strong></span> <span class='ocrx_word' id='word_1_718' title='bbox 2977 3013 3033 3058; x_wconf 84' lang='lat' dir='ltr'><strong>et.</strong></span> <span class='ocrx_word' id='word_1_719' title='bbox 3053 3012 3288 3058; x_wconf 89' lang='lat' dir='ltr'><strong>nostram</strong></span> <span class='ocrx_word' id='word_1_720' title='bbox 3299 3001 3411 3055; x_wconf 86' lang='lat' dir='ltr'><strong>vin—</strong></span> 
     </span>
    </p>
   </div>
   <div class='ocr_carea' id='block_1_88' title="bbox 1840 3095 3401 3169">
    <p class='ocr_par' dir='ltr' id='par_1_88' title="bbox 1840 3095 3401 3169">
     <span class='ocr_line' id='line_1_88' title="bbox 1840 3095 3401 3169; baseline -0.006 -14"><span class='ocrx_word' id='word_1_721' title='bbox 1840 3101 2036 3155; x_wconf 89' lang='lat' dir='ltr'><strong>dictam</strong></span> <span class='ocrx_word' id='word_1_722' title='bbox 2073 3098 2452 3169; x_wconf 87' lang='lat' dir='ltr'><strong>intelligamus.</strong></span> <span class='ocrx_word' id='word_1_723' title='bbox 2485 3097 2551 3151; x_wconf 85' lang='lat' dir='ltr'><strong>Et</strong></span> <span class='ocrx_word' id='word_1_724' title='bbox 2579 3115 2599 3148; x_wconf 73' lang='grc' dir='ltr'><strong>ι</strong></span> <span class='ocrx_word' id='word_1_725' title='bbox 2633 3097 2862 3167; x_wconf 89' lang='lat' dir='ltr'><strong>gemitus</strong></span> <span class='ocrx_word' id='word_1_726' title='bbox 2899 3095 3346 3164; x_wconf 86' lang='lat' dir='ltr'><strong>compeditorum,</strong></span> <span class='ocrx_word' id='word_1_727' title='bbox 3382 3110 3401 3144; x_wconf 74' lang='grc' dir='ltr'><strong>ι</strong></span> 
     </span>
    </p>
   </div>
   <div class='ocr_carea' id='block_1_89' title="bbox 1841 3184 3409 3259">
    <p class='ocr_par' dir='ltr' id='par_1_89' title="bbox 1841 3184 3409 3259">
     <span class='ocr_line' id='line_1_89' title="bbox 1841 3184 3409 3259; baseline -0.004 -15"><span class='ocrx_word' id='word_1_728' title='bbox 1841 3190 1894 3244; x_wconf 91' lang='lat' dir='ltr'><strong>id</strong></span> <span class='ocrx_word' id='word_1_729' title='bbox 1921 3198 2022 3254; x_wconf 90' lang='lat' dir='ltr'><strong>est,</strong></span> <span class='ocrx_word' id='word_1_730' title='bbox 2052 3192 2289 3259; x_wconf 87' lang='lat' dir='ltr'><strong>ipsorum</strong></span> <span class='ocrx_word' id='word_1_731' title='bbox 2309 3188 2636 3252; x_wconf 83' lang='lat' dir='ltr'><strong>Judaeorum,</strong></span> <span class='ocrx_word' id='word_1_732' title='bbox 2666 3188 2757 3258; x_wconf 91' lang='lat' dir='ltr'><strong>qui</strong></span> <span class='ocrx_word' id='word_1_733' title='bbox 2778 3185 3064 3256; x_wconf 90' lang='lat' dir='ltr'><strong>compediti</strong></span> <span class='ocrx_word' id='word_1_734' title='bbox 3089 3193 3138 3238; x_wconf 89' lang='lat' dir='ltr'><strong>et</strong></span> <span class='ocrx_word' id='word_1_735' title='bbox 3155 3184 3409 3254; x_wconf 88' lang='lat' dir='ltr'><strong>captivati</strong></span> 
     </span>
    </p>
   </div>
   <div class='ocr_carea' id='block_1_90' title="bbox 1765 3258 3412 3349">
    <p class='ocr_par' dir='ltr' id='par_1_90' title="bbox 1765 3258 3412 3349">
     <span class='ocr_line' id='line_1_90' title="bbox 1765 3258 3412 3349; baseline -0.002 -17"><span class='ocrx_word' id='word_1_736' title='bbox 1765 3258 1812 3321; x_wconf 77' lang='lat' dir='ltr'>C</span> <span class='ocrx_word' id='word_1_737' title='bbox 1843 3258 2085 3349; x_wconf 75' lang='lat' dir='ltr'><strong>ligantur</strong></span> <span class='ocrx_word' id='word_1_738' title='bbox 2107 3279 2174 3332; x_wconf 91' lang='lat' dir='ltr'><strong>ab</strong></span> <span class='ocrx_word' id='word_1_739' title='bbox 2193 3280 2460 3333; x_wconf 83' lang='lat' dir='ltr'><strong>Antiocho</strong></span> <span class='ocrx_word' id='word_1_740' title='bbox 2486 3287 2540 3332; x_wconf 92' lang='lat' dir='ltr'><strong>et</strong></span> <span class='ocrx_word' id='word_1_741' title='bbox 2560 3278 2701 3342; x_wconf 92' lang='lat' dir='ltr'><strong>aliis,</strong></span> <span class='ocrx_word' id='word_1_742' title='bbox 2734 3295 2752 3328; x_wconf 72' lang='grc' dir='ltr'><strong>ι</strong></span> <span class='ocrx_word' id='word_1_743' title='bbox 2786 3278 3016 3331; x_wconf 87' lang='lat' dir='ltr'><strong>introeat</strong></span> <span class='ocrx_word' id='word_1_744' title='bbox 3044 3275 3099 3330; x_wconf 92' lang='lat' dir='ltr'><strong>in</strong></span> <span class='ocrx_word' id='word_1_745' title='bbox 3119 3281 3412 3345; x_wconf 87' lang='lat' dir='ltr'><strong>conspectu</strong></span> 
     </span>
    </p>
   </div>
   <div class='ocr_carea' id='block_1_91' title="bbox 1847 3369 2943 3439">
    <p class='ocr_par' dir='ltr' id='par_1_91' title="bbox 1847 3369 2943 3439">
     <span class='ocr_line' id='line_1_91' title="bbox 1847 3369 2943 3439; baseline -0.004 -13"><span class='ocrx_word' id='word_1_746' title='bbox 1847 3381 1959 3436; x_wconf 91' lang='lat' dir='ltr'><strong>tuo,</strong></span> <span class='ocrx_word' id='word_1_747' title='bbox 1999 3390 2016 3422; x_wconf 72' lang='grc' dir='ltr'><strong>ι</strong></span> <span class='ocrx_word' id='word_1_748' title='bbox 2049 3380 2106 3425; x_wconf 80' lang='grc' dir='ltr'><strong>ιιι</strong></span> <span class='ocrx_word' id='word_1_749' title='bbox 2127 3371 2336 3439; x_wconf 90' lang='lat' dir='ltr'><strong>placeat</strong></span> <span class='ocrx_word' id='word_1_750' title='bbox 2359 3369 2455 3424; x_wconf 91' lang='lat' dir='ltr'><strong>tibi</strong></span> <span class='ocrx_word' id='word_1_751' title='bbox 2484 3369 2713 3424; x_wconf 90' lang='lat' dir='ltr'><strong>liberare</strong></span> <span class='ocrx_word' id='word_1_752' title='bbox 2738 3377 2943 3424; x_wconf 82' lang='lat' dir='ltr'><strong>omnes.</strong></span> 
     </span>
    </p>
   </div>
   <div class='ocr_carea' id='block_1_92' title="bbox 1923 3457 3411 3530">
    <p class='ocr_par' dir='ltr' id='par_1_92' title="bbox 1923 3457 3411 3530">
     <span class='ocr_line' id='line_1_92' title="bbox 1923 3457 3411 3530; baseline 0.001 -19"><span class='ocrx_word' id='word_1_753' title='bbox 1923 3479 1940 3511; x_wconf 72' lang='grc' dir='ltr'><strong>ι</strong></span> <span class='ocrx_word' id='word_1_754' title='bbox 1979 3460 2282 3516; x_wconf 88' lang='lat' dir='ltr'><strong>Secundum</strong></span> <span class='ocrx_word' id='word_1_755' title='bbox 2319 3469 2372 3515; x_wconf 91' lang='lat' dir='ltr'><strong>et</strong></span> <span class='ocrx_word' id='word_1_756' title='bbox 2409 3459 2624 3530; x_wconf 88' lang='lat' dir='ltr'><strong>posside</strong></span> <span class='ocrx_word' id='word_1_757' title='bbox 2664 3479 2686 3525; x_wconf 63' lang='grc' dir='ltr'><strong>ι,</strong></span> <span class='ocrx_word' id='word_1_758' title='bbox 2715 3459 2973 3529; x_wconf 91' lang='lat' dir='ltr'><strong>quidquid</strong></span> <span class='ocrx_word' id='word_1_759' title='bbox 3001 3458 3075 3514; x_wconf 89' lang='lat' dir='ltr'><strong>sit</strong></span> <span class='ocrx_word' id='word_1_760' title='bbox 3119 3457 3411 3514; x_wconf 56' lang='lat' dir='ltr'><strong>devlibera-</strong></span> 
     </span>
    </p>
   </div>
   <div class='ocr_carea' id='block_1_93' title="bbox 1847 3549 3411 3620">
    <p class='ocr_par' dir='ltr' id='par_1_93' title="bbox 1847 3549 3411 3620">
     <span class='ocr_line' id='line_1_93' title="bbox 1847 3549 3411 3620; baseline 0 -16"><span class='ocrx_word' id='word_1_761' title='bbox 1847 3551 1993 3605; x_wconf 90' lang='lat' dir='ltr'><strong>tione</strong></span> <span class='ocrx_word' id='word_1_762' title='bbox 2015 3552 2346 3620; x_wconf 89' lang='lat' dir='ltr'><strong>captivorum</strong></span> <span class='ocrx_word' id='word_1_763' title='bbox 2387 3552 2832 3619; x_wconf 89' lang='lat' dir='ltr'><strong>compeditorum,</strong></span> <span class='ocrx_word' id='word_1_764' title='bbox 2870 3571 2888 3602; x_wconf 86' lang='grc'><strong><em>‹</em></strong></span> <span class='ocrx_word' id='word_1_765' title='bbox 2935 3551 3075 3605; x_wconf 83' lang='lat' dir='ltr'><strong>ﬁlios</strong></span> <span class='ocrx_word' id='word_1_766' title='bbox 3113 3549 3411 3604; x_wconf 84' lang='lat' dir='ltr'><strong>mortiﬁca-</strong></span> 
     </span>
    </p>
   </div>
   <div class='ocr_carea' id='block_1_94' title="bbox 1847 3640 3413 3710">
    <p class='ocr_par' dir='ltr' id='par_1_94' title="bbox 1847 3640 3413 3710">
     <span class='ocr_line' id='line_1_94' title="bbox 1847 3640 3413 3710; baseline 0 -16"><span class='ocrx_word' id='word_1_767' title='bbox 1847 3649 2045 3703; x_wconf 90' lang='lat' dir='ltr'><strong>torum,</strong></span> <span class='ocrx_word' id='word_1_768' title='bbox 2084 3660 2101 3691; x_wconf 73' lang='grc' dir='ltr'><strong>ι</strong></span> <span class='ocrx_word' id='word_1_769' title='bbox 2136 3640 2188 3694; x_wconf 91' lang='lat' dir='ltr'><strong>id</strong></span> <span class='ocrx_word' id='word_1_770' title='bbox 2215 3649 2320 3704; x_wconf 89' lang='lat' dir='ltr'><strong>est,</strong></span> <span class='ocrx_word' id='word_1_771' title='bbox 2351 3640 2648 3696; x_wconf 90' lang='lat' dir='ltr'><strong>imitatores</strong></span> <span class='ocrx_word' id='word_1_772' title='bbox 2672 3656 2880 3704; x_wconf 91' lang='lat' dir='ltr'><strong>eorum,</strong></span> <span class='ocrx_word' id='word_1_773' title='bbox 2926 3641 3017 3710; x_wconf 91' lang='lat' dir='ltr'><strong>qui</strong></span> <span class='ocrx_word' id='word_1_774' title='bbox 3046 3655 3144 3708; x_wconf 90' lang='lat' dir='ltr'><strong>pro</strong></span> <span class='ocrx_word' id='word_1_775' title='bbox 3167 3641 3413 3694; x_wconf 88' lang='lat' dir='ltr'><strong>veritatis</strong></span> 
     </span>
    </p>
   </div>
   <div class='ocr_carea' id='block_1_95' title="bbox 1849 3727 3416 3794">
    <p class='ocr_par' dir='ltr' id='par_1_95' title="bbox 1849 3727 3416 3794">
     <span class='ocr_line' id='line_1_95' title="bbox 1849 3727 3416 3794; baseline 0 -11"><span class='ocrx_word' id='word_1_776' title='bbox 1849 3727 2156 3783; x_wconf 88' lang='lat' dir='ltr'><strong>defensione</strong></span> <span class='ocrx_word' id='word_1_777' title='bbox 2184 3729 2519 3794; x_wconf 81' lang='lat' dir='ltr'><strong>occiduntur,</strong></span> <span class='ocrx_word' id='word_1_778' title='bbox 2543 3728 2820 3784; x_wconf 90' lang='lat' dir='ltr'><strong>scilicetut</strong></span> <span class='ocrx_word' id='word_1_779' title='bbox 2840 3728 3083 3782; x_wconf 87' lang='lat' dir='ltr'><strong>veritatis</strong></span> <span class='ocrx_word' id='word_1_780' title='bbox 3103 3727 3416 3783; x_wconf 82' lang='lat' dir='ltr'><strong>defensores</strong></span> 
     </span>
    </p>
   </div>
   <div class='ocr_carea' id='block_1_96' title="bbox 1849 3819 3413 3891">
    <p class='ocr_par' dir='ltr' id='par_1_96' title="bbox 1849 3819 3413 3891">
     <span class='ocr_line' id='line_1_96' title="bbox 1849 3819 3413 3891; baseline -0.002 -16"><span class='ocrx_word' id='word_1_781' title='bbox 1849 3821 2059 3891; x_wconf 89' lang='lat' dir='ltr'><strong>possint</strong></span> <span class='ocrx_word' id='word_1_782' title='bbox 2082 3819 2283 3885; x_wconf 89' lang='lat' dir='ltr'><strong>vocari,</strong></span> <span class='ocrx_word' id='word_1_783' title='bbox 2313 3819 2404 3890; x_wconf 89' lang='lat' dir='ltr'><strong>qui</strong></span> <span class='ocrx_word' id='word_1_784' title='bbox 2427 3820 2565 3875; x_wconf 91' lang='lat' dir='ltr'><strong>bene</strong></span> <span class='ocrx_word' id='word_1_785' title='bbox 2593 3821 2698 3875; x_wconf 93' lang='lat' dir='ltr'><strong>hoc</strong></span> <span class='ocrx_word' id='word_1_786' title='bbox 2715 3827 2889 3889; x_wconf 88' lang='lat' dir='ltr'><strong>potes,</strong></span> <span class='ocrx_word' id='word_1_787' title='bbox 2923 3837 2942 3870; x_wconf 75' lang='grc' dir='ltr'><strong>ι</strong></span> <span class='ocrx_word' id='word_1_788' title='bbox 2974 3819 3268 3874; x_wconf 88' lang='lat' dir='ltr'><strong>secundum</strong></span> <span class='ocrx_word' id='word_1_789' title='bbox 3294 3833 3413 3872; x_wconf 88' lang='lat' dir='ltr'><strong>ma-</strong></span> 
     </span>
    </p>
   </div>
   <div class='ocr_carea' id='block_1_97' title="bbox 1849 3909 3416 3984">
    <p class='ocr_par' dir='ltr' id='par_1_97' title="bbox 1849 3909 3416 3984">
     <span class='ocr_line' id='line_1_97' title="bbox 1849 3909 3416 3984; baseline -0.003 -18"><span class='ocrx_word' id='word_1_790' title='bbox 1849 3911 2179 3984; x_wconf 89' lang='lat' dir='ltr'><strong>gnitudinem</strong></span> <span class='ocrx_word' id='word_1_791' title='bbox 2223 3911 2431 3966; x_wconf 89' lang='lat' dir='ltr'><strong>brachii</strong></span> <span class='ocrx_word' id='word_1_792' title='bbox 2463 3912 2563 3976; x_wconf 91' lang='lat' dir='ltr'><strong>tui,</strong></span> <span class='ocrx_word' id='word_1_793' title='bbox 2599 3931 2617 3962; x_wconf 77' lang='grc' dir='ltr'><strong>ι</strong></span> <span class='ocrx_word' id='word_1_794' title='bbox 2655 3919 2714 3964; x_wconf 83' lang='grc' dir='ltr'><strong>ιιι</strong></span> <span class='ocrx_word' id='word_1_795' title='bbox 2740 3925 2846 3964; x_wconf 92' lang='lat' dir='ltr'><strong>non</strong></span> <span class='ocrx_word' id='word_1_796' title='bbox 2875 3918 3082 3964; x_wconf 90' lang='lat' dir='ltr'><strong>tantum</strong></span> <span class='ocrx_word' id='word_1_797' title='bbox 3107 3909 3416 3964; x_wconf 89' lang='lat' dir='ltr'><strong>deterreant</strong></span> 
     </span>
    </p>
   </div>
   <div class='ocr_carea' id='block_1_98' title="bbox 1848 4000 2930 4070">
    <p class='ocr_par' dir='ltr' id='par_1_98' title="bbox 1848 4000 2930 4070">
     <span class='ocr_line' id='line_1_98' title="bbox 1848 4000 2930 4070; baseline -0.001 -15"><span class='ocrx_word' id='word_1_798' title='bbox 1848 4015 1944 4056; x_wconf 90' lang='lat' dir='ltr'><strong>eos</strong></span> <span class='ocrx_word' id='word_1_799' title='bbox 1963 4014 2136 4070; x_wconf 73' lang='lat' dir='ltr'><strong>poena:</strong></span> <span class='ocrx_word' id='word_1_800' title='bbox 2164 4009 2424 4070; x_wconf 86' lang='lat' dir='ltr'><strong>quantum</strong></span> <span class='ocrx_word' id='word_1_801' title='bbox 2451 4000 2678 4055; x_wconf 90' lang='lat' dir='ltr'><strong>incitent</strong></span> <span class='ocrx_word' id='word_1_802' title='bbox 2701 4014 2930 4055; x_wconf 75' lang='lat' dir='ltr'><strong>coronae.</strong></span> 
     </span>
    </p>
   </div>
   <div class='ocr_carea' id='block_1_99' title="bbox 1917 4077 3414 4160">
    <p class='ocr_par' dir='ltr' id='par_1_99' title="bbox 1917 4077 3414 4160">
     <span class='ocr_line' id='line_1_99' title="bbox 1917 4077 3414 4160; baseline 0 -16"><span class='ocrx_word' id='word_1_803' title='bbox 1917 4090 1992 4144; x_wconf 92' lang='lat' dir='ltr'><strong>lta</strong></span> <span class='ocrx_word' id='word_1_804' title='bbox 2017 4089 2106 4146; x_wconf 86' lang='lat' dir='ltr'><strong>fac</strong></span> <span class='ocrx_word' id='word_1_805' title='bbox 2131 4091 2255 4156; x_wconf 90' lang='lat' dir='ltr'><strong>tuis,</strong></span> <span class='ocrx_word' id='word_1_806' title='bbox 2285 4110 2305 4142; x_wconf 71' lang='grc' dir='ltr'><strong><em>ι</em></strong></span> <span class='ocrx_word' id='word_1_807' title='bbox 2333 4099 2386 4146; x_wconf 83' lang='lat' dir='ltr'><strong>et</strong></span> <span class='ocrx_word' id='word_1_808' title='bbox 2415 4077 2576 4144; x_wconf 91' lang='lat' dir='ltr'><strong>redde</strong></span> <span class='ocrx_word' id='word_1_809' title='bbox 2597 4091 2788 4146; x_wconf 89' lang='lat' dir='ltr'><strong>vicinis</strong></span> <span class='ocrx_word' id='word_1_810' title='bbox 2815 4090 3016 4146; x_wconf 79' lang='lat' dir='ltr'><strong>nostris</strong></span> <span class='ocrx_word' id='word_1_811' title='bbox 3030 4089 3414 4160; x_wconf 88' lang='lat' dir='ltr'><strong>improperium</strong></span> 
     </span>
    </p>
   </div>
   <div class='ocr_carea' id='block_1_100' title="bbox 1849 4181 3415 4253">
    <p class='ocr_par' dir='ltr' id='par_1_100' title="bbox 1849 4181 3415 4253">
     <span class='ocr_line' id='line_1_100' title="bbox 1849 4181 3415 4253; baseline -0.003 -15"><span class='ocrx_word' id='word_1_812' title='bbox 1849 4184 2110 4253; x_wconf 86' lang='lat' dir='ltr'><strong>ipsorum,</strong></span> <span class='ocrx_word' id='word_1_813' title='bbox 2148 4181 2292 4253; x_wconf 92' lang='lat' dir='ltr'><strong>quod</strong></span> <span class='ocrx_word' id='word_1_814' title='bbox 2327 4183 2789 4252; x_wconf 76' lang='lat' dir='ltr'><strong>exprobraverunt</strong></span> <span class='ocrx_word' id='word_1_815' title='bbox 2817 4183 2944 4246; x_wconf 78' lang='lat' dir='ltr'><strong>tibi,</strong></span> <span class='ocrx_word' id='word_1_816' title='bbox 2973 4181 3200 4237; x_wconf 90' lang='lat' dir='ltr'><strong>Domine</strong></span> <span class='ocrx_word' id='word_1_817' title='bbox 3233 4201 3251 4233; x_wconf 75' lang='grc' dir='ltr'><strong>ι</strong></span> <span class='ocrx_word' id='word_1_818' title='bbox 3289 4181 3415 4235; x_wconf 89' lang='lat' dir='ltr'><strong>dum</strong></span> 
     </span>
    </p>
   </div>
   <div class='ocr_carea' id='block_1_101' title="bbox 1848 4272 3419 4345">
    <p class='ocr_par' dir='ltr' id='par_1_101' title="bbox 1848 4272 3419 4345">
     <span class='ocr_line' id='line_1_101' title="bbox 1848 4272 3419 4345; baseline -0.001 -15"><span class='ocrx_word' id='word_1_819' title='bbox 1848 4274 2238 4345; x_wconf 62' lang='lat' dir='ltr'><strong>caprobrarent</strong></span> <span class='ocrx_word' id='word_1_820' title='bbox 2262 4274 2386 4338; x_wconf 90' lang='lat' dir='ltr'><strong>tuis,</strong></span> <span class='ocrx_word' id='word_1_821' title='bbox 2415 4291 2435 4326; x_wconf 74' lang='grc' dir='ltr'><strong>ι</strong></span> <span class='ocrx_word' id='word_1_822' title='bbox 2467 4273 2789 4344; x_wconf 85' lang='lat' dir='ltr'><strong>septuplum,</strong></span> <span class='ocrx_word' id='word_1_823' title='bbox 2824 4293 2842 4325; x_wconf 75' lang='grc' dir='ltr'><strong>ι</strong></span> <span class='ocrx_word' id='word_1_824' title='bbox 2876 4274 3050 4338; x_wconf 79' lang='lat' dir='ltr'><strong>idzest,</strong></span> <span class='ocrx_word' id='word_1_825' title='bbox 3067 4272 3419 4342; x_wconf 88' lang='lat' dir='ltr'><strong>multiplicem</strong></span> 
     </span>
    </p>
   </div>
   <div class='ocr_carea' id='block_1_102' title="bbox 1850 4370 3416 4442">
    <p class='ocr_par' dir='ltr' id='par_1_102' title="bbox 1850 4370 3416 4442">
     <span class='ocr_line' id='line_1_102' title="bbox 1850 4370 3416 4442; baseline -0.001 -17"><span class='ocrx_word' id='word_1_826' title='bbox 1850 4371 2178 4437; x_wconf 87' lang='lat' dir='ltr'><strong>vindictam,</strong></span> <span class='ocrx_word' id='word_1_827' title='bbox 2241 4371 2448 4426; x_wconf 87' lang='lat' dir='ltr'><strong>scilicet</strong></span> <span class='ocrx_word' id='word_1_828' title='bbox 2496 4386 2594 4441; x_wconf 89' lang='lat' dir='ltr'><strong>per</strong></span> <span class='ocrx_word' id='word_1_829' title='bbox 2641 4371 2944 4440; x_wconf 89' lang='lat' dir='ltr'><strong>septuplum</strong></span> <span class='ocrx_word' id='word_1_830' title='bbox 2997 4371 3112 4425; x_wconf 83' lang='lat' dir='ltr'><strong>vult</strong></span> <span class='ocrx_word' id='word_1_831' title='bbox 3159 4370 3416 4442; x_wconf 88' lang='lat' dir='ltr'><strong>intelligi,</strong></span> 
     </span>
    </p>
   </div>
   <div class='ocr_carea' id='block_1_103' title="bbox 1851 4461 3416 4535">
    <p class='ocr_par' dir='ltr' id='par_1_103' title="bbox 1851 4461 3416 4535">
     <span class='ocr_line' id='line_1_103' title="bbox 1851 4461 3416 4535; baseline -0.002 -18"><span class='ocrx_word' id='word_1_832' title='bbox 1851 4464 1994 4533; x_wconf 90' lang='lat' dir='ltr'><strong>quod</strong></span> <span class='ocrx_word' id='word_1_833' title='bbox 2013 4478 2174 4535; x_wconf 67' lang='lat' dir='ltr'><strong>paena</strong></span> <span class='ocrx_word' id='word_1_834' title='bbox 2205 4463 2294 4518; x_wconf 92' lang='lat' dir='ltr'><strong>illa</strong></span> <span class='ocrx_word' id='word_1_835' title='bbox 2318 4461 2622 4531; x_wconf 91' lang='lat' dir='ltr'><strong>compuncti</strong></span> <span class='ocrx_word' id='word_1_836' title='bbox 2647 4462 3014 4516; x_wconf 91' lang='lat' dir='ltr'><strong>illuminentur</strong></span> <span class='ocrx_word' id='word_1_837' title='bbox 3035 4461 3238 4531; x_wconf 89' lang='lat' dir='ltr'><strong>Spiritu</strong></span> <span class='ocrx_word' id='word_1_838' title='bbox 3250 4461 3416 4531; x_wconf 89' lang='lat' dir='ltr'><strong>septi-</strong></span> 
     </span>
    </p>
   </div>
   <div class='ocr_carea' id='block_1_104' title="bbox 1855 4552 3418 4622">
    <p class='ocr_par' dir='ltr' id='par_1_104' title="bbox 1855 4552 3418 4622">
     <span class='ocr_line' id='line_1_104' title="bbox 1855 4552 3418 4622; baseline -0.003 -14"><span class='ocrx_word' id='word_1_839' title='bbox 1855 4555 2056 4610; x_wconf 88' lang='lat' dir='ltr'><strong>formi:</strong></span> <span class='ocrx_word' id='word_1_840' title='bbox 2089 4554 2253 4610; x_wconf 88' lang='lat' dir='ltr'><strong>redde</strong></span> <span class='ocrx_word' id='word_1_841' title='bbox 2282 4555 2404 4609; x_wconf 91' lang='lat' dir='ltr'><strong>dico</strong></span> <span class='ocrx_word' id='word_1_842' title='bbox 2425 4555 2516 4616; x_wconf 89' lang='lat' dir='ltr'><strong>ita,</strong></span> <span class='ocrx_word' id='word_1_843' title='bbox 2563 4554 2706 4622; x_wconf 91' lang='lat' dir='ltr'><strong>quod</strong></span> <span class='ocrx_word' id='word_1_844' title='bbox 2739 4571 2758 4604; x_wconf 85' lang='grc'><strong><em>‹</em></strong></span> <span class='ocrx_word' id='word_1_845' title='bbox 2808 4553 2862 4606; x_wconf 91' lang='lat' dir='ltr'><strong>in</strong></span> <span class='ocrx_word' id='word_1_846' title='bbox 2903 4553 3023 4608; x_wconf 90' lang='lat' dir='ltr'><strong>sinu</strong></span> <span class='ocrx_word' id='word_1_847' title='bbox 3051 4567 3236 4606; x_wconf 89' lang='lat' dir='ltr'><strong>eorum</strong></span> <span class='ocrx_word' id='word_1_848' title='bbox 3273 4571 3290 4602; x_wconf 74' lang='grc' dir='ltr'><strong>ι</strong></span> <span class='ocrx_word' id='word_1_849' title='bbox 3325 4552 3418 4618; x_wconf 86' lang='lat' dir='ltr'><strong>sit,</strong></span> 
     </span>
    </p>
   </div>
   <div class='ocr_carea' id='block_1_105' title="bbox 1853 4643 3152 4714">
    <p class='ocr_par' dir='ltr' id='par_1_105' title="bbox 1853 4643 3152 4714">
     <span class='ocr_line' id='line_1_105' title="bbox 1853 4643 3152 4714; baseline -0.005 -12"><span class='ocrx_word' id='word_1_850' title='bbox 1853 4648 1905 4702; x_wconf 92' lang='lat' dir='ltr'><strong>id</strong></span> <span class='ocrx_word' id='word_1_851' title='bbox 1933 4654 2037 4711; x_wconf 87' lang='lat' dir='ltr'><strong>est,</strong></span> <span class='ocrx_word' id='word_1_852' title='bbox 2067 4647 2120 4700; x_wconf 91' lang='lat' dir='ltr'><strong>in</strong></span> <span class='ocrx_word' id='word_1_853' title='bbox 2152 4644 2428 4701; x_wconf 88' lang='lat' dir='ltr'><strong>secretiori</strong></span> <span class='ocrx_word' id='word_1_854' title='bbox 2452 4652 2627 4714; x_wconf 90' lang='lat' dir='ltr'><strong>parte,</strong></span> <span class='ocrx_word' id='word_1_855' title='bbox 2651 4643 2856 4699; x_wconf 89' lang='lat' dir='ltr'><strong>scilicet</strong></span> <span class='ocrx_word' id='word_1_856' title='bbox 2875 4643 2930 4698; x_wconf 93' lang='lat' dir='ltr'><strong>in</strong></span> <span class='ocrx_word' id='word_1_857' title='bbox 2956 4643 3152 4696; x_wconf 89' lang='lat' dir='ltr'><strong>anima.</strong></span> 
     </span>
    </p>
   </div>
   <div class='ocr_carea' id='block_1_106' title="bbox 1921 4735 3418 4808">
    <p class='ocr_par' dir='ltr' id='par_1_106' title="bbox 1921 4735 3418 4808">
     <span class='ocr_line' id='line_1_106' title="bbox 1921 4735 3418 4808; baseline -0.002 -15"><span class='ocrx_word' id='word_1_858' title='bbox 1921 4738 2450 4808; x_wconf 86' lang='lat' dir='ltr'><strong>llludimproperium</strong></span> <span class='ocrx_word' id='word_1_859' title='bbox 2478 4737 2737 4791; x_wconf 90' lang='lat' dir='ltr'><strong>reddatur</strong></span> <span class='ocrx_word' id='word_1_860' title='bbox 2756 4737 2858 4801; x_wconf 91' lang='lat' dir='ltr'><strong>eis,</strong></span> <span class='ocrx_word' id='word_1_861' title='bbox 2885 4757 2902 4788; x_wconf 73' lang='grc' dir='ltr'><strong>ε</strong></span> <span class='ocrx_word' id='word_1_862' title='bbox 2931 4751 3028 4791; x_wconf 89' lang='lat' dir='ltr'><strong>nos</strong></span> <span class='ocrx_word' id='word_1_863' title='bbox 3057 4743 3237 4790; x_wconf 89' lang='lat' dir='ltr'><strong>autem</strong></span> <span class='ocrx_word' id='word_1_864' title='bbox 3266 4754 3285 4787; x_wconf 72' lang='grc' dir='ltr'><strong>ι</strong></span> <span class='ocrx_word' id='word_1_865' title='bbox 3311 4735 3418 4790; x_wconf 87' lang='lat' dir='ltr'><strong>im-</strong></span> 
     </span>
    </p>
   </div>
   <div class='ocr_carea' id='block_1_107' title="bbox 1849 4827 3422 4901">
    <p class='ocr_par' dir='ltr' id='par_1_107' title="bbox 1849 4827 3422 4901">
     <span class='ocr_line' id='line_1_107' title="bbox 1849 4827 3422 4901; baseline -0.002 -18"><span class='ocrx_word' id='word_1_866' title='bbox 1849 4830 2158 4901; x_wconf 89' lang='lat' dir='ltr'><strong>properium</strong></span> <span class='ocrx_word' id='word_1_867' title='bbox 2183 4844 2289 4883; x_wconf 90' lang='lat' dir='ltr'><strong>non</strong></span> <span class='ocrx_word' id='word_1_868' title='bbox 2314 4843 2601 4893; x_wconf 89' lang='lat' dir='ltr'><strong>meremur,</strong></span> <span class='ocrx_word' id='word_1_869' title='bbox 2632 4827 2914 4898; x_wconf 86' lang='lat' dir='ltr'><strong>sedpotius</strong></span> <span class='ocrx_word' id='word_1_870' title='bbox 2940 4827 3259 4883; x_wconf 78' lang='lat' dir='ltr'><strong>exsistentes</strong></span> <span class='ocrx_word' id='word_1_871' title='bbox 3281 4841 3422 4881; x_wconf 88' lang='lat' dir='ltr'><strong>sem-</strong></span> 
     </span>
    </p>
   </div>
   <div class='ocr_carea' id='block_1_108' title="bbox 1852 4917 3418 4990">
    <p class='ocr_par' dir='ltr' id='par_1_108' title="bbox 1852 4917 3418 4990">
     <span class='ocr_line' id='line_1_108' title="bbox 1852 4917 3418 4990; baseline -0.003 -16"><span class='ocrx_word' id='word_1_872' title='bbox 1852 4934 1952 4990; x_wconf 89' lang='lat' dir='ltr'><strong>per</strong></span> <span class='ocrx_word' id='word_1_873' title='bbox 1992 4939 2011 4972; x_wconf 82' lang='grc'><em>‹</em></span> <span class='ocrx_word' id='word_1_874' title='bbox 2057 4919 2286 4990; x_wconf 90' lang='lat' dir='ltr'><strong>populus</strong></span> <span class='ocrx_word' id='word_1_875' title='bbox 2319 4927 2443 4973; x_wconf 90' lang='lat' dir='ltr'><strong>tuus</strong></span> <span class='ocrx_word' id='word_1_876' title='bbox 2485 4938 2504 4971; x_wconf 71' lang='grc' dir='ltr'><strong>ι</strong></span> <span class='ocrx_word' id='word_1_877' title='bbox 2539 4918 2632 4988; x_wconf 91' lang='lat' dir='ltr'><strong>qui</strong></span> <span class='ocrx_word' id='word_1_878' title='bbox 2667 4919 2762 4974; x_wconf 87' lang='lat' dir='ltr'><strong>tibi</strong></span> <span class='ocrx_word' id='word_1_879' title='bbox 2806 4918 3089 4990; x_wconf 84' lang='lat' dir='ltr'><strong>diligenter</strong></span> <span class='ocrx_word' id='word_1_880' title='bbox 3132 4917 3418 4982; x_wconf 87' lang='lat' dir='ltr'><strong>servimus,</strong></span> 
     </span>
    </p>
   </div>
   <div class='ocr_carea' id='block_1_109' title="bbox 1863 5008 3423 5079">
    <p class='ocr_par' dir='ltr' id='par_1_109' title="bbox 1863 5008 3423 5079">
     <span class='ocr_line' id='line_1_109' title="bbox 1863 5008 3423 5079; baseline 0 -19"><span class='ocrx_word' id='word_1_881' title='bbox 1863 5017 1972 5066; x_wconf 71' lang='lat' dir='ltr'><strong>«et</strong></span> <span class='ocrx_word' id='word_1_882' title='bbox 1993 5025 2122 5065; x_wconf 87' lang='lat' dir='ltr'><strong>oves</strong></span> <span class='ocrx_word' id='word_1_883' title='bbox 2142 5023 2356 5079; x_wconf 86' lang='lat' dir='ltr'><strong>pascuae</strong></span> <span class='ocrx_word' id='word_1_884' title='bbox 2387 5018 2508 5075; x_wconf 67' lang='lat' dir='ltr'><strong>tuae,</strong></span> <span class='ocrx_word' id='word_1_885' title='bbox 2544 5029 2563 5061; x_wconf 76' lang='grc' dir='ltr'><strong>ι</strong></span> <span class='ocrx_word' id='word_1_886' title='bbox 2611 5010 2663 5065; x_wconf 92' lang='lat' dir='ltr'><strong>id</strong></span> <span class='ocrx_word' id='word_1_887' title='bbox 2687 5017 2789 5076; x_wconf 91' lang='lat' dir='ltr'><strong>est,</strong></span> <span class='ocrx_word' id='word_1_888' title='bbox 2812 5025 2947 5079; x_wconf 88' lang='lat' dir='ltr'><strong>quas</strong></span> <span class='ocrx_word' id='word_1_889' title='bbox 2974 5018 3030 5063; x_wconf 91' lang='lat' dir='ltr'><strong>tu</strong></span> <span class='ocrx_word' id='word_1_890' title='bbox 3060 5008 3238 5077; x_wconf 88' lang='lat' dir='ltr'><strong>pascis</strong></span> <span class='ocrx_word' id='word_1_891' title='bbox 3258 5013 3312 5059; x_wconf 91' lang='lat' dir='ltr'><strong>et</strong></span> <span class='ocrx_word' id='word_1_892' title='bbox 3338 5019 3423 5060; x_wconf 89' lang='lat' dir='ltr'><strong>re-</strong></span> 
     </span>
    </p>
   </div>
   <div class='ocr_carea' id='block_1_110' title="bbox 1861 5097 3425 5172">
    <p class='ocr_par' dir='ltr' id='par_1_110' title="bbox 1861 5097 3425 5172">
     <span class='ocr_line' id='line_1_110' title="bbox 1861 5097 3425 5172; baseline -0.003 -16"><span class='ocrx_word' id='word_1_893' title='bbox 1861 5101 1978 5157; x_wconf 86' lang='lat' dir='ltr'><strong>ficis</strong></span> <span class='ocrx_word' id='word_1_894' title='bbox 2015 5102 2277 5171; x_wconf 90' lang='lat' dir='ltr'><strong>spirituali</strong></span> <span class='ocrx_word' id='word_1_895' title='bbox 2315 5109 2491 5172; x_wconf 91' lang='lat' dir='ltr'><strong>pastu,</strong></span> <span class='ocrx_word' id='word_1_896' title='bbox 2539 5103 2746 5157; x_wconf 90' lang='lat' dir='ltr'><strong>scilicet</strong></span> <span class='ocrx_word' id='word_1_897' title='bbox 2785 5102 3046 5163; x_wconf 90' lang='lat' dir='ltr'><strong>doctrina,</strong></span> <span class='ocrx_word' id='word_1_898' title='bbox 3083 5119 3102 5151; x_wconf 84' lang='grc'><strong>‹</strong></span> <span class='ocrx_word' id='word_1_899' title='bbox 3146 5097 3425 5153; x_wconf 85' lang='lat' dir='ltr'><strong>confitebi-</strong></span> 
     </span>
    </p>
   </div>
   <div class='ocr_carea' id='block_1_111' title="bbox 1861 5187 3426 5258">
    <p class='ocr_par' dir='ltr' id='par_1_111' title="bbox 1861 5187 3426 5258">
     <span class='ocr_line' id='line_1_111' title="bbox 1861 5187 3426 5258; baseline -0.003 -11"><span class='ocrx_word' id='word_1_900' title='bbox 1861 5207 1983 5247; x_wconf 87' lang='lat' dir='ltr'><strong>mur</strong></span> <span class='ocrx_word' id='word_1_901' title='bbox 2010 5193 2125 5256; x_wconf 84' lang='lat' dir='ltr'><strong>tibi,</strong></span> <span class='ocrx_word' id='word_1_902' title='bbox 2165 5212 2182 5244; x_wconf 77' lang='grc' dir='ltr'><strong>ι</strong></span> <span class='ocrx_word' id='word_1_903' title='bbox 2207 5193 2261 5247; x_wconf 86' lang='lat' dir='ltr'><strong>id</strong></span> <span class='ocrx_word' id='word_1_904' title='bbox 2286 5201 2386 5258; x_wconf 88' lang='lat' dir='ltr'><strong>est,</strong></span> <span class='ocrx_word' id='word_1_905' title='bbox 2421 5193 2761 5248; x_wconf 81' lang='lat' dir='ltr'><strong>laudabimus</strong></span> <span class='ocrx_word' id='word_1_906' title='bbox 2792 5201 2845 5247; x_wconf 86' lang='lat' dir='ltr'><strong>te</strong></span> <span class='ocrx_word' id='word_1_907' title='bbox 2891 5209 2908 5241; x_wconf 74' lang='grc' dir='ltr'><strong>ο</strong></span> <span class='ocrx_word' id='word_1_908' title='bbox 2937 5192 2990 5245; x_wconf 88' lang='lat' dir='ltr'><strong>in</strong></span> <span class='ocrx_word' id='word_1_909' title='bbox 3016 5188 3286 5253; x_wconf 62' lang='lat' dir='ltr'><strong>saeculum,</strong></span> <span class='ocrx_word' id='word_1_910' title='bbox 3318 5207 3336 5240; x_wconf 75' lang='grc' dir='ltr'><strong>ι</strong></span> <span class='ocrx_word' id='word_1_911' title='bbox 3369 5187 3426 5242; x_wconf 92' lang='lat' dir='ltr'><strong>id</strong></span> 
     </span>
    </p>
   </div>
   <div class='ocr_carea' id='block_1_112' title="bbox 1862 5277 3423 5352">
    <p class='ocr_par' dir='ltr' id='par_1_112' title="bbox 1862 5277 3423 5352">
     <span class='ocr_line' id='line_1_112' title="bbox 1862 5277 3423 5352; baseline -0.006 -13"><span class='ocrx_word' id='word_1_912' title='bbox 1862 5291 1965 5348; x_wconf 87' lang='lat' dir='ltr'><strong>est,</strong></span> <span class='ocrx_word' id='word_1_913' title='bbox 1996 5282 2234 5351; x_wconf 88' lang='lat' dir='ltr'><strong>quandiu</strong></span> <span class='ocrx_word' id='word_1_914' title='bbox 2281 5282 2499 5352; x_wconf 89' lang='lat' dir='ltr'><strong>aliquod</strong></span> <span class='ocrx_word' id='word_1_915' title='bbox 2548 5282 2812 5338; x_wconf 58' lang='lat' dir='ltr'><strong>smeulum.</strong></span> <span class='ocrx_word' id='word_1_916' title='bbox 2847 5279 2970 5334; x_wconf 87' lang='lat' dir='ltr'><strong>erit.</strong></span> <span class='ocrx_word' id='word_1_917' title='bbox 3026 5278 3209 5334; x_wconf 82' lang='lat' dir='ltr'><strong>Potest</strong></span> <span class='ocrx_word' id='word_1_918' title='bbox 3241 5285 3296 5332; x_wconf 90' lang='lat' dir='ltr'><strong>et</strong></span> <span class='ocrx_word' id='word_1_919' title='bbox 3349 5277 3423 5330; x_wconf 90' lang='lat' dir='ltr'><strong>ita</strong></span> 
     </span>
    </p>
   </div>
   <div class='ocr_carea' id='block_1_113' title="bbox 1864 5369 3430 5434">
    <p class='ocr_par' dir='ltr' id='par_1_113' title="bbox 1864 5369 3430 5434">
     <span class='ocr_line' id='line_1_113' title="bbox 1864 5369 3430 5434; baseline -0.005 -1"><span class='ocrx_word' id='word_1_920' title='bbox 1864 5375 2165 5433; x_wconf 89' lang='lat' dir='ltr'><strong>continuari</strong></span> <span class='ocrx_word' id='word_1_921' title='bbox 2195 5389 2209 5428; x_wconf 90' lang='lat'><strong>:</strong></span> <span class='ocrx_word' id='word_1_922' title='bbox 2241 5373 2366 5430; x_wconf 68' lang='lat' dir='ltr'><strong>Haec</strong></span> <span class='ocrx_word' id='word_1_923' title='bbox 2414 5372 2554 5430; x_wconf 87' lang='lat' dir='ltr'><strong>mala</strong></span> <span class='ocrx_word' id='word_1_924' title='bbox 2580 5373 2735 5429; x_wconf 84' lang='lat' dir='ltr'><strong>nobis</strong></span> <span class='ocrx_word' id='word_1_925' title='bbox 2766 5369 3087 5434; x_wconf 81' lang='lat' dir='ltr'><strong>inferuntur,</strong></span> <span class='ocrx_word' id='word_1_926' title='bbox 3127 5370 3221 5425; x_wconf 90' lang='lat' dir='ltr'><strong>sed</strong></span> <span class='ocrx_word' id='word_1_927' title='bbox 3244 5377 3430 5425; x_wconf 86' lang='lat' dir='ltr'><strong>tamen</strong></span> 
     </span>
    </p>
   </div>
   <div class='ocr_carea' id='block_1_114' title="bbox 1868 5459 3431 5535">
    <p class='ocr_par' dir='ltr' id='par_1_114' title="bbox 1868 5459 3431 5535">
     <span class='ocr_line' id='line_1_114' title="bbox 1868 5459 3431 5535; baseline -0.008 -9"><span class='ocrx_word' id='word_1_928' title='bbox 1868 5486 1968 5526; x_wconf 92' lang='lat' dir='ltr'><strong>nos</strong></span> <span class='ocrx_word' id='word_1_929' title='bbox 1994 5467 2367 5525; x_wconf 84' lang='lat' dir='ltr'><strong>confitebimur</strong></span> <span class='ocrx_word' id='word_1_930' title='bbox 2401 5467 2494 5522; x_wconf 91' lang='lat' dir='ltr'><strong>tibi</strong></span> <span class='ocrx_word' id='word_1_931' title='bbox 2519 5481 2752 5535; x_wconf 90' lang='lat' dir='ltr'><strong>semper,</strong></span> <span class='ocrx_word' id='word_1_932' title='bbox 2779 5477 2879 5518; x_wconf 92' lang='lat' dir='ltr'><strong>nec</strong></span> <span class='ocrx_word' id='word_1_933' title='bbox 2905 5472 3113 5518; x_wconf 86' lang='lat' dir='ltr'><strong>tantum</strong></span> <span class='ocrx_word' id='word_1_934' title='bbox 3145 5459 3431 5515; x_wconf 83' lang='lat' dir='ltr'><strong>confitebi-</strong></span> 
     </span>
    </p>
   </div>
   <div class='ocr_carea' id='block_1_115' title="bbox 1868 5547 3431 5625">
    <p class='ocr_par' dir='ltr' id='par_1_115' title="bbox 1868 5547 3431 5625">
     <span class='ocr_line' id='line_1_115' title="bbox 1868 5547 3431 5625; baseline -0.008 -10"><span class='ocrx_word' id='word_1_935' title='bbox 1868 5575 2008 5625; x_wconf 92' lang='lat' dir='ltr'><strong>mur,</strong></span> <span class='ocrx_word' id='word_1_936' title='bbox 2038 5559 2129 5614; x_wconf 89' lang='lat' dir='ltr'><strong>sed</strong></span> <span class='ocrx_word' id='word_1_937' title='bbox 2150 5558 2313 5612; x_wconf 88' lang='lat' dir='ltr'><strong>etiam</strong></span> <span class='ocrx_word' id='word_1_938' title='bbox 2338 5577 2354 5608; x_wconf 74' lang='grc' dir='ltr'><strong>ι</strong></span> <span class='ocrx_word' id='word_1_939' title='bbox 2391 5554 2827 5610; x_wconf 88' lang='lat' dir='ltr'><strong>annuntiabimus</strong></span> <span class='ocrx_word' id='word_1_940' title='bbox 2867 5553 3076 5607; x_wconf 88' lang='lat' dir='ltr'><strong>laudem</strong></span> <span class='ocrx_word' id='word_1_941' title='bbox 3099 5559 3245 5603; x_wconf 88' lang='lat' dir='ltr'><strong>tuam</strong></span> <span class='ocrx_word' id='word_1_942' title='bbox 3271 5567 3290 5600; x_wconf 71' lang='grc' dir='ltr'><strong>ι</strong></span> <span class='ocrx_word' id='word_1_943' title='bbox 3309 5547 3431 5602; x_wconf 90' lang='lat' dir='ltr'><strong>aliis</strong></span> 
     </span>
    </p>
   </div>
   <div class='ocr_carea' id='block_1_116' title="bbox 1874 5637 3430 5720">
    <p class='ocr_par' dir='ltr' id='par_1_116' title="bbox 1874 5637 3430 5720">
     <span class='ocr_line' id='line_1_116' title="bbox 1874 5637 3430 5720; baseline -0.006 -20"><span class='ocrx_word' id='word_1_944' title='bbox 1874 5667 1892 5700; x_wconf 72' lang='grc' dir='ltr'><strong>ι</strong></span> <span class='ocrx_word' id='word_1_945' title='bbox 1929 5649 1984 5704; x_wconf 83' lang='grc' dir='ltr'><strong>ἰη</strong></span> <span class='ocrx_word' id='word_1_946' title='bbox 2010 5648 2352 5720; x_wconf 86' lang='lat' dir='ltr'><strong>generatione</strong></span> <span class='ocrx_word' id='word_1_947' title='bbox 2374 5653 2428 5700; x_wconf 91' lang='lat' dir='ltr'><strong>et</strong></span> <span class='ocrx_word' id='word_1_948' title='bbox 2453 5643 2873 5716; x_wconf 87' lang='lat' dir='ltr'><strong>generationem,</strong></span> <span class='ocrx_word' id='word_1_949' title='bbox 2909 5659 2930 5693; x_wconf 74' lang='grc' dir='ltr'><strong>ι</strong></span> <span class='ocrx_word' id='word_1_950' title='bbox 2973 5640 3026 5695; x_wconf 92' lang='lat' dir='ltr'><strong>id</strong></span> <span class='ocrx_word' id='word_1_951' title='bbox 3051 5647 3155 5704; x_wconf 89' lang='lat' dir='ltr'><strong>est,</strong></span> <span class='ocrx_word' id='word_1_952' title='bbox 3191 5637 3430 5707; x_wconf 87' lang='lat' dir='ltr'><strong>quandiu</strong></span> 
     </span>
    </p>
   </div>
   <div class='ocr_carea' id='block_1_117' title="bbox 1868 5737 2493 5812">
    <p class='ocr_par' dir='ltr' id='par_1_117' title="bbox 1868 5737 2493 5812">
     <span class='ocr_line' id='line_1_117' title="bbox 1868 5737 2493 5812; baseline -0.011 -15"><span class='ocrx_word' id='word_1_953' title='bbox 1868 5741 2048 5812; x_wconf 91' lang='lat' dir='ltr'><strong>aliqua</strong></span> <span class='ocrx_word' id='word_1_954' title='bbox 2077 5739 2352 5811; x_wconf 83' lang='lat' dir='ltr'><strong>generatio</strong></span> <span class='ocrx_word' id='word_1_955' title='bbox 2371 5737 2493 5793; x_wconf 88' lang='lat' dir='ltr'><strong>erit.</strong></span> 
     </span>
    </p>
   </div>
  </div>
