3940 6448
164 517 279 578 ’475

1322 493 1764 554 EXPLANATIO
1801 491 1866 546 ΙΝ
1909 488 2243 544 PSALMOS.

3301 475 3405 533 ιιι

171 631 397 707 μείης
423 627 559 697 ejus,
587 644 617 675 ιο
664 623 716 676 id
743 629 844 686 est,
885 615 1228 673 extensiones
1253 611 1392 679 ejus,
1433 608 1637 664 scilicet
1674 604 1732 656 ﬁ-
1759 609 1812 668 Α
1910 619 1928 653 ‹
1970 601 2035 652 Ει
2077 599 2272 668 perﬁce
2309 611 2428 651 eam
2482 613 2501 646 ι
2549 592 2790 657 vineam,
2845 588 2898 644 id
2949 597 3049 653 est,
3081 587 3406 655 Ecclesiam,

1150 705 1158 707 ι
1200 704 1222 707 _
1478 698 1498 707 -
1585 698 1594 707 .
1673 697 1684 707 .
2099 689 2160 707 ιιι
2215 689 2339 707 .___:.
2387 687 2584 707 1..--.-_-
2619 694 2704 707 ι..-
2772 701 2785 707 -
2837 681 2887 707 ζει
2926 687 3003 707 ,ειμι
3051 678 3217 707 rem.”
3258 687 3384 707 an..-

174 697 276 780 lios
315 721 545 775 ﬁliorum
572 711 814 770 extendit
843 729 861 760 ‹
898 723 1070 778 usque
1099 705 1163 760 ad
1193 704 1389 757 ﬁumen
1426 720 1442 751 ›
1471 697 1736 752 Jordanis.

165 853 180 860 ο
250 835 270 867 ς
307 813 376 870 Ut
401 809 551 881 quid,
599 827 616 858 ι
660 802 1092 874 quandoquidem
1138 806 1216 852 tot
1265 793 1520 850 beneﬁcia
1569 787 1741 842 fecisti

175 911 250 966 illi
288 905 483 978 populo
517 922 536 955 ί
583 909 642 954 ιιι
679 898 808 968 quid
839 894 1151 951 destruxisti
1183 889 1470 946 maceriam
1511 880 1662 950 ejus?
1717 898 1734 928 ι

175 1005 228 1058 id
252 971 374 1065 est;
407 995 772 1052 defensionem
808 988 963 1058 ejus:
1004 1005 1022 1036 ‹
1061 993 1112 1039 ει
1149 1002 1166 1034 ι
1207 990 1265 1035 ιιι
1315 977 1442 1047 quid
1486 993 1503 1024 ‹
1559 971 1742 1025 vinde-

174 1093 366 1154 miant,
399 1109 417 1141 ι
457 1088 508 1141 id
539 1093 641 1148 est,
682 1079 1016 1141 conculcant,
1052 1095 1070 1126 «
1103 1088 1220 1128 eam
1250 1082 1435 1123 omnes
1469 1063 1560 1133 qui
1598 1076 1738 1130 pra:—

107 1249 111 1252 ,
176 1179 578 1251 tergrediuntur
609 1174 772 1237 viam,
809 1191 825 1222 ι
853 1170 906 1224 id
933 1177 1038 1231 est,
1072 1169 1337 1235 praecepta
1383 1155 1630 1218 Domini;
1654 1149 1740 1206 vel

177 1271 426 1342 gentiles,
449 1266 538 1336 qui
567 1265 736 1334 legem
767 1275 871 1313 non
903 1255 1121 1311 habent.

151 1335 206 1377 θ
246 1346 389 1415 Bene
443 1335 583 1420 dico,
638 1353 778 1422 quod
825 1344 1328 1420 praatergredientes
1385 1335 1740 1397 conculcent,

176 1453 302 1522 quia
337 1471 353 1500 ‹
382 1463 525 1518 aper,
560 1465 579 1496 ι
615 1444 666 1497 id
689 1450 789 1505 est,
819 1438 1202 1508 Vespasianus,
1253 1430 1558 1486 immundus
1587 1425 1742 1496 quasi

176 1515 494 1596 veniens-de
525 1553 542 1584 ‹
579 1534 732 1596 silva,
767 1551 785 1582 ι
817 1530 869 1583 id
895 1535 997 1591 est,
1024 1527 1088 1581 de
1109 1522 1308 1578 inculta
1340 1531 1504 1583 terra,
1535 1515 1741 1571 scilicet

127 1647 136 1654 '
177 1637 244 1691 de
274 1630 587 1706 gentilitate,
627 1646 643 1676 ι
681 1620 1061 1678 exterminavit
1100 1632 1240 1682 eam,
1295 1633 1314 1666 ι
1363 1613 1416 1667 id
1445 1619 1543 1671 est,
1589 1615 1741 1662 extra

178 1696 434 1780 terminos
471 1729 626 1772 terra:
656 1729 766 1768 suae
788 1710 1026 1781 captavit
1052 1722 1194 1769 eam,
1234 1723 1252 1754 ι
1285 1712 1339 1757 ει
1377 1696 1686 1766 singularis,
1717 1712 1735 1744 ›

175 1817 233 1871 id
268 1823 370 1878 est,
400 1810 572 1872 Titus,
605 1826 622 1856 ι
658 1804 805 1858 ferus
840 1823 857 1854 ι
905 1811 957 1856 ει
980 1798 1263 1868 superbus,
1307 1813 1325 1844 ι
1371 1793 1624 1859 depastus
1660 1792 1744 1840 est

175 1921 320 1970 eam,
357 1923 373 1954 ›
418 1902 470 1956 id
499 1907 602 1963 est,
638 1909 860 1966 prorsus
896 1888 1214 1952 dexstruxit,
1246 1884 1370 1954 quia
1413 1895 1546 1949 quos
1590 1887 1743 1946 pater

176 2013 309 2052 suus
332 1993 687 2062 Vespasianus
710 1988 857 2058 prius
882 1982 1183 2042 attriverat,
1215 1979 1318 2031 iste
1353 1972 1592 2027 funditus
1615 1983 1743 2023 con-

178 2089 411 2160 sumpsit
439 2103 453 2140 :
480 2086 570 2156 qui
601 2085 723 2139 ideo
746 2076 1026 2149 singulari,
1065 2073 1116 2127 id
1144 2081 1247 2136 est,
1285 2082 1437 2138 apro,
1465 2075 1746 2130 compara-

177 2190 290 2246 tur,
318 2181 440 2249 quia
480 2178 624 2232 ferus
651 2181 735 2229 est
764 2171 902 2226 sicut
927 2181 1074 2236 aper.
1105 2163 1209 2217 Per
1251 2159 1474 2230 vineam
1498 2152 1746 2206 eductam

179 2275 246 2330 de
275 2247 530 2343 Egypto,
563 2265 856 2322 Ecclesium
884 2258 1255 2328 intelligimus,
1294 2251 1540 2306 eductam
1571 2247 1636 2300 de
1665 2253 1745 2298 te-

177 2339 552 2432 nebrisnliujus
575 2359 779 2422 mundi,
820 2356 973 2425 cujus
1001 2349 1208 2405 itineris
1233 2345 1339 2400 dux
1370 2349 1454 2397 est
1478 2339 1746 2402 Christus,

181 2459 276 2529 qui
325 2429 631 2526 prapositus
659 2457 742 2504 est
775 2446 950 2510 nobis,
1001 2450 1059 2495 ut
1095 2438 1210 2507 ejus
1241 2435 1408 2490 vitam
1455 2429 1770 2503 imitemur.

179 2525 252 2603 Et
300 2525 506 2600 radices
539 2540 817 2600 Ecclesiae,
862 2535 914 2589 id
941 2541 1042 2596 est,
1090 2536 1306 2585 sanctos
1337 2525 1606 2583 doctores,
1653 2531 1751 2587 per

185 2654 322 2709 quos
347 2643 679 2693 sustentatur
707 2627 967 2690 Ecclesia,
994 2621 1248 2694 plantasti
1278 2619 1374 2681 ita,
1401 2615 1543 2685 quod
1571 2612 1750 2680 aliquo

181 2703 347 2788 vento
375 2727 571 2785 diaboli
595 2741 700 2780 non
723 2727 948 2792 possunt
975 2713 1231 2771 dimoveri
1257 2729 1269 2764 :
1295 2720 1349 2764 et
1375 2709 1489 2776 ipsa
1509 2703 1751 2759 Ecclesia

185 2819 428 2891 implevit
451 2827 671 2877 terram,
693 2811 817 2881 quia
840 2823 937 2878 per
957 2813 1127 2861 totum
1147 2798 1402 2855 mundum
1425 2794 1614 2850 diffusa
1636 2803 1747 2848 est:

187 2924 242 2970 et
265 2883 453 2967 umbra
477 2907 611 2977 ejus,
631 2905 681 2960 id
707 2911 790 2958 est
816 2897 1121 2956 sollicitudo
1149 2901 1203 2948 et
1227 2906 1356 2946 cura
1382 2884 1519 2956 ejus,
1544 2883 1756 2954 operuit

185 3014 422 3066 montes,
470 3001 658 3064 idaest,
693 2991 974 3066 Apostolos
1006 2984 1245 3056 impedit,
1295 2982 1546 3036 dum'eos
1570 2993 1601 3031 a
1628 2990 1756 3030 con-

187 3094 533 3166 templatione
569 3105 664 3146 sua
695 3092 928 3151 revocat,
965 3090 1020 3137 et
1060 3078 1278 3133 arbusta
1308 3071 1438 3140 ejus,
1478 3079 1538 3125 ut
1567 3083 1749 3137 supra.

187 3158 319 3242 Vel-
348 3184 568 3244 umbra,
628 3180 682 3235 id
739 3186 858 3241 est,
913 3170 1174 3245 protectio
1230 3164 1484 3220 Ecclesia:
1543 3158 1756 3230 Operuit

189 3288 421 3342 montes,
451 3275 576 3345 quia
613 3271 788 3326 nullus
823 3277 906 3324 est
944 3275 1052 3320 tam
1100 3263 1238 3318 altus
1266 3262 1319 3314 in
1346 3254 1587 3312 Ecclesia
1622 3250 1752 3318 quin

191 3370 290 3424 sub
320 3343 649 3437 protectione
676 3358 928 3414 Ecclesiae
967 3355 1062 3408 Dei
1089 3357 1400 3421 protegatur
1424 3355 1478 3400 et
1507 3343 1704 3396 unione
1736 3355 1751 3391 :

191 3460 320 3530 quia
351 3457 395 3512 si
433 3461 710 3525 separetur
745 3449 808 3504 de
837 3447 1033 3502 unione
1075 3441 1326 3498 Ecclesia:
1352 3439 1468 3504 Dei,
1506 3435 1572 3491 ab
1611 3431 1760 3489 omni

193 3548 479 3605 altitudine
509 3543 738 3598 decidet.

269 3636 532 3691 Similiter
556 3634 773 3688 arbusta
811 3629 928 3700 ejus
955 3627 1146 3682 cedros
1183 3623 1279 3679 Dei
1319 3629 1371 3678 et
1395 3621 1486 3676 illa
1508 3619 1684 3681 vinea,
1709 3615 1764 3670 id

194 3736 281 3784 est
316 3725 578 3788 Ecclesia,
621 3721 864 3777 extendit
913 3717 1184 3788 palmites,
1223 3715 1276 3768 id
1309 3720 1413 3777 est,
1454 3707 1766 3780 praedicato-

194 3833 287 3874 res
325 3832 473 3882 suos,
509 3827 680 3882 usque
706 3811 773 3865 ad
803 3823 954 3863 mare
986 3804 1257 3861 Orientale
1286 3811 1338 3857 et
1366 3797 1709 3856 Occidentale
1745 3813 1759 3849 :

194 3920 253 3968 et
289 3909 628 3980 propagines,
674 3905 727 3960 id
766 3911 871 3966 est,
904 3901 1042 3954 ﬁlios
1084 3913 1210 3953 suos
1254 3896 1450 3966 quibus
1475 3892 1756 3956 dilatatur,

193 4001 442 4058 extendit
457 4012 625 4066 usque
645 3996 711 4050 ad
735 3993 933 4047 ﬂumen
953 3989 1221 4053 Iordanis,
1236 4003 1333 4057 per
1347 3985 1582 4040 medium
1607 3998 1764 4036 mun-

197 4092 273 4155 di,
312 4103 478 4158 usque
531 4086 597 4140 ad
653 4083 974 4153 baptismum
1025 4077 1308 4150 pervenire
1347 4075 1491 4130 fecit.
1536 4072 1763 4128 Flumen

196 4182 319 4236 ideo
351 4178 520 4249 ponit,
543 4176 666 4244 quia
694 4173 818 4228 inde
843 4169 1006 4241 coepit
1034 4168 1350 4238 baptisntus,
1377 4181 1474 4235 per
1497 4161 1638 4234 quod
1668 4175 1765 4232 per

197 4279 374 4328 totum
413 4267 665 4322 mundum
695 4262 934 4319 Ecclesia
957 4261 1234 4323 dilatatur,
1265 4267 1320 4312 et
1341 4256 1482 4310 illius
1512 4253 1765 4309 Ecclesiae

200 4361 480 4419 materiam
523 4358 752 4413 destruit
779 4357 937 4419 Deus,
978 4353 1194 4423 quando
1224 4349 1490 4421 permittit
1514 4362 1639 4402 suos
1671 4345 1766 4399 tri-

198 4452 398 4518 bulari,
429 4449 512 4504 vel
550 4449 604 4502 in
630 4456 848 4518 peccata
885 4443 1120 4513 demergi
1167 4459 1180 4495 :
1230 4450 1285 4494 et
1324 4441 1415 4509 qui
1444 4448 1762 4507 praetergre-

201 4546 424 4602 diuntur
447 4542 614 4604 viam,
651 4540 704 4594 id
733 4546 837 4602 est,
868 4535 1121 4590 mandata
1148 4532 1264 4597 Dei,
1301 4531 1385 4585 vel
1414 4531 1584 4599 ipsum
1613 4527 1768 4582 Chri-

1847 709 1864 744 ι
1903 707 2058 760 quam
2086 689 2344 760 plantavit
2371 687 2589 760 dextera
2619 694 2732 748 tua,
2771 701 2788 734 ι
2837 681 2889 735 id
2925 687 3027 743 est,
3051 678 3220 733 Filius
3258 687 3408 746 tuus,

1848 799 1865 831 ι
1899 788 1952 834 ει
1985 800 2002 830 ›
2032 778 2231 848 perﬁce
2271 796 2286 826 ι
2317 790 2477 844 super
2505 774 2670 828 ﬁlium
2712 793 2727 823 ›
2763 780 2821 826 ιιι
2849 772 2993 840 ipse,
3021 769 3160 822 ﬁlius
3189 769 3261 822 sit
3287 769 3410 823 fun-

1843 871 2149 925 damentum
2191 865 2463 928 Ecclesiae,
2515 884 2532 915 ι
2574 878 2730 933 quem
2762 860 3092 916 conﬁrmasti
3135 859 3228 913 tibi
3266 879 3284 911 ι
3331 859 3413 912 di-

1842 961 2011 1015 cendo
2045 977 2056 1012 :
2091 958 2190 1012 llic
2237 967 2319 1010 est
2369 955 2536 1010 Filius
2573 971 2723 1008 uicus
2759 953 3017 1016 dilectus,
3057 951 3110 1004 in
3137 965 3243 1020 quo
3280 949 3412 1004 mihi

1841 1054 1978 1109 bene
2007 1051 2308 1122 complacui
2336 1048 2547 1117 (Matth.
2583 1063 2664 1110 ιιι,
2698 1061 2832 1110 xvii;
2870 1043 3038 1097 Marc.
3067 1043 3130 1114 ι).

1913 1144 2042 1197 Dico
2072 1140 2288 1212 perﬁce,
2321 1153 2420 1192 nec
2449 1137 2654 1199 dubito,
2683 1136 2806 1204 quia
2843 1155 2860 1185 (
2900 1135 3151 1203 peribunt
3179 1152 3198 1184 ›
3231 1131 3286 1185 in
3315 1129 3406 1185 illa

1839 1233 2098 1295 Ecclesia,
2129 1250 2147 1282 ‹
2185 1231 2251 1284 ab
2289 1226 2651 1296 increpatione
2681 1224 2856 1298 vultus
2888 1223 2984 1286 tui,
3019 1241 3037 1273 ι
3071 1221 3122 1275 id
3155 1229 3256 1284 est,
3291 1218 3414 1273 Filii

1848 1341 1866 1375 ι
1903 1323 1977 1376 ιιιὶ
2013 1343 2029 1374 ι
2073 1321 2164 1391 qui
2201 1319 2403 1374 dicitur
2430 1316 2606 1370 vultus
2631 1323 2686 1368 et
2734 1314 2910 1382 imago
2934 1325 3038 1366 tuae
3079 1311 3417 1375 substantiae,

1842 1415 1932 1485 qui
1961 1429 2059 1482 per
2079 1428 2137 1466 se
2163 1420 2212 1465 et
2240 1425 2335 1480 per
2359 1423 2503 1470 suos,
2529 1405 2774 1460 homines
2798 1405 3038 1470 increpat
3063 1401 3129 1455 de
3157 1409 3413 1470 peccato:

1841 1505 2091 1575 peribunt
2132 1503 2250 1556 dico
2284 1519 2302 1551 ‹
2341 1500 2559 1554 incensa
2598 1496 2724 1564 igni,
2765 1515 2782 1546 ι
2827 1495 2878 1547 id
2906 1503 3008 1559 est,
3040 1501 3262 1562 peccata
3303 1491 3414 1560 igni

1843 1592 2250 1664 comparabilia,
2273 1591 2437 1645 veluti
2465 1589 2652 1652 libido,
2683 1595 2738 1640 et
2757 1585 2977 1648 similia,
3006 1603 3022 1634 ι
3053 1592 3107 1638 ει
3127 1581 3370 1645 suffossa,
3397 1599 3416 1632 ι

1843 1683 1898 1738 id
1925 1691 2027 1747 est,
2050 1689 2270 1752 peccato
2289 1680 2470 1735 dolose
2491 1678 2633 1731 facta
2664 1693 2676 1728 :
2706 1683 2760 1728 et
2791 1689 2887 1743 per
2914 1675 3029 1728 haec
3052 1673 3157 1727 duo
3182 1672 3424 1726 innuitur

1845 1774 2146 1829 destructio
2172 1772 2410 1825 omnium
2440 1777 2806 1839 peccatorum.

1915 1864 1982 1918 Et
2024 1873 2082 1918 ut
2140 1863 2252 1917 haec
2301 1861 2539 1916 Ecclesia
2595 1860 2667 1912 ita
2712 1857 3038 1928 perliciatur,
3093 1873 3112 1906 ί
3168 1853 3264 1907 ﬁat
3311 1867 3426 1906 ma-

1771 1959 1947 2020 Bnus
2009 1961 2094 2008 tua
2162 1973 2179 2004 ι
2237 1953 2289 2006 id
2369 1958 2454 2006 est
2498 1950 2739 2019 operatio
2787 1958 2895 2013 tua,
2937 1967 2954 1999 ι
2990 1962 3150 2017 super
3195 1946 3368 2000 virum
3400 1963 3419 1997 ι

1847 2047 1900 2101 id
1944 2054 2046 2112 est,
2085 2045 2381 2108 Christum,
2435 2062 2453 2094 ‹
2486 2042 2720 2096 dextera:
2777 2050 2879 2093 tua:
2918 2058 2935 2089 ι
2998 2038 3051 2091 id
3093 2045 3198 2101 est,
3250 2033 3426 2089 Verbo

1851 2143 1946 2190 tuo
2004 2135 2211 2188 unitum
2262 2150 2274 2184 :
2331 2140 2449 2188 ret
2483 2145 2646 2199 super
2693 2129 2860 2183 ﬁlium
2894 2148 2912 2180 ι
2957 2143 3061 2182 non
3117 2125 3425 2186 hominum,

1849 2229 1941 2282 sed
2001 2245 2018 2276 ‹
2054 2225 2309 2289 hominis,
2356 2243 2376 2276 ›
2414 2223 2466 2277 id
2524 2231 2610 2276 est
2658 2221 2900 2290 virginis,
2943 2238 2961 2269 ι
3018 2233 3174 2288 quem
3231 2216 3429 2270 contir-

1850 2319 2006 2373 masti
2065 2319 2179 2371 tibi.
2216 2337 2232 2369 ι
2287 2316 2384 2370 llic
2426 2313 2895 2368 innuitChristum
2943 2311 3110 2364 Deum
3150 2317 3206 2363 et
3256 2306 3432 2362 homi-

1850 2423 1994 2472 nem,
2024 2408 2136 2476 qui,
2181 2421 2278 2476 per
2321 2404 2692 2474 operationem
2751 2401 2868 2466 Dei,
2918 2399 3212 2454 Ecclesiam
3257 2395 3430 2466 possit

1851 2499 2133 2570 perﬁcere.

1926 2611 1942 2642 ι
1978 2590 2064 2656 Ει,
2101 2609 2117 2640 ι
2154 2588 2197 2642 si
2227 2589 2327 2642 hoc
2349 2588 2460 2651 ﬁat,
2493 2605 2512 2636 ‹
2545 2602 2649 2640 non
2679 2584 2998 2639 discedimus
3021 2589 3146 2647 ate,
3168 2580 3258 2650 qui
3279 2580 3434 2651 prius

1852 2684 2218 2748 discessimus,
2266 2683 2479 2752 quando
2523 2690 2716 2750 praeter
2748 2689 2800 2733 te
2831 2678 2975 2732 aliud
3012 2677 3382 2747 quaerebamus
3414 2691 3430 2730 :

1849 2783 1904 2830 et
1922 2785 1996 2842 tu,
2019 2775 2260 2838 Domine,
2299 2793 2316 2823 ι
2357 2772 2652 2828 viviﬁcabis
2675 2785 2772 2824 nos
2809 2790 2825 2822 ι
2853 2783 2979 2822 vera
3011 2768 3119 2821 vita
3142 2782 3260 2837 qua:
3288 2766 3432 2820 Deus

1853 2876 1974 2922 est:
2010 2885 2028 2917 ι
2087 2874 2141 2920 ει
2177 2887 2194 2918 ι
2248 2866 2438 2919 deinde
2471 2884 2489 2914 ι
2539 2863 2906 2918 invocabimus
2943 2875 3137 2916 nomen
3188 2868 3358 2913 tuum.
3410 2876 3428 2906 ι

1924 2956 1991 3010 Ει
2032 2963 2142 3009 uta
2174 2963 2226 3008 te
2255 2970 2361 3009 non
2388 2954 2753 3016 discedamus,
2811 2972 2828 3004 ‹
2882 2951 3106 3006 Domine
3139 2950 3279 3004 Deus
3323 2947 3435 3001 vir-

1855 3055 2051 3112 tutum,
2096 3054 2349 3100 convcrte
2397 3061 2512 3108 nos,
2562 3051 2616 3096 et
2663 3043 2886 3098 ostende
2935 3041 3128 3096 faciem
3166 3050 3334 3103 tuam,
3383 3045 3438 3090 et

1856 3137 1989 3191 salvi
2032 3136 2254 3200 erimus,
2295 3156 2310 3186 ι
2360 3145 2418 3189 ιιι
2444 3149 2625 3203 supra.
2655 3133 2720 3186 Et
2751 3133 2838 3186 hic
2865 3147 3056 3186 versus
3095 3130 3254 3186 toties
3280 3142 3435 3198 repe-

1861 3230 1993 3284 titur
2019 3230 2146 3298 quia
2171 3244 2380 3282 summa
2421 3226 2661 3280 materia}
2691 3215 2890 3294 pendet
2913 3226 2964 3277 in
2999 3239 3082 3278 eo.

2307 3326 2370 3378 ΙΝ
2414 3323 2740 3378 PSALMUM
2782 3319 2990 3376 LXXX.

2217 3394 2282 3448 In
2326 3395 2502 3461 ﬁnem,
2541 3410 2632 3463 pro
2673 3393 3019 3463 torcu!aribus
3059 3389 3292 3460 psalmus
3327 3387 3429 3460 ipsi

2289 3465 2483 3534 Asaph,
2514 3461 2566 3516 in
2588 3465 2766 3532 quinta
2794 3461 3012 3516 sabbati.

1938 3564 1956 3595 ι
1992 3543 2271 3598 Exsultate
2300 3543 2430 3597 Deo.
2469 3563 2486 3594 ›
2518 3542 2762 3596 Psalmus
2787 3541 2886 3593 iste
2913 3539 3093 3609 Asaph
3121 3547 3221 3601 est,
3249 3537 3299 3591 id
3323 3543 3422 3601 est,

1868 3633 2044 3688 ﬁdelis
2083 3632 2400 3702 Synagogte,
2434 3646 2551 3698 quae
2585 3630 2820 3697 loquitur
2845 3629 2932 3682 hic
2967 3649 2978 3680 :
3009 3643 3108 3696 pro
3152 3626 3440 3680 torculari-

1865 3396 2102 3450 TlTULUS
2146 3413 2158 3446 :

1864 3725 1965 3780 bus
2011 3723 2249 3788 habitus,
2290 3723 2341 3775 id
2367 3729 2469 3786 est,
2498 3735 2596 3788 pro
2639 3717 2898 3784 Ecclesia,
2927 3733 3047 3786 quae
3076 3716 3440 3770 torcularibus
3533 3779 3535 3781 ι

1865 3823 2229 3884 comparatur,
2253 3812 2376 3880 quia
2416 3809 2556 3865 sicut
2581 3810 2633 3862 in
2671 3807 2924 3863 torculari
2974 3807 3158 3861 vinum
3209 3805 3440 3860 habetur

1866 3906 2008 3974 quod
2054 3911 2381 3966 reservatur,
2433 3909 2488 3955 et
2528 3900 2740 3953 acinum
2787 3897 2930 3967 quod
2983 3895 3212 3964 ejicitur,
3248 3894 3321 3946 ita
3372 3892 3426 3945 in

1865 3994 2104 4051 Ecclesia
2130 3992 2347 4062 quidam
2380 3990 2447 4044 ad
2476 3987 2865 4044 beatitudinem
2898 3992 3266 4046 assumuntur,
3315 3980 3436 4050 qui—

1867 4087 1991 4142 dam
2043 4083 2381 4154 rejiciuntur.
2415 4079 2796 4136 Torcularibus
2835 4078 2955 4133 dico
2995 4073 3331 4145 signiﬁcatis,
3388 4071 3444 4125 in

1865 4179 2050 4249 quinta
2097 4173 2338 4239 sabbati,
2395 4173 2448 4227 id
2493 4180 2604 4236 est,
2650 4185 2747 4240 per
2787 4183 2953 4240 opera
2984 4167 3126 4222 facta
3156 4168 3210 4219 in
3260 4164 3446 4233 quinta

1868 4269 2095 4326 sabbati.
2127 4267 2185 4320 lu
2208 4281 2274 4320 ea
2305 4265 2446 4320 enim
2477 4265 2584 4328 die,
2626 4261 2876 4332 produxit
2907 4261 2960 4314 in
2994 4259 3225 4313 animam
3263 4256 3450 4310 viven-

1866 4370 1976 4417 tem
2027 4361 2202 4430 pisces
2249 4365 2303 4411 et
2359 4370 2486 4410 aves
2531 4369 2597 4408 ex
2648 4354 2802 4422 aquis
2831 4371 2843 4405 :
2872 4351 2994 4421 quia
3065 4363 3252 4406 omnes
3321 4361 3450 4403 aves

1870 4470 1936 4510 ex
1998 4455 2151 4524 aquis
2219 4452 2348 4508 fecit
2409 4469 2422 4505 :
2491 4451 2632 4504 unde
2697 4457 2753 4504 et
2819 4447 3096 4503 monachis
3151 4455 3276 4502 sunt
3329 4457 3452 4512 per-

1871 4545 2069 4598 missae.
2139 4543 2241 4596 Per
2305 4555 2432 4595 aves
2502 4554 2623 4608 qua:
2694 4537 3042 4592 sublevantur
3110 4537 3163 4590 in
3235 4535 3448 4601 altum,

202 4647 370 4701 stum,
392 4649 488 4705 per
511 4646 671 4704 quem
691 4631 883 4685 debent
903 4626 1085 4681 venire
1105 4623 1172 4677 ad
1196 4624 1360 4676 Deum
1393 4639 1405 4673 :
1431 4618 1757 4674 vindemiant

1881 4635 2008 4689 boni
2045 4635 2110 4688 de
2156 4632 2393 4687 Ecclesia
2429 4629 2833 4698 intelliguntur:
2867 4629 3012 4696 quia,
3045 4626 3249 4680 relictis
3293 4641 3450 4679 mun-

204 4745 349 4792 eam,
381 4727 431 4781 id
459 4733 561 4789 est,
591 4721 910 4778 conculcant
937 4725 991 4772 et
1019 4715 1263 4784 afﬂigunt
1287 4727 1424 4766 eam.
1456 4709 1600 4779 Aper
1632 4707 1765 4762 dici-

206 4829 298 4877 tur
323 4818 475 4889 quasi
507 4831 697 4885 asper,
739 4813 792 4866 id
830 4819 930 4875 est,
965 4808 1228 4871 diabolus,
1255 4807 1476 4861 veniens
1509 4803 1575 4857 de
1611 4800 1765 4866 silva,

205 4913 266 4970 id
301 4919 401 4974 est,
449 4911 514 4964 de
558 4905 894 4962 silvestribus
937 4901 1267 4966 hominibus,
1298 4899 1388 4968 qui
1428 4896 1627 4952 cultum
1679 4893 1773 4948 Dei

207 5005 477 5073 ignorant,
520 4995 843 5062 (“terminat
871 4992 1186 5054 Ecclesiam,
1219 4991 1345 5045 dum
1386 4988 1629 5043 membra
1658 4983 1774 5052 ejus

209 5095 409 5151 alienat
435 5094 502 5148 ab
530 5109 631 5148 ea:
659 5101 712 5146 et
746 5092 858 5160 ipse
894 5089 1032 5143 idem
1065 5086 1306 5141 diabolus
1350 5082 1660 5155 singularis,
1693 5078 1774 5134 fe-

211 5204 330 5253 rus,
359 5188 610 5256 depastus
653 5192 737 5238 est
763 5198 885 5238 eam
928 5179 1248 5244 Ecclesiam,
1285 5178 1413 5246 quia
1454 5185 1619 5232 totam
1662 5173 1776 5227 fere

210 5285 495 5334 consumet
514 5291 634 5330 eam
665 5275 718 5328 in
745 5282 982 5341 tempore
1011 5271 1344 5325 Antichristi.

294 5389 312 5422 ι
352 5371 513 5425 Deus.
549 5386 568 5418 ι
600 5365 736 5420 Pars
780 5365 956 5418 tertia.
993 5363 1116 5418 Haec
1149 5363 1291 5417 mala
1322 5361 1574 5415 eveniunt
1612 5358 1782 5411 vinea:

214 5468 344 5523 tute,
364 5458 459 5514 sui
480 5473 514 5512 ο
540 5476 559 5509 ι
595 5457 737 5512 Deus
755 5455 1032 5518 virtutum,
1059 5442 1396 5517 convertere,
1421 5472 1439 5504 ι
1468 5453 1534 5505 ab
1563 5451 1643 5504 ira
1673 5459 1783 5516 tua,

211 5547 493 5621 quodjam
530 5563 636 5602 non
670 5546 803 5601 velis
835 5544 1035 5599 inferre
1073 5545 1120 5598 ei
1161 5545 1300 5597 mala
1340 5561 1358 5593 ‹
1395 5550 1451 5596 ει
1483 5543 1690 5610 respice
1723 5542 1788 5595 de

213 5640 380 5703 caelo,
417 5659 433 5690 ι
465 5640 515 5694 id
545 5646 627 5692 est
661 5639 727 5692 de
753 5636 1084 5690 humanitate
1109 5634 1332 5699 Christi,
1367 5652 1385 5683 ‹
1420 5641 1476 5687 ει
1502 5634 1644 5695 vide,
1684 5652 1701 5682 ι
1738 5632 1790 5685 id

213 5740 327 5796 est,
353 5731 436 5785 fac
459 5731 646 5793 videri,
672 5729 814 5798 quod
843 5737 898 5781 tu
919 5727 1106 5796 diligas
1133 5742 1248 5780 eam
1271 5724 1594 5779 conferendo
1615 5725 1753 5777 bona
1779 5737 1793 5776 :

223 5841 250 5878 ε
278 5823 350 5880 Et
393 5823 553 5878 visita
595 5823 807 5878 vineam
834 5821 992 5877 istam
1039 5841 1058 5876 ι
1106 5818 1344 5875 sanando
1377 5834 1498 5874 eam
1533 5819 1688 5889 quasi
1723 5816 1800 5872 in-

223 5918 462 5986 ﬁrmam.

1876 4727 2046 4786 danis,
2102 4725 2167 4779 atl
2219 4723 2458 4778 cmlestia
2533 4721 2775 4774 tendunt.
2823 4719 2925 4772 Per
2975 4719 3151 4788 pisces
3213 4733 3332 4785 quae
3398 4716 3453 4772 in

1877 4817 1986 4872 imo
2015 4824 2294 4871 remanent
2321 4822 2375 4868 et
2401 4828 2616 4881 semper
2642 4819 2767 4865 sunt
2801 4810 3036 4876 solliciti,
3085 4809 3458 4879 intelliguntur

1876 4908 1951 4962 illi
2000 4907 2092 4976 qui
2145 4904 2373 4960 terrenis
2418 4902 2691 4965 insistunt,
2749 4911 2804 4956 et
2850 4916 3064 4971 semper
3111 4901 3164 4953 in
3208 4899 3445 4968 appetitu

1879 4997 2062 5053 mundi
2115 5002 2238 5048 sunt
2285 4991 2494 5047 solliciti
2530 4989 2807 5059 :psalmus
2850 4989 2971 5044 dico
3001 4989 3236 5053 dirigens
3287 4987 3338 5038 in
3388 4984 3455 5037 ﬁ-

1882 5103 2026 5142 nem.
2058 5084 2280 5139 Materia
2309 5092 2390 5138 cst
2419 5081 2674 5146 Ecclesia,
2705 5081 2910 5134 scilicet
2952 5079 3258 5147 quicunque
3282 5074 3457 5130 renati

1885 5186 2012 5235 sunt
2069 5176 2224 5244 aquis
2273 5173 2628 5244 baptismatis.
2692 5172 2900 5226 Modus.
2965 5167 3023 5221 ln
3068 5167 3241 5235 prima
3303 5173 3456 5235 parte

1886 5270 2100 5340 Asaph,
2131 5267 2184 5321 id
2215 5275 2316 5329 est,
2344 5265 2632 5334 Propheta,
2687 5263 2769 5314 vel
2815 5261 2948 5314 alius
2999 5258 3169 5312 ﬁdelis
3206 5259 3271 5311 de
3321 5255 3457 5324 Syn-

1893 5377 2080 5431 agoga,
2107 5360 2355 5414 admonet
2380 5356 2647 5427 perfectos
2666 5355 2730 5407 de
2751 5351 3008 5414 Ecclesia,
3025 5349 3224 5404 scilicet
3250 5347 3337 5416 qui
3362 5361 3457 5415 per

1895 5469 2020 5507 aves
2062 5451 2451 5520 intelliguntur,
2489 5446 2760 5503 exsultare
2802 5444 2855 5496 in
2887 5442 3110 5496 Domino
3154 5449 3208 5494 et
3237 5437 3460 5494 laudare

1897 5559 2040 5597 eum.
2092 5541 2148 5594 In
2195 5540 2451 5600 Secunda,
2501 5553 2620 5605 qua:
2671 5534 2902 5602 incipit:
2938 5552 2956 5584 ι
3001 5531 3177 5596 Audi,
3233 5527 3460 5599 populus

1899 5651 2064 5694 meus,
2103 5654 2122 5686 ι
2157 5633 2359 5686 inducit
2387 5630 2558 5685 ﬁdelis
2599 5629 2879 5695 Synagoga
2923 5624 3087 5676 Deum
3132 5621 3462 5690 loquentem,

1902 5735 1954 5777 et
2003 5725 2362 5792 increpantem
2395 5719 2563 5774 malos
2605 5718 2669 5769 de
2711 5713 2968 5775 Ectlesia,
3015 5726 3134 5779 qtae
3160 5726 3254 5780 per
3285 5709 3464 5780 pisces

1906 5815 2297 5884 intelliguntur,
2346 5811 2444 5879 ipsi
2494 5820 2670 5861 tamen
2719 5821 2822 5860 non
2867 5806 3148 5859 desistunt.
3199 5805 3256 5860 ln
3307 5804 3464 5865 tertia

1906 5918 2084 5985 parte,
2114 5922 2232 5978 quae
2258 5903 2446 5976 incipit
2475 5918 2489 5959 ;
2527 5919 2546 5955 ι
2572 5898 2780 5957 Inimici
2793 5899 3003 5956 Domini
3029 5897 3237 5955 mentiti
3263 5903 3406 5966 sunt,
3436 5911 3460 5954 ι
