3940 6444
496 407 604 467 475

956 401 1315 459 HAYMONIS
1352 400 1834 458 HALBERSTAT.
1878 402 2094 460 EPISC.
2136 403 2291 462 OPP.
2335 404 2515 460 PARS
2554 404 2594 460 I.
2620 437 2689 447 —
2726 406 3084 464 COMMENT.
3126 406 3296 464 BIBL.

3673 411 3786 470 476

498 525 741 592 increpat
767 518 1050 592 Synagoga
1075 518 1264 582 malos,
1295 518 1388 586 qui
1425 516 1614 570 nolunt
1653 532 1684 571 a
1709 531 1804 571 sua
1832 516 2069 587 nequitia
2099 518 2152 579 Α
2176 518 2489 586 prorupitet
2515 517 2679 572 etiam
2708 536 2727 569 ι
2756 520 2977 588 probavi
3008 528 3061 574 te
3099 539 3116 571 ι
3145 529 3335 589 postea
3383 522 3527 590 apud
3568 536 3783 592 aquam

497 628 732 671 cessare.
761 610 995 668 Intentio
1023 620 1108 668 est
1142 611 1432 666 admonere
1460 611 1528 665 ad
1557 610 1814 666 volatum.

566 704 635 759 Et
678 704 934 759 admonet
960 703 1073 774 ipsa
1100 700 1385 772 Synagoga
1420 700 1709 771 perfectos,
1740 702 1812 756 ita
1842 702 2026 757 dicens
2056 720 2069 755 :

501 815 519 848 ι
547 795 826 851 Exsultate
853 795 982 861 Deo,
1022 812 1041 846 ι
1068 794 1123 848 id
1153 802 1257 857 est,
1295 793 1364 847 ad
1401 793 1657 847 honorem
1688 791 1821 861 ejus,
1852 811 1871 844 ι
1916 794 2071 864 adju-

494 885 599 938 tori
647 893 831 940 nostro
869 904 887 936 ›
920 883 1136 953 quinos
1171 882 1391 952 adjuvat
1438 882 1506 936 ad
1555 881 1693 935 bene
1741 883 2072 951 operandum

420 965 425 969 ’
494 981 680 1027 contra
711 973 969 1027 mundum
999 974 1377 1043 deceptorem;
1404 992 1421 1023 ι
1458 980 1513 1027 ει
1533 970 1788 1057 jubilate,
1827 991 1846 1023 ι
1881 972 1936 1027 id
1966 981 2070 1040 εει,

491 1061 920 1131 inexplicabilem
983 1062 1166 1116 verbis
1225 1059 1466 1114 laetitiam
1535 1070 1715 1116 mente
1781 1061 2065 1130 concipite,

495 1170 514 1201 ε
547 1149 658 1206 Deo
688 1147 875 1206 Iacob.
913 1170 932 1203 ι
968 1150 1036 1205 Ει
1072 1158 1130 1204 ut
1155 1150 1374 1221 possitis
1406 1150 1681 1204 exsultare
1711 1159 1767 1205 et
1813 1151 2066 1221 jubilare,

494 1260 512 1292 ι
551 1242 746 1296 sumite
794 1241 1083 1311 psalmum,
1116 1259 1135 1291 ›
1169 1240 1222 1295 id
1262 1248 1367 1305 est,
1420 1240 1753 1309 spiritualem
1796 1242 2067 1311 operatio-

487 1349 632 1399 nem,
689 1352 709 1384 ι
744 1342 800 1388 ει
825 1336 948 1389 date
977 1352 995 1384 ι
1030 1333 1141 1387 Deo
1168 1331 1192 1383 ’‹
1227 1341 1564 1403 tympanum,
1597 1352 1615 1383 ι
1656 1332 1706 1386 id
1728 1340 1833 1397 est,
1857 1332 2068 1387 laudem

486 1428 542 1476 et
567 1421 1042 1476 mortificationem
1071 1420 1253 1475 carnis
1293 1429 1489 1474 vestrm
1523 1437 1536 1473 :
1574 1428 1630 1474 et
1676 1420 1795 1475 ideo
1838 1422 1939 1475 hoc
1988 1420 2069 1474 fa-

486 1509 615 1575 cite,
647 1510 774 1580 quia
816 1529 834 1560 ‹
865 1510 1203 1578 psalterium,
1242 1528 1261 1561 ι
1290 1510 1344 1564 id
1373 1519 1476 1576 εει,
1509 1510 1911 1579 contemplatio,
1935 1510 2067 1579 jun-

486 1608 635 1654 ctum
668 1619 688 1651 ι
722 1615 845 1655 cum
881 1600 1111 1662 cithara,
1150 1619 1171 1652 ι
1227 1599 1282 1654 id
1334 1608 1437 1665 est,
1485 1616 1609 1655 cum
1652 1601 2065 1657 mortificatione

486 1690 688 1757 carnis,
738 1690 946 1745 scilicet
980 1691 1156 1745 activa
1210 1690 1344 1757 vita,
1392 1700 1476 1746 est
1522 1693 1819 1761 jucundum
1858 1711 1876 1744 ι
1931 1693 2061 1759 Deo,

484 1780 611 1848 quia
661 1799 680 1833 ‹
741 1780 883 1835 idem
920 1781 1216 1851 accipimus
1256 1798 1353 1852 per
1398 1783 1718 1853 psalterium
1767 1785 1910 1855 quod
1964 1800 2066 1856 per

484 1871 775 1942 psalmum.

562 1984 580 2016 ‹
612 1964 925 2032 Buccinate,
958 1986 978 2019 ι
1013 1965 1066 2020 id
1094 1975 1193 2031 est,
1221 1966 1341 2022 aliis
1371 1968 1690 2023 annuntiate
1730 1969 1942 2023 Iaudem
1971 1969 2066 2024 Dei

492 2073 511 2107 ‹
540 2056 689 2124 tuba,
727 2076 745 2109 ›
777 2058 829 2112 id
845 2067 929 2113 est
953 2058 1061 2113 alta
1083 2073 1236 2126 voce,
1274 2078 1293 2112 ι
1322 2061 1378 2115 in
1398 2060 1716 2128 Neomenia,
1754 2080 1772 2113 ›
1801 2062 1853 2117 id
1879 2070 1978 2127 est,
2010 2063 2066 2116 in

484 2156 665 2203 vestra
720 2148 1078 2204 invocatione.
1143 2150 1475 2222 Praeceptum
1522 2161 1606 2208 est
1648 2153 1701 2206 in
1756 2151 1872 2223 lege
1911 2153 1964 2207 in
2003 2152 2066 2207 ii-

483 2253 617 2308 gura
664 2248 870 2294 nostra:
916 2240 1295 2307 invocationis,
1341 2242 1482 2311 quod
1518 2242 1744 2313 populus
1769 2242 1858 2297 ille
1886 2243 2067 2298 bucci-

482 2341 641 2385 naret
671 2330 726 2384 in
756 2331 1068 2396 Neomeuia,
1099 2332 1152 2386 id
1178 2341 1265 2387 est
1292 2333 1347 2386 in
1378 2349 1516 2388 nova
1558 2334 1704 2388 luna.
1733 2334 1887 2389 Mene
1916 2336 2062 2389 enim

483 2418 691 2486 Grzece,
722 2422 923 2476 mensis
959 2430 1041 2476 est
1088 2421 1298 2487 Latine,
1339 2439 1477 2478 neon
1514 2440 1643 2479 vero
1680 2440 1899 2479 novum.
1926 2424 2064 2479 Buc-

482 2509 661 2564 cinate
706 2529 725 2562 ι
757 2511 877 2565 dico
913 2530 931 2563 ι
970 2512 1024 2565 in
1056 2511 1252 2581 insigni
1282 2512 1367 2567 die
1391 2512 1750 2568 solemnitatis
1786 2522 2000 2579 vestrm,
2037 2531 2056 2564 ι

483 2598 535 2652 id
566 2607 667 2665 est,
714 2599 769 2654 in
819 2599 1217 2655 illuminatione
1256 2610 1453 2656 vestrae
1511 2602 1898 2668 innovationis,
1941 2618 2062 2673 qua:

482 2690 634 2745 vobis
673 2690 833 2745 debet
864 2704 985 2745 esse
1011 2706 1203 2762 magna
1233 2691 1573 2747 solemnitas.

549 2780 676 2838 Ideo
717 2783 1021 2847 buccinate,
1059 2800 1078 2834 ι
1107 2782 1233 2853 quia
1259 2794 1583 2854 prazceptum
1629 2784 1682 2838 in
1715 2784 1879 2839 Israel
1920 2792 2004 2839 est
2032 2803 2051 2836 ι

482 2870 588 2927 illis
611 2873 675 2926 ad
702 2872 935 2928 litteram
954 2873 1095 2945 (Lev.
1118 2875 1313 2946 xxxu),
1338 2876 1494 2931 nobis
1512 2877 1886 2946 spiritualiter,
1909 2897 1927 2929 ι
1955 2887 2008 2932 ει
2034 2897 2052 2929 ι

484 2961 527 3014 si
576 2962 868 3032 negligitis,
919 2963 1217 3017 timendum
1263 2971 1350 3019 est
1389 2965 1560 3029 vobis,
1585 2965 1710 3035 quia
1759 2985 1777 3017 ι
1819 2967 1926 3020 1)εο
1962 2965 2056 3020 Ja-

485 3050 585 3104 cob
610 3059 693 3105 est
725 3052 990 3121 judicium
1027 3073 1046 3105 ›
1084 3054 1138 3108 in
1180 3069 1286 3124 quo
1341 3054 1575 3110 salvabit
1621 3057 1947 3122 obedientes,
2004 3066 2059 3112 et

482 3138 759 3195 damnabit
780 3141 1127 3213 negligentes.
1958 3147 1963 3151 ’

552 3232 620 3286 Ει
665 3251 682 3283 ι
733 3232 862 3288 illud
917 3254 936 3287 ›
986 3244 1333 3306 praeceptum,
1391 3237 1596 3294 scilicet
1651 3240 1825 3312 legem
1879 3217 2130 3307 suam,c

488 3342 506 3376 ι
538 3324 718 3396 posuit
755 3326 809 3380 in
831 3324 1050 3398 Ioseph,
1091 3347 1109 3380 ι
1143 3328 1194 3383 id
1228 3337 1333 3396 est,
1381 3331 1633 3401 populum
1666 3334 2055 3402 augmentavit,

480 3415 685 3471 scilicet
707 3417 957 3487 gentilem
982 3418 1257 3488 populum,
1292 3422 1383 3490 qui
1410 3425 1809 3491 superaccrevit
1832 3424 2057 3481 Judaieo

480 3509 696 3577 populo,
745 3510 819 3564 ita
870 3511 1012 3580 quod
1041 3525 1185 3567 esset
1210 3512 1285 3579 illi
1310 3534 1328 3566 ι
1364 3516 1753 3581 testimonium,
1791 3536 1809 3567 ι
1858 3518 1912 3570 id
1952 3526 2052 3582 est,

480 3597 624 3666 quod
647 3604 937 3653 testaretur
966 3599 1093 3668 quid
1121 3600 1602 3669 essetfaciendum,
1631 3604 1758 3673 quid
1790 3605 2059 3661 dimitten-

479 3690 627 3754 dum,
670 3709 687 3743 ι
724 3705 846 3746 cum
878 3712 896 3744 ι
928 3691 1016 3748 ille
1042 3694 1269 3764 populus
1302 3713 1321 3746 ι
1351 3697 1528 3752 exiret
1554 3698 1620 3754 de
1647 3708 1792 3753 terra
1813 3698 2053 3771 Egypti,

479 3779 675 3851 (Exod.
707 3783 843 3855 xm)
875 3782 1108 3855 linguam
1148 3802 1309 3855 quam
1338 3803 1444 3842 non
1478 3800 1721 3856 noverat,
1764 3791 1989 3856 audivit,
2031 3812 2049 3845 ι

478 3868 530 3926 id
558 3879 643 3926 est
678 3872 867 3943 legem.
914 3873 1175 3929 Similiter
1220 3878 1449 3946 populus
1497 3878 1842 3935 Christianus
1865 3883 2055 3939 exiens

477 3961 545 4018 de
591 3961 848 4033 Egypto,
896 3964 951 4018 id
980 3973 1064 4020 est
1100 3965 1168 4019 de
1214 3968 1454 4022 tenebris
1506 3969 1863 4037 inﬁdelitatis,
1903 3973 2056 4027 audit

478 4054 916 4123 praedicationem
967 4054 1094 4111 ﬁdei
1125 4064 1180 4111 et
1231 4055 1400 4128 legem
1455 4060 1666 4117 vivendi
1712 4078 1876 4132 quam
1902 4065 2055 4133 prius

479 4159 586 4201 non
607 4144 868 4199 audierat.

558 4250 577 4283 ι
613 4232 846 4287 Divertit
879 4251 898 4286 ι
930 4232 1093 4289 etiam
1123 4234 1270 4292 Deus
1305 4254 1322 4288 ι
1371 4239 1587 4295 dorsum
1635 4241 1753 4312 ejus
1789 4260 1810 4296 ι
1845 4244 2048 4315 populi,

480 4322 532 4378 id
562 4331 647 4378 est
671 4322 970 4392 Israelitici,
999 4343 1019 4377 ι
1051 4326 1119 4382 ab
1146 4328 1403 4386 oneribus
1432 4350 1451 4382 ι
1486 4346 1606 4400 quae
1657 4335 1949 4402 portabant
1995 4337 2051 4397 in

480 4414 738 4487 Egypto,
769 4436 788 4470 ι
834 4426 890 4473 ει
918 4434 1110 4474 manus
1156 4419 1272 4489 ejus
1311 4441 1331 4475 ι
1363 4424 1543 4494 populi
1576 4441 1595 4475 ‹
1638 4426 1943 4482 servierunt
1995 4428 2050 4483 in

478 4508 726 4579 cophino.
784 4528 805 4563 ι
855 4508 1128 4579 Cophinus
1162 4528 1257 4567 vas
1306 4523 1410 4579 est,
1463 4516 1517 4569 in
1564 4531 1674 4585 quo
1718 4518 2051 4589 cogebantur

481 4611 699 4672 portare
748 4601 955 4657 ﬁmum.
1013 4603 1273 4661 Similiter
1300 4608 1517 4663 divertit
1559 4611 1702 4667 Deus
1728 4614 1966 4679 dorsum,
1995 4614 2051 4670 id

481 4700 583 4758 est,
605 4693 868 4748 rationem
895 4708 1000 4763 qua
1021 4697 1304 4767 eriguntur
1333 4698 1519 4756 ﬁdeles
1548 4703 1615 4756 ad
1638 4705 1915 4773 superiora
1940 4722 1955 4771 ;
1984 4708 2054 4763 ab

480 4781 735 4836 oneribus
768 4791 1137 4851 peccatorum,
1159 4796 1213 4840 et
1240 4804 1430 4843 manus
1450 4790 1690 4857 divertit,
1732 4793 1784 4848 id
1823 4802 1907 4849 est
1927 4810 2056 4865 ope-

482 4872 719 4927 rationes
745 4871 1014 4940 ﬁdelium;
1038 4890 1070 4930 a
1095 4878 1329 4947 cophino
1364 4921 1380 4946 ,
1406 4881 1459 4937 id
1485 4890 1575 4937 est
1597 4883 1665 4939 ab
1688 4883 2052 4955 immunditia,

483 4965 537 5020 in
560 4980 664 5035 qua
702 4966 850 5036 prius
875 4966 1087 5024 diabolo
1114 4972 1440 5027 serviebant.

549 5055 607 5110 In
634 5055 980 5115 tribulatione
1004 5061 1239 5127 divertit,
1288 5063 1473 5121 dicens
1502 5083 1516 5120 :
1555 5085 1574 5118 ι
1610 5067 1666 5122 In
1711 5070 2056 5130 tribulatione

481 5148 744 5202 invocasti
774 5164 860 5205 me
886 5169 906 5203 ι
938 5152 1142 5218 verbis,
1177 5171 1195 5204 ι
1233 5163 1287 5209 ει
1314 5154 1535 5212 liberavi
1567 5167 1655 5214 te:
1690 5180 1709 5214 ι
1743 5163 1910 5219 etiam
1946 5184 1965 5217 ‹
1998 5166 2054 5221 in

480 5237 796 5294 abscondito
819 5242 1154 5310 tempestatis
1176 5244 1425 5300 exaudivi
1454 5258 1523 5313 te,
1563 5267 1580 5299 ι
1604 5253 1817 5321 quando
1843 5269 1943 5310 nec
1956 5272 2054 5310 au-

480 5327 675 5393 debas,
742 5328 1085 5386 audientibus
1155 5330 1447 5405 ιΕςγριίἱε,
1508 5339 1577 5392 ad
1631 5356 1718 5395 me
1761 5359 1975 5412 gemere
2035 5365 2049 5400 :

478 5420 733 5492 pmepit
779 5421 925 5477 enim
971 5422 1200 5491 Pharao,
1252 5428 1379 5496 quia
1417 5430 1621 5485 audivit
1662 5448 1756 5489 eos
1794 5436 1857 5490 ad
1882 5438 2048 5494 Deum

479 5509 766 5577 clamasse,
818 5522 878 5567 ut
936 5514 1015 5571 sic
1053 5518 1310 5585 operibus
1361 5531 1737 5591 gravarentur,
1786 5530 1927 5595 quod
1973 5531 2052 5587 eis

480 5617 585 5659 non
613 5614 832 5661 vacaret
860 5606 927 5661 ad
951 5606 1116 5663 Deum
1137 5609 1392 5666 clamare.
1418 5612 1495 5668 Ita
1522 5616 1739 5669 exaudit
1766 5618 1903 5673 Deus
1926 5635 2052 5677 suos

480 5698 666 5755 ﬁdeles
690 5701 745 5755 in
767 5701 1084 5762 abscondito
1111 5711 1469 5778 tempestatis,
1492 5712 1708 5780 quando
1726 5714 1880 5769 sedat
1902 5717 1953 5770 in
1972 5720 2050 5776 eis

479 5788 679 5849 bellum
701 5796 1078 5868 suggestionis,
1102 5814 1225 5872 qua
1252 5802 1488 5859 nondum
1520 5804 1590 5861 ad
1602 5814 1851 5877 apertum
1867 5819 2050 5869 actum

2091 1870 2139 1931 B

2178 610 2659 678 contradictionis;
2699 631 2718 663 ι
2751 613 3003 681 probavit
3032 611 3176 667 Deus
3205 612 3565 668 Israeliticum
3600 629 3783 685 popu-

2176 703 2308 770 lum,
2339 714 2395 761 et
2444 706 2620 775 ipsum
2663 705 2901 776 Moysen,
2952 707 3263 762 dubitantes
3303 708 3371 762 de
3404 708 3593 762 divina
3620 720 3777 777 pote-

2177 804 2318 849 state
2347 792 2538 865 (Num.
2571 794 2684 867 xx).
2724 795 2819 849 Vel
2840 835 2855 861 ,
2888 803 2946 849 ut
2995 796 3085 851 alii
3121 796 3327 861 dicunt,
3369 795 3437 851 de
3468 812 3528 851 se
3550 812 3771 867 praesu-

2175 896 2436 952 mentem,
2464 897 2521 944 et
2546 889 2666 944 ideo
2689 904 2796 943 non
2821 890 2997 958 potuit
3022 889 3279 959 populum
3308 889 3362 942 in
3399 898 3613 943 terram
3648 904 3772 959 ρω-

2175 978 2451 1034 missionis
2504 979 2780 1034 inducere.
2820 978 2910 1034 Sic
2956 979 3149 1049 probat
3178 980 3319 1033 Deus
3345 979 3465 1034 illos
3480 981 3551 1034 de
3581 979 3763 1034 Eccle

2174 1070 2254 1126 sia
2282 1072 2349 1126 ad
2402 1088 2599 1142 aquam
2657 1072 3122 1138 contradictionis,
3172 1073 3224 1127 id
3251 1081 3354 1138 est,
3387 1074 3455 1127 ad
3480 1074 3766 1129 doctrinas

2172 1160 2571 1230 haereticorum,
2605 1163 2803 1234 quibus
2839 1164 2965 1220 boni
2997 1165 3395 1231 contradicunt,
3426 1174 3485 1221 et
3512 1167 3655 1222 mali
3682 1184 3766 1223 ce-

2172 1252 2325 1308 dunL

2247 1366 2265 1398 ‹
2302 1347 2460 1403 Audi.
2498 1367 2519 1402 ι
2548 1347 2682 1404 Pars
2712 1348 2968 1404 secunda.
2999 1347 3125 1404 Haec
3153 1347 3287 1403 dixit
3311 1349 3581 1404 Dominus
3612 1350 3761 1406 bonis

2171 1436 2237 1492 de
2253 1438 2512 1505 Ecclesia,
2529 1440 2688 1495 modo
2712 1440 2895 1510 incipit
2911 1440 3080 1494 malos
3093 1440 3405 1496 admonere.
3424 1440 3638 1495 Contra
3655 1442 3759 1498 hu

2169 1529 2347 1583 omnia
2369 1529 2506 1584 bona
2528 1529 2630 1586 feci
2648 1531 2768 1597 tibi,
2784 1541 2838 1586 et
2854 1532 2973 1594 ideo
2993 1546 3029 1585 o
3052 1548 3070 1582 ι
3098 1530 3327 1601 populus
3342 1547 3518 1595 meus,
3541 1551 3564 1583 ι
3590 1530 3759 1587 factm

2168 1632 2320 1672 meus
2346 1620 2399 1672 in
2427 1620 2713 1690 baptismo,
2741 1640 2760 1672 ‹
2796 1620 2920 1674 audi
2948 1636 3053 1685 me,
3092 1641 3109 1672 ι
3143 1622 3194 1676 id
3218 1631 3322 1686 est,
3347 1621 3615 1691 intellige,
3647 1639 3668 1672 ‹
3706 1629 3755 1676 ει

2168 1711 2519 1765 contestabor
2578 1720 2651 1777 te,
2682 1730 2701 1763 ι
2736 1712 2788 1765 id
2835 1720 2919 1767 est
2967 1712 3294 1767 testimoniis
3346 1711 3753 1781 Scripturarutn

2166 1801 2528 1869 comprobabo
2565 1817 2685 1870 qua:
2732 1802 2827 1856 tibi
2876 1802 3063 1857 dixem
3104 1819 3118 1858 :
3155 1812 3211 1857 et
3257 1817 3292 1857 o
3326 1820 3347 1854 ι
3388 1802 3581 1867 Israel,
3637 1822 3655 1854 ι
3698 1802 3745 1856 id

2166 1901 2270 1956 est,
2304 1891 2490 1947 videns
2516 1892 2684 1949 Deum
2712 1894 2833 1957 ﬁde,
2857 1914 2875 1946 ι
2915 1895 2961 1949 si
2988 1895 3269 1950 audieritis
3298 1910 3386 1949 me
3420 1914 3442 1946 ι
3478 1896 3748 1963 obtempe-

2166 1982 2337 2035 rando
2369 1983 2655 2053 praeceptis
2680 1984 2830 2048 meis,
2864 2002 2882 2035 ι
2919 2000 3026 2040 non
3061 1985 3165 2039 erit
3187 1985 3237 2038 in
3268 1993 3318 2038 te
3340 1984 3490 2039 Deus
3509 1999 3702 2039 recens
3722 2002 3743 2037 ι

2166 2074 2323 2129 sicuti
2354 2083 2411 2128 tu
2446 2076 2582 2130 dicis
2608 2093 2622 2129 :
2650 2076 2772 2146 quia
2803 2085 2858 2131 et
2881 2076 2927 2130 si
2963 2084 3125 2131 natus
3172 2076 3225 2129 iu
3262 2084 3534 2145 tempore,
3579 2084 3745 2130 tam

2166 2181 2283 2221 sum
2335 2176 2637 2221 comternus
2691 2183 2812 2221 cum
2836 2166 2999 2222 Patre
3029 2183 3043 2218 :
3091 2184 3110 2218 ι
3146 2181 3325 2236 neque
3353 2165 3619 2221 adorabis
3648 2185 3668 2217 ι
3694 2164 3744 2222 in

2165 2275 2253 2313 tne
2287 2278 2304 2309 ‹
2342 2258 2503 2315 deum
2533 2259 2785 2313 alienum.
2828 2278 2847 2310 ι
3521 2329 3531 2339 .

2235 2347 2303 2402 Ει
2333 2365 2461 2403 vere
2486 2365 2591 2405 non
2616 2365 2734 2404 sum
2769 2349 2997 2415 alienus,
3036 2366 3055 2400 ε
3090 2363 3190 2421 ego
3216 2349 3361 2403 enim
3391 2364 3515 2404 sum
3564 2347 3739 2403 Domi-

2163 2455 2266 2495 nus
2290 2438 2432 2494 Deus
2474 2448 2619 2505 tuus,
2660 2461 2679 2493 ι
2714 2441 2766 2494 id
2792 2449 2876 2495 est
2905 2448 3120 2495 creator
3146 2448 3288 2505 tuus,
3314 2449 3371 2495 et
3397 2455 3507 2495 non
3538 2453 3737 2505 recens,

2169 2549 2188 2582 ι
2220 2532 2313 2601 qui
2337 2531 2497 2585 eduxi
2528 2539 2580 2585 te
2607 2532 2672 2586 de
2698 2539 2841 2586 terra
2868 2529 3107 2602 Egypti,
3145 2551 3163 2582 ι
3205 2530 3258 2585 id
3284 2538 3388 2596 est,
3420 2532 3489 2585 de
3520 2530 3733 2586 inﬁdeli-

2162 2631 2273 2678 tate
2306 2641 2318 2677 :
2352 2624 2474 2678 dico
2500 2622 2642 2687 audi,
2676 2631 2730 2679 et
2762 2642 2780 2675 ‹
2815 2624 2981 2678 dilata
3004 2639 3067 2679 os
3100 2634 3273 2690 tuum,
3301 2632 3359 2680 et
3392 2625 3633 2694 implebo
3676 2622 3732 2677 il-

2161 2712 2275 2779 Iud,
2311 2732 2329 2765 ι
2365 2714 2572 2768 scilicet
2602 2713 2868 2784 amplifica
2895 2730 2988 2769 cor
3020 2724 3167 2769 tuum
3199 2715 3270 2769 ad
3300 2716 3729 2777 desiderandus),

2160 2812 2215 2858 et
2258 2805 2325 2859 ad
2374 2804 2777 2875 intelligendum
2808 2806 2863 2860 in
2898 2806 3119 2876 psalmis
3153 2806 3277 2873 illis,
3306 2807 3540 2861 interius
3564 2807 3663 2861 ﬁde
3683 2813 3731 2859 et

2163 2894 2468 2960 dilectione,
2501 2904 2556 2950 et
2577 2896 2820 2952 exterius
2850 2889 3233 2967 praedicatione
3282 2907 3338 2953 et
3379 2898 3725 2953 confessione.

2234 2986 2344 3055 Ego
2374 2987 2453 3041 sic
2496 2988 2751 3042 admonui
2804 3004 2970 3055 meos,
3006 3008 3025 3040 α
3069 2998 3125 3044 ει
3172 3009 3191 3042 ι
3235 2998 3416 3043 tamen
3464 3008 3483 3040 ι
3517 2988 3730 3058 populus

2163 3090 2313 3130 meus
2347 3097 2365 3127 »
2390 3078 2482 3146 qui
2508 3093 2697 3133 omnes
2745 3079 2944 3134 debent
2991 3080 3095 3133 mei
3156 3094 3299 3143 esse,
3334 3098 3354 3130 ι
3393 3095 3503 3135 non
3535 3080 3726 3133 audivit

2161 3180 2346 3219 vocem
2372 3181 2568 3232 meam,
2595 3186 2612 3217 ι
2640 3166 2691 3220 id
2721 3176 2823 3232 est,
2857 3169 3276 3223 admonitionem
3307 3184 3486 3224 meam
3515 3189 3529 3224 :
3558 3179 3723 3225 etnon

2162 3264 2368 3310 tantum
2400 3273 2506 3311 non
2539 3259 2760 3323 audivit,
2791 3261 2885 3314 sed
2920 3278 2938 3311 ‹
2970 3268 3025 3314 ει
3062 3260 3219 3315 Israel
3250 3261 3384 3316 mihi
3426 3278 3536 3317 non
3562 3264 3725 3317 inten-

2162 3344 2258 3408 dit,
2298 3364 2315 3395 ι
2349 3344 2403 3398 id
2432 3354 2514 3399 est
2543 3346 2713 3401 noluit
2737 3348 2901 3402 etiam
2947 3350 3228 3404 attendere
3267 3352 3493 3406 verbum
3524 3367 3718 3406 unum:

2166 3452 2185 3485 ι
2223 3444 2278 3488 ει
2307 3454 2325 3485 ι
2372 3435 2490 3490 ideo
2529 3456 2548 3487 ι
2613 3437 2789 3492 dimisi
2818 3454 2912 3493 eos
2940 3441 3234 3496 secundum
3257 3442 3528 3498 desideria
3556 3445 3723 3498 mrdis

2159 3540 2347 3580 eorum
2395 3546 2414 3578 ι
2450 3535 2509 3581 ut
2537 3528 2797 3583 voluntati
2822 3545 2932 3584 sua:
2968 3530 3365 3598 satisfacerent,
3397 3544 3455 3589 et
3482 3535 3586 3605 ipsi
3607 3536 3724 3589 sub-

2159 3624 2332 3672 tracta
2361 3619 2531 3685 gratia
2564 3635 2703 3685 mea,
2749 3640 2768 3672 ‹
2800 3622 2954 3676 ibunt
2978 3623 3031 3676 in
3062 3624 3533 3681 adinventionibus
3557 3627 3664 3682 suis
3700 3642 3719 3677 ι

2159 3716 2215 3763 ει
2239 3709 2403 3762 etiam
2430 3711 2661 3780 prepriis
2690 3712 2921 3768 inventis
2962 3714 3095 3780 suis,
3124 3715 3331 3770 scilicet
3360 3727 3579 3787 propter
3616 3728 3724 3772 tra-

2159 3800 2390 3856 ditiones
2431 3817 2576 3867 suas,
2603 3803 2812 3858 irritum
2842 3804 3100 3862 facientes
3126 3809 3435 3863 mandatum
3462 3809 3581 3863 Dei.

2232 3893 2322 3948 Sic
2363 3895 2540 3949 dimisi
2579 3910 2704 3961 eos,
2734 3897 2827 3951 sed
2867 3918 2886 3950 ‹
2937 3899 2980 3953 si
3022 3899 3248 3969 populus
3291 3914 3432 3955 meus
3478 3899 3724 3955 audisset

2160 3999 2246 4039 me
2289 4003 2307 4035 ι
2336 3986 2623 4051 credendo,
2670 3995 2724 4041 et
2750 3987 2864 4056 ipse
2900 3987 3072 4044 factus
3097 4005 3260 4045 verus
3289 4011 3308 4043 ς
3342 3988 3520 4053 Israel,
3570 3991 3618 4044 si
3665 3992 3726 4046 in

2158 4072 2263 4128 viis
2290 4075 2424 4129 meis
2455 4076 2783 4131 artibulasset
2804 4098 2822 4130 ι
2857 4080 3173 4149 oomplendo
3199 4100 3217 4132 ι
3254 4082 3727 4137 humiliassemiui-

2160 4162 2329 4219 micos
2353 4179 2538 4219 eorum
2586 4186 2604 4217 ι
2638 4166 2714 4221 ita
2744 4169 2885 4237 quod
2934 4188 2952 4218 ‹
3006 4185 3105 4239 pro
3141 4170 3311 4225 nihilo
3355 4191 3376 4223 ›
3416 4180 3726 4241 reputaren-

2158 4264 2265 4322 tur,
2295 4257 2379 4311 vel
2403 4259 2572 4329 gratis
2598 4260 2964 4316 humiliassem
3009 4279 3024 4318 :
3061 4281 3079 4314 σ
3118 4271 3173 4317 ει
3212 4277 3377 4333 super
3412 4264 3726 4320 tribulantes

2154 4359 2249 4401 eos
2283 4349 2546 4404 misissem
2577 4365 2791 4405 manum
2839 4367 3016 4406 meam
3053 4371 3072 4404 ι
3119 4353 3171 4408 id
3217 4363 3321 4419 est,
3364 4356 3721 4424 operationem

2155 4453 2355 4504 meam,
2387 4441 2461 4493 ita
2486 4442 2631 4510 quod
2655 4444 2897 4512 operatio
2918 4458 3036 4498 mea
3057 4444 3377 4514 praevaleret
3400 4447 3653 4513 inimicis,
3674 4454 3726 4500 et

2158 4540 2457 4585 removeret
2483 4547 2595 4586 €08.

2232 4638 2251 4670 i
2290 4619 2498 4675 Inimici
2525 4623 2757 4678 Domini.
2800 4646 2818 4676 ι
2853 4623 2988 4680 Pars
3016 4626 3195 4682 tertia.
3224 4626 3598 4685 Continuatio.
3624 4630 3725 4684 Doo

2157 4710 2337 4766 minus
2366 4712 2440 4766 ita
2469 4714 2793 4782 promiserat
2817 4716 3179 4789 bene‘populo
3231 4735 3352 4786 suo,
3401 4722 3500 4776 sed
3556 4735 3728 4777 sermo

2155 4801 2271 4871 ejus
2321 4818 2427 4859 non
2471 4808 2638 4877 coepit
2665 4808 2719 4864 in
2746 4809 2850 4865 illis
2908 4830 2920 4863 :
2973 4813 3101 4882 quia
3140 4828 3261 4869 cum
3289 4814 3553 4872 deberent
3576 4815 3726 4871 amici

2156 4907 2298 4961 esse,
2349 4893 2476 4951 facti
2513 4916 2532 4950 ι
2568 4899 2769 4954 inimici
2800 4902 3010 4959 Domini
3044 4905 3253 4959 mentiti
3306 4916 3437 4961 sunt
3478 4908 3529 4963 ei
3569 4927 3592 4960 ι
3625 4922 3727 4963 non

2156 4997 2478 5058 peragentes
2503 4991 2768 5059 promissa
2797 5007 2810 5047 :
2847 5012 2865 5045 ‹
2888 5002 2947 5049 ει
2973 5015 2992 5046 ι
3018 4995 3138 5051 ideo
3166 5021 3182 5044 ε
3226 5005 3441 5067 tempus
3460 5015 3669 5062 eorum,
3704 5017 3725 5051 ι

2157 5077 2208 5132 id
2237 5088 2341 5144 est,
2380 5081 2609 5137 variatio
2634 5094 2818 5138 eorum
2848 5100 2946 5155 per
2979 5101 3170 5155 prunas
3198 5108 3217 5140 ‹
3253 5090 3362 5145 erit
3396 5090 3453 5145 in
3481 5091 3678 5147 sawla
3705 5106 3728 5143 ι

2155 5175 2358 5222 aeterna
2392 5186 2406 5222 :
2442 5169 2525 5223 vel
2552 5181 2760 5240 tempus
2781 5174 3029 5231 vindictae
3071 5192 3281 5234 eorum.

2230 5280 2248 5311 ‹
2273 5260 2339 5314 Ει
2356 5282 2374 5314 ι
2397 5263 2589 5319 merito
2601 5265 3016 5335 damnabantur,
3033 5271 3157 5339 quia
3177 5272 3317 5329 Deus
3336 5291 3357 5325 α
3381 5274 3593 5331 cihavit
3617 5276 3733 5332 ίιιω

2154 5366 2221 5406 ex
2260 5352 2419 5422 adipe
2468 5352 2748 5419 frumenti,
2787 5374 2806 5407 ι
2837 5357 2890 5413 id
2926 5366 3040 5426 est,
3091 5360 3281 5418 intima
3331 5365 3571 5420 medulla
3614 5365 3730 5421 fru-

2158 5443 2350 5509 menti,
2378 5444 2584 5499 scilicet
2609 5447 2886 5502 secretiori
2912 5457 2967 5505 et
2990 5448 3323 5521 profundiori
3350 5457 3735 5527 mysterium:

2159 5534 2567 5600 incarnationis,
2604 5546 2661 5592 et
2692 5537 2814 5593 aliis
2838 5542 3027 5610 gratiis
3059 5544 3431 5612 spiritualibus
3465 5564 3479 5600 :
3508 5565 3528 5597 ι
3557 5557 3616 5601 ει
3650 5562 3735 5602 sa-

2162 5627 2360 5681 turavit
2378 5643 2472 5683 eos
2497 5629 2653 5685 melle
2674 5630 2739 5685 de
2761 5640 2933 5702 petra,
2965 5655 2983 5687 ι
3016 5636 3068 5688 id
3093 5645 3195 5702 est,
3218 5636 3430 5695 fortiori
3462 5640 3730 5706 doctrina,

2159 5718 2285 5787 quia
2313 5719 2419 5774 mel
2454 5729 2537 5777 est
2562 5721 2717 5779 cibus
2742 5722 2938 5780 fortior
2967 5745 2979 5778 :
3009 5735 3161 5796 petra
3190 5738 3374 5785 autem
3422 5742 3546 5788 erat
3578 5732 3734 5789 Chri-

2159 5820 2294 5866 stus.
