3940 6450
230 436 336 492 477

649 545 719 600 ΙΝ
755 543 1079 601 PSALMUM
1115 544 1348 601 LXXXI.

581 675 864 733 Tt'ruws:
908 676 1152 733 Psalmus
1207 678 1402 748 Amph.

300 827 326 867 ι
356 807 502 866 Deus
525 810 693 866 stetit.
734 829 752 862 ι
787 810 1031 866 Psalmus
1068 811 1172 867 iste
1212 812 1464 868 convenit
1494 811 1698 882 Asaph,
1736 810 1791 867 id

225 908 333 968 est,
359 900 503 956 ﬁdeli
545 900 857 973 Synagogaz,
903 917 1022 972 quae
1064 902 1299 973 loquitur
1330 912 1518 958 contra
1550 902 1785 968 Judazos,

224 1007 366 1063 quos
406 993 551 1047 videt
587 992 905 1063 prophetico
930 992 1120 1064 spiritu
1148 1004 1369 1062 paratos
1407 994 1590 1063 inique
1626 1008 1788 1064 agere

220 1095 412 1144 contra
438 1083 710 1139 Christum
743 1084 1077 1139 visitatorem
1106 1099 1281 1138 suum.
1315 1084 1537 1139 Materia
1579 1085 1787 1153 primus

222 1177 491 1232 adventus
509 1174 711 1229 Christi
733 1182 836 1229 est.
866 1172 1076 1229 Modus.
1106 1173 1164 1227 In
1195 1174 1367 1243 prima
1397 1183 1569 1243 parte,
1602 1183 1785 1229 osten-

224 1268 303 1321 dit
325 1266 465 1320 inter
488 1264 733 1319 homines
755 1264 1122 1319 habitaturum
1142 1303 1157 1328 ,
1197 1263 1424 1327 scilicet,
1453 1278 1550 1334 per
1576 1278 1787 1317 assum-

221 1364 370 1427 ptam
411 1370 634 1411 carnem
662 1373 673 1407 :
707 1363 763 1409 et
794 1363 975 1409 monet
999 1348 1212 1409 Iudaeos
1243 1370 1308 1408 ne
1339 1354 1517 1423 inique
1542 1354 1787 1424 judicent

222 1449 277 1503 in
305 1462 448 1503 eum.
479 1445 536 1501 In
573 1446 805 1501 secunda
840 1455 1026 1515 parte,
1069 1461 1187 1516 qua:
1214 1446 1401 1515 incipit
1436 1463 1447 1499 :
1487 1465 1505 1497 ι
1540 1444 1785 1499 Judicate

217 1553 412 1611 egeno,
436 1557 455 1590 ι
475 1536 1017 1602 ostenditChristum,
1035 1552 1156 1591 cum
1170 1534 1319 1590 dives
1331 1543 1491 1600 esset,
1513 1550 1609 1605 pro
1632 1534 1785 1588 nobis

215 1642 508 1700 pauperem
541 1626 763 1691 factum,
795 1633 850 1681 et
874 1634 1056 1681 monet
1085 1640 1197 1690 eos,
1220 1614 1409 1679 utnon
1437 1633 1655 1693 propter
1684 1624 1785 1677 hoc

217 1724 402 1779 minus
425 1724 664 1778 sentiant
689 1722 755 1775 de
779 1737 866 1787 eo,
910 1722 1001 1775 sed
1025 1721 1232 1791 justum
1262 1719 1589 1787 intelligant;
1618 1726 1673 1771 et
1695 1718 1785 1771 dat

214 1813 296 1868 eis
324 1822 529 1868 certum
556 1812 766 1882 signum
788 1853 801 1877 ,
834 1827 940 1881 quo
961 1810 1154 1865 Filium
1181 1811 1273 1865 Dei
1302 1810 1507 1880 possint
1532 1825 1652 1863 eum
1692 1822 1784 1861 co-

1394 431 1829 497 EXPLANATIO
1864 432 1932 487 IN
1972 433 2309 491 PSALMOS.

1816 549 1869 611 Α
1892 556 2099 616 plorem
2131 558 2306 603 suum'.
2347 548 2405 604 Si
2431 550 2573 604 enim
2604 546 3012 619 cognovissent,
3044 560 3319 617 nunquam
3346 545 3455 601 Do-

3350 432 3457 497 478

1894 636 2100 690 minam
2120 637 2300 707 gloria:
2324 639 2750 703 crucifixissent;
2780 636 2901 691 dico
2930 635 3265 702 nescierunt,
3301 654 3321 687 ι
3354 649 3455 691 ne-

1891 741 1995 795 que
2024 727 2429 787 intellexerunt.
2467 748 2484 781 ι
2514 729 2609 783 sed
2636 729 2754 783 ideo
2782 725 3115 789 nescierunt,
3144 724 3269 794 quia
3298 722 3456 778 intel-

1891 816 2055 886 ligere
2073 818 2393 883 noluerunt;
2413 818 2531 873 ideo
2561 828 2864 873 autemnon
2903 816 3300 879 intellexerunt,
3326 816 3453 883 quia

1896 928 1913 959 ι
1946 909 2221 964 ambulant
2237 909 2289 963 in
2308 910 2567 974 tenebris,
2590 928 2607 959 ι
2627 910 2679 964 id
2698 918 2803 973 est,
2820 910 2872 963 in
2888 908 3177 963 dilectione
3207 915 3449 960 terreno-

1891 1014 2047 1063 rum;
2085 999 2150 1053 de
2182 1013 2278 1053 sua
2307 1006 2488 1052 autem
2523 998 2733 1053 inscitia
2763 997 3100 1052 excusabiles
3132 1012 3237 1052 non
3268 1004 3449 1062 erunt,

1889 1087 2148 1141 habentes
2179 1096 2385 1141 certum
2428 1088 2640 1156 signum
2660 1126 2674 1151 ,
2705 1103 2810 1156 quo
2845 1102 2966 1142 eum
3000 1087 3167 1141 Deum
3204 1100 3321 1140 esse
3348 1100 3453 1139 co-

1888 1194 2143 1251 gnoscere
2160 1188 2397 1250 possent,
2422 1179 2545 1248 quia
2570 1196 2588 1227 ι
2617 1178 2961 1232 fundamenta
2986 1188 3142 1232 terra:
3164 1177 3451 1231 moveban—

1890 1278 1978 1323 tur
2010 1290 2029 1322 ι
2064 1286 2170 1324 non
2215 1270 2333 1324 dico
2376 1270 2429 1322 in
2468 1268 2735 1337 aliquibus
2768 1267 2920 1333 locis,
2962 1268 3055 1322 sed
3086 1287 3104 1318 ι
3132 1267 3311 1321 omnia
3346 1286 3363 1317 ι
3394 1265 3449 1319 in

1887 1379 1992 1432 quo
2014 1364 2204 1417 beatus
2234 1362 2517 1432 Dionysius
2544 1362 2795 1431 cognovit
2818 1377 2940 1415 eum
2972 1361 3065 1415 Dei
3088 1376 3208 1415 esse
3230 1359 3447 1414 Filium.

1887 1453 1999 1522 Ego
2024 1453 2152 1507 dixi.
2186 1450 2317 1506 Pars
2349 1452 2525 1506 tertia.
2554 1451 2659 1520 Ipsi
2692 1466 2792 1505 non
2821 1450 3221 1512 intellexerunt,
3253 1450 3345 1504 sed
3370 1459 3451 1502 ta-

1886 1560 2009 1598 men
2042 1562 2059 1593 ι
2092 1559 2189 1614 ego
2218 1543 2327 1597 dixi
2354 1556 2368 1595 :
2395 1542 2476 1596 Dii
2511 1542 2642 1597 estis
2676 1561 2693 1593 ι
2734 1540 2786 1594 id
2813 1548 2915 1604 est,
2948 1539 2991 1594 si
3020 1538 3197 1603 vultis,
3227 1538 3451 1608 potestis

1887 1648 2005 1687 esse
2025 1633 2116 1697 dii,
2152 1633 2204 1697 id
2240 1641 2341 1696 est,
2379 1632 2629 1696 deitirati,
2652 1640 2707 1685 et
2750 1647 2856 1685 non
2902 1630 3299 1699 qualescunque
3351 1626 3449 1691 dii,

1888 1721 1978 1776 sed
2006 1742 2024 1772 ‹
2064 1721 2160 1775 lilii
2187 1721 2391 1776 Excelsi
2433 1740 2452 1772 ι
2493 1736 2600 1774 non
2628 1728 2835 1773 tantum
2860 1719 3066 1772 nobiles
3096 1727 3149 1772 et
3181 1725 3446 1788 potentes,

1886 1813 1980 1867 sed
2014 1831 2031 1861 ι
2068 1826 2256 1866 omnes
2292 1831 2310 1863 ι
2343 1822 2815 1881 quantumcunque
2843 1808 3184 1879 impotentes.

214 1917 493 1974 gnoscere.
519 1901 575 1955 In
599 1901 753 1954 tertia
782 1909 955 1969 parte,
977 1914 1095 1969 qua:
1118 1898 1305 1968 incipit
1331 1916 1341 1951 :
1378 1917 1399 1950 ι
1428 1898 1538 1968 Ego
1565 1897 1670 1952 dixi
1695 1895 1777 1950 Dii

1954 1908 2103 1971 Dico,
2131 1907 2222 1960 lilii
2247 1906 2341 1960 Dei
2362 1921 2480 1960 esse
2506 1906 2751 1974 poteritis
2783 1924 2799 1955 ι
2834 1920 2928 1958 vos
2954 1912 3134 1957 autem
3172 1922 3189 1954 ι
3225 1916 3333 1956 non
3368 1908 3449 1954 at-

216 1994 371 2059 estis,
400 2012 418 2043 ι
434 1993 665 2048 ostendit
689 1992 852 2061 quod,
869 2007 992 2046 cum
1013 1990 1259 2046 Christus
1279 1991 1514 2045 venisset
1536 1989 1782 2044 homines

216 2086 480 2161 exaltare,
511 2095 564 2139 et
591 2084 684 2138 Dei
725 2083 863 2138 ﬁlios
907 2083 1106 2148 facere,
1137 2084 1263 2153 quia
1304 2082 1474 2138 Judaei
1504 2097 1624 2135 eum
1673 2097 1781 2135 non

211 2184 554 2245 receperunt,
581 2174 964 2229 exultationem
1004 2174 1150 2228 illam
1188 2189 1294 2228 non
1337 2174 1662 2228 habuerunt.
1694 2173 1780 2225 In-

210 2267 383 2322 tentio
406 2275 488 2322 est
514 2266 724 2322 Iudaeos
751 2266 1057 2336 specialiter
1082 2278 1445 2329 commonere,
1466 2280 1530 2318 ne
1563 2250 1781 2318 Christo

209 2356 417 2426 aliquid
442 2356 570 2411 mali
595 2356 818 2422 faciant,
851 2353 944 2411 sed
984 2353 1100 2423 ejus
1138 2355 1508 2425 praedicationi
1538 2369 1772 2409 consen-

209 2448 371 2502 tiant.

281 2535 442 2604 Quasi
464 2537 667 2592 diceret
691 2555 703 2591 :
730 2535 903 2592 Nolite
929 2535 1474 2593 Christum‘videntes
1502 2547 1624 2588 eum
1654 2548 1778 2603 ege-

204 2643 341 2683 num
378 2639 430 2683 et
451 2643 740 2697 pauperem
782 2628 1077 2698 despicere,
1114 2634 1363 2695 putantes
1400 2624 1569 2679 solum
1605 2622 1779 2677 homi-

202 2732 355 2782 nem,
381 2717 506 2787 quia
532 2717 692 2771 etiam
714 2717 857 2772 Deus
878 2726 981 2771 est.
1008 2716 1159 2772 Unde
1182 2715 1338 2770 dicit:
1363 2733 1380 2764 ι
1401 2714 1541 2768 Deus
1569 2734 1588 2767 ›
1617 2714 1778 2768 homo

202 2806 405 2870 factus,
434 2825 452 2858 ι
484 2807 635 2861 stetit
658 2826 676 2859 ι
704 2806 1061 2877 corporaliter
1080 2825 1098 2855 ι
1121 2806 1174 2859 in
1191 2805 1473 2876 Synagoga
1490 2804 1769 2869 deorum,»

203 2900 265 2954 id
302 2909 403 2967 est,
427 2899 689 2955 honorum
712 2898 1051 2966 Iudaeorum;
1085 2899 1336 2953 dicuntur
1364 2898 1527 2950 etiam
1560 2896 1633 2951 dii
1658 2895 1778 2967 qui-

199 3005 423 3058 cunque
460 2991 643 3059 magni
693 2990 816 3044 viri.
851 2990 1004 3046 Unde
1043 2990 1239 3044 dicitur
1273 2990 1327 3043 in
1364 2988 1520 3059 lege:
1556 2987 1667 3042 Diis
1708 3001 1776 3042 ne

201 3082 460 3138 detrahas
487 3082 682 3152 (Exod.
714 3083 871 3153 χχιι),
892 3099 998 3138 non
1032 3092 1092 3138 ut
1135 3082 1272 3137 alius
1311 3082 1489 3144 homo,
1521 3079 1615 3134 sed
1662 3079 1777 3149 ipse

201 3174 351 3229 Deus
394 3192 413 3224 t
446 3173 500 3226 in
533 3174 709 3228 medio
737 3192 756 3226 ι
788 3189 973 3229 eorum
1006 3191 1025 3224 ι
1063 3172 1340 3243 dijudicat,
1372 3191 1392 3225 ι
1427 3171 1479 3226 id
1520 3180 1624 3237 est,
1667 3170 1775 3224 dis-

200 3264 381 3320 cernit
408 3279 473 3319 ac
498 3273 713 3333 separat
744 3280 775 3318 a
811 3265 967 3319 malis
992 3265 1186 3329 bonos,
1225 3263 1318 3317 sed
1350 3281 1369 3312 ι
1399 3262 1547 3326 deos,
1586 3280 1606 3313 ι
1640 3275 1775 3329 quos
1801 3233 1847 3297 ο

206 3356 330 3427 ipse
359 3356 610 3422 deificat;
640 3356 694 3410 in
718 3355 820 3410 hoc
843 3371 1003 3411 versu
1024 3354 1183 3424 plane
1220 3352 1417 3408 Christi
1444 3351 1774 3406 incarnatio-

201 3462 337 3503 nem
363 3448 719 3503 demonstrat.

284 3557 304 3590 ι
328 3537 641 3607 Usquequo.
663 3557 682 3589 ι
714 3535 960 3591 Christus
983 3537 1123 3590 Deus
1143 3544 1250 3602 est,
1266 3535 1356 3604 qui
1384 3532 1780 3605 etiamdeilicat

206 3642 357 3689 suos,
384 3642 515 3699 ergo
563 3643 658 3682 vos
676 3625 885 3696 judices
912 3627 1219 3683 Iudaeorum
1264 3641 1541 3696 usquequo
1587 3643 1604 3675 ι
1635 3625 1779 3695 judi-

204 3720 351 3777 catis
377 3720 760 3791 iniquitatem?
792 3741 811 3773 ι
846 3721 1053 3777 scilicet
1073 3720 1347 3775 Christum
1379 3720 1775 3787 redemptorem

200 3812 452 3869 omnium
482 3821 653 3866 morte
679 3813 918 3884 dignum.
947 3811 1111 3880 Quasi
1129 3810 1240 3878 jam
1270 3811 1359 3865 diu
1382 3827 1439 3865 se
1456 3809 1618 3880 justis
1642 3808 1775 3864 satis

199 3910 393 3959 contra
418 3916 605 3957 servos
622 3902 689 3957 ad
716 3903 927 3957 vineam
968 3902 1181 3966 missos,
1218 3901 1484 3956 haeredem
1514 3901 1670 3955 modo
1707 3898 1775 3954 ad

199 4008 305 4049 vos
330 3993 554 4048 missum
579 3995 824 4064 recipite,
854 4013 871 4046 ‹
900 4002 954 4049 et
979 4014 997 4046 ι
1028 4008 1309 4062 usquequo
1336 4009 1430 4047 vos
1459 3993 1511 4046 in
1545 4002 1773 4047 mortem

205 4103 228 4136 ι
270 4085 485 4140 sumitis
509 4104 528 4137 ι
549 4085 700 4141 vobis
733 4104 752 4137 ‹
783 4083 950 4141 facies
978 4084 1358 4155 peccatorum?
1390 4104 1407 4135 ι
1428 4084 1484 4139 id
1511 4093 1611 4148 est,
1643 4098 1771 4153 pec-

197 4174 484 4231 catoribus
504 4176 843 4243 consentitis,
867 4185 923 4232 et
962 4176 1264 4232 conformes
1303 4174 1418 4243 ejus
1462 4189 1558 4230 vos
1599 4173 1775 4229 reddi-

200 4267 298 4322 tis.
326 4264 515 4321 Facies
552 4276 900 4336 peccatorum
944 4267 1126 4333 sumit,
1156 4266 1248 4337 qui
1279 4265 1495 4321 modum
1535 4281 1644 4321 sua:
1679 4280 1775 4321 ne-

197 4353 392 4424 quitia:
419 4354 633 4424 accipit,
665 4370 771 4425 qua
804 4355 1127 4410 discernitur
1148 4354 1216 4409 ab
1242 4354 1379 4410 aliis.

284 4463 302 4495 ‹
323 4442 565 4501 Judicate
589 4460 810 4516 egeno.»
830 4444 964 4501 Pars
976 4446 1346 4501 secunda.Vos
1352 4444 1585 4514 judices,
1609 4445 1776 4501 nolite

199 4535 395 4604 inique
420 4534 487 4590 de
514 4533 731 4591 Christo
751 4535 1023 4606 judicare,
1066 4536 1159 4591 sed
1194 4554 1212 4585 ε
1236 4522 1475 4605 judicate
1521 4550 1690 4606 egeno
1720 4544 1776 4590 et

201 4622 431 4695 pupillo,
468 4642 489 4677 ›
522 4624 575 4678 id
598 4632 701 4688 est,
725 4625 792 4679 ad
814 4626 1069 4679 honorem
1100 4623 1319 4688 Christi,
1343 4624 1551 4679 scilicet
1579 4633 1775 4694 praeter

198 4715 480 4770 hominem
515 4715 762 4785 judicare
790 4714 979 4769 Deum.
1023 4713 1301 4769 Christum
1346 4714 1479 4769 dicit
1521 4730 1771 4785 egenum,

199 4806 333 4876 quia
362 4819 576 4876 semper
600 4814 841 4861 terrenas
866 4804 1150 4861 facultates
1175 4796 1413 4877 negleiit
1435 4806 1655 4874 habere,
1685 4822 1773 4863 se-

201 4901 442 4957 cundum
473 4901 616 4972 quod
656 4901 942 4973 Apostolus
970 4901 1048 4954 ait
1075 4919 1087 4954 :
1121 4899 1254 4954 Cum
1282 4906 1427 4955 esset
1464 4898 1634 4964 dives,
1675 4914 1774 4969 pro

204 4992 367 5048 nobis
409 4991 586 5049 factus
634 5000 716 5051 est
764 5008 969 5064 pauper
1016 4990 1102 5064 (11
1130 4988 1254 5045 Cor.
1298 4989 1465 5060 vnt);
1516 4990 1773 5061 pupillum

202 5084 359 5150 dicit,
373 5085 499 5155 quia
530 5086 631 5142 sibi
660 5086 966 5157 praesidium
997 5084 1291 5139 humanum
1313 5096 1417 5137 non
1450 5082 1696 5151 quaesivit
1719 5082 1774 5137 in

204 5185 376 5243 terra;
400 5174 774 5245 dicojudicate
803 5177 900 5243 illi,
930 5183 983 5230 et
1009 5175 1170 5230 etiam
1192 5174 1367 5244 ipsum
1401 5192 1420 5224 ι
1455 5172 1708 5228 humilem
1721 5179 1775 5228 et

202 5281 499 5339 pauperem
532 5264 850 5335 justiticate,
881 5285 901 5319 ι
936 5266 989 5321 id
1024 5274 1129 5330 est,
1160 5265 1368 5336 justum
1412 5272 1673 5334 reputate,
1721 5271 1777 5319 et

205 5357 328 5413 sine
356 5356 448 5413 illo
471 5357 673 5413 nullum
688 5354 894 5425 justum
926 5371 1048 5412 esse
1075 5370 1251 5426 posse.
1270 5356 1377 5411 Vos
1406 5355 1658 5425 majores,
1680 5354 1772 5424 ju-

204 5446 405 5513 dicate,
439 5462 538 5503 vos
553 5445 819 5517 juniores,
842 5448 1005 5502 istum
1046 5465 1064 5497 ι
1095 5460 1386 5515 pauperem
1423 5445 1614 5514 eripite
1644 5465 1664 5498 ι
1710 5446 1776 5501 de

203 5537 477 5609 majorum
507 5547 794 5609 potestate,
837 5547 892 5593 et
930 5548 1174 5607 ereptum
1209 5552 1277 5592 ne
1302 5537 1629 5607 permittatis
1656 5553 1773 5592 am-

203 5629 351 5700 plius
386 5631 503 5701 capi
539 5649 552 5684 :
581 5640 635 5686 et
664 5633 769 5686 hoc
800 5638 912 5685 est:
954 5646 972 5680 (
1006 5637 1064 5684 et
1096 5643 1323 5697 egenum
1353 5628 1418 5684 de
1442 5644 1603 5683 manu
1642 5643 1771 5698 pec-

204 5720 412 5777 catoris
442 5740 460 5773 ι
487 5718 667 5793 populi
699 5738 718 5771 ι
749 5720 992 5775 liberate.
1036 5740 1056 5772 ι
1083 5718 1193 5789 Ego
1234 5719 1307 5774 ita
1343 5720 1523 5774 monui
1552 5736 1666 5785 eos,
1695 5729 1773 5774 ta-

205 5804 336 5872 men
364 5814 466 5875 insi
499 5833 519 5870 ι
550 5814 859 5871 nescierunt
894 5832 914 5867 ι
946 5827 1069 5869 eum
1104 5812 1269 5867 Deum
1304 5828 1422 5868 esse
1450 5830 1513 5868 ac
1542 5813 1768 5869 Redem-

1882 1998 2179 2053 tendebatis
2205 2012 2379 2052 meam
2405 1996 2849 2060 admonitionem,
2878 1996 2998 2048 ideo
3029 2013 3047 2044 ι
3082 1991 3387 2047 moriemini
3422 2008 3443 2043 ι

1881 2087 2238 2151 damuabiles,
2272 2106 2290 2137 ι
2329 2088 2469 2141 sicut
2491 2086 2736 2139 homines
2764 2104 2781 2135 ι
2808 2083 3072 2148 carnales,
3115 2091 3168 2137 et
3207 2097 3303 2135 vos
3334 2095 3448 2134 ma-

1873 2180 2041 2251 jores,
2082 2178 2385 2248 superbiam
2430 2185 2664 2231 vestram
2707 2177 2761 2230 in
2788 2175 3060 2230 Christum
3097 2180 3446 2237 exercentes,

1886 2289 1903 2320 t
1936 2270 2138 2324 cadetis
2160 2287 2177 2319 ι
2207 2267 2260 2321 in
2285 2266 2605 2337 profundum
2635 2265 2941 2329 inferni,ita
2963 2260 3448 2332 irrecuperahiliter

1887 2380 1904 2411 ι
1940 2362 2079 2415 sicut
2101 2374 2239 2413 unus
2275 2357 2342 2411 de
2364 2356 2695 2425 principibus
2716 2375 2732 2405 ι
2762 2354 2975 2418 cecidit,
3003 2354 3053 2406 id
3077 2361 3180 2415 est,
3204 2349 3448 2405 diabolus

1880 2451 1971 2521 qui
2000 2452 2142 2504 inter
2167 2447 2439 2518 principes
2481 2445 2731 2500 caelestes
2774 2444 3091 2514 principalis
3119 2450 3256 2497 erat.
3300 2440 3446 2495 Licet

1878 2541 2031 2596 multi
2059 2540 2401 2603 cecidissent,
2435 2538 2555 2592 ideo
2595 2546 2778 2591 tamen
2805 2537 2936 2591 dicit
2968 2551 3129 2599 unus,
3177 2533 3305 2603 quia
3334 2546 3447 2587 om-

1879 2649 1975 2688 nes
2003 2630 2145 2687 uniti'
2182 2641 2305 2685 sunt
2346 2631 2400 2684 in
2432 2629 2572 2684 mala
2624 2629 2920 2683 voluntate.
2968 2626 3079 2682 Vos
3112 2626 3325 2696 quidem
3374 2623 3448 2677 ita

1878 2726 2105 2790 cadetis,
2138 2725 2231 2779 sed
2259 2733 2315 2777 tu
2350 2742 2369 2775 ‹
2399 2723 2540 2777 Deus
2567 2738 2725 2792 surge
2761 2740 2779 2772 ›
2812 2722 2877 2775 de
2917 2720 3197 2790 sepulcro,
3236 2728 3290 2772 et
3318 2736 3335 2767 ι
3357 2715 3448 2784 ju-

1881 2819 1998 2873 dica
2029 2816 2251 2881 terram,
2288 2836 2307 2869 ι
2342 2816 2396 2870 id
2427 2824 2529 2880 est,
2560 2823 2805 2869 terrenos
2830 2813 3063 2878 Judazos,
3108 2811 3227 2866 illos
3252 2812 3447 2865 damna

1878 2917 1933 2963 et
1975 2923 2227 2965 excaeca:
2264 2925 2282 2958 ‹
2320 2906 2572 2976 quoniam
2612 2925 2632 2957 ›
2661 2904 2747 2959 his
2785 2904 3093 2968 excatcatis,
3132 2920 3151 2954 ‹
3188 2910 3242 2955 tu
3278 2900 3447 2955 haere-

1879 2997 2075 3053 ditabis
2110 2998 2162 3051 in
2194 2996 2443 3051 omnibus
2476 2994 2769 3060 Gentibus;
2810 3014 2828 3046 ›
2872 3010 2937 3049 ex
2959 3002 3112 3063 parte
3140 2993 3285 3048 enim
3320 3006 3446 3046 con-

1880 3088 2000 3159 tigit
2048 3087 2265 3143 caecitas
2314 3087 2367 3141 in
2395 3085 2592 3152 Israel,
2644 3093 2705 3141 ut
2746 3078 3020 3155 plenitudo
3065 3081 3318 3138 Gentium
3362 3080 3445 3134 in-

1879 3187 2067 3234 traret.

2286 3287 2353 3342 IN
2392 3286 2724 3343 PSALMUM
2763 3286 3022 3341 LXXXII.

2143 3398 2422 3454 Trruws:
2466 3398 2741 3452 Canticum
2771 3399 2962 3468 psalmi
3000 3398 3194 3469 Asaph.

1956 3546 1974 3578 ι
2010 3528 2175 3593 Deus,
2210 3528 2331 3597 quis
2358 3528 2589 3583 similis?
2622 3547 2642 3580 ι
2670 3529 2918 3585 Psalmus
2949 3531 3051 3585 iste
3069 3529 3285 3600 quidem
3314 3541 3449 3585 con-

1879 3619 2025 3672 venit
2042 3618 2243 3686 Asapb,
2286 3618 2336 3670 id
2376 3625 2480 3681 est,
2514 3616 2655 3671 lideli
2681 3618 2999 3689 Synagogze,
3027 3634 3144 3686 qua:
3183 3618 3444 3687 loquitur.

1878 3710 1974 3764 Est
1998 3710 2286 3774 canticum,
2318 3709 2443 3778 quia
2471 3710 2707 3762 ostendit
2734 3710 2891 3764 nobis
2914 3725 3025 3762 rem
3047 3710 3332 3778 quamdam
3362 3708 3449 3762 fu-

1880 3807 2055 3854 turam
2091 3801 2157 3855 de
2182 3815 2285 3868 qua
2309 3798 2462 3853 nobis
2486 3798 2718 3853 maxime
2744 3797 3119 3853 exsultantium
3159 3805 3272 3862 est,
3298 3794 3448 3850 scili-

1878 3905 1984 3957 cet,
2017 3892 2072 3945 in
2101 3891 2336 3945 secundo
2366 3890 2598 3943 adventu
2652 3888 2852 3943 Christi
2891 3888 3222 3942 damnandos
3264 3900 3451 3958 perse-

1877 3994 2093 4039 cutores
2114 3993 2346 4048 nostros,
2373 3993 2426 4038 et
2449 3998 2797 4053 quoscunque
2821 3982 2990 4037 malos
3021 3999 3034 4032 :
3068 3982 3265 4037 dicitur
3284 3984 3447 4037 etiam

1880 4074 2148 4145 psalmus,
2187 4073 2313 4143 quia
2342 4073 2429 4127 hic
2458 4073 2616 4127 docet
2658 4073 2794 4127 bene
2823 4073 3057 4142 operari,
3098 4080 3154 4126 et
3184 4072 3324 4126 mala
3354 4088 3449 4142 pa-

1878 4167 2075 4221 tienter
2105 4166 2392 4221 sustinere.
2433 4164 2655 4219 Materia
2684 4171 2768 4219 est
2810 4164 3077 4219 secundus
3113 4162 3312 4218 Christi
3353 4164 3448 4219 ad-

1875 4268 2089 4315 ventus.
2134 4258 2190 4312 ln
2226 4258 2397 4327 prima
2436 4265 2610 4326 parte,
2658 4256 2793 4327 petit
2819 4256 2993 4325 ipsum
3018 4255 3219 4309 Christi
3246 4256 3447 4319 adven-

1881 4360 1998 4405 tum
2028 4364 2136 4420 quo
2161 4348 2424 4403 liberetur
2457 4347 2695 4403 Ecclesia
2722 4362 2751 4400 a
2780 4346 2938 4400 malis
2966 4360 3087 4414 quae
3117 4346 3349 4401 sustinet
3391 4346 3446 4399 in

1879 4446 1980 4499 hac
1998 4446 2131 4509 vita,
2145 4452 2362 4497 etenum
2382 4450 2502 4496 erat
2526 4440 2691 4493 multa
2720 4439 2856 4492 mala
2879 4453 2999 4508 quae
3021 4438 3107 4492 hic
3125 4438 3326 4508 patitur
3347 4437 3447 4494 Ec-

1882 4534 2064 4590 clesia.
2088 4533 2143 4587 ln
2171 4533 2403 4587 secunda
2430 4540 2598 4601 parte,
2617 4544 2735 4599 qua:
2754 4529 2976 4598 incipit:
3014 4549 3031 4579 ε
3052 4526 3160 4583 Fac
3180 4528 3283 4582 illis
3306 4527 3447 4582 sicut

1882 4625 2115 4690 Madian,
2138 4644 2156 4676 ι
2186 4634 2459 4694 precatur,
2484 4630 2543 4676 ut
2564 4621 2704 4677 Deus
2724 4621 2959 4675 secundo
2974 4619 3216 4682 veniens,
3239 4624 3449 4673 rectam

1880 4715 2173 4770 vindictam
2206 4721 2385 4768 sumat
2426 4712 2492 4766 de
2537 4711 2692 4765 malis
2742 4710 2885 4764 illis:
2915 4717 2971 4764 et
3011 4710 3176 4765 etiam
3216 4722 3445 4764 conver-

1882 4805 2088 4860 sionem
2115 4802 2473 4873 quorumdam
2496 4801 2549 4855 in
2584 4801 2774 4867 vitam,
2807 4800 3163 4871 quorumdam
3193 4801 3249 4855 in
3272 4797 3445 4869 majo-

1880 4911 1996 4950 rem
2029 4894 2468 4950 excmcationem.
2512 4891 2741 4947 Intentio
2783 4899 2885 4957 est,
2931 4908 3027 4962 per
3063 4892 3311 4947 timorem
3356 4904 3446 4946 se-

1881 4985 2044 5041 cundi
2101 4985 2402 5047 adventus,
2463 4982 2738 5036 deterrere
2796 4982 3043 5037 homines
3103 4990 3159 5037 et
3216 4980 3449 5034 maxime

1880 5078 2096 5134 Iudaeos
2124 5092 2152 5129 a
2184 5073 2557 5146 persecutione
2595 5073 2867 5129 Ecclesiae.

1951 5168 2115 5236 Quasi
2137 5168 2210 5222 ita
2234 5166 2437 5221 diceret
2456 5164 2721 5234 Propheta
2748 5183 2760 5217 :
2788 5163 3040 5218 Homines
3063 5168 3115 5215 te
3137 5159 3366 5215 debilem
3389 5168 3447 5214 et

1880 5262 2229 5331 impotentem
2259 5265 2472 5329 putant,
2500 5273 2621 5313 cum
2651 5257 2874 5327 patiaris
2904 5263 3023 5310 tuos
3043 5253 3247 5325 puniri,
3281 5253 3375 5306 sed
3410 5266 3444 5306 o

1887 5371 1907 5405 ι
1940 5353 2103 5418 Deus,
2139 5352 2258 5421 quis
2301 5350 2490 5405 similis
2528 5352 2631 5405 erit
2673 5348 2803 5403 tibi?
2835 5367 2853 5399 ι
2888 5346 3077 5401 Nullus
3123 5363 3135 5399 :
3172 5352 3227 5399 et
3262 5344 3381 5398 ideo
3410 5359 3445 5399 ο

1887 5467 1907 5500 ι
1946 5448 2106 5513 Deus,
2141 5467 2159 5499 ι
2187 5446 2279 5515 qui
2303 5446 2516 5500 tacuisti
2547 5445 2600 5498 in
2622 5452 2861 5512 tempore
2885 5440 3045 5509 hujus
3071 5439 3197 5493 vita:
3225 5437 3447 5507 permit-

1881 5540 2044 5594 tendo
2069 5547 2185 5593 tuos
2214 5537 2409 5607 puniri,
2447 5556 2464 5587 ‹
2493 5551 2559 5590 ne
2581 5544 2759 5589 taceas
2793 5552 2812 5585 ›
2844 5533 2975 5587 dare
3010 5531 3062 5584 in
3103 5544 3195 5584 eos
3226 5535 3446 5583 senten-

1882 5632 2040 5695 tiam,
2058 5630 2244 5684 dicens
2264 5646 2276 5681 :
2296 5628 2388 5691 lle,
2410 5624 2699 5688 maledicti,
2731 5624 2782 5676 in
2801 5622 2976 5692 ignem
2990 5627 3274 5686 aaternum,
3302 5634 3322 5669 ι
3352 5631 3445 5672 ηε·

1880 5740 1987 5793 que
2034 5720 2400 5790 compescaris
2429 5739 2445 5769 ι
2474 5716 2733 5780 vindicta,
2784 5714 2877 5770 sed
2926 5711 3105 5783 potius
3154 5708 3448 5783 comprime

1878 5830 1971 5870 COS
2001 5827 2159 5883 pmna
2199 5819 2419 5867 aeterna.
