3940 6442
504 432 611 491 ‘79

969 434 1325 493 HAYMONIS
1366 432 1841 490 HALBERSTAT.
1884 432 2099 490 EPISC.
2136 433 2286 491 OPP.
2328 436 2506 491 PARS
2544 436 2583 492 1.
2614 467 2685 479 --
2722 434 3078 496 COMMENT.
3119 433 3291 489 BIBL.

3647 435 3742 489 £80

510 546 515 551 ’
575 543 699 597 Ideo
763 542 886 599 dico
953 559 1021 598 ne
1068 522 1278 608 taceas,
1334 563 1352 595 ι
1417 544 1672 612 quoniam
1746 546 1949 601 inimici
1998 545 2379 621 tuiAangeli.
2411 551 2551 606 Loth
2579 552 2725 607 enim
2752 552 3033 608 declinans
3064 554 3467 621 interpretatur,
3494 566 3597 622 per
3617 552 3747 622 quod

502 642 820 699 sonuerunt,
841 654 861 688 ι
894 635 1069 702 idest,
1105 634 1547 690 irrationabiliter
1579 645 1783 692 sanctis
1812 639 1918 691 tuis
1942 654 2076 693 con-

501 725 847 780 tradixerunt
880 741 895 779 :
931 745 949 777 ‹
985 736 1040 781 et
1078 745 1096 776 ι
1130 727 1252 781 ideo
1300 741 1368 781 ne
1403 728 1788 797 compescaris,
1818 730 2078 798 quoniam

509 833 529 867 ε
569 818 658 886 qui
688 809 919 872 oderunt
951 827 1021 883 te,
1055 818 1366 873 extulerunt
1402 829 1564 888 caput
1598 840 1615 871 ι
1643 836 1821 883 suum,
1847 822 2075 887 scilicet,

500 907 915 974 Antichristnm,
963 927 1121 980 quem
1173 913 1274 981 ipsi
1323 912 1491 966 ﬁlium
1546 913 1638 967 Dei
1683 916 2078 983 redemptorem

502 1002 887 1068 praedicabunt.
934 1001 1030 1055 Vel
1075 1011 1237 1071 caput
1289 1018 1469 1069 suum,
1523 1004 1577 1057 id
1623 1013 1724 1068 est,
1770 1005 2079 1075 superbiam

503 1084 655 1143 Suam
692 1102 884 1145 contra
916 1101 970 1146 te
996 1101 1308 1147 erexerunt.

574 1181 639 1235 Et
666 1198 773 1236 non
814 1192 1023 1237 tantum
1055 1192 1245 1239 contra
1274 1193 1346 1248 te,
1380 1184 1472 1238 sed
1495 1192 1684 1238 contra
1717 1193 1856 1250 tuos,
1894 1195 1947 1240 et
1976 1187 2080 1242 hoc

500 1282 581 1327 est
600 1289 614 1327 :
640 1293 657 1324 ‹
679 1278 1105 1347 superpopulum
1128 1286 1278 1331 tuum
1296 1278 2072 1347 malignaveruntconsilium,»

500 1362 554 1416 id
576 1373 688 1428 est,
723 1366 958 1437 maligno
994 1369 1175 1422 animo
1202 1377 1326 1423 sunt
1370 1370 1654 1432 eonsiliati,
1699 1370 1765 1423 ad
1792 1370 1974 1439 populi
2004 1369 2080 1423 lui
2126 1414 2135 1423 .

500 1449 924 1521 depressionem,
954 1476 971 1507 ι
999 1464 1053 1511 et
1085 1478 1103 1509 ι
1134 1475 1238 1512 non
1264 1467 1470 1513 tantum
1499 1469 1621 1514 sunt
1655 1461 1949 1525 consiliati,
1985 1461 2080 1516 sed

456 1582 459 1583 ν
502 1542 668 1596 etiam
700 1562 718 1594 ι
749 1546 1121 1614 cogitaverunt
1157 1568 1175 1599 ι
1203 1549 1326 1617 quis
1366 1564 1552 1603 eorum
1591 1550 1831 1620 pejorem
1863 1561 2080 1608 senten-

503 1630 636 1688 tiam
664 1644 848 1703 posset
875 1637 1004 1692 dare
1032 1658 1049 1688 ι
1081 1639 1337 1693 adversus
1363 1650 1577 1695 sanctos
1611 1651 1750 1698 tuos.
1781 1663 1799 1694 ι

572 1724 639 1777 Ει
675 1743 693 1775 ι
722 1727 971 1782 dixerunt
999 1749 1016 1780 ι
1047 1731 1393 1786 exhortantes
1414 1733 1647 1787 invii-em
1676 1750 1767 1789 se:
1812 1754 1831 1786 ε
1861 1735 2077 1803 Venite,

502 1819 558 1866 et
587 1815 958 1883 disperdamus
988 1835 1080 1874 eos
1104 1820 1169 1875 de
1203 1832 1365 1886 terra,
1402 1842 1419 1872 ι
1452 1823 1503 1877 id
1536 1834 1637 1890 est,
1663 1835 1877 1894 gentem
1904 1828 2073 1894 illam,

503 1906 712 1961 scilicet
737 1919 954 1971 sanctos
982 1911 1342 1977 destruamus,
1372 1914 1424 1966 in
1452 1923 1660 1969 tantum
1695 1920 1835 1986 quod
1878 1936 2073 1975 nomen
2104 1897 2150 1959 Β

509 2012 527 2045 ι
560 1996 724 2053 lsrael
768 2019 785 2050 ι
831 2000 1034 2056 scilicet
1085 2002 1492 2070 Christianum,
1538 2025 1556 2056 ι
1596 2023 1703 2062 non
1744 2020 2077 2066 memoretur

501 2085 661 2141 ultra.
697 2109 715 2141 ι

572 2179 638 2232 Et
660 2181 800 2235 unde
823 2182 903 2237 eis
928 2192 1075 2238 tanta
1100 2184 1291 2240 ﬁducia
1314 2188 1335 2242 ?
1365 2188 1627 2253 Quoniam
1657 2199 1711 2245 et
1736 2193 1890 2247 multi
1920 2203 2077 2250 erant

502 2278 556 2324 et
582 2272 864 2326 unanimes
895 2292 907 2327 :
938 2283 991 2328 et
1034 2276 1135 2330 hoc
1158 2287 1257 2343 est,
1305 2297 1323 2328 ι
1352 2281 1605 2348 quoniam
1635 2282 1814 2348 simul,
1848 2303 1868 2336 ›
1900 2285 1949 2339 id
1972 2297 2073 2352 est,

505 2361 661 2416 multi
698 2381 716 2414 ι
749 2365 1117 2433 cogitaverunt
1150 2370 1504 2435 unanimiter,
1540 2392 1557 2424 ι
1604 2372 1655 2427 id
1683 2383 1782 2439 est,
1811 2375 2076 2433 habentes

502 2452 728 2507 nocendi
751 2456 993 2510 eamdem
1014 2458 1360 2526 voluntatem,
1380 2473 1434 2516 et
1461 2481 1478 2511 ‹
1501 2463 1882 2531 disposuerunt
1908 2475 2074 2522 testa-

506 2551 818 2608 mentum,»
852 2544 903 2600 id
930 2557 1015 2601 est
1044 2558 1201 2616 pacta
1228 2566 1345 2615 sua,
1375 2570 1393 2602 ‹
1427 2554 1712 2608 adversum
1743 2563 1811 2620 te,
1844 2576 1862 2608 ›
1895 2567 1953 2612 ut
1980 2575 2077 2627 per

505 2646 633 2687 suas
659 2636 938 2704 pactiones
964 2639 1135 2709 legem
1154 2640 1248 2695 Dei
1272 2642 1633 2699 destruerent.
1652 2647 1718 2701 Et
1739 2648 1830 2717 qui
1855 2647 2076 2705 fuerunt

497 2718 603 2777 illi?
633 2744 650 2775 ‹
691 2729 1036 2783 tabernacula
1064 2730 1438 2799 ldumteorum,
1472 2744 1524 2790 et
1551 2735 1855 2792 lsmaelitm.
1891 2758 1908 2789 ι
1937 2739 2074 2797 Nota

500 2814 645 2882 quod
672 2814 1025 2871 bistorialiter
1050 2832 1424 2889 persecutores
1458 2825 1737 2882 lsraelitici
1769 2830 1947 2899 populi
1973 2847 2071 2901 po-

500 2902 582 2955 nit
604 2902 713 2968 bic,
742 2905 832 2957 sed
862 2920 957 2974 per
979 2907 1122 2963 hunc
1152 2912 1367 2965 nomina
1393 2922 1516 2983 apte
1547 2915 1923 2985 signiﬁcantur
1950 2935 2074 2988 per-

502 2998 786 3045 secutores
833 2994 1105 3049 Ecclesice.
1142 2997 1245 3052 Per
1297 3001 1641 3058 tabernacula
1692 3006 2069 3076 ldumaeorum,

503 3079 594 3147 qui
633 3083 935 3150 sanguinei,
971 3086 1052 3137 vel
1087 3089 1285 3142 terreni
1326 3091 1773 3161 interpretantur,
1826 3098 2073 3170 intelligi-

501 3183 623 3222 mus
650 3175 1092 3242 congregationes
1118 3176 1352 3245 illorum,
1378 3182 1471 3251 qui
1514 3185 1740 3239 terrenis
1780 3187 2066 3258 inhaerent,

499 3260 584 3315 vel
615 3262 1225 3336 bomicidaslsmaelitze,
1254 3271 1306 3327 id
1328 3283 1431 3340 est,
1463 3275 1773 3334 obedientes
1801 3281 1923 3337 sibi.

568 3352 715 3409 Inter
763 3366 989 3413 cazteros
1021 3371 1395 3430 persecutores
1429 3375 1512 3419 est
1545 3387 1563 3419 ε
1592 3367 1765 3435 Moab,
1798 3391 1816 3424 ι
1866 3373 2072 3429 scilicet

501 3443 727 3499 abutens
752 3446 889 3516 lege,
923 3468 940 3498 ‹
972 3458 1025 3504 et
1062 3452 1315 3522 Agareni,
1352 3474 1370 3505 ι
1403 3456 1456 3510 id
1482 3466 1564 3512 est
1603 3460 1785 3527 alieni,
1809 3464 1900 3533 qui
1942 3465 2070 3520 licet

498 3532 699 3588 bonum
724 3537 964 3592 habitum
995 3545 1351 3619 praetendant,
1397 3555 1573 3602 tamen
1612 3561 1809 3606 nocent
1830 3532 1964 3609 cum
1993 3555 2071 3612 lo-

496 3636 616 3676 cum
657 3626 961 3695 inveniunt;
998 3649 1016 3682 ι
1042 3630 1192 3687 Jebal
1224 3654 1242 3686 ι
1273 3634 1325 3689 id
1350 3645 1453 3702 est,
1486 3653 1622 3694 vana
1643 3641 1817 3709 vallis,
1842 3645 2067 3715 scilicet,

498 3713 814 3786 hypocriten,
854 3724 948 3793 qui
993 3724 1350 3783 humilitatem
1395 3742 1703 3788 monstrant
1746 3752 1804 3790 se
1838 3713 2068 3807 habere,

495 3808 587 3860 sed
636 3810 737 3865 hoc
780 3812 831 3867 in
856 3815 1115 3884 vanitate,
1161 3827 1216 3873 et
1259 3821 1545 3876 adversum
1588 3820 1836 3882 homines
1889 3837 2068 3885 tamen

496 3895 633 3953 bene
666 3913 982 3971 cperantur,
1018 3925 1037 3957 ι
1076 3917 1128 3962 et
1156 3929 1176 3960 ›
1212 3910 1447 3980 disponit
1481 3914 1642 3969 etiam
1676 3926 1860 3973 contra
1907 3930 1959 3976 te
1990 3930 2071 3977 te—

496 3998 825 4046 stamentuni
849 4012 866 4044 ι
894 3998 1148 4061 Ammon,
1180 4017 1198 4049 ›
1229 3999 1282 4054 id
1304 4010 1402 4065 est,
1432 4005 1679 4061 turbidus
1700 4010 1948 4078 populus,
1974 4028 2068 4067 ve-

493 4075 589 4131 luti
623 4082 713 4148 qui
745 4083 942 4138 damno
967 4095 1302 4143 terrenorum
1350 4075 1761 4163 contristantur,
1782 4119 1800 4150 ‹
1829 4109 1884 4154 et
1910 4102 2070 4157 Ama-

493 4167 615 4224 lech
645 4192 663 4223 ι
697 4173 751 4227 id
791 4184 894 4238 est,
940 4176 1151 4249 lingens
1185 4190 1411 4252 terram,
1457 4189 1681 4257 scilicet,
1717 4195 1865 4247 avari
1908 4196 2067 4267 hujus

493 4260 636 4324 vitae,
669 4265 759 4332 qui
794 4266 927 4320 nihil
954 4271 1231 4327 vitandum
1270 4284 1479 4345 putant,
1520 4283 1661 4336 unde
1689 4260 2063 4358 habeaturpe-

492 4356 671 4421 cunia,
706 4378 724 4409 ε
757 4368 812 4414 et
836 4360 1149 4434 alienigena:
1183 4387 1202 4420 ι
1251 4369 1459 4425 scilicet
1488 4372 1538 4425 in
1574 4373 1773 4441 sensu,
1796 4380 1937 4447 quod
1968 4356 2066 4434 ﬁsu-

488 4462 585 4517 pra
613 4450 896 4508 habuimus
917 4471 1015 4525 per
1036 4458 1273 4530 Agareni
1305 4477 1318 4515 :
1353 4465 1445 4519 sed
1477 4464 1700 4523 Hebraea
1743 4472 1939 4526 veritas
1976 4473 2064 4529 hic

488 4538 653 4596 habet
685 4542 970 4614 Philisttei,
1000 4549 1053 4605 id
1082 4561 1182 4614 est,
1227 4555 1448 4623 potione
1484 4560 1758 4627 cadentes,
1787 4577 1884 4631 per
1920 4566 2063 4632 quod

486 4629 840 4705 intelligimus
874 4654 968 4693 eos
1019 4643 1109 4711 qui
1151 4643 1483 4703 inebriantur
1513 4650 1715 4706 divitiis
1741 4626 1802 4707 et
1833 4626 2060 4724 prospe-
2089 4626 2142 4684 D

489 4724 652 4780 ritate
679 4727 835 4795 hujus
863 4731 1003 4786 vitae.
1030 4733 1123 4788 Isti
1148 4752 1336 4793 omnes
1365 4742 1654 4796 adversum
1701 4751 1752 4797 te
1787 4743 2066 4813 disposue-

490 4825 617 4869 runt
635 4836 651 4867 ι
683 4834 803 4873 cum
830 4820 1194 4882 habitantibus
1217 4828 1439 4899 Tyrum,
1467 4852 1484 4883 ι
1505 4832 1557 4886 id
1582 4841 1685 4897 est,
1715 4839 2060 4906 angustiam:

486 4921 586 4975 per
624 4911 762 4977 quod
811 4924 1034 4981 possunt
1076 4917 1293 4988 intelligi
1334 4930 1697 4989 mercatores,
1740 4927 1831 4994 qui
1862 4928 2063 4984 nullam

489 4999 661 5053 vitant
686 5005 989 5073 angustiam
1019 5007 1072 5062 in
1103 5011 1431 5077 acquirenda
1465 5014 1713 5081 pecunia.

562 5111 579 5141 ε
616 5093 824 5150 Etenim
848 5119 864 5149 ι
886 5099 976 5153 isti
1000 5101 1135 5155 bene
1156 5113 1400 5172 possunt,
1431 5106 1555 5174 quia
1584 5126 1601 5157 ι
1632 5108 1802 5164 Assur
1826 5130 1843 5162 ι
1872 5110 1925 5165 id
1948 5120 2052 5180 est,

484 5182 714 5252 populus
743 5186 830 5240 ille
865 5206 884 5238 ι
923 5190 1067 5244 venit
1091 5207 1213 5245 cum
1247 5193 1370 5249 illis.
1411 5214 1429 5246 ›
1462 5196 1633 5252 Assur
1664 5200 2054 5271 interpretatur

483 5273 812 5341 deprimens,
833 5278 916 5331 vel
944 5279 1133 5343 elatus,
1162 5297 1258 5350 per
1279 5286 1419 5351 quod
1444 5287 1688 5343 diabolus
1713 5291 2051 5363 intelligitur,

483 5367 576 5434 qui
617 5368 870 5438 deprimit
914 5371 1103 5437 bonos,
1135 5384 1192 5429 et
1232 5392 1446 5445 semper
1484 5388 1705 5448 paratus
1745 5392 1829 5437 est
1870 5385 2053 5441 venire

484 5472 604 5510 cum
635 5460 755 5513 aliis
781 5462 845 5514 ad
868 5468 1297 5530 persecutionem
1321 5468 1571 5526 Ecclesiae
1598 5472 1711 5536 Dei,
1741 5486 1793 5527 et
1818 5475 1930 5544 ipse
1950 5478 2053 5531 sin-

485 5547 746 5616 gulariter
771 5563 947 5621 potest
974 5556 1077 5610 dici
1110 5559 1320 5613 elatus:
1353 5570 1408 5615 et
1442 5563 1609 5617 Assur
1638 5580 1759 5619 cum
1805 5570 2054 5623 omnibus

482 5638 603 5693 aliis
637 5660 654 5691 ι
687 5642 813 5697 facti
862 5656 986 5699 sunt
1024 5647 1075 5700 in
1114 5648 1436 5718 adjutorium
1488 5653 1611 5707 ﬁliis
1657 5654 1816 5710 Loth.
1872 5678 1889 5708 ι
1934 5658 2053 5714 Filii

482 5728 620 5785 Loth
653 5740 921 5802 persecuti
953 5751 1077 5795 sunt
1124 5744 1478 5800 historialiter
1504 5749 1758 5817 populum
1793 5752 1909 5818 Dei,
1959 5772 2054 5824 per

485 5834 620 5891 quos
669 5826 1038 5901 intelliguntur
1081 5835 1308 5904 pagani,
1337 5839 1426 5907 qui
1472 5852 1591 5894 sunt
1642 5841 1736 5897 ﬁlii
1784 5854 2051 5916 apostata:

2181 640 2318 697 bene
2349 642 2596 697 diabolus
2623 644 2976 713 signiﬁcatur.

2258 751 2277 784 ε
2313 734 2422 788 Fac
2444 734 2570 789 illis.
2612 754 2629 787 ι
2666 735 2800 790 Pars
2826 736 3086 790 secunda.
3125 736 3194 789 Et
3230 735 3367 790 sicut
3410 750 3508 804 per
3535 735 3744 805 populos

2181 834 2555 893 persecutores
2582 827 2763 895 populi
2790 827 3074 881 lsraelitici
3115 826 3439 898 significavit
3490 841 3740 895 persecuo

2184 924 2329 969 tores
2357 914 2632 978 Ecclesite,
2670 916 2742 969 ita
2773 931 2870 984 per
2904 915 3130 985 populos
3174 931 3202 968 a
3232 915 3428 984 populo
3457 915 3742 973 Israelitico

2184 1008 2514 1072 destruclos,
2548 1008 2868 1078 signiﬁcavit
2904 1008 3074 1062 malos
3104 1009 3157 1062 in
3203 1009 3438 1061 secundo
3477 1006 3685 1075 judicio
3716 1026 3742 1064 a

2192 1098 2410 1153 Christo
2433 1099 2788 1154 damnandos.
2822 1099 3171 1154 Continuatio
3201 1114 3215 1152 :
3247 1100 3333 1152 isti
3363 1100 3435 1153 ita
3465 1100 3743 1167 disponunt

2185 1192 2471 1245 adversum
2502 1192 2682 1256 te,sed
2711 1199 2788 1255 tu,
2808 1192 3051 1255 Domine,
3075 1209 3092 1241 ι
3125 1189 3209 1244 fac
3241 1189 3343 1243 illis
3368 1190 3512 1244 sicut
3539 1212 3557 1240 ι
3588 1190 3740 1244 fecisti

2178 1274 2211 1332 ⁷ο
2244 1280 2456 1335 Madian
2489 1302 2505 1333 ι
2537 1281 2734 1351 pepulo
2755 1280 3044 1350 illi,,quem
3067 1295 3164 1349 per
3182 1280 3437 1349 pepulum
3467 1278 3738 1334 Iudaicum

2187 1372 2522 1427 destrusisti.
2568 1372 2778 1427 Madian
2839 1373 3226 1442 interpretatur
3294 1372 3582 1427 declinans
3619 1372 3741 1440 judi-

2185 1463 2365 1528 cium,
2416 1478 2513 1533 per
2540 1461 2680 1533 quod
2722 1462 3093 1532 intelliguntur
3124 1461 3195 1515 illi
3238 1462 3328 1531 qui
3376 1471 3585 1531 negant
3620 1461 3739 1529 judi-

2185 1554 2332 1609 cium
2375 1554 2633 1619 futurum,
2670 1572 2689 1606 ‹
2729 1562 2785 1609 et
2814 1574 2831 1605 ι
2861 1554 3018 1609 sicuti
3066 1554 3240 1608 fecisti
3291 1572 3309 1604 ι
3352 1553 3576 1624 Sysara:
3607 1573 3624 1601 ι
3664 1556 3737 1623 qui

2186 1647 2577 1715 interpretatur
2598 1645 2840 1700 exclusio
2854 1645 3059 1716 gaudii,
3083 1660 3181 1714 per
3203 1643 3348 1713 quod
3379 1644 3738 1712 intelliguntur

2185 1735 2263 1789 illi
2312 1737 2402 1803 qui
2426 1746 2622 1805 negant
2654 1735 2869 1804 aliquod
2892 1736 3147 1804 gaudium
3170 1735 3412 1789 futurum
3441 1735 3606 1789 bonis
3641 1746 3738 1804 post

2184 1825 2323 1879 hanc
2350 1826 2515 1879 vitam
2542 1866 2556 1890 ,
2603 1836 2659 1880 et
2691 1846 2707 1877 ι
2743 1827 2882 1881 sicut
2919 1847 2934 1878 ι
2976 1826 3150 1881 fecisti
3184 1844 3202 1877 ‹
3233 1825 3405 1880 Labin
3435 1846 3453 1875 ι
3486 1828 3587 1895 qui
3616 1827 3738 1880 devi-

2181 1926 2301 1972 ctus
2322 1917 2420 1971 fuit
2450 1919 2505 1972 in
2548 1918 2638 1972 illo
2664 1919 2805 1984 loco,
2835 1919 3041 1975 scilicet
3086 1938 3107 1971 ε
3153 1921 3206 1973 in
3241 1927 3482 1974 torrente
3502 1920 3731 1991 Cyson.»

2181 2006 2350 2061 Labin
2392 2008 2781 2078 interpretatur
2812 2010 3026 2080 sapiens
3084 2011 3221 2076 sibi,
3252 2027 3352 2081 per
3381 2012 3527 2081 quod
3575 2012 3736 2066 intelli-

2181 2109 2381 2168 guntur
2405 2100 2707 2171 philosophi
2736 2111 2789 2157 et
2815 2102 2905 2156 alii
2946 2104 3216 2173 sapientes
3245 2104 3406 2171 lmjus
3428 2104 3736 2175 niundi.Cy-

2181 2205 2278 2245 son
2333 2191 2719 2261 interpretatur
2776 2194 3004 2260 duritia;
3059 2195 3329 2264 sapientes
3390 2211 3528 2250 vero
3603 2197 3733 2265 hujus

2180 2281 2364 2335 mundi
2401 2282 2752 2337 destruuutur
2801 2283 2857 2337 in
2899 2292 3141 2340 torrente
3175 2284 3378 2357 Cyson,
3439 2287 3493 2340 id
3546 2295 3643 2352 est,
3690 2287 3731 2339 in

2181 2371 2473 2425 abundanti
2511 2372 2709 2427 duritia
2738 2389 2854 2428 sua.

2259 2480 2271 2511 t
2299 2458 2670 2531 Di'sperierunt
2691 2484 2705 2515 ι
2726 2464 2816 2519 alii
2836 2482 2852 2515 ε
2875 2465 2927 2519 in
2941 2465 3146 2532 Endor,
3168 2485 3186 2518 ι
3210 2466 3417 2522 scilicet
3440 2467 3494 2521 in
3520 2466 3641 2522 loco
3662 2466 3731 2536 qui

2179 2553 2568 2623 interpretatur
2598 2554 2717 2610 fons
2747 2556 3133 2626 generationis,
3161 2576 3179 2606 σ
3210 2566 3264 2613 et
3294 2578 3313 2611 ι
3338 2558 3411 2612 illi
3441 2580 3457 2607 ‹
3478 2568 3612 2613 sunt
3632 2557 3732 2611 facti

2178 2654 2237 2698 ut
2263 2653 2473 2698 stercus
2511 2653 2685 2710 terrae,
2720 2665 2738 2698 ι
2776 2646 2828 2700 id
2858 2656 2963 2713 est,
2997 2647 3050 2701 in
3078 2649 3316 2716 peccatis
3348 2649 3583 2744 delapsi:
3611 2663 3732 2703 com-

2177 2743 2501 2804 putruerunt
2523 2736 2769 2791 interius.
2790 2735 2941 2793 Unde
2967 2738 3171 2792 dictum
3193 2748 3279 2793 est
3304 2735 3730 2809 computriierunt

2170 2826 2416 2895 jumenta
2458 2825 2511 2879 in
2540 2834 2779 2881 stercore
2812 2841 2929 2885 suo.
2956 2827 3114 2883 Velut
3148 2839 3361 2884 stercus
3397 2840 3585 2895 terrae,
3626 2831 3728 2899 quia

2177 2920 2317 2974 sicut
2340 2929 2548 2974 stercus
2580 2920 2879 2990 impinguat
2904 2929 3103 2974 terram
3133 2933 3188 2976 et
3229 2920 3566 2976 fructiﬁcare
3602 2921 3727 2984 facit,

2177 3010 2250 3063 ita
2291 3010 2379 3064 isti
2419 3009 2566 3075 mali,
2592 3009 2966 3080 persequendo
3004 3010 3340 3077 Ecclesium,
3382 3011 3595 3067 faciunt
3631 3025 3743 3077 eam,

2174 3101 2602 3173 impinguescere
2633 3103 2883 3168 interius,
2911 3112 2965 3158 et
2991 3104 3347 3161 fructiferam.

2252 3214 2269 3246 ι
2303 3195 2453 3249 Pone
2484 3213 2502 3246 ι
2534 3196 2720 3260 etiam,
2748 3195 3009 3263 Domine,
3045 3216 3063 3248 ι
3093 3197 3368 3267 principes
3388 3211 3577 3252 eorum
3609 3217 3627 3250 ι
3654 3195 3732 3265 qui

2097 3271 2145 3335 Β
2173 3296 2574 3357 persequuntur
2598 3288 2921 3355 Ecclesiam,
2959 3310 2977 3340 ι
3000 3291 3137 3345 sicut
3172 3311 3190 3343 ι
3216 3292 3563 3347 destruxistic
3585 3290 3728 3354 Oreb,

2174 3385 2231 3430 et
2270 3375 2380 3430 Zeb
2411 3376 2619 3443 Zebeae,
2647 3385 2701 3431 et
2729 3378 3002 3434 Salmana.
3047 3379 3189 3436 Oreb
3230 3383 3618 3451 interpretatur
3636 3382 3730 3435 sic-

2172 3467 2329 3531 citas,
2359 3483 2453 3537 per
2478 3471 2623 3539 quod
2652 3468 3002 3536 intelligimus
3041 3488 3134 3528 eos
3161 3474 3251 3543 qui
3282 3475 3413 3529 sicci
3460 3484 3579 3531 sunt
3612 3489 3726 3528 rore

2174 3559 2457 3628 Spirituali.
2493 3560 2620 3627 Zeb,
2666 3560 2844 3631 lupus,
2876 3578 2981 3633 per
3019 3564 3161 3633 quod
3200 3576 3446 3635 raptores
3496 3565 3732 3634 intelligi-

2173 3664 2312 3705 mus.
2365 3650 2574 3716 Zebeae,
2612 3653 2831 3708 victima
2882 3655 3012 3725 lupi,
3062 3672 3161 3727 per
3207 3658 3349 3728 quod
3399 3659 3735 3729 intelligimus

2171 3752 2265 3793 eos
2292 3755 2428 3809 quos
2468 3741 2714 3797 diabolus
2749 3743 2852 3797 sibi
2885 3744 3216 3815 incorporat.
3250 3746 3514 3813 Salmana,
3546 3750 3739 3802 umbra

2172 3834 2574 3900 commotionis,
2620 3850 2718 3904 per
2759 3836 2902 3906 quod
2950 3837 3310 3908 intelligimus
3350 3840 3626 3894 instabiles
3683 3842 3740 3895 in

2173 3921 2300 3987 ﬁde,
2334 3923 2427 3993 qui
2451 3924 2518 3978 ad
2542 3933 2749 3994 tempus
2790 3926 3036 3996 credunt,
3061 3939 3117 3984 et
3148 3929 3208 3985 in
3237 3939 3461 4001 tempore
3494 3929 3737 3984 tribula-

2173 4015 2336 4069 tionis
2366 4016 2644 4070 recedunt.

2242 4107 2309 4161 Et
2337 4116 2393 4161 ut
2415 4109 2795 4166 universaliter
2821 4113 3299 4182 comprehendam,
3329 4134 3348 4167 ι
3382 4130 3570 4170 omnes
3596 4115 3744 4185 priu—

2171 4198 2316 4268 cipes
2341 4212 2526 4252 eorum
2562 4217 2581 4251 ι
2615 4200 2823 4270 depone
2853 4220 2872 4253 ‹
2907 4203 2999 4273 qui
3029 4203 3285 4259 dixerunt
3316 4224 3333 4257 ι
3359 4220 3454 4261 ore
3473 4214 3529 4260 et
3556 4221 3739 4277 Opere,

2169 4291 2273 4342 hoc
2319 4288 2526 4343 scilicet
2567 4309 2583 4340 ‹
2612 4291 2988 4360 possideamus
3034 4296 3403 4350 sanctuarium
3450 4297 3576 4361 Dei,
3619 4318 3637 4350 ι
3690 4297 3738 4352 id

2168 4390 2267 4455 est,
2299 4382 2550 4453 populum
2573 4399 2601 4436 a
2627 4384 2735 4439 Deo
2761 4385 3174 4453 sanctiﬁcatum,
3209 4409 3228 4441 ο
3258 4390 3601 4456 haereditate,
3641 4411 3659 4444 ι
3686 4401 3738 4445 ut

2168 4486 2261 4524 eos
2288 4473 2487 4527 nostris
2509 4473 2773 4530 doctrinis
2809 4478 3139 4546 excolamus,
3173 4492 3225 4536 et
3260 4481 3511 4539 Christus
3538 4484 3737 4538 nullam

2169 4573 2374 4633 partem
2402 4566 2646 4621 obtineat
2675 4568 2729 4622 in
2762 4569 2864 4624 eis.

2242 4656 2385 4722 Illos,
2417 4671 2449 4712 o
2482 4677 2499 4708 ‹
2532 4658 2674 4713 Deus
2704 4674 2878 4726 meus,
2917 4677 3057 4731 pone
3100 4671 3158 4718 ut
3184 4673 3378 4733 rotam,
3411 4686 3429 4719 ι
3456 4665 3513 4721 id
3554 4679 3665 4733 est,
3695 4676 3748 4722 ut

2168 4746 2306 4801 sicut
2332 4757 2449 4801 rota
2481 4763 2696 4818 semper
2724 4751 2978 4821 volvitur,
3010 4764 3066 4809 et
3091 4757 3264 4828 surgit
3293 4773 3323 4811 a
3353 4760 3675 4828 posteriori,
3701 4768 3749 4813 et

2166 4826 2313 4893 Cadit
2342 4838 2393 4891 in
2424 4841 2718 4905 anteriora,
2748 4842 2828 4897 sic
2858 4843 2932 4898 illi
2966 4860 3181 4915 semper
3210 4848 3495 4904 volvantur
3520 4852 3579 4905 in
3616 4852 3750 4923 cogi-

2166 4931 2461 4985 tationibus
2494 4934 2911 5002 mundanorum,
2934 4946 2990 4992 et
3019 4950 3244 5011 surgant
3276 4957 3306 4995 a
3328 4946 3752 5013 posterioribus,

2164 5022 2216 5077 id
2246 5034 2347 5087 est,
2377 5039 2406 5077 a
2439 5027 2673 5079 terrenis
2729 5027 2871 5094 istis,
2897 5028 2949 5082 in
2988 5032 3185 5101 quibus
3216 5031 3517 5101 elevantur,
3569 5047 3631 5093 et
3665 5052 3755 5092 ca-

2161 5115 2293 5169 dant
2330 5115 2384 5169 in
2414 5117 2706 5181 anteriora,
2739 5118 2793 5171 id
2828 5129 2933 5184 est,
2962 5122 3030 5175 ad
3070 5123 3394 5191 spiritualia,
3436 5126 3669 5181 scilicet
3704 5136 3761 5183 ut

2160 5207 2398 5263 dimissis
2422 5208 2525 5263 illis
2551 5212 2773 5266 omnino
2796 5213 3067 5279 decidant,
3095 5217 3304 5271 scilicet
3327 5227 3549 5273 terrena
3579 5221 3758 5285 obliti,

2159 5304 2400 5360 ccelestia
2457 5308 2785 5363 desiderent.
2834 5310 2989 5366 Unde
3036 5313 3328 5383 Apostolus
3366 5333 3379 5367 :
3423 5313 3659 5372 Oblitus
3701 5333 3763 5372 ea

2158 5410 2277 5464 quae
2320 5407 2498 5461 retro,
2531 5401 2598 5454 ad
2629 5417 2691 5455 ea
2741 5418 2862 5471 qua:
2890 5405 3165 5460 anteriora
3212 5416 3337 5461 sunt
3371 5422 3454 5462 me
3507 5410 3764 5465 extendo

2167 5504 2184 5537 ο
2214 5496 2270 5541 et
2303 5509 2317 5537 ο
2356 5506 2492 5558 pone
2514 5507 2606 5546 eos
2637 5510 2655 5543 ι
2691 5492 2830 5548 sicut
2850 5495 3100 5565 stipulam
3128 5507 3255 5553 ante
3290 5499 3480 5554 faciem
3509 5505 3709 5567 venti,
3745 5522 3762 5552 ι

2163 5588 2219 5631 ut
2270 5580 2408 5633 sicut
2446 5582 2637 5650 stipula
2668 5599 2774 5638 non
2820 5587 3022 5641 resistit
3063 5597 3242 5651 vento,
3284 5590 3495 5644 scilicet
3543 5593 3639 5648 sic
3680 5594 3770 5646 isti

2163 5670 2551 5743 tentationibus
2581 5690 2686 5727 non
2732 5664 3199 5733 resistunt.lHanc
3239 5679 3454 5747 quidem
3488 5685 3771 5755 praecipi-

2161 5760 2417 5814 tationem
2451 5762 2714 5817 tmlorum
2754 5765 2884 5821 facit
2920 5770 3058 5824 Deus
3097 5771 3149 5824 in
3176 5772 3275 5826 hac
3307 5761 3433 5825 vita.

2234 5871 2251 5904 ί
2274 5850 2426 5907 Sicut
2453 5851 2612 5924 ignis.
2640 5875 2659 5909 ι
2701 5856 2760 5912 1η
2788 5857 2892 5914 hac
2931 5860 3038 5918 vita
3064 5862 3141 5918 ita
3185 5861 3352 5920 facies
3380 5861 3518 5930 eius,
3561 5865 3633 5924 in
3666 5869 3781 5927 alia
