3940 6452
216 381 317 439 ιει

1372 355 1808 418 EXPLANATIO
1839 353 1908 412 IN
1945 351 2282 411 PSALMOS.

3348 347 3456 405 482

219 509 399 557 autem
426 493 708 552 combures
742 504 834 544 eos
861 487 982 559 igne
1007 483 1260 555 puniente
1292 498 1304 533 :
1336 488 1389 534 et
1417 481 1520 533 hoc
1542 484 1623 532 εει
1641 517 1655 540 ,
1681 475 1783 529 sic-
1813 478 1861 538 Α
1887 478 2038 542 parte
2056 510 2070 533 ,
2098 469 2397 522 ostenditur
2425 465 2566 536 quod
2587 462 2847 529 Ecclesia,
2869 462 2995 519 licet
3028 461 3323 517 innumeris
3367 465 3460 517 tri-

219 600 280 646 ut
303 588 441 660 ignis
466 604 485 636 ι
507 584 597 654 qui
632 581 898 638 comburit
921 577 1105 631 silvam
1131 613 1146 638 ,
1170 581 1225 625 et
1245 572 1383 625 sicut
1402 570 1616 623 ﬂamma
1639 581 1788 621 com-

218 657 423 738 burens
467 684 695 731 montes.
735 693 754 725 ι
796 670 956 725 Silva:
1005 667 1141 721 bene
1186 670 1466 733 comparat
1503 676 1619 725 eos,
1663 657 1788 728 quia

219 772 322 843 ipsi
356 777 481 824 sunt
528 767 803 821 silvestres
850 771 904 816 et
946 757 1131 814 inculti
1173 756 1291 825 lege
1346 753 1441 808 Dei
1474 769 1488 805 ς
1520 749 1789 805 montibus

218 870 498 932 comparat
534 866 754 929 propter
781 854 1089 910 elationem.

298 969 318 1001 ι
353 950 447 1004 Ita.
479 968 498 1000 ι
529 946 680 1002 Sicut
707 945 845 1015 ignis
865 943 1076 1003 silvam,
1109 960 1127 992 ι
1160 940 1233 993 ita
1264 958 1282 991 ι
1312 947 1369 992 ιιι
1399 954 1418 988 ι
1451 931 1792 1006 persequeris

220 1057 335 1105 eos,
379 1059 398 1094 ι
431 1039 584 1110 quasi
610 1039 932 1106 impotentes
957 1050 1019 1089 se
1042 1045 1304 1088 excusare
1335 1048 1354 1079 ι
1384 1030 1435 1082 in
1466 1032 1792 1095 tempestate

222 1140 338 1195 tua,
377 1148 395 1182 ι
430 1129 483 1183 id
512 1136 618 1193 εει,
648 1128 701 1180 in
722 1124 943 1194 judicio,
972 1124 1115 1195 quod
1138 1124 1213 1175 ita
1239 1120 1417 1175 subito
1431 1119 1611 1173 veniet
1638 1114 1791 1186 quasi

222 1229 537 1293 tempestas,
565 1228 620 1273 ct
645 1218 917 1287 separabit
938 1230 1105 1286 grana
1145 1229 1178 1267 a
1214 1212 1400 1282 paleis,
1435 1217 1491 1264 et
1517 1208 1638 1263 dico
1662 1220 1789 1277 per-

222 1312 487 1383 sequeris,
510 1319 564 1364 et
588 1306 1011 1378 comprehendes
1029 1303 1446 1372 comprehensos
1463 1340 1477 1365 ,
1508 1316 1527 1350 ι
1551 1295 1793 1352 turbabis

222 1420 318 1460 eos
343 1405 398 1458 in
443 1404 522 1456 ira
569 1409 677 1463 tua,
718 1417 737 1451 ι
772 1398 1064 1453 ostendens
1091 1396 1170 1450 eis
1214 1402 1267 1449 te
1305 1394 1525 1457 iratum,
1573 1404 1792 1461 poenam

223 1503 481 1551 teteruam
513 1487 813 1544 inferendo.

295 1585 456 1640 Petiit
484 1582 884 1637 damnationem
915 1578 1199 1641 malorum,
1225 1576 1386 1630 modo
1405 1575 1539 1644 petit
1560 1586 1791 1628 conver-

225 1676 431 1731 sionem
459 1671 837 1729 salvandorum
857 1709 872 1733 ,
900 1668 1054 1737 quasi
1094 1667 1299 1721 diceret
1329 1682 1342 1717 :
1376 1663 1629 1719 Nolentes
1665 1676 1795 1716 con-

222 1766 360 1822 verti
389 1766 462 1819 ita
493 1747 706 1834 puni'es,
729 1761 824 1816 sed
858 1779 876 1811 ‹
903 1758 1070 1814 facies
1096 1773 1307 1823 eorum,
1339 1777 1357 1808 ι
1384 1763 1790 1826 persecuturum

1891 557 2257 613 hulationihus
2280 566 2612 620 conteratun,
2645 563 2823 611 tamen
2853 552 2920 607 ad
2947 552 3221 607 caelestem
3266 550 3461 607 Hiem-

1890 651 2055 707 salem
2094 650 2375 720 pervenire
2397 648 2689 703 desiderat.
2740 645 2799 699 In
2851 646 3081 699 secunda
3125 652 3298 712 parte,
3342 659 3462 713 quae

1890 741 2123 809 incipit:
2178 738 2376 793 Beatus
2430 740 2513 793 vir
2565 737 2715 807 cujus
2766 744 2870 801 est,
2908 735 3145 790 ostendit
3201 736 3459 789 auxilium

1889 834 2032 904 quod
2068 834 2208 887 Deus
2238 831 2366 885 facit
2400 831 2531 894 suis,
2562 838 2617 885 ct
2639 846 2802 901 quam
2855 828 2988 883 utile
3024 828 3094 882 sit
3127 827 3256 882 illud
3305 828 3461 882 auxi-

1889 923 2040 978 lium.
2071 922 2129 978 ln
2172 922 2328 977 tertia
2357 929 2532 991 parte,
2557 936 2677 991 quae
2706 921 2894 990 incipit
2927 934 2942 973 :
2976 918 3239 985 Quoniam
3269 919 3463 974 melior

1890 1026 1993 1082 est,
2020 1014 2252 1071 ostendit
2285 1013 2426 1082 quod
2451 1013 2601 1067 malit
2626 1028 2745 1068 esse
2790 1012 3028 1081 ahjectus
3066 1013 3118 1066 in
3170 1012 3331 1068 domo
3364 1012 3463 1071 Dei

1891 1124 2050 1178 quam
2073 1113 2418 1178 peccatorum
2444 1104 2720 1159 abundare
2742 1103 2965 1167 divitiis,
2994 1111 3052 1156 ut
3081 1118 3179 1173 per
3201 1103 3465 1157 auxilium

1891 1204 2033 1273 quod
2072 1202 2174 1257 sibi
2201 1201 2382 1271 posuit
2414 1199 2465 1253 in
2490 1198 2722 1254 secunda
2750 1207 2921 1267 parte,
2966 1198 3139 1267 possit
3183 1197 3468 1266 pervenire

1891 1294 1958 1348 ad
1980 1292 2326 1355 desiderium,
2360 1289 2503 1359 quod
2545 1287 2824 1359 proposuit
2864 1286 2919 1339 in
2960 1287 3132 1354 prima
3177 1295 3347 1356 parte.
3379 1285 3468 1339 ln-

1892 1384 2060 1438 tentio
2114 1390 2197 1436 est
2233 1381 2524 1434 admonere
2570 1392 2690 1442 nos,
2729 1384 2789 1431 ut
2833 1390 3046 1444 semper
3101 1376 3467 1431 desideremus

1891 1472 2037 1527 illam
2063 1470 2336 1525 cmlestem
2376 1465 2731 1522 Hierusalem.

1961 1562 2029 1615 Et
2065 1559 2352 1615 ostendens
2383 1557 2470 1611 ille
2495 1557 2585 1625 qui
2611 1555 2869 1626 loquitur,
2907 1552 3161 1608 allectum
3187 1552 3464 1620 Ecclesiae,

1892 1652 2053 1707 dicit:
2074 1649 2158 1705 04'
2190 1649 2414 1704 Domine
2433 1647 2716 1703 virtutum!
2751 1666 2769 1699 ι
2798 1646 2850 1701 id
2874 1654 2974 1709 εει,
2995 1645 3292 1700 caelestium
3311 1659 3474 1716 ange-

1891 1741 2088 1806 lorum,
2121 1759 2138 1792 ι
2172 1738 2518 1796 tabernacula
2554 1746 2647 1792 tua
2684 1757 2703 1787 )
2742 1738 2795 1791 id
2822 1744 2925 1801 est,
2953 1736 3042 1790 illa
3092 1750 3327 1804 superna
3367 1737 3468 1789 ha-

226 1860 456 1923 ερίιίεει,
484 1826 575 1925 [lui
603 1853 817 1925 pmvisi
848 1851 1062 1907 sumad
1086 1849 1336 1913 saIuiem,
1373 1865 1391 1898 ι
1426 1845 1590 1915 imple
1633 1845 1789 1914 igno-
1819 1827 1867 1888 B
1892 1834 2083 1889 bitatio
2141 1843 2252 1895 tua,
2304 1838 2430 1885 sunt
2480 1828 2693 1893 dilecta,
2747 1827 2797 1881 id
2848 1836 2969 1891 est,
3026 1826 3329 1880 desiderata
3357 1865 3373 1889 ,
3414 1831 3471 1879 et

226 1950 395 2006 minia
427 1968 446 2001 ι
483 1947 533 2001 id
559 1954 660 2010 est,
687 1953 746 1998 ut
769 1942 1091 1998 erubescant
1116 1940 1182 1994 de
1208 1937 1446 2008 peccatis
1474 1936 1603 1998 suis,
1638 1952 1656 1985 ι
1689 1941 1745 1988 ει
1770 1953 1788 1986 ι

229 2042 329 2106 sic,
348 2048 408 2094 ut
423 2056 443 2090 ι
470 2042 710 2108 quaerent
724 2048 916 2088 nomen
942 2040 1091 2085 tuum
1113 2048 1131 2082 ι
1162 2028 1390 2093 scilicet,
1413 2035 1475 2080 ιιι
1496 2022 1796 2079 ﬁantChri—

229 2131 416 2187 stiani.

299 2219 402 2286 Qui
424 2226 599 2272 autem
622 2214 877 2271 obstinati
909 2220 1033 2268 sunt
1051 2218 1106 2267 et
1126 2208 1317 2266 nolunt
1336 2209 1426 2264 hic
1449 2208 1792 2273 erubescere,

228 2310 281 2365 in
327 2308 431 2362 alia
460 2308 572 2361 vita
616 2324 634 2356 ι
666 2305 989 2359 erubescant
1024 2321 1043 2353 ι
1089 2301 1155 2355 de
1197 2296 1619 2369 turpitudinibus
1655 2296 1790 2360 suis,

237 2421 256 2452 ι
293 2407 348 2454 ει
378 2397 768 2452 contui-bentur
811 2412 827 2445 ι
869 2393 934 2447 de
959 2390 1154 2462 poenis,
1186 2387 1460 2443 duraturis
1491 2404 1510 2437 ‹
1542 2386 1595 2439 in
1625 2399 1796 2439 saecu-

229 2490 339 2544 lum
356 2486 535 2542 saeculi
553 2503 567 2539 :
585 2494 639 2539 et
659 2481 1055 2539 confundantur
1072 2499 1090 2532 ι
1113 2478 1288 2533 anima
1310 2484 1631 2547 etporpore:
1654 2490 1674 2524 ι
1693 2480 1749 2526 ει
1774 2490 1793 2523 ι

232 2580 322 2634 illa
346 2576 598 2633 confusio
622 2590 728 2629 non
758 2574 831 2629 sit
849 2570 1188 2642 reparabilis,
1211 2569 1305 2624 sed
1325 2587 1343 2621 ι
1360 2581 1587 2637 pereant
1605 2584 1624 2617 ι
1644 2572 1800 2620 teter-

233 2671 317 2725 nis
345 2666 649 2724 tormentis.

305 2781 326 2813 ‹
369 2761 437 2817 Ει
477 2779 494 2812 ι
528 2768 656 2814 ιιιηε
701 2757 897 2813 saltem
927 2774 946 2807 ι
973 2758 1320 2823 cognoscant,
1350 2749 1477 2819 quia
1501 2747 1597 2802 tibi
1630 2766 1648 2799 ι
1674 2761 1801 2802 con-

230 2855 380 2910 venit
402 2855 506 2909 boc
534 2872 552 2903 ‹
591 2867 789 2906 nomen
814 2847 1071 2904 Dominus
1102 2866 1121 2898 ι
1158 2853 1212 2899 ει
1237 2843 1328 2913 qui
1361 2842 1414 2896 in
1444 2842 1546 2895 hac
1570 2840 1679 2893 vita
1705 2854 1802 2909 pu-

232 2947 422 3001 tabant
457 2960 517 3000 se
563 2943 699 2998 altos
743 2951 798 2997 et
827 2948 1076 3011 potentes
1097 2978 1111 3003 ,
1153 2945 1282 2991 tunc
1316 2940 1641 3006 cognoscant
1676 2931 1801 3001 quia

242 3056 260 3087 ι
299 3045 355 3091 ιιι
385 3036 529 3091 εοΙιιε
560 3034 869 3090 Altissimus
907 3032 961 3086 in
999 3030 1146 3086 omni
1178 3038 1345 3091 terra,
1384 3047 1404 3080 ›
1434 3027 1489 3083 id
1509 3035 1611 3091 est,
1641 3039 1803 3094 super

235 3145 424 3185 omnes
469 3137 734 3192 terrenos,
769 3126 896 3195 quia
928 3125 1069 3179 sicut
1098 3130 1289 3193 potens
1316 3134 1379 3175 es
1400 3118 1453 3173 in
1489 3129 1801 3179 remunera-

235 3219 383 3274 tione
411 3218 694 3283 bonorum,
736 3216 810 3271 ita
832 3217 887 3269 in
915 3212 1259 3269 damnatione
1282 3208 1566 3265 malorum.

659 3346 728 3401 IN
750 3343 1082 3400 PSALMUM
1104 3340 1380 3395 LXXXII].

239 3460 477 3517 Tn'ULus
532 3477 546 3512 :
592 3457 661 3512 1η
683 3458 871 3524 ﬁnem,
922 3471 1016 3524 pro
1084 3449 1431 3506 torcularibus

888 3544 1143 3616 psalmus.

1508 3449 1633 3518 ﬁliis
1678 3447 1812 3504 Core

320 3676 339 3708 ι
381 3657 549 3725 Quam
596 3656 812 3711 dilecta.
867 3673 886 3705 ι
932 3653 1181 3708 Psalmus
1240 3652 1343 3707 iste
1372 3651 1644 3715 convenit
1689 3650 1813 3705 ﬁliis

244 3753 401 3812 Core.
436 3752 489 3805 id
532 3759 635 3815 est,
675 3749 800 3803 ﬁliis
840 3749 1039 3812 crucis,
1074 3745 1439 3800 imitatoribus
1464 3742 1683 3805 Christi,
1724 3743 1813 3812 qui

242 3843 333 3897 hic
353 3842 605 3911 loquitur.
659 3840 874 3895 habitus
930 3854 1030 3908 pro
1087 3837 1465 3897 torcularibus,
1509 3837 1562 3891 id
1586 3844 1688 3900 est,
1717 3851 1815 3906 pro

242 3936 519 3999 Ecclesiis,
548 3949 666 4004 qua:
705 3932 1062 3987 torcularibus
1094 3938 1498 3999 comparantur;
1529 3930 1654 3999 quia
1678 3930 1816 3984 sicut

242 4027 296 4081 in
350 4025 602 4079 torculari
640 4022 982 4093 cognoscitur
1016 4021 1144 4089 quid
1172 4020 1243 4073 sit
1270 4019 1453 4073 vinum
1483 4026 1534 4073 ει
1570 4018 1697 4087 quid
1745 4018 1817 4072 sit

242 4118 446 4180 acinus,
475 4116 554 4170 sic
582 4131 678 4185 per
698 4128 979 4184 pressuras
1004 4113 1056 4165 in
1087 4110 1327 4165 Ecclesia
1358 4111 1702 4179 cognoscitur
1723 4110 1815 4179 qui

243 4206 353 4260 sint
380 4204 531 4269 boni,
581 4211 635 4257 et
685 4204 776 4272 qui
825 4202 951 4255 mali
982 4220 994 4254 :
1029 4216 1124 4270 pro
1185 4200 1424 4254 Ecclesia
1469 4201 1557 4254 hic
1619 4201 1818 4255 dicitur

243 4313 425 4369 agere,
454 4297 579 4367 quia
613 4295 848 4351 ostendit
878 4294 966 4350 hic
994 4307 1242 4363 magnam
1295 4293 1609 4365 dignitatem
1650 4294 1819 4362 ipsius

243 4386 518 4450 Ecclesite,
557 4386 767 4441 scilicet
795 4383 939 4455 quod
984 4398 1205 4453 semper.
1241 4382 1377 4453 petit
1428 4385 1691 4439 caelestia.
1722 4383 1819 4440 Vel

246 4494 530 4549 possumus
576 4479 758 4533 dicere
798 4478 943 4547 quod
990 4492 1098 4531 non
1137 4476 1209 4531 sit
1240 4491 1351 4530 vox
1380 4475 1615 4530 ﬁliorum
1655 4475 1814 4543 Core,

244 4571 341 4628 sed
393 4569 697 4640 PrOphetw,
733 4569 815 4624 vel
848 4567 1073 4636 alicujus
1102 4566 1327 4636 perfecti
1370 4584 1382 4620 :
1426 4567 1525 4629 sic,
1580 4568 1819 4636 psalmus

246 4663 352 4718 iste
392 4662 723 4731 praeponitur
768 4660 895 4715 ﬁliis
923 4659 1060 4713 Core
1088 4658 1394 4721 incitandis,
1428 4657 1654 4721 scilicet,
1686 4660 1820 4713 sim-

249 4753 560 4824 plicioribus
584 4752 907 4806 Christianis
940 4769 952 4804 :
988 4766 1152 4821 agens
1194 4764 1293 4818 pro
1338 4750 1712 4813 torcularibus,
1769 4752 1824 4807 id

245 4855 355 4910 est,
380 4846 445 4900 de
469 4843 745 4909 Ecclesiis,
770 4851 830 4896 ut
851 4853 1067 4897 ostensa
1100 4839 1361 4910 dignitate
1385 4840 1659 4905 Ecclesiae,
1686 4841 1825 4897 ﬁlios

248 4938 392 4993 Core
427 4944 612 4992 monet
657 4936 725 4990 ad
772 4936 1015 4991 eamdem
1051 4933 1365 5004 dignitatem
1391 4949 1705 5004 properare,
1737 4934 1823 4989 di-

248 5030 435 5098 rigens
464 5028 517 5081 in
552 5026 734 5081 ﬁnem.
762 5025 860 5081 Vel
899 5026 976 5080 ita
1003 5041 1016 5077 :
1042 5023 1288 5078 Psalmus
1313 5024 1416 5078 iste
1440 5024 1552 5094 agit
1588 5038 1686 5093 pro
1715 5032 1827 5078 tor-

250 5119 551 5182 cularibus,
580 5118 633 5172 id
656 5126 759 5183 est,
792 5132 887 5189 pro
912 5114 1184 5186 pressuris
1211 5112 1652 5171 commendandis
1679 5133 1693 5168 :
1726 5113 1828 5169 tri-

249 5210 560 5266 bulationes
597 5216 755 5263 vocat
784 5208 1090 5273 toreularia,
1129 5207 1254 5277 quia
1276 5206 1416 5262 sicut
1468 5206 1705 5261 torcular
1744 5222 1829 5262 se-

250 5307 413 5371 parat
441 5306 496 5353 et
520 5298 775 5367 exprimit
799 5298 982 5351 vinum
1006 5297 1071 5351 ab
1096 5296 1305 5370 ‘acinis,
1335 5296 1410 5349 ita
1454 5294 1832 5351 tribulationes

255 5390 421 5459 hujus
453 5390 575 5444 vita:
604 5389 917 5443 discernunt
968 5388 1136 5441 bonos
1174 5402 1205 5439 a
1251 5386 1429 5449 malis,
1471 5386 1831 5441 torcularibus

257 5483 382 5539 dico
412 5481 712 5537 valentibus
758 5480 812 5533 in
868 5477 1047 5531 ﬁnem.
1075 5476 1229 5531 Unde
1249 5476 1447 5529 dicitur
1477 5493 1490 5528 :
1517 5475 1710 5529 Beatus
1746 5474 1831 5529 vir

258 5576 357 5649 qui
410 5574 598 5632 sull‘ert
650 5573 1021 5633 tentationem,
1082 5568 1339 5638 quoniam
1404 5584 1525 5623 cum
1574 5569 1831 5639 probatus

260 5668 445 5733 fuerit,
469 5667 697 5737 accipiet
724 5679 979 5721 coronam
1001 5662 1145 5716 vitae.
1182 5661 1401 5717 Materia
1431 5669 1516 5716 est
1562 5660 1828 5726 Ecclesia,

264 5759 321 5814 in
352 5758 620 5830 pressuris
662 5758 820 5829 hujus
875 5757 995 5811 vitae
1032 5752 1225 5824 posita.
1278 5752 1466 5808 Modus
1507 5769 1518 5805 :
1552 5750 1609 5806 In
1654 5751 1829 5820 prima

1904 1944 1922 1977 ι
1963 1940 2124 1996 quam
2172 1923 2389 1987 dilecta,
2425 1940 2445 1973 ι
2478 1919 2689 1974 inﬁnite
2732 1918 2957 1972 scilicet.
2994 1916 3141 1971 Illam
3178 1929 3470 1987 supernam

1894 2015 2282 2071 habitationem
2334 2018 2490 2066 vocat
2532 2009 2960 2073 tabernaculum,
3018 2018 3239 2078 propter
3296 2008 3470 2063 solam

1895 2106 2299 2169 habitationem,
2332 2104 2458 2173 quia
2504 2102 2643 2156 sicut
2684 2100 2739 2154 in
2780 2098 3145 2154 tabernaculis
3171 2098 3469 2166 habitatur,

1898 2198 2059 2253 sicin
2101 2196 2188 2250 illa
2211 2210 2443 2264 superna
2489 2192 2847 2247 Hierusalem.
2888 2190 3024 2246 Cum
3067 2190 3197 2245 dicit
3244 2190 3471 2246 Domine

1897 2288 2178 2351 virtutum,
2228 2284 2404 2339 innuit
2433 2298 2557 2337 eum
2592 2281 2791 2336 multas
2813 2282 3041 2335 virtutes
3069 2281 3182 2336 suis
3208 2280 3476 2346 conferre,

1899 2385 1954 2432 et
1978 2376 2102 2430 ideo
2146 2392 2165 2425 ι
2204 2375 2384 2428 anima
2419 2388 2541 2428 mea
2588 2392 2606 2425 ι
2649 2372 2774 2427 Ιίεει
2808 2371 2991 2426 multis
3039 2370 3481 2427 tribulationibus

1897 2479 2153 2536 oppressa
2204 2483 2223 2516 ι
2278 2462 2608 2534 concupiscit
2659 2482 2676 2513 ι
2738 2463 2940 2516 intrare
2994 2480 3013 2512 ι
3071 2461 3127 2515 in
3176 2462 3315 2515 atria
3371 2463 3477 2516 Do-

1898 2555 2051 2618 mini,
2114 2573 2132 2605 »
2182 2553 2236 2609 id
2297 2561 2399 2619 est,
2451 2554 2506 2606 in
2564 2568 2852 2622 supernam
2908 2551 3243 2606 Hierusalem
3304 2566 3469 2619 quam

1900 2645 2039 2699 atria
2069 2643 2312 2698 nominat
2339 2650 2560 2713 propter
2588 2641 3018 2711 amplitudinem,
3068 2659 3086 2692 ι
3122 2650 3176 2695 ει
3211 2660 3230 2693 ι
3269 2656 3473 2697 εοηειι-

1904 2733 2163 2805 piscendo
2193 2753 2212 2785 ι
2244 2731 2444 2798 deﬁcit,
2478 2752 2496 2786 ι
2531 2732 2584 2787 id
2610 2741 2712 2797 est,
2741 2733 2810 2787 ab
2846 2733 3099 2788 omnibus
3151 2735 3380 2789 terrenis
3425 2749 3485 2790 se

1903 2826 2158 2891 abstinet,
2212 2824 2357 2895 quod
2387 2825 2550 2879 etiam
2588 2825 2642 2879 in
2671 2840 2895 2894 corpore
2939 2825 3173 2880 deﬁciat.
3231 2826 3381 2881 Unde
3426 2828 3480 2882 in

1902 2918 2144 2977 Canticis
2173 2934 2187 2970 :
2235 2936 2254 2969 ι
2288 2918 2489 2972 Amore
2518 2916 2747 2988 langueo
2774 2914 2950 2988 (Cant.
2976 2917 3061 2989 ιι).
3098 2936 3116 2969 ι
3154 2915 3253 2972 Vel
3281 2918 3481 2984 deﬁcit,

1903 3016 2028 3086 quia
2051 3021 2530 3086 quantumcunque
2560 3014 2931 3084 concupiscat,
2958 3021 3138 3066 tamen
3168 3026 3275 3065 non
3309 3020 3487 3081 potest

1905 3104 2363 3178 comprehendere
2386 3105 2639 3177 gaudium
2669 3104 2815 3159 illius
2863 3102 3119 3157 civitatis.
3151 3101 3249 3156 Vel
3276 3116 3373 3171 per
3408 3110 3488 3155 ta-

1831 3178 1877 3242 C
1906 3199 2193 3256 beruacula
2228 3212 2513 3271 possumus
2540 3196 2785 3266 accipere
2806 3202 3130 3266 praesentem
3160 3193 3484 3259 Ecclesiam,

1908 3301 1969 3347 ut
2011 3292 2090 3347 sic
2125 3290 2369 3345 dicamus
2410 3289 2786 3355 tabernacula,
2826 3288 2881 3343 id
2928 3295 3010 3344 est
3040 3300 3285 3357 praesens
3314 3287 3491 3343 Eccle-

1909 3383 2011 3447 sia,
2042 3382 2096 3436 in
2138 3396 2244 3449 qua
2267 3381 2333 3435 ad
2374 3388 2584 3451 tempus
2609 3379 2705 3433 tibi
2748 3378 3080 3443 militamus;
3112 3391 3272 3446 quam
3295 3377 3489 3433 dilecta

1910 3480 2057 3538 sunt,
2085 3472 2137 3527 id
2165 3478 2250 3527 est
2279 3486 2477 3539 ,quam
2527 3470 2817 3539 gloriosum
2866 3476 2921 3523 et
2974 3483 3136 3538 quam
3181 3465 3483 3534 jucundum

1913 3571 1996 3618 est
2044 3570 2190 3617 stare
2232 3570 2289 3616 et
2333 3560 2567 3614 militare
2597 3560 2691 3613 tibi
2718 3559 2775 3613 in
2822 3558 3033 3613 castris.
3063 3557 3214 3613 Unde
3248 3558 3479 3627 Aposto-

1913 3658 1999 3711 lus
2048 3673 2062 3706 :
2105 3655 2221 3710 Non
2270 3661 2477 3707 tantum
2523 3652 2815 3722 gloriamur
2843 3651 2898 3704 in
2946 3664 3059 3718 spe,
3095 3648 3191 3703 sed
3226 3650 3389 3703 etiam
3436 3649 3493 3703 in

1918 3744 2349 3800 tribulationibus
2408 3739 2579 3812 (Rom.
2634 3741 2709 3810 v).
2768 3739 2835 3793 Et
2896 3738 3148 3792 Salomon
3189 3738 3358 3802 :Fili,
3406 3753 3497 3792 ac-

1917 3837 2112 3892 cedens
2160 3835 2225 3887 ad
2288 3826 2603 3886 servitdtem
2635 3829 2749 3893 Dei,
2780 3841 3021 3897 praepara
3069 3827 3302 3880 animam
3341 3833 3487 3880 tuam

1918 3927 1985 3981 ad
2029 3924 2379 3979 tentatioan
2409 3920 2583 3993 (Eccl.
2607 3919 2691 3986 ιι).
2739 3918 2805 3973 Et
2831 3920 2954 3989 quia
2995 3919 3067 3972 ita
3095 3915 3330 3985 jucunda
3373 3924 3499 3972 sunt

1920 4028 2008 4073 tua
2033 4015 2400 4077 tabernacula,
2430 4014 2549 4068 ideo
2577 4011 2739 4082 diligo
2764 4010 2998 4064 militare
3027 4010 3080 4063 in
3111 4008 3233 4073 illis,
3263 4009 3387 4078 quia
3411 4023 3498 4063 se-

1918 4124 2081 4163 curus
2127 4121 2267 4169 sum,
2321 4104 2463 4174 quod
2502 4116 2599 4174 per
2623 4102 2765 4157 hanc
2798 4101 3047 4156 militiam
3074 4100 3387 4171 perveniam
3429 4099 3496 4154 ad

1919 4200 2064 4255 illam
2091 4199 2367 4254 cmlestem
2401 4195 2790 4251 habitationem
2816 4211 2830 4247 :
2858 4201 2914 4249 et
2940 4193 3043 4248 hoc
3073 4192 3410 4263 concupiscit
3444 4200 3497 4247 et

1921 4291 2121 4354 deﬁcit,
2148 4298 2209 4343 ut
2232 4303 2416 4358 supra.

1920 4414 1935 4423 ν
2000 4399 2017 4430 ι
2040 4379 2149 4435 Cor
2160 4394 2339 4434 meum
2362 4375 2716 4447 concupiscit,
2739 4394 2757 4427 ι
2774 4375 2952 4430 ethoc
2973 4388 3093 4428 cum
3119 4370 3496 4436 exsultatione,

1921 4478 1976 4526 et
2006 4471 2109 4527 hoc
2130 4476 2235 4534 est,
2269 4488 2287 4518 ‹
2322 4483 2415 4522 cor
2445 4482 2623 4521 meum
2661 4486 2681 4519 ι
2715 4467 2766 4520 id
2795 4474 2895 4531 est,
2923 4465 3185 4519 secretior
3212 4478 3340 4534 pars
3368 4462 3498 4528 mei,

1923 4559 2148 4623 scilicet,
2171 4558 2350 4612 anima
2392 4571 2509 4610 mea
2565 4556 2748 4610 multis
2803 4555 3236 4610 tribulationibus
3283 4551 3498 4619 aﬂlicta,

1930 4670 1948 4703 ι
1982 4658 2038 4705 ει
2071 4670 2090 4703 ι
2122 4650 2288 4705 etiam
2324 4667 2342 4699 ι
2371 4663 2500 4702 caro
2534 4662 2651 4702 mea
2688 4667 2708 4700 ι
2741 4646 2854 4715 jam
2890 4648 3086 4702 rationi
3132 4646 3499 4712 subserviens,

1923 4738 2395 4810 multiplicioribus
2422 4738 2578 4792 malis
2591 4737 2807 4792 amicta.
2828 4737 2982 4794 Unde
2996 4738 3122 4792 alibi
3138 4735 3311 4807 (Psal.
3326 4739 3460 4805 ωιιι)
3483 4754 3498 4792 :

1928 4832 2109 4890 Sitivit
2156 4833 2214 4887 in
2264 4841 2315 4886 le
2361 4831 2540 4885 anima
2603 4847 2746 4896 mea,
2785 4847 2946 4901 quam
2984 4831 3353 4901 multipliciter
3404 4828 3500 4884 tibi

1928 4940 2055 4980 caro
2074 4938 2212 4978 mea.
2244 4942 2261 4974 ‹
2290 4921 2726 4977 Exsultavertint.
2756 4942 2773 4973 ι
2802 4923 2852 4977 id
2875 4931 2977 4987 est,
2996 4938 3117 4977 cum
3140 4920 3503 4976 ex5ultatione

1928 5016 2301 5072 sustinuerunt
2325 5014 2697 5069 tribulationes
2724 5015 2885 5084 hujus
2908 5014 3048 5076 vitae,
3069 5013 3351 5067 tendentes
3381 5028 3399 5061 ι
3446 5010 3501 5063 in

1929 5108 2099 5162 Deum
2140 5126 2159 5158 ι
2190 5114 2252 5159 ιιι
2272 5121 2395 5160 ειιιιι
2414 5106 2694 5160 obtineant
2720 5123 2739 5157 ι
2774 5106 2955 5159 vivum
2987 5121 3008 5156 ι
3042 5103 3133 5172 qui
3162 5101 3342 5156 vivere
3374 5098 3504 5155 facit

1932 5200 2217 5255 tendentes
2268 5201 2335 5255 ad
2392 5199 2549 5255 sein
2578 5200 2688 5253 vita
2715 5206 2937 5253 aeterna.

2001 5292 2212 5347 Etenim
2244 5306 2339 5346 cor
2366 5306 2544 5345 meum
2565 5288 2875 5351 exsultavit,
2904 5286 2955 5341 id
2978 5293 3081 5351 est,
3109 5284 3287 5339 anima
3310 5297 3429 5337 mea
3450 5285 3510 5338 et

1934 5399 2060 5439 caro
2090 5398 2238 5447 mea,
2273 5401 2290 5434 ι
2331 5383 2527 5437 etenim
2586 5395 2791 5450 passer,
2836 5395 2854 5428 ›
2898 5377 2949 5431 id
2977 5386 3081 5442 est,
3137 5377 3250 5444 ipsa
3303 5374 3505 5440 anima,

1939 5496 1957 5528 ι
1996 5475 2200 5530 invenit
2234 5475 2335 5529 sibi
2364 5475 2604 5538 domum,
2630 5480 2685 5525 et
2713 5478 2924 5533 turtur,
2971 5487 2990 5518 ι
3026 5466 3078 5520 id
3107 5474 3210 5530 est,
3240 5465 3353 5535 ipsa
3380 5478 3509 5520 caro

1932 5568 2136 5623 invenit
2165 5566 2265 5622 sibi
2307 5586 2324 5617 ι
2382 5566 2587 5628 nidum,
2628 5562 2716 5617 ubi
2775 5566 2938 5630 ponat
2986 5557 3157 5628 pullos
3191 5570 3337 5622 suos,
3374 5573 3393 5607 ι
3451 5553 3508 5611 id

1933 5668 2033 5724 est,
2079 5658 2193 5728 ipsa
2240 5671 2402 5725 opera
2465 5670 2581 5709 sua.
2649 5648 2859 5705 Passeri
2909 5653 3253 5718 comparatur
3302 5645 3504 5710 anima,

1936 5748 2062 5819 quia
2095 5747 2235 5802 sicut
2268 5759 2456 5816 passer
2489 5742 2712 5797 dimittit
2739 5738 2919 5800 silvas,
2942 5746 2997 5792 et
3037 5735 3281 5797 nidiﬁcat
3308 5735 3361 5792 in
3402 5733 3499 5790 do-
