3940 6462
172 395 281 453 ι85

1349 381 1785 443 EXPLANATIO
1822 381 1891 438 IN
1928 382 2267 442 PSALMOS.

3334 393 3442 450 486

175 510 284 572 tia,
312 525 333 560 ι
364 503 421 562 id
445 508 560 570 est,
584 508 932 576 perseverant
976 498 1031 556 in
1077 498 1385 554 innocentia
1411 515 1424 552 :
1461 504 1519 552 et
1547 496 1686 561 ideo.
1718 510 1751 551 o
1778 499 1832 560 Α
1855 496 2092 563 Christi,
2123 513 2224 567 per
2249 498 2419 570 ipsius
2456 501 2768 557 adventum.
2812 498 2945 559 Duas
2978 511 3105 559 sunt
3140 509 3445 577 generatio-

182 617 206 654 ι
233 598 462 656 Domine
483 596 763 660 virtutum,
791 595 983 650 beatus
1007 592 1168 646 homo
1195 590 1287 661 qui
1313 597 1497 660 sperat
1517 589 1572 644 in
1600 597 1672 644 te.
1704 609 1724 642 ι

592 724 662 780 ΙΝ
696 720 1025 779 PSALMUM
1064 718 1348 776 LXXXIV.

395 832 638 891 Tl'ruws
662 852 678 888 ε
706 833 774 887 In
801 834 960 903 ﬁnem
989 831 1115 902 ﬁliis
1145 832 1277 887 Core
1306 830 1558 902 psalmus.

255 974 276 1008 σ
299 950 658 1015 Benedixisti,
684 948 929 1004 Domine.
962 966 980 1000 ›
1020 946 1267 1003 Psalmus
1294 947 1395 1001 iste
1421 944 1673 1001 convenit
1699 944 1760 1000 ﬁ-

179 1039 269 1105 liis
310 1044 483 1108 Core,
543 1040 635 1110 qui
673 1039 987 1110 loquuntur,
1040 1037 1124 1092 vel
1166 1035 1361 1106 quibus
1400 1036 1755 1105 proponitur:

175 1138 418 1206 dirigens
445 1134 500 1189 in
532 1132 728 1197 ﬁnem,
769 1131 824 1186 id
863 1138 972 1196 est,
1010 1129 1063 1183 in
1104 1127 1396 1183 Christum.
1424 1126 1647 1181 Materia
1675 1133 1760 1182 est

173 1229 386 1305 primus
409 1224 612 1291 Christi
651 1223 931 1287 adventus,
968 1221 1255 1277 conferens
1296 1219 1550 1275 Ecclesiae
1592 1218 1760 1274 multa

178 1316 461 1377 beneﬁcia.
496 1314 702 1370 Modus.
746 1313 805 1368 ln
833 1313 1005 1384 prima
1035 1319 1187 1383 parte
1207 1354 1222 1377 ,
1266 1311 1505 1366 ostendit
1535 1309 1759 1365 benedi-

178 1410 420 1464 ctionem
474 1421 596 1461 esse
638 1405 822 1459 datam
872 1413 1049 1468 terrm,
1094 1412 1284 1457 contra
1332 1400 1761 1456 maledictionem

177 1517 340 1574 quam
371 1498 520 1554 dedit
547 1497 597 1553 ei
624 1506 846 1567 propter
872 1503 1157 1565 peccatum
1181 1494 1334 1557 Adm,
1364 1508 1484 1547 cum
1512 1491 1717 1547 diceret
1743 1507 1756 1544 :

185 1612 208 1647 ‹
238 1590 519 1648 Maledicta
558 1597 702 1645 terra
745 1588 797 1642 in
828 1602 991 1658 opere
1027 1595 1118 1642 tuo
1160 1582 1312 1656 (Gen.
1344 1584 1421 1655 5).
1460 1603 1479 1635 ι
1514 1581 1761 1655 Secunda

178 1698 307 1759 pars
335 1680 563 1749 incipit:
593 1698 610 1731 ι
637 1678 891 1749 Mitigasti
923 1678 1057 1732 iram
1086 1686 1252 1740 tuam,
1275 1695 1293 1727 ι
1324 1674 1377 1728 in
1399 1690 1505 1744 qua
1529 1671 1764 1729 ostendit

179 1771 573 1844 mitigationem
614 1768 707 1823 irae
751 1768 878 1834 Dei,
912 1782 1073 1837 quam
1112 1764 1255 1835 juste
1298 1764 1661 1819 sustineamus
1692 1777 1760 1817 ex

1860 603 1979 653 nes,
2012 602 2116 641 una
2140 587 2290 654 Adae,
2320 606 2441 661 quae
2468 591 2767 647 carnalium
2796 602 2897 659 est,
2936 593 3041 649 alia
3065 594 3289 663 Christi,
3319 615 3442 670 qua:

1861 681 2158 753 spiritualis
2184 691 2297 749 est,
2340 685 2550 741 scilicet
2582 686 2795 741 illorum
2839 688 2928 758 qui
2972 704 3030 744 se
3059 688 3278 748 Christo
3313 709 3443 750 con-

1861 770 2097 828 formare
2142 782 2409 828 conantur
2450 792 2466 829 :
2510 791 2541 830 a
2589 791 2694 846 qua
2742 778 2882 832 sicut
2926 780 3268 849 expelluntur
3312 786 3440 841 mali

1861 859 2179 926 Christiani,
2218 862 2298 917 sic
2326 862 2489 917 etiam
2520 865 2869 921 includuntur
2897 866 2974 922 illi
3026 867 3150 923 boni
3190 872 3282 940 qui
3321 872 3442 928 fue—

1861 963 1989 1009 runt
2013 964 2136 1008 ante
2171 954 2461 1009 adventum
2492 956 2716 1013 Christi.

1938 1064 1957 1095 ‹
1979 1044 2137 1111 Deus,
2157 1053 2212 1098 tu
2253 1064 2272 1097 ι
2311 1061 2415 1099 non
2446 1046 2705 1102 extendes
2729 1048 2887 1114 iram,
2924 1050 3017 1105 sed
3054 1068 3073 1102 ι
3100 1065 3393 1107 conversus
3419 1070 3437 1104 ι

1863 1135 1931 1190 ab
1960 1136 2041 1189 ira
2075 1156 2093 1187 ι
2120 1135 2417 1191 viviﬁcahis
2446 1151 2547 1192 nos
2577 1157 2595 1190 ›
2638 1139 2991 1207 spiritualiter
3022 1157 3122 1211 per
3155 1143 3444 1199 adventum

1860 1226 2019 1292 Filii,
2053 1245 2072 1277 ι
2102 1235 2155 1282 et
2179 1226 2330 1297 plebs
2369 1234 2459 1280 tua
2489 1246 2507 1278 ι
2551 1226 2841 1294 viviﬁcata,
2886 1248 2905 1280 ι
2939 1230 3209 1287 laetabitur
3244 1233 3299 1287 in
3336 1241 3389 1287 te
3419 1251 3443 1285 ι

1856 1315 1964 1387 jam
1998 1332 2188 1371 secura
2218 1318 2283 1371 de
2307 1326 2507 1371 :eterna
2532 1315 2884 1373 beatitudine.

1934 1406 2001 1461 Et
2025 1415 2084 1461 ut
2114 1406 2267 1478 plebs
2298 1415 2389 1463 tua
2428 1409 2600 1479 possit
2627 1407 2890 1463 viviﬁcari
2930 1418 2984 1464 et
3010 1409 3201 1477 laetari,
3229 1426 3263 1467 ο
3296 1430 3315 1463 ι
3345 1393 3493 1468 Ὁτι-⁸

1863 1499 2027 1563 mine,
2070 1498 2296 1554 ostende
2336 1499 2494 1553 nobis
2520 1499 2947 1554 misericordiam
2978 1508 3149 1566 tuam,
3181 1521 3199 1554 ι
3246 1504 3451 1559 scilicet

1864 1585 2059 1641 Filium
2087 1594 2236 1641 tuum
2256 1627 2271 1652 ,
2303 1596 2362 1642 ut
2390 1588 2571 1643 mittas
2594 1602 2753 1658 quem
2786 1590 3052 1645 missurus
3090 1604 3149 1646 es
3176 1610 3189 1644 :
3226 1594 3453 1647 ostende

1865 1677 2095 1742 scilicet,
2124 1685 2184 1731 ut
2215 1692 2605 1750 cognoscamus
2633 1695 2781 1746 eum,
2807 1690 2861 1735 et
2885 1681 2931 1736 si
2959 1694 3067 1737 non
3098 1697 3288 1738 omnes
3310 1699 3448 1754 prte-

1865 1767 2042 1821 sentia
2067 1768 2331 1836 corporis,
2363 1774 2542 1822 tamen
2566 1783 2663 1838 per
2689 1769 2870 1836 ﬁdem,
2906 1790 2925 1823 ‹
2954 1779 3010 1826 et
3034 1789 3053 1823 ι
3101 1787 3208 1827 non
3243 1780 3451 1827 tantum

176 1870 404 1935 peccato
431 1859 590 1930 primi
622 1860 884 1930 parentis.
912 1858 970 1913 ln
1006 1857 1161 1913 tertia
1188 1866 1373 1928 parte,
1406 1871 1524 1926 qua:
1551 1855 1759 1926 incipit.
1790 1877 1841 1940 Β
1865 1857 2108 1922 ostende,
2139 1857 2231 1911 sed
2260 1857 2421 1911 etiam
2449 1857 2578 1913 illud
2616 1876 2634 1909 α
2660 1860 2895 1916 salutare
2918 1868 3068 1915 tuutn
3112 1863 3179 1916 da
3219 1863 3391 1923 nobis,
3427 1883 3446 1915 ι

183 1973 205 2005 ι
225 1951 458 2007 Audiam
480 1949 607 2019 quid
634 1948 908 2018 loquatur,
928 1966 947 1999 ι
976 1946 1261 2003 manifeste
1281 1946 1565 2001 annuntiat
1591 1945 1763 2016 ipsum

178 2042 385 2100 Christi
405 2042 715 2105 adventum,
732 2047 787 2094 et
808 2038 983 2094 innuit
1007 2054 1106 2110 per
1121 2052 1281 2107 quem
1297 2036 1399 2092 hoc
1420 2036 1515 2090 ﬁat
1534 2043 1589 2089 et
1609 2036 1766 2089 docet

178 2131 278 2188 ubi
297 2130 544 2187 Christus
558 2138 699 2185 esset
719 2128 1046 2184 nasciturus.
1076 2126 1307 2181 Intentio
1334 2136 1417 2181 est
1448 2141 1546 2181 nos
1586 2126 1767 2180 admo-

177 2238 340 2289 nere,
386 2230 446 2278 ut
484 2237 606 2278 cum
636 2237 829 2293 magna
854 2218 1218 2276 exsultatione
1247 2217 1447 2272 Christi
1476 2218 1764 2271 adventum

177 2314 562 2385 suscipiamus,
589 2328 687 2384 per
708 2327 870 2384 quem
895 2319 1041 2366 tanta
1066 2309 1325 2366 beneﬁcia
1353 2308 1712 2378 possidemus.

256 2402 420 2471 Quasi
445 2403 525 2459 sic
549 2403 773 2458 diceret:
816 2416 850 2456 o
874 2419 892 2452 ι
922 2399 1170 2463 Domine,
1199 2405 1400 2453 terram
1422 2418 1441 2449 ι
1473 2410 1592 2466 quae
1615 2395 1766 2465 prius

179 2496 476 2553 maledicta
505 2501 625 2549 erat
658 2494 713 2548 in
737 2506 901 2563 opere
926 2489 1079 2556 Δάαι,
1107 2489 1267 2543 modo
1292 2488 1487 2543 factam
1524 2508 1540 2537 ι
1568 2494 1714 2540 tuam
1739 2503 1758 2537 ι

179 2588 449 2657 recipiens
492 2584 781 2640 adventum
806 2581 927 2637 Filii
972 2582 1046 2635 tui
1073 2579 1127 2634 in
1157 2578 1279 2643 ﬁde,
1318 2598 1337 2629 ι
1364 2576 1709 2641 benedixisti,
1739 2593 1759 2626 ι

180 2679 261 2735 ita
286 2677 513 2742 scilicet,
554 2695 573 2727 ι
607 2673 852 2728 avertisti
883 2671 1274 2741 captivitatem,
1306 2688 1325 2721 ι
1363 2668 1415 2722 id
1444 2677 1547 2732 est,
1584 2681 1770 2737 pecca-

181 2780 324 2833 tum,
355 2782 451 2838 per
470 2764 615 2836 quod
634 2778 823 2819 omnes
844 2771 969 2817 ante
992 2760 1278 2816 adventum
1297 2757 1494 2813 Christi
1518 2756 1766 2812 teneban-

179 2870 273 2917 tur
293 2859 491 2931 captivi
518 2874 550 2911 a
574 2856 809 2922 diabolo,
843 2874 861 2906 ι
888 2853 1075 2922 Jacob,
1108 2873 1127 2905 ι
1165 2853 1218 2908 id
1242 2859 1344 2917 est,
1381 2850 1561 2921 populi
1599 2849 1762 2915 illius,

177 2954 278 3025 qui
305 2953 418 3009 vult
443 2951 561 3007 ﬁeri
591 2950 786 3007 similis
813 2948 999 3005 Jacob.

261 3065 280 3098 ι
312 3045 610 3101 Demisisti.
640 3063 660 3098 ι
690 3043 839 3098 Hanc
861 3041 1067 3097 scilicet
1092 3038 1462 3109 captivitatem
1486 3045 1763 3104 avertens,

186 3156 206 3189 ι
240 3133 526 3199 remisisti',
557 3154 577 3186 ι
618 3132 671 3189 id
715 3130 829 3198 est;
879 3131 1122 3187 remittes
1156 3148 1174 3181 ι
1206 3128 1547 3199 iniquitatem
1592 3126 1765 3199 plebis

1867 1953 1928 2000 ut
1950 1960 2078 2001 vere
2107 1945 2278 2001 salvet
2305 1961 2433 2013 nos,
2466 1954 2521 2001 et
2562 1956 2622 2002 ut
2662 1961 2785 2004 eum
2811 1950 2866 2004 in
2907 1950 3012 2005 ﬁde
3057 1960 3365 2019 teneamus,
3399 1962 3455 2008 et

1867 2038 2123 2109 Operibus
2139 2038 2434 2093 imitemur.
2462 2059 2480 2091 ‹
2499 2038 2731 2093 Audiam
2751 2040 2898 2111 quid.
2925 2058 2944 2091 ι
2966 2039 3100 2096 Pars
3116 2043 3294 2097 tertia.
3310 2043 3453 2098 Con«

1868 2130 2119 2185 tinuatio.
2150 2128 2301 2201 Rogo
2328 2128 2571 2196 ostende,
2601 2131 2668 2186 da
2700 2130 2959 2199 salutare,
3002 2140 3059 2186 et
3083 2147 3305 2188 securus
3334 2148 3453 2188 sum

1867 2222 2012 2293 quod
2049 2221 2248 2286 facies,
2292 2222 2418 2291 quia
2474 2240 2493 2273 ‹
2522 2223 2783 2278 Dominus
2828 2224 3014 2279 Deus»
3063 2223 3304 2296 loquitur
3350 2244 3368 2277 ι
3398 2225 3453 2283 in

1868 2331 1974 2379 me,
2014 2334 2033 2366 ι
2069 2321 2124 2367 et
2160 2333 2178 2364 ‹
2208 2313 2335 2382 quid
2370 2312 2621 2383 loquatur
2646 2335 2666 2366 ι
2716 2329 2817 2386 ego
2862 2333 2881 2367 ι
2911 2315 3155 2383 audiam,
3189 2335 3209 2369 ι
3254 2318 3306 2372 id
3350 2326 3453 2385 est,

1867 2421 1974 2461 non
1996 2403 2335 2468 oblatrando,
2371 2404 2463 2458 sed
2490 2404 2671 2474 potius
2693 2420 3033 2475 compescam
3061 2420 3147 2459 me
3172 2421 3203 2460 a
3230 2408 3457 2462 munda-
3556 2456 3561 2459 _

1866 2494 1953 2549 nis
1983 2494 2120 2559 istis,
2159 2502 2211 2545 et
2251 2493 2388 2547 bene
2420 2494 2590 2549 debeo
2621 2495 2809 2550 audire
2832 2512 2977 2560 eum,
3012 2515 3030 2548 t
3057 2497 3312 2565 quoniam
3342 2518 3361 2550 ι
3400 2498 3455 2553 in

1868 2597 1955 2638 me
1991 2603 2011 2633 ε
2041 2582 2293 2651 loquetur
2322 2597 2531 2652 pacem,
2567 2603 2585 2634 ι
2623 2585 2675 2638 id
2698 2593 2815 2650 est,
2844 2585 3186 2641 annuntiabit
3212 2587 3342 2641 mihi
3372 2587 3455 2657 ip—

1866 2690 1987 2731 sum
2016 2674 2234 2740 Filium,
2264 2676 2354 2744 qui
2379 2676 2484 2730 erit
2514 2686 2701 2732 auctor
2732 2678 2883 2747 pacis
2915 2686 2968 2733 et
2996 2680 3457 2736 reconciliationis

1867 2764 2011 2819 inter
2034 2764 2204 2818 Deum
2233 2771 2287 2818 et
2314 2763 2611 2831 hominem,
2639 2780 2829 2836 pacem
2859 2767 2979 2821 dico
3009 2783 3116 2822 non
3146 2769 3213 2822 ad
3242 2784 3453 2836 omnes,

1867 2855 1961 2909 sed
2006 2871 2025 2904 ι
2055 2854 2111 2908 in
2148 2852 2359 2924 plebem
2390 2868 2562 2908 suam.
2596 2874 2614 2905 ι
2648 2854 2779 2909 Dico
2809 2855 2865 2909 in
2892 2856 3102 2925 plebem
3132 2871 3307 2921 suam,
3356 2876 3374 2909 ι
3404 2866 3459 2913 et

1865 2963 2027 3019 super
2049 2955 2266 3003 sanctos
2290 2962 2437 3012 suos,
2472 2966 2489 2998 ι
2528 2947 2582 3001 id
2610 2954 2709 3013 est,
2744 2948 2797 3002 in
2824 2963 2937 3013 eos,
2966 2950 3056 3019 qui
3089 2959 3216 3004 ante
3251 2950 3453 3004 adven-

1866 3045 1977 3092 tum
2004 3036 2171 3106 ipsius
2195 3036 2519 3091 sanctiﬁcati
2540 3045 2716 3103 erant,
2738 3037 2907 3107 veluti
2928 3038 3202 3093 Abraham
3239 3047 3294 3093 et
3325 3054 3456 3093 con-

1865 3126 2090 3193 similes,
2119 3127 2317 3197 quibus
2350 3125 2565 3196 quidem
2594 3128 2856 3182 adventus
2880 3126 3083 3184 Christi
3109 3142 3301 3198 pacem
3332 3143 3455 3184 cum

184 3236 293 3284 tute
320 3245 338 3278 ι
393 3225 447 3280 in
475 3223 764 3294 baptismo,
801 3231 856 3279 et
882 3236 991 3277 non
1022 3227 1228 3276 tantum
1255 3219 1525 3282 remittes,
1563 3216 1655 3271 sed
1687 3215 1765 3271 sic
1790 3228 1837 3292 α
1870 3219 1982 3274 Deo
2005 3218 2253 3283 contulit,
2288 3218 2378 3288 qui
2407 3232 2502 3273 eos
2525 3219 2591 3273 de
2622 3218 2858 3274 tenebris
2884 3216 3080 3274 inferni
3112 3218 3381 3285 liberavit,
3404 3227 3460 3275 et

187 3336 209 3370 ι
240 3317 529 3388 operuisti,
562 3335 580 3367 ι
634 3315 690 3369 id
735 3323 854 3379 est,
898 3313 1209 3383 c00peries,
1262 3328 1281 3361 ‹
1308 3311 1492 3364 omnia
1542 3316 1763 3379 peccata

181 3425 375 3467 eorum
401 3428 421 3461 ›
455 3416 515 3462 ut
531 3407 647 3477 jam
674 3419 782 3458 non
807 3404 1026 3458 veniant
1051 3402 1104 3455 in
1129 3406 1477 3469 conspectum
1501 3407 1672 3461 tuum,
1707 3403 1767 3450 ut

182 3502 382 3575 punias
406 3514 470 3554 ea
493 3495 845 3559 aeternaliter,
873 3493 1079 3548 scilicet
1103 3501 1157 3546 et
1184 3499 1468 3560 peccatum
1495 3488 1762 3553 dimisisti,

183 3602 245 3647 et
282 3602 500 3659 pinnam
534 3584 764 3655 peccati.
812 3581 963 3637 Unde
1015 3580 1184 3635 alibi:
1223 3580 1300 3633 Ex
1349 3579 1532 3633 usuris
1571 3585 1625 3631 et
1666 3577 1768 3630 ini-

186 3680 400 3751 quitate
428 3676 660 3731 redimes
686 3673 894 3729 animas
939 3685 1145 3725 eorum.
1180 3667 1353 3742 (Psal.
1380 3668 1550 3738 uxr).
1586 3686 1603 3718 ι
1630 3667 1768 3721 Miti—

186 3769 352 3843 gasti.
392 3788 412 3821 ι
445 3766 582 3822 Pars
630 3764 883 3820 secunda.
915 3761 1079 3830 Quasi
1129 3761 1324 3831 aliquis
1351 3760 1556 3815 diceret
1590 3777 1603 3812 :
1650 3756 1767 3813 Non

186 3859 355 3915 credo
372 3856 536 3911 Deum
553 3854 888 3924 iniquitatem
910 3852 1209 3915 remisisse,
1233 3858 1453 3920 peccata
1466 3849 1763 3919 operuisse.

189 3948 395 4006 Contra
423 3946 555 4002 dicit
580 3944 929 4016 Evangelium
955 3962 968 3997 :
1008 3941 1146 3997 Vere
1174 3941 1453 4006 remisisti,
1483 3941 1765 4008 operuisti,

184 4042 338 4112 quia,
366 4055 400 4095 ο
428 4039 652 4094 Domine
692 4056 710 4088 ι
741 4037 879 4091 iram
906 4056 924 4087 ι
956 4050 1118 4105 quam
1142 4033 1376 4089 habuisti
1406 4047 1503 4104 pro
1532 4032 1769 4103 peccatis

182 4131 432 4189 Omnium
453 4128 751 4193 hominum,
777 4126 831 4183 id
854 4134 958 4192 est,
984 4140 1147 4195 quam
1170 4123 1407 4179 habebas
1427 4138 1524 4193 pro
1545 4123 1769 4193 singulis

181 4222 448 4294 peccatis,
495 4236 602 4276 non
645 4219 766 4274 dico
811 4232 1033 4288 prorsus
1074 4216 1374 4279 removisti,
1410 4215 1535 4284 quia
1580 4229 1768 4269 sumus

184 4312 448 4368 mortales
472 4320 527 4365 et
550 4309 851 4381 passibiles,
886 4306 981 4362 sed
1020 4325 1039 4357 ‹
1069 4306 1348 4376 mitigasti,
1378 4325 1397 4357 ι
1439 4303 1493 4360 id
1527 4312 1632 4371 est,
1667 4304 1768 4358 mi-

187 4410 301 4457 tem
333 4402 524 4465 fecisti,
552 4401 678 4470 quia
700 4400 813 4470 jam
842 4396 1216 4452 tribulationes
1245 4404 1370 4450 sunt
1407 4395 1562 4449 nobis
1607 4394 1767 4448 mites

185 4499 250 4546 et
273 4486 635 4555 delectabiles,
676 4502 795 4558 qua:
839 4484 894 4540 in
934 4485 1090 4541 nobis
1132 4499 1282 4554 spem
1323 4492 1541 4538 aeterne
1579 4481 1769 4538 salutis

1868 3323 1977 3362 non
2014 3315 2223 3361 tantum
2269 3323 2433 3377 super
2479 3316 2720 3373 sanctos,
2767 3308 2860 3362 sed
2896 3325 2915 3358 ι
2947 3308 3110 3363 etiam
3149 3309 3201 3363 in
3242 3324 3335 3365 eos
3366 3311 3458 3379 qui

1868 3408 2260 3456 convertuntur
2288 3401 2356 3454 ad
2382 3415 2499 3465 cor,
2530 3419 2548 3451 ι
2595 3400 2648 3453 id
2694 3408 2808 3467 est,
2856 3401 2922 3454 ad
2962 3401 3226 3455 rationem
3246 3440 3262 3467 ,
3288 3400 3457 3455 veluti

1869 3490 2113 3563 gentiles,
2151 3490 2243 3561 qui
2283 3490 2434 3559 prius
2464 3490 2685 3545 dimisso
2713 3489 2994 3557 Creatore,
3020 3498 3327 3546 creaturam
3361 3505 3457 3546 co-

1868 3584 2072 3647 lentes,
2105 3598 2201 3652 per
2231 3582 2518 3636 adventqu
2553 3581 2757 3638 Christi
2797 3591 2925 3637 sunt
2962 3583 3208 3637 conversi
3240 3583 3309 3637 ad
3337 3597 3453 3650 cor,

1870 3672 2077 3728 scilicet
2098 3680 2160 3726 ut
2179 3672 2291 3742 jam
2324 3671 2565 3742 diligenti
2600 3673 2808 3727 ratione
2838 3671 3017 3726 colant
3044 3686 3201 3726 suum
3230 3672 3455 3727 Creato-

1870 3780 2008 3827 rem,
2040 3770 2094 3817 et
2124 3762 2204 3818 sic
2239 3776 2340 3834 per
2376 3764 2665 3818 adventum
2701 3762 2904 3817 Christi
2936 3762 3169 3817 habeant
3196 3776 3319 3817 cum
3344 3763 3457 3819 Deo

1868 3872 2082 3929 pacem.

1940 3946 2095 4003 Dicto
2115 3945 2348 4001 adventu
2371 3944 2594 4009 Christi,
2618 3942 2941 4000 determinat
2960 3943 3124 3998 etiam
3145 3942 3320 4000 locum
3344 3960 3456 4003 sua:

1868 4038 2171 4094 nativitatis
2199 4037 2308 4104 eis,
2336 4036 2491 4106 quasi
2521 4036 2595 4091 ita
2621 4034 2862 4089 diceret:
2891 4032 2996 4088 Per
3024 4033 3313 4089 adventum
3338 4036 3454 4106 ejus

1868 4126 2023 4183 multi
2051 4134 2455 4189 convertentur,
2479 4124 2576 4180 sed
2600 4132 2779 4177 tamen
2802 4137 2909 4177 non
2931 4122 3072 4192 apud
3093 4135 3187 4177 eos
3209 4121 3456 4180 Christus

1867 4228 2140 4282 nascetur,
2170 4216 2262 4273 sed
2290 4216 2433 4271 inter
2459 4214 2693 4281 Iudaeos,
2720 4223 2775 4268 et
2801 4214 2903 4269 hoc
2933 4213 3094 4268 dicit:
3119 4230 3137 4263 ι
3166 4213 3453 4269 Verumta-

1868 4324 1991 4363 men
2021 4323 2185 4377 prope
2208 4307 2460 4363 timentes
2481 4320 2628 4370 eum,
2658 4324 2676 4356 ι
2704 4304 2757 4358 id
2780 4310 2886 4367 est,
2910 4300 3141 4367 Iudaeos,
3169 4303 3260 4372 qui
3284 4302 3451 4359 Deum

1869 4399 1968 4454 soli
1994 4398 2313 4453 dicebantur
2343 4397 2556 4460 timere,
2599 4394 2726 4463 quia
2761 4392 2936 4464 legem
2970 4393 3087 4462 ejus
3116 4402 3450 4462 receperant,

1870 4489 1999 4545 licet
2048 4488 2224 4557 potius
2251 4501 2349 4555 pro
2378 4482 2767 4556 temporalibus
2803 4498 2964 4553 quam
3002 4497 3101 4552 pro
3141 4482 3455 4538 caelestibus

187 4593 484 4661 generant,
538 4604 557 4637 ι
596 4591 653 4639 et
688 4580 931 4638 avertisti
961 4600 979 4633 ι
1018 4590 1070 4636 te
1112 4599 1129 4631 ι
1158 4579 1226 4633 ab
1264 4578 1343 4633 ira
1386 4577 1768 4648 indignationis
1794 4576 1847 4637 D
1872 4580 1983 4635 Deo
2007 4578 2303 4642 servirent,
2333 4576 2438 4631 erit
2471 4595 2489 4627 ‹
2518 4574 2753 4630 salutare
2776 4574 2974 4643 ipsius,
3005 4593 3025 4626 ι
3069 4574 3122 4627 id
3149 4582 3251 4639 est,
3282 4572 3453 4629 Filius

188 4688 321 4746 tuae,
353 4699 371 4731 ι
406 4678 610 4735 scilicet
645 4686 835 4731 utnon
861 4674 1059 4729 inferas
1088 4686 1280 4742 poenas
1313 4668 1668 4741 procedentes
1702 4684 1767 4724 ex

188 4778 285 4827 tua
316 4768 701 4840 indignatione,
728 4764 934 4821 scilicet
956 4772 1188 4818 aeternas
1212 4774 1416 4831 ptenas.
1443 4759 1509 4814 Et
1540 4767 1599 4813 ut
1632 4760 1768 4813 iram

191 4869 299 4917 tua:
338 4858 719 4930 indignationis
745 4872 851 4912 non
888 4855 1249 4918 incurramus,
1295 4869 1313 4902 ι
1343 4859 1595 4906 converte
1615 4865 1715 4905 nos
1743 4868 1761 4901 ι

191 4952 265 5007 ab
284 4950 598 5006 inﬁdelitate
625 4949 692 5003 ad
722 4946 905 5012 ﬁdem,
944 4963 963 4996 ι
986 4944 1129 4999 Deus
1148 4942 1401 4998 salutaris
1430 4953 1631 5008 noster,
1662 4960 1681 4994 ι
1714 4940 1767 4995 id

188 5058 301 5111 εει,
341 5041 432 5113 qui
471 5057 569 5113 per
608 5041 896 5096 adventum
925 5036 1047 5093 Filii
1077 5035 1152 5090 tui
1191 5035 1344 5090 nobis
1382 5033 1608 5088 salutem
1643 5048 1771 5088 con-

191 5137 335 5200 fers,
371 5144 429 5192 et
465 5154 484 5188 t
513 5149 545 5190 a
578 5133 731 5190 nobis
757 5151 776 5184 ι
810 5131 1085 5188 conversis
1127 5146 1145 5179 ι
1176 5135 1359 5183 averte
1393 5127 1528 5181 iram
1569 5134 1717 5180 tuam
1745 5143 1764 5177 ι

188 5239 474 5288 ωιει-υεω.
962 5272 969 5279 .

202 5392 209 5397 _
263 5319 399 5376 Dico
462 5326 684 5382 averte,
751 5323 807 5371 et
864 5319 1097 5379 avertes,
1159 5312 1285 5382 quia
1345 5329 1363 5362 ι
1426 5306 1666 5377 nunquid
1716 5306 1770 5362 in

190 5421 456 5471 aeternum
483 5408 737 5466 irasceris
763 5407 950 5464 nobis?
977 5426 995 5457 ι
1034 5404 1151 5461 Non
1180 5414 1348 5471 certe,
1383 5403 1508 5473 quia
1538 5400 1771 5472 placabi-

190 5506 264 5562 lis
304 5505 417 5561 eris
463 5504 518 5560 in
550 5504 781 5559 adventu
807 5500 925 5555 Filii
957 5499 1071 5565 tui,
1108 5497 1298 5554 saltem
1341 5515 1359 5548 ι
1392 5503 1484 5550 aut
1514 5493 1771 5549 extendes

194 5600 336 5655 iram
366 5606 512 5652 tuam
541 5612 572 5652 a
601 5594 948 5667 generatione
977 5611 997 5644 ι
1037 5591 1167 5646 Adae
1186 5630 1201 5655 ,
1232 5590 1319 5646 cui
1357 5598 1563 5644 certum
1597 5595 1683 5641 est
1720 5594 1771 5640 te

194 5691 397 5747 iratum
428 5687 593 5744 fuisse
621 5695 842 5759 propter
863 5692 1151 5757 peccatum
1182 5702 1200 5734 ι
1231 5682 1284 5737 in
1313 5679 1716 5750 generationem
1745 5696 1763 5728 ι

196 5781 421 5837 Christi.
460 5778 575 5835 Non
612 5777 818 5846 utique,
852 5776 960 5830 imo
993 5772 1273 5843 placabilis
1299 5771 1407 5826 eris
1436 5768 1768 5841 generationi

1872 4667 1967 4723 Dei
1995 4668 2162 4739 ipsius
2199 4664 2443 4737 perﬁciet
2478 4663 2708 4721 salutem
2738 4665 2973 4719 humano
3003 4664 3208 4735 generi,
3246 4663 3321 4719 ita
3349 4663 3455 4719 erit

1873 4760 2001 4816 illud
2029 4760 2285 4823 salutare,
2332 4775 2350 4808 ι
2378 4765 2437 4811 ιιι
2476 4755 2668 4827 gloria,
2697 4773 2717 4809 ι
2749 4755 2804 4811 id
2828 4765 2931 4821 est,
2969 4755 3083 4825 ipse
3113 4753 3285 4812 Filius
3316 4772 3337 4807 ι
3365 4755 3451 4811 in-

1873 4851 2080 4907 habitet
2104 4870 2122 4902 i
2164 4849 2451 4920 praesentia
2487 4848 2732 4917 corporis
2775 4865 2794 4900 ι
2824 4848 2879 4902 in
2921 4855 3062 4903 terra
3100 4857 3354 4915 nostra,»
3397 4848 3453 4903 id

1872 4950 1977 5006 est,
2006 4941 2058 4994 iu
2085 4939 2288 4996 Judaea.

1956 5053 1973 5085 ι
2001 5031 2402 5097 Misericordia,
2441 5038 2497 5086 et
2522 5030 2745 5086 veritas.
2774 5048 2795 5084 ι
2839 5028 3086 5086 Ostendit
3123 5028 3251 5098 quid
3289 5028 3451 5085 faciat

1876 5125 1966 5181 ille
1996 5125 2258 5179 adventus
2287 5123 2486 5179 Christi
2515 5124 2705 5190 nobis;
2737 5123 2878 5189 dico,
2922 5120 3159 5176 salutare
3187 5119 3452 5177 habitabit

1875 5216 1930 5271 in
1959 5225 2122 5280 terra,
2164 5223 2218 5269 et
2248 5226 2345 5284 per
2370 5214 2541 5284 ipsum
2589 5231 2609 5264 ι
2635 5213 2990 5268 obviaverunt
3021 5210 3155 5277 sibi,
3187 5229 3206 5262 ι
3256 5211 3308 5265 id
3343 5217 3448 5275 est,

1873 5309 2016 5365 inter
2040 5320 2098 5363 se
2124 5315 2492 5362 convenerunt
2527 5307 2580 5361 in
2614 5306 2733 5377 ipso
2760 5302 2975 5360 Christo
3010 5322 3030 5355 ‹
3056 5301 3448 5367 misericordia,

1874 5409 1929 5456 et
1968 5398 2197 5464 veritas,
2229 5417 2248 5449 ι
2294 5397 2387 5469 qui
2431 5398 2630 5453 dicitur
2658 5395 2874 5459 veritas,
2908 5393 3034 5466 quia
3068 5393 3123 5449 in
3162 5407 3229 5449 eo
3269 5393 3451 5449 omnia

1872 5490 2141 5563 promissa
2169 5504 2265 5560 per
2291 5488 2593 5559 Prophetas
2620 5494 2747 5543 sunt
2768 5485 3055 5556 completa,
3084 5485 3197 5553 ipse
3236 5498 3451 5554 quoque

1873 5581 2249 5638 misericordia
2275 5582 2494 5645 dicitur,
2536 5578 2791 5650 quoniam
2820 5576 2967 5632 dedit
2993 5575 3143 5631 vobis
3171 5574 3449 5630 remissio-

1873 5689 1997 5728 nem
2026 5681 2369 5743 peccatorum
2398 5680 2453 5726 et
2478 5670 2582 5724 alia
2610 5667 2869 5725 beneﬁcia
2910 5681 3008 5738 per
3038 5664 3210 5721 solam
3240 5666 3452 5722 miseri-

1872 5766 2111 5824 cordiam
2136 5761 2533 5828 suam,scilicet
2556 5760 2608 5813 in
2638 5759 2753 5829 ipso
2776 5763 3146 5812 convenerunt
3169 5753 3371 5810 Novum
3397 5764 3450 5812 et
