3940 6506
506 353 616 410 487

969 348 1329 407 HAYMONIS
1366 343 1847 404 HALBERSTAT.
1883 342 2100 400 EPISC.
2138 341 2290 399 OPP.
2332 339 2512 395 PARS
2544 338 2587 393 l.
2623 331 3085 394 —‘COMMENT.
3122 336 3295 394 BIBL.

2180 240 2189 268 l

3649 342 3740 400 ‘88

508 465 675 522 Vetus
697 463 1123 521 Testamentum.
1151 462 1209 516 In
1237 461 1452 517 Christo
1476 464 1843 536 convenerunt
1872 455 2084 510 miseri-
2110 460 2163 521 Α
2187 452 2318 515 suis.
2342 450 2401 504 In
2418 449 2573 505 tertia
2590 456 2766 519 parte,
2782 463 2902 519 qum
2929 448 3149 519 incipit:
3178 467 3198 500 ι
3214 448 3356 503 Deus
3382 446 3607 519 iniqui,»
3633 465 3742 522 pre.

507 558 688 613 cordia
718 564 773 611 et
796 555 1019 617 veritas,
1045 554 1098 606 in
1126 551 1375 606 omnibus
1404 562 1531 603 vero
1558 548 1732 616 ipsum
1748 545 1956 600 'Christi
1984 546 2077 598 ad-

504 655 724 703 ventum
747 641 1176 715 exspectantibus
1228 658 1248 692 ‹
1288 638 1529 710 justitia,
1581 643 1638 690 et
1678 651 1783 705 pax
1827 635 2078 689 osculatae

505 746 652 803 sunt,
680 756 700 789 ι
728 736 782 790 id
806 741 909 799 est,
932 740 1312 788 convenerunt.
1341 728 1453 783 Nisi
1474 727 1619 781 enim
1641 724 1890 780 Christus
1917 725 2080 779 adve-

504 829 697 892 nisset,
741 827 903 880 homo
940 836 1039 877 nec
1074 819 1342 889 justitiam
1376 817 1602 874 haberet
1640 830 1763 871 cum
1802 816 1936 882 Deo,
1978 829 2079 869 nec

505 934 717 990 pacem.
790 971 801 981 ,

573 1007 696 1061 Ideo
721 1008 1084 1081 convenerunt
1103 997 1477 1057 misericordia
1496 1036 1515 1065 ,
1541 1005 1597 1053 et
1617 997 1839 1064 veritas,
1862 995 2078 1065 justitia

503 1107 557 1155 ct
604 1113 728 1167 pax,
771 1095 897 1166 quia
953 1111 973 1144 ‹
1027 1091 1232 1146 veritas
1265 1108 1284 1141 ι
1321 1089 1590 1153 Christus,
1625 1105 1644 1138 ι
1706 1094 1827 1143 orta
1879 1093 1966 1142 est
2014 1085 2080 1140 de

501 1195 646 1243 terra
678 1206 696 1237 ι
718 1187 782 1238 de
805 1182 1032 1254 virgine,
1057 1196 1176 1250 quae
1202 1189 1345 1234 terra
1375 1177 1475 1232 fuit
1502 1176 1805 1241 fructifera,
1834 1194 1853 1227 ‹
1884 1184 1941 1231 et
1964 1194 1983 1227 ›
2011 1190 2077 1229 ex

464 1276 604 1343 ,hoc
647 1292 666 1325 ι
701 1271 911 1344 justitia
950 1270 1016 1323 de
1055 1268 1222 1333 ccelo,
1262 1286 1280 1319 ι
1316 1268 1368 1322 id
1398 1274 1499 1331 est,
1533 1266 1749 1321 homine
1777 1265 2076 1329 Dominico,

478 1367 584 1422 ’ναι
629 1367 694 1422 de
718 1364 855 1420 caelo
876 1404 891 1427 ,
922 1362 977 1416 id
1018 1369 1121 1427 est,
1152 1360 1462 1413 culestibus
1490 1358 1769 1423 creaturis,
1803 1357 1859 1411 in
1884 1356 2080 1427 quibus

501 1456 631 1512 solis
652 1462 777 1509 ante
804 1452 1089 1506 adventum
1111 1449 1312 1504 Christi
1336 1456 1453 1502 erat
1466 1447 1692 1515 justitia,
1714 1467 1731 1498 ‹
1758 1448 2036 1516 prospexit
2054 1464 2072 1496 ι

500 1561 662 1616 super
682 1557 871 1599 omnes
902 1541 1166 1596 homines.
1190 1538 1286 1594 Vel
1305 1538 1460 1592 aliter
1487 1556 1499 1591 :
1517 1537 1723 1608 justitia
1745 1544 1800 1591 et
1824 1552 1929 1606 pax
1952 1551 2080 1591 vere

499 1644 626 1691 sunt
660 1616 935 1696 osculatae,
959 1630 1085 1700 quia
1122 1629 1320 1683 veritas
1341 1639 1424 1683 est
1446 1635 1564 1681 orta
1594 1628 1662 1693 de
1692 1636 1856 1692 terra,
1889 1625 1944 1681 id
1973 1634 2076 1692 est,

498 1725 565 1783 de
608 1737 770 1779 carne
799 1730 984 1777 nostra
1029 1718 1363 1790 peccatrice,
1413 1717 1621 1772 scilicet
1647 1730 1777 1781 nos,
1801 1714 1894 1784 qui
1928 1715 2079 1786 prius

2178 549 2335 596 eatur
2360 540 2652 594 secundum
2678 552 2740 593 ea
2785 553 2908 607 quas
2952 545 3075 607 post
3103 537 3407 607 passionem
3435 548 3739 608 sequuntur,

2178 628 2384 684 scilicet
2406 628 2472 682 de
2519 642 2614 681 sua
2649 626 3057 697 glorificatione.
3106 626 3338 683 intentio
3377 635 3462 682 est
3495 642 3600 683 nos
3621 628 3742 686 invi-

2177 725 2294 772 tare
2322 717 2391 773 ad
2424 717 2707 772 orandum.

2244 807 2544 863 Attendens
2586 814 2769 862 autem
2795 805 3046 862 Christus
3087 821 3148 862 se
3173 807 3471 862 secundum
3500 806 3741 865 humani-

2178 905 2345 953 tatem
2396 912 2504 952 non
2556 912 2714 970 posse
2755 897 3092 968 contingere,
3132 897 3201 951 ad
3249 896 3344 951 Dei
3395 896 3737 965 altitudinem,

2179 995 2335 1067 quasi
2385 994 2632 1050 infirmus
2688 1000 2907 1063 rogaret
2942 992 3241 1056 medicum,
3276 1000 3537 1061 precatur
3574 990 3741 1061 Deum,

2181 1096 2243 1142 ut
2268 1102 2365 1158 per
2401 1086 2828 1141 misericordiam
2858 1082 3259 1140 condescendat
3286 1097 3398 1137 sua:
3436 1082 3739 1149 inﬁrmitati,

2180 1178 2262 1232 sic
2290 1177 2478 1232 dicens
2502 1194 2516 1230 :
2557 1193 2577 1227 ί
2608 1175 2835 1241 lnclina,
2859 1173 3108 1238 Domine,
3131 1187 3320 1227 aurem
3348 1181 3503 1227 utam
3529 1172 3676 1239 mihi,
3698 1182 3739 1229 et

2179 1268 2371 1323 exaudi
2393 1282 2500 1332 me,
2532 1284 2550 1317 ›
2575 1272 2632 1321 et
2653 1281 2789 1335 opus
2816 1273 2900 1319 est
2918 1271 2979 1318 ut
2998 1262 3224 1318 inclines
3256 1280 3275 1313 ‹
3312 1263 3577 1332 quoniam
3610 1281 3629 1314 ι
3656 1278 3740 1317 non

2178 1373 2398 1430 possum
2443 1371 2531 1413 me
2564 1358 2630 1412 ad
2661 1365 2714 1412 te
2759 1356 2938 1411 levare
2960 1395 2975 1421 ,
3006 1355 3134 1425 quia
3164 1373 3182 1405 ι
3218 1354 3373 1423 inops
3400 1369 3526 1408 sum
3576 1373 3594 1405 ο
3640 1356 3740 1424 quia

2179 1464 2246 1504 ex
2282 1462 2369 1502 me
2398 1463 2505 1502 non
2530 1447 2705 1501 habeo
2731 1444 2949 1499 divitias
2976 1442 3136 1512 hujus
3185 1443 3388 1509 saeculi,
3423 1461 3443 1494 ‹
3477 1453 3541 1498 et
3568 1459 3741 1515 pauper

2178 1551 2299 1591 sum
2345 1551 2463 1606 ego,
2501 1553 2520 1586 ι
2550 1535 2677 1605 quia
2702 1548 2878 1603 neque
2904 1549 2973 1588 ex
3004 1532 3111 1587 alio
3153 1533 3329 1587 habeo
3363 1533 3590 1587 divitias
3613 1536 3738 1590 istas.

2184 1644 2206 1678 ‹
2241 1620 2461 1681 Custodi
2484 1626 2719 1680 animam
2746 1639 2922 1678 meam
2955 1641 2975 1674 ι
3005 1639 3034 1677 a
3066 1622 3449 1678 conformitate
3471 1623 3737 1690 malorum,

2179 1724 2236 1771 et
2261 1716 2547 1788 praetendit
2598 1714 2875 1781 meritum,
2907 1713 3120 1779 dicens,
3171 1730 3190 1764 ι
3243 1712 3501 1783 quoniam
3555 1724 3739 1769 sanctus

495 1814 611 1869 sola
676 1828 813 1867 vana
863 1818 917 1866 et
970 1808 1104 1864 falsa
1155 1806 1486 1862 faciebamus
1516 1845 1534 1873 ,
1582 1806 1741 1861 modo
1794 1821 2081 1876 operemur
2105 1802 2156 1864 B
2183 1824 2325 1874 sum,
2362 1827 2382 1860 ι
2414 1808 2469 1863 id
2496 1815 2614 1873 est,
2651 1805 2910 1861 immunis
2935 1819 2968 1859 a
2992 1810 3217 1875 peccato
3267 1801 3453 1857 saeculi
3495 1810 3563 1858 et
3601 1819 3737 1858 unus-

493 1905 773 1969 virtutem,
817 1900 1025 1957 scilicet
1059 1898 1461 1954 accusationem
1507 1897 1573 1951 de
1622 1897 1882 1966 peccatis,
1906 1896 2076 1951 Deum

495 1993 766 2060 colentes,
814 1992 985 2048 solum
1035 1991 1244 2061 justum
1297 1997 1610 2059 reputantes
1649 1995 1704 2043 et
1732 1987 1836 2042 alia
1890 1986 2075 2056 hujus-

416 2128 419 2131 λ
494 2085 661 2149 modi,
700 2092 755 2139 et
800 2083 925 2155 quia
953 2081 1245 2137 veritatem
1270 2095 1579 2151 operamur,
1622 2080 1743 2136 ideo
1763 2077 1973 2148 justitia
2011 2079 2077 2135 de

493 2177 635 2233 coelo
656 2173 954 2245 prospexit.

511 2265 779 2351 gsEtenim
802 2262 1093 2319 secundum
1120 2261 1265 2316 banc
1293 2258 1618 2316 sententiam
1642 2259 1717 2313 ita
1742 2258 2079 2314 continuabi-

494 2372 633 2413 mus.
685 2354 826 2410 Bene
872 2354 1016 2419 dico,
1068 2353 1214 2422 quod
1266 2368 1366 2407 nos
1423 2366 1714 2421 operamur
1767 2352 2076 2418 veritatem,

498 2466 518 2500 ί
550 2446 749 2502 etenim
783 2444 1043 2499 Dominus
1076 2443 1229 2498 dabit
1257 2440 1667 2512 benignitatem,
1706 2458 1725 2491 ›
1771 2439 1826 2494 id
1855 2449 1956 2504 est,
1990 2439 2077 2494 fu-

492 2546 645 2593 turus
670 2546 754 2592 est
802 2534 893 2590 ille
937 2550 1036 2605 per
1080 2547 1242 2604 quem
1271 2531 1421 2586 dabit
1457 2531 1876 2602 benignitatem,
1912 2530 1967 2585 id
1997 2538 2083 2587 est

494 2628 753 2698 Spiritum
780 2626 1044 2682 Sanctum
1063 2623 1296 2692 benigne
1322 2636 1420 2676 nos
1446 2621 1591 2676 intus
1620 2621 1995 2690 inspirantem,
2024 2629 2079 2676 et

492 2737 588 2792 per
632 2722 735 2775 hoc
761 2717 911 2772 dabit
934 2714 1490 2785 banc'benignitatem
1510 2752 1525 2779 ,
1556 2713 1680 2782 quia
1717 2731 1737 2764 ι
1772 2723 1941 2779 terra,
1973 2732 1992 2766 ι
2024 2713 2079 2768 id

493 2822 595 2878 est,
630 2812 780 2882 virgo
803 2807 987 2871 Maria,
1032 2826 1051 2858 ι
1093 2814 1303 2871 nostra,
1340 2823 1361 2857 ι
1404 2806 1457 2860 id
1486 2812 1601 2870 est,
1632 2804 1699 2859 de
1744 2812 1927 2859 nostra
1977 2819 2076 2858 na-

495 2913 648 2965 tura,
683 2918 702 2951 ι
731 2898 880 2954 dabit
920 2896 1151 2950 fructum
1178 2909 1356 2959 suum,
1391 2912 1411 2946 ι
1442 2893 1497 2947 id
1535 2902 1651 2958 est,
1685 2892 1854 2946 filium
1898 2907 2073 2947 suum.

495 2990 574 3045 Ad
595 2990 825 3060 primam
850 2985 1169 3041 sententiam
1192 2985 1266 3038 ita
1284 2983 1634 3039 continuatur
1655 2996 1669 3035 :
1692 2982 1830 3037 Vere
1851 2982 1917 3037 de
1934 2992 2079 3037 terra

495 3088 611 3136 orta
642 3086 725 3131 est
744 3075 966 3139 veritas,
1004 3072 1059 3126 id
1083 3080 1185 3137 est,
1208 3070 1476 3135 Christus,
1500 3069 1625 3140 quia
1649 3070 1908 3126 Dominus
1929 3070 2081 3125 dabit

496 3168 881 3240 benignitatem
900 3206 914 3231 ,
945 3164 999 3219 id
1028 3170 1132 3229 est,
1159 3162 1387 3232 gratiam
1422 3162 1749 3232 aspirantem
1781 3178 1943 3232 quam
1968 3178 2076 3218 non
2102 3151 2148 3214 C

498 3266 670 3328 daret,
696 3261 797 3316 nisi
821 3275 918 3330 per
942 3258 1239 3323 Christum,
1264 3266 1319 3313 et
1343 3265 1486 3312 terra
1511 3264 1716 3322 nostra,
1741 3256 1794 3310 id
1816 3264 1915 3319 est,
1947 3270 2077 3310 caro

496 3358 753 3419 humana,
781 3350 1013 3421 aspirata
1040 3349 1133 3404 illa
1156 3348 1486 3422 benignitate
1504 3347 1640 3414 Dei,
1668 3347 1818 3403 dabit
1838 3346 2076 3419 fructum

496 3462 674 3511 suum,
700 3445 754 3499 id
772 3451 854 3498 est
874 3442 1015 3497 bona
1039 3455 1225 3510 opera.

566 3535 635 3588 Et
661 3551 680 3584 ι
710 3531 918 3602 justitia
953 3550 973 3583 ι
1006 3538 1189 3585 nostra
1225 3547 1244 3581 ι
1275 3536 1401 3584 ante
1433 3542 1556 3583 eum
1584 3526 1901 3593 ambulabit,
1932 3545 1952 3578 ›
1982 3541 2078 3597 pa-

499 3626 643 3682 rabit
690 3624 834 3678 viam
890 3637 995 3693 qua
1033 3623 1178 3677 Deus
1220 3622 1275 3675 in
1318 3635 1417 3675 nos
1463 3620 1773 3675 descendat.
1817 3617 1913 3674 Vel
1952 3628 2078 3674 ante

496 3736 620 3777 eum
644 3759 659 3786 ,
700 3720 752 3774 id
778 3725 878 3783 est,
918 3718 972 3772 in
1008 3715 1343 3787 beneplacito
1384 3713 1537 3785 ejus,
1576 3732 1594 3764 ι
1628 3721 1685 3768 et
1708 3719 1873 3782 ponet
1908 3730 1927 3763 ›
1961 3712 2076 3782 ipse

499 3811 663 3877 Deus,
701 3829 720 3861 ι
760 3810 815 3864 in
840 3810 925 3863 via
959 3827 978 3861 ι
1011 3822 1116 3877 qua
1138 3807 1277 3861 imus
1312 3805 1378 3861 ad
1399 3821 1543 3867 eum,
1573 3823 1593 3855 ‹
1622 3818 1839 3875 gressus
1864 3818 2015 3870 suos,
2049 3822 2070 3856 ι

496 3903 549 3959 id
575 3912 677 3967 est,
698 3900 1040 3970 operationes
1059 3913 1207 3962 suas,
1222 3896 1427 3950 scilicet
1449 3893 1825 3963 multiplicabit
1847 3893 2074 3964 gratiam

496 4010 652 4051 suam
699 3992 753 4045 in
778 3990 955 4044 nobis.
991 3988 1085 4042 Vel
1114 3988 1228 4056 ipse
1260 3986 1436 4055 justus
1466 3986 1628 4039 homo
1666 3983 1819 4051 ponit
1859 3998 2077 4053 gressus

497 4099 645 4148 suos,
680 4081 735 4136 id
764 4086 868 4145 est,
896 4076 1267 4148 operationes;
1293 4075 1347 4128 in
1371 4076 1480 4149 yia,
1512 4074 1566 4127 id
1588 4081 1692 4137 est,
1717 4072 1770 4126 in
1797 4073 2078 4143 praeceptis

499 4173 628 4237 Dei,
674 4179 736 4226 ut
781 4167 1073 4223 secundum
1125 4174 1393 4235 praecepta
1440 4164 1535 4219 Dei
1573 4173 1843 4233 operetur.
1889 4162 1985 4218 Vel
2022 4164 2077 4219 in

498 4263 604 4326 via,
636 4260 691 4315 id
712 4267 819 4328 est,
844 4260 898 4315 in
921 4256 1158 4313 Christo.
1181 4264 1242 4334 ut
1260 4256 1328 4309 ad
1357 4255 1711 4310 imitationem
1735 4253 1935 4311 Christi
1957 4270 2080 4326 ope-

501 4363 678 4415 mm'
918 4418 987 4475 1N
1011 4413 1345 4474 PSALMUM
1381 4416 1644 4474 Lxxxv.

941 4512 1195 4568 Trruws.
1230 4510 1411 4567 Oratio
1437 4511 1625 4567 David.

576 4649 595 4683 ι
626 4627 862 4692 inclina,
886 4624 1131 4679 Domine.
1169 4644 1187 4677 ι
1226 4623 1472 4679 Psalmus
1494 4624 1596 4679 iste
1622 4629 1844 4678 vocatur
1868 4622 2065 4688 oratio,

502 4722 627 4793 quia
651 4730 705 4776 et
731 4734 829 4791 per
860 4728 1027 4774 totum
1050 4717 1241 4789 psalmi
1270 4724 1577 4771 contextum
1610 4714 1909 4769 orationem
1937 4729 2069 4769 con-

501 4816 653 4881 tinet,
678 4823 734 4868 et
758 4814 826 4869 ad
850 4815 1108 4869 orandum
1141 4824 1239 4865 nos
1263 4815 1464 4864 monet.
1494 4804 1674 4860 Voluit
1702 4805 1843 4858 enim
1886 4804 2069 4859 Domi-

499 4923 603 4964 nus
643 4904 801 4961 Jesus
845 4918 1021 4969 orare,
1053 4910 1112 4956 ut
1141 4900 1296 4955 nobis
1329 4900 1383 4953 in
1428 4912 1487 4952 se
1532 4896 1861 4964 relinqueret
1884 4910 2071 4949 exem-

499 5000 646 5071 plum
686 4996 922 5053 orandi:
965 4994 1102 5067 fugit
1148 4993 1312 5048 etiam
1366 4999 1427 5046 ut
1476 4989 1532 5043 in
1581 4988 1685 5042 hoc
1725 4988 1881 5043 nobis
1918 4988 2074 5044 daret

498 5090 800 5160 exemplum
844 5087 1106 5158 fugiendae
1153 5089 1592 5154 praesumptuosae
1642 5079 1834 5133 mortis
1875 5088 1930 5135 et
1989 5087 2069 5134 te-

2094 4500 2151 4562 D

2180 1901 2413 1972 quisque
2444 1899 2617 1957 fidelis
2639 1908 2822 1970 potest
2848 1899 3034 1954 dicere
3058 1912 3160 1968 pro
3187 1897 3347 1952 modo
3370 1911 3493 1963 suo,
3528 1906 3736 1963 unctis,

2178 1993 2234 2048 id
2287 2001 2403 2057 est,
2440 1992 2806 2048 sanctiﬁcatus
2851 2007 2990 2047 sum.
3031 1989 3185 2046 Unde
3221 1988 3354 2044 dicit
3382 1988 3736 2061 Augustinus:

2175 2083 2431 2152 Injuriam
2478 2083 2651 2139 ﬁdelis
2693 2081 2810 2153 jam
2856 2080 2987 2138 facit
3031 2078 3248 2136 Christo
3277 2117 3296 2145 ,
3340 2079 3435 2149 qui
3485 2094 3602 2135 non
3637 2080 3738 2134 dicit

2177 2184 2397 2232 sanctus
2438 2190 2592 2241 sum,
2631 2192 2651 2226 ‹
2694 2181 2750 2230 et
2796 2172 3008 2228 salvum
3049 2170 3177 2236 fac,
3223 2186 3244 2221 ι
3276 2169 3331 2223 id
3368 2177 3482 2234 est,
3518 2182 3739 2240 perseve-

2176 2275 2365 2322 ranter
2401 2264 2676 2320 custodias
2710 2284 2729 2317 ‹
2763 2278 2980 2320 servum
3009 2252 3161 2317 tuum
3198 2278 3221 2313 ι
3253 2274 3421 2330 quem
3450 2259 3619 2315 debes
3658 2260 3738 2315 sll-

2177 2371 2326 2421 vare,
2364 2357 2620 2426 quoniam
2649 2370 2838 2411 servus
2864 2362 2990 2410 tuus
3017 2366 3139 2409 sum
3157 2390 3176 2419 ,
3204 2368 3225 2402 ι
3268 2349 3414 2405 Deus
3447 2365 3625 2419 meus,
3644 2366 3738 2421 spe-

2179 2456 2388 2502 rantem
2425 2447 2479 2500 in
2511 2454 2596 2512 te,
2633 2465 2652 2498 ι
2688 2446 2877 2501 nonin
2904 2443 3212 2501 mundanis.

2251 2537 2567 2607 Propterea,
2611 2536 2739 2605 quia
2773 2534 2886 2589 dixi
2939 2534 3102 2590 debes
3141 2534 3453 2599 custodire,
3507 2540 3571 2587 et
3608 2529 3738 2585 eu'am

2178 2637 2398 2700 propter
2427 2630 2558 2692 hoc,
2585 2627 2710 2696 quia
2741 2627 2795 2681 in
2838 2635 2892 2681 te
2920 2626 3037 2696 ipso
3094 2627 3263 2683 habes
3309 2622 3736 2683 misericordiam.

2180 2731 2234 2777 et
2277 2721 2380 2775 hoc
2409 2728 2492 2775 est
2542 2737 2561 2770 ι
2600 2719 2860 2773 miserere
2898 2719 3036 2785 mei,
3067 2718 3328 2785 Domine,
3374 2735 3393 2769 ι
3436 2716 3493 2772 id
3524 2722 3627 2779 est,
3662 2727 3738 2782 per

2181 2821 2327 2867 tuam
2380 2809 2809 2866 misericordiam
2848 2807 3009 2863 visita
3039 2823 3148 2875 me,
3174 2815 3230 2863 et
3274 2807 3398 2877 quia
3428 2804 3537 2860 scit

2180 2900 2324 2955 diam
2375 2899 2473 2955 Dei
2512 2914 2619 2954 non
2661 2912 2782 2953 esse
2806 2897 3034 2954 dandam
3070 2897 3495 2969 negligentibus,
3533 2891 3738 2949 ostenti!

2182 3004 2241 3045 se
2282 2989 2533 3045 idoneum
2566 3027 2582 3054 ,
2631 2987 2723 3058 qui
2766 2986 2857 3041 illa
2900 2987 3158 3042 debeatur
3195 2983 3598 3048 misericordia,
3640 2994 3737 3036 cum

2184 3082 2330 3147 dicit,
2368 3100 2387 3133 ι
2432 3079 2686 3149 quoniam
2718 3078 2786 3132 ad
2815 3085 2865 3132 te
2905 3077 3138 3140 clamavi
3161 3085 3275 3133 tota
3302 3076 3393 3132 die
3420 3094 3442 3128 ι
3484 3074 3737 3133 miseram

2179 3182 2234 3229 et
2259 3192 2277 3224 ι
2314 3172 2527 3227 laetifica
2561 3190 2581 3223 ι
2615 3171 2682 3226 de
2703 3184 2799 3240 spe
2835 3178 3049 3225 aeternae
3070 3168 3441 3233 beatitudinis,
3480 3186 3500 3219 ι
3534 3167 3740 3227 animata

2180 3263 2321 3319 servi
2345 3264 2444 3329 tui,
2475 3282 2493 3315 ι
2514 3261 2767 3332 quoniam
2802 3262 2869 3316 ad
2907 3269 2979 3326 te,
3011 3261 3257 3329 Domine,
3290 3279 3310 3312 ι
3330 3261 3570 3315 animam
3590 3271 3740 3313 meam

2178 3355 2370 3421 levavi,
2410 3372 2429 3406 ι
2464 3353 2590 3423 quia
2618 3354 2876 3408 eam‘non
2924 3352 3166 3423 depressi
3195 3353 3253 3407 in
3296 3351 3421 3407 istis
3457 3349 3741 3413 mundanis,

2178 3448 2271 3503 sed
2293 3446 2360 3501 ad
2390 3455 2443 3501 te
2469 3445 2643 3501 solum
2673 3446 2842 3501 erexi.

2247 3535 2373 3591 Ideo
2404 3536 2471 3590 ad
2506 3544 2559 3591 te
2582 3535 2777 3601 levavi,
2814 3552 2833 3586 ι
2863 3535 3117 3604 quoniam
3146 3541 3222 3599 tu,
3250 3534 3502 3601 Domine,
3531 3531 3739 3591 suavis»

2179 3645 2240 3685 es
2260 3627 2601 3700 gustantibus
2624 3635 2701 3695 te,
2730 3646 2749 3679 ι
2782 3634 2839 3682 et
2862 3627 3010 3681 mitis
3040 3645 3059 3680 ι
3087 3627 3405 3683 sustinendo
3424 3637 3744 3698 peccatores,

2178 3729 2240 3778 ut
2259 3728 2662 3795 convertantur,
2697 3736 2716 3769 ι
2751 3717 2821 3773 et'
2844 3736 2863 3769 ι
2893 3718 3057 3772 etiam
3099 3736 3117 3769 ι
3154 3717 3371 3783 multae,
3403 3736 3421 3769 ι
3456 3719 3510 3773 id
3535 3724 3645 3782 est,
3671 3716 3748 3770 in-

2178 3813 2342 3869 finita:
2368 3833 2386 3864 (
2415 3810 2799 3866 misericordiae
2828 3809 3078 3866 omnibus
3098 3809 3467 3866 invocantibus
3488 3817 3540 3863 te
3573 3827 3597 3860 ι
3629 3807 3753 3877 quia

2178 3906 2257 3961 eis
2294 3904 2463 3959 multa
2489 3905 2629 3959 bona
2650 3903 2894 3957 exhibes.

2248 3997 2315 4051 Et
2349 3997 2475 4066 quia
2519 3994 2829 4050 misericors
2858 4008 2938 4060 es,
2970 3994 3091 4050 ideo
3130 4009 3242 4049 non
3267 4000 3460 4048 tantum
3506 3996 3645 4060 peto
3692 3991 3760 4044 ut

2177 4088 2458 4151 exaudias,
2495 4086 2589 4141 sed
2609 4085 2775 4141 etiam
2802 4103 2822 4135 ‹
2853 4085 3076 4140 auribus
3104 4086 3319 4156 percipe
3341 4125 3358 4152 ,
3390 4103 3410 4136 ι
3439 4082 3492 4138 id
3517 4088 3609 4137 est
3626 4123 3644 4147 ,
3668 4081 3755 4135 ﬁt.

2177 4180 2341 4236 miter
2390 4180 2622 4236 reconde
2675 4178 2952 4234 memoria:
3008 4196 3026 4230 ι
3081 4179 3383 4234 orationem
3431 4190 3615 4232 meam
3640 4217 3657 4241 ,
3706 4184 3757 4230 et

2177 4268 2398 4324 intende
2425 4268 2544 4323 voci
2584 4268 2981 4338 deprecationis
3031 4281 3165 4324 mea:
3212 4287 3231 4320 ι
3282 4268 3350 4323 de
3391 4268 3552 4323 malis
3589 4281 3755 4323 remo-

2179 4364 2387 4419 vendis.

2246 4452 2314 4507 Et
2362 4452 2525 4509 debes
2571 4453 2870 4520 intendere,
2919 4454 3045 4526 quia
3087 4472 3107 4507 ι
3161 4454 3219 4509 in
3263 4454 3353 4510 die
3395 4454 3755 4510 tribulationis

2175 4560 2310 4601 mea:
2327 4565 2346 4598 ι
2374 4545 2429 4599 in
2455 4552 2694 4616 tempore
2722 4559 2856 4600 mea:
2878 4545 3083 4602 militia:
3117 4561 3137 4597 ι
3168 4545 3396 4601 clamavi
3424 4545 3497 4600 ad
3525 4554 3619 4612 te;
3642 4546 3759 4615 quia

2175 4636 2440 4692 exaudisti
2476 4651 2582 4691 me.
2616 4656 2636 4689 ι
2669 4634 2788 4690 Non
2838 4637 2982 4691 enim
3026 4635 3295 4701 Christus,
3328 4637 3422 4707 qui
3471 4637 3652 4692 semel
3681 4652 3761 4690 ex-

2180 4729 2519 4798 audiebatur,
2548 4729 2742 4785 dubius
2777 4737 2898 4785 erat
2936 4730 3002 4785 de
3044 4728 3390 4785 exauditione
3429 4744 3551 4784 non
3592 4738 3763 4800 potest

2180 4820 2359 4876 dicere
2388 4821 2491 4875 hoc
2514 4860 2529 4887 ,
2560 4820 2664 4875 nisi
2696 4828 2934 4886 sanctus,
2960 4820 3105 4891 quod
3136 4819 3350 4885 clamet,
3374 4818 3507 4889 quia
3536 4822 3761 4876 exaudi-

2182 4918 2306 4976 tur,
2334 4910 2429 4965 sed
2458 4910 2636 4980 potius
2679 4911 2878 4967 clamat
2924 4919 2986 4966 ut
3025 4910 3362 4966 exaudiatur.
3408 4910 3559 4966 Cum
3621 4911 3768 4967 Chri-

2177 5009 2291 5057 stus
2313 5001 2457 5056 dicat
2490 5017 2549 5058 se
2569 5003 2623 5057 in
2652 5004 2998 5059 tribulatione
3028 5004 3295 5060 clamasse
3314 5045 3329 5071 ,
3356 5003 3546 5060 innuit
3589 5005 3767 5069 nobis,

2174 5092 2231 5147 in
2276 5091 2623 5147 tribulatione
2649 5095 2882 5149 maxime
2919 5095 2985 5149 ad
3013 5094 3184 5150 Deum
3231 5109 3351 5150 esse
3385 5093 3770 5153 clamandum.

471 5228 475 5231 .
501 5180 769 5245 merariae,
796 5192 915 5248 quae
938 5176 1114 5232 oratio
1154 5174 1465 5229 attribuitur
1493 5187 1619 5228 vero
1654 5172 1843 5237 David,
1866 5172 2071 5230 scilicet

501 5271 748 5334 Christo,
775 5268 868 5339 qui
912 5268 1150 5337 loquitur
1185 5266 1241 5321 in
1294 5266 1398 5321 hoc
1436 5264 1660 5335 psalmo.
1721 5266 1942 5321 Materia
1987 5276 2072 5323 est

501 5362 747 5416 Christus
774 5361 887 5431 ipse
930 5360 1160 5429 patiens.
1190 5356 1479 5412 Modus.ln
1519 5357 1691 5427 prima
1734 5368 1906 5428 parte,
1936 5358 2072 5429 petit

501 5452 604 5508 sibi
630 5462 754 5507 ante
778 5460 991 5521 tempus
1013 5450 1294 5521 passionis,
1324 5449 1529 5504 scilicet
1557 5457 1617 5502 ut
1641 5449 1782 5505 Deus
1802 5450 2071 5506 custodiat

500 5558 623 5597 eum
658 5543 713 5596 in
753 5551 993 5611 tempore
1028 5555 1135 5594 suae
1164 5541 1388 5606 militia),
1420 5556 1487 5594 ne
1518 5540 1720 5594 inimici
1754 5542 1835 5595 sui
1867 5542 2072 5610 possint

502 5648 626 5688 eum
661 5633 763 5687 sibi
791 5631 971 5703 aliquo
997 5631 1154 5686 modo
1184 5630 1538 5686 conformare.
1565 5632 1621 5685 In
1651 5633 1879 5685 secunda
1899 5643 2072 5703 parte,

500 5723 845 5795 quaeincipit:
870 5724 1081 5780 «Deduc
1097 5725 1460 5801 me,Dnmine,
1486 5745 1503 5776 ι
1530 5726 1960 5795 precaturDeum
1978 5743 2075 5797 pro

2251 5199 2269 5232 ‹
2305 5181 2420 5236 Νοη
2452 5190 2535 5237 est
2552 5181 2764 5248 similis,
2799 5203 2817 5235 ι
2860 5191 2915 5238 et
2939 5184 3135 5240 merito
3157 5184 3333 5240 clamo
3360 5184 3426 5240 ad
3449 5194 3535 5251 te,
3569 5188 3774 5257 quia,o

2179 5291 2197 5325 ί
2233 5272 2478 5335 Domine,
2507 5272 2559 5325 in
2600 5271 2706 5327 diis
2738 5291 2757 5323 ι
2788 5273 2934 5339 suis,
2964 5274 3077 5329 sive
3127 5275 3184 5329 in
3235 5274 3562 5344 potentibus
3614 5276 3779 5347 hujus

2171 5363 2372 5427 saeculi,
2407 5363 2521 5416 sive
2548 5361 2603 5416 in
2626 5361 2935 5418 ccelestibus
2953 5364 3241 5429 creaturis,
3267 5379 3372 5419 non
3398 5374 3486 5419 est
3513 5385 3536 5417 ι
3573 5369 3781 5439 aliquis

2177 5473 2195 5505 ‹
2223 5453 2412 5507 similis
2453 5453 2524 5505 tui
2561 5472 2577 5502 ι
2620 5452 2672 5506 in
2723 5454 2978 5518 essentia,
3015 5473 3035 5505 ς
3068 5461 3125 5508 et
3173 5470 3280 5508 non
3328 5467 3410 5508 est
3451 5462 3785 5513 secundum

2171 5560 2333 5612 opera
2366 5552 2492 5606 tua,
2534 5561 2550 5592 ι
2591 5544 2715 5611 quia
2771 5557 2927 5598 nemo
2974 5552 3150 5613 potest
3201 5544 3377 5599 facere
3403 5558 3469 5598 ea
3527 5561 3677 5616 qua
3730 5558 3788 5603 tu

2172 5635 2324 5689 facis.

2249 5728 2386 5782 Vere
2429 5743 2535 5783 non
2575 5734 2659 5783 est
2701 5726 2893 5799 aliquis
2930 5727 3226 5784 secundum
3273 5742 3437 5799 opera
3484 5737 3630 5799 tua,
3660 5733 3795 5805 quia
