3940 6460
180 423 287 479 489

1355 412 1790 470 EXPLANATIO
1831 411 1894 466 IN
1936 410 2268 466 PSALMOS.

3315 411 3420 469 490

187 560 206 590 ι
237 552 426 593 omnes
444 535 644 593 Gentes
660 547 1004 604 quascunque
1031 529 1226 596 fecisti,
1259 550 1276 580 ι
1298 531 1349 586 id
1369 539 1473 590 est.
1501 529 1663 598 aliqui
1687 528 1754 582 de

1873 539 1961 588 ne,
1999 545 2018 578 ι
2063 525 2113 578 id
2141 533 2244 588 est,
2275 525 2488 581 attende
2515 524 2763 580 meritum
2791 566 2805 591 ,
2839 543 2855 575 ι
2885 519 2940 579 εἰ
2967 523 3225 580 miserere
3253 525 3360 581 mei
3400 543 3418 576 ι

181 627 332 681 (ηιιηί
356 635 536 696 gente,
571 642 590 674 ι
629 623 848 677 venient
885 641 902 673 ι
942 634 1038 691 per
1069 620 1225 674 ﬁdem
1255 638 1273 670 ι
1309 629 1364 674 ει
1388 619 1687 673 adorabunt
1729 635 1748 669 ι

181 720 239 774 id
261 725 364 783 est,
407 715 823 779 venerabantur,
847 713 1031 768 ethoc
1066 731 1085 764 ι
1123 728 1307 767 coram
1349 720 1421 775 te,
1439 712 1691 773 'Domine,
1731 729 1750 762 ι

182 808 239 862 id
271 816 379 873 est,
412 807 468 861 in
497 804 832 875 beneplacito
861 812 975 866 tuo,
1010 820 1028 852 ι
1063 810 1118 856 ει
1158 801 1533 871 gloriﬁcabunt
1561 813 1757 853 nomen

1852 630 1948 684 per
2001 612 2428 670 misericordiam
2483 625 2627 668 tuam
2677 613 3044 670 resuscitando
3093 630 3201 679 me,
3246 623 3302 670 et
3347 616 3426 670 sic

1861 726 1878 757 ι
1907 705 1973 759 da
2008 725 2027 757 ι
2063 705 2194 759 mihi
2223 725 2241 760 ι
2273 721 2436 776 puero
2460 715 2572 770 tuo,
2612 727 2629 758 ›
2666 707 2716 762 id
2746 716 2846 772 est,
2878 707 3068 760 devoto
3102 722 3198 775 per
3223 709 3424 772 omnia,

1862 813 1880 846 ι
1915 797 2196 865 imperium
2229 807 2397 860 tuum,
2449 818 2466 850 ι
2507 797 2559 851 id
2589 808 2672 852 est
2710 799 2944 868 regimen
2976 798 3027 851 in
3061 797 3328 865 gentibus,
3370 807 3428 853 et

180 900 360 957 tuum,
391 911 411 945 ι
437 893 491 947 id
510 901 611 957 est,
645 899 698 945 te
723 889 1122 954 nominabilem,
1155 890 1207 943 id
1235 897 1336 954 est,
1365 904 1468 942 non
1495 897 1759 956 quantum
1856 884 2088 951 Iudaeis,
2127 905 2146 938 ‹
2191 896 2247 941 ει
2281 887 2487 940 salvum
2529 887 2615 942 fac
2654 907 2672 940 ι
2707 903 2810 952 me,
2855 886 3205 943 custodiendo
3243 901 3430 957 perse-

181 988 251 1044 ad
284 996 365 1052 te,
394 985 518 1055 quia
555 1000 661 1038 non
705 991 858 1051 potes
905 982 1088 1051 augeri
1126 996 1227 1036 nec
1271 979 1459 1043 minui,
1502 979 1596 1033 sed
1637 993 1760 1032 cum

182 1081 305 1135 aliis
351 1077 719 1149 praedicabunt
747 1084 836 1141 te,
877 1074 1185 1130 necessario
1214 1073 1503 1144 gloriosum
1555 1087 1759 1143 cogno-

184 1178 360 1226 scent.
1415 1157 1421 1161 ’

256 1264 324 1318 Ει
350 1261 488 1317 bene
527 1256 723 1316 debent
751 1260 978 1315 adorare
1003 1268 1058 1314 et
1083 1259 1418 1330 gloriﬁcare,
1453 1276 1470 1308 ι
1510 1258 1764 1328 quoniam

178 1369 415 1424 magnus
446 1368 504 1406 cs
542 1361 620 1416 tu,
657 1372 674 1403 ι
719 1349 1276 1420 incomprehensibilis
1317 1349 1538 1409 scilicet,
1573 1357 1624 1402 et
1653 1363 1764 1402 om-

182 1447 456 1515 nipotens,
495 1461 510 1492 ι
537 1450 590 1496 ει
616 1449 668 1494 ιιι
699 1441 844 1496 solus
882 1441 1022 1494 Deus
1046 1455 1126 1504 es,
1168 1439 1369 1494 faciens
1416 1437 1701 1502 mirabilia,
1741 1455 1760 1489 ι

182 1533 313 1606 quia
347 1534 392 1588 si
430 1532 518 1585 alii
551 1529 780 1596 faciunt,
805 1545 904 1600 per
925 1538 978 1584 te
1009 1528 1235 1583 faciunt.

263 1642 281 1673 ι
317 1623 516 1677 Deduc.
569 1640 587 1672 ι
638 1620 772 1674 Pars
807 1619 1059 1674 secunda.
1096 1619 1163 1672 Et
1185 1617 1310 1687 quia
1334 1626 1444 1671 tam
1478 1616 1654 1671 bonus
1685 1631 1764 1681 es,

179 1712 325 1785 ideo,
352 1728 384 1767 ο
410 1730 427 1763 ι
463 1711 710 1775 Domine,
736 1709 905 1764 deduc
923 1723 1027 1773 me,
1064 1728 1081 1760 ι
1118 1708 1171 1762 id
1199 1717 1300 1772 est,
1331 1721 1498 1769 meos,
1536 1724 1555 1758 σ
1592 1708 1646 1760 in
1683 1706 1770 1759 via

180 1810 302 1867 tua,
327 1821 346 1853 ι
377 1798 429 1856 id
456 1811 560 1866 est,
585 1802 637 1854 in
661 1801 942 1870 prmeeptis
973 1801 1100 1864 tuis,
1131 1818 1149 1851 ι
1178 1809 1232 1854 ει
1260 1817 1277 1851 ι
1311 1811 1411 1870 ego
1437 1797 1644 1869 positus
1671 1818 1688 1849 ι
1717 1799 1771 1852 in

1858 987 2109 1034 veranter
2157 976 2438 1048 imperium
2495 980 2637 1048 quod
2686 979 2964 1042 conferes,
3011 979 3177 1032 ﬁlium
3217 978 3426 1033 ancillae

1860 1081 1986 1136 tua},
2016 1072 2069 1126 id
2092 1081 2195 1136 est,
2223 1072 2444 1141 virginis
2472 1071 2682 1136 Mariaz,
2720 1088 2838 1142 qua:
2865 1073 3000 1125 dixit
3024 1089 3036 1124 :
3067 1071 3203 1126 Ecce
3233 1072 3425 1126 ancilla

1861 1164 2094 1229 Domini,
2128 1163 2220 1217 ﬁat
2257 1163 2389 1217 mihi
2428 1163 2719 1218 secundum
2749 1166 2970 1218 verbum
3019 1171 3186 1217 tuum.
3246 1183 3264 1215 ι
3318 1163 3430 1218 Fac

1863 1269 2095 1319 mecum,
2133 1274 2152 1306 ι
2186 1255 2252 1309 da
2280 1254 2412 1308 mihi
2451 1255 2753 1323 imperium,
2777 1265 2831 1308 et
2853 1270 2959 1322 quo
2981 1254 3108 1308 illud
3135 1255 3430 1320 obtineant,

1866 1347 1952 1402 fac
1978 1357 2180 1413 votum,
2210 1356 2264 1402 et
2300 1349 2403 1402 hoc
2430 1357 2542 1412 est,
2573 1346 2656 1401 fac
2686 1365 2704 1396 ι
2737 1349 2946 1418 signum
2979 1368 2996 1399 ι
3034 1349 3251 1417 aliquod
3295 1350 3430 1405 insi-

1866 1454 1969 1508 gne
1997 1436 2194 1492 factum
2217 1473 2234 1502 ,
2264 1435 2428 1490 veluti
2459 1437 2930 1500 resurrectionem,
2963 1446 3017 1490 et
3055 1437 3157 1490 hoc
3187 1453 3396 1491 mecum
3416 1477 3432 1501 ,

1869 1529 1994 1598 quia
2023 1543 2124 1596 ego
2142 1527 2496 1597 promerendo
2525 1528 2592 1582 ad
2616 1528 2715 1582 hoc
2741 1536 2998 1597 quantum
3024 1537 3209 1596 potero
3229 1529 3433 1592 laboro,

1870 1625 1924 1674 et
1937 1619 2100 1673 debes
2123 1619 2456 1688 facere,quia
2477 1620 2579 1674 hoc
2604 1629 2726 1689 peto
2759 1638 2776 1670 ι
2805 1620 2857 1674 in
2879 1619 3077 1674 bonum
3108 1640 3126 1671 ι
3149 1619 3355 1674 scilicet
3377 1630 3437 1674 ut

1874 1711 1997 1765 inde
2035 1711 2254 1776 bonum,
2279 1711 2331 1765 id
2355 1719 2462 1776 est,
2491 1711 2633 1766 salus
2669 1712 2882 1766 eveniat
2904 1711 3172 1780 gentibus,
3214 1713 3282 1766 ad
3334 1711 3439 1765 hoc

1875 1801 1962 1856 fac
2006 1800 2238 1870 signum,
2268 1819 2287 1852 ι
2321 1809 2381 1854 ιιι
2406 1801 2644 1866 videant,
2679 1821 2696 1851 ι
2732 1801 2784 1854 id
2813 1808 2927 1864 est,
2951 1799 3252 1870 intelligant
3297 1817 3317 1850 ‹
3346 1801 3436 1869 qui

178 1893 413 1946 veritate
452 1901 540 1946 tua
566 1891 836 1962 ingrediar
869 1910 888 1943 ι
931 1891 996 1944 de
1028 1890 1221 1944 virtute
1250 1891 1307 1943 in
1337 1890 1607 1943 virtutem.
1641 1888 1757 1941 Alia
1789 1889 1834 1946 Β
1862 1890 2091 1945 oderunt
2113 1906 2218 1955 me,
2243 1897 2296 1944 et
2317 1888 2745 1954 confundantur,
2776 1909 2795 1941 ι
2823 1888 3180 1958 intelligentes
3205 1902 3264 1942 se
3297 1888 3437 1942 mala

179 1980 468 2038 translatio
503 1984 664 2038 habet
699 2001 717 2033 ε
756 1982 969 2037 ambulo
1005 1997 1020 2035 :
1056 2000 1074 2033 ι
1107 1982 1179 2036 ita
1211 1980 1500 2053 ingrediar,
1530 1988 1589 2034 ut
1614 1999 1631 2031 ι
1669 1995 1764 2035 cor

1861 1981 2053 2050 egisse,
2082 1981 2184 2035 hoc
2205 1981 2406 2035 scilicet
2447 1980 2702 2043 videant,
2736 1999 2753 2030 ι
2789 1980 2914 2048 quia
2965 1987 3040 2042 tu,
3073 1979 3316 2044 Domine,
3347 1979 3432 2032 ad-

180 2087 388 2137 meum,
424 2091 442 2124 ι
469 2073 524 2127 id
550 2074 650 2136 est,
680 2085 922 2128 meorum
954 2093 972 2124 ι
1015 2071 1226 2126 ιτειειιιι·
1255 2092 1272 2124 ι
1305 2072 1370 2126 de
1395 2087 1487 2142 spe
1510 2086 1760 2126 remune—
1855 2071 2039 2140 juvisti
2073 2088 2160 2127 me
2190 2093 2207 2124 ι
2237 2073 2291 2126 in
2340 2071 2726 2127 certaminibus
2765 2086 2886 2140 quae
2916 2071 3075 2125 habui
3106 2081 3293 2125 contra
3323 2085 3436 2133 eos,

178 2161 430 2224 rationis,
470 2169 530 2214 ut
563 2157 780 2231 propter
817 2161 920 2216 hoc
954 2180 972 2214 ι
1006 2161 1226 2228 timeat,
1271 2181 1288 2214 ι
1324 2163 1378 2216 id
1412 2171 1514 2226 est,
1557 2162 1761 2232 diligat,

181 2269 205 2303 ς
251 2263 448 2306 nomen
475 2260 622 2306 tuum
650 2270 661 2305 :
697 2271 716 2305 ι
756 2251 896 2317 "aliis,
922 2260 982 2307 ut
1009 2252 1250 2317 timeant,
1286 2263 1392 2307 nun
1418 2252 1611 2306 dantur
1637 2268 1763 2322 gau-

177 2342 290 2406 dia,
319 2343 413 2397 sed
446 2341 688 2398 adversa.
735 2343 804 2398 Et
834 2344 881 2398 si
911 2343 1112 2398 dixeris
1147 2362 1159 2396 :
1205 2361 1222 2395 ε
1255 2341 1562 2398 Couﬁtebor
1591 2342 1708 2407 tibi,
1739 2361 1758 2393 ι

173 2431 238 2486 id
262 2435 364 2498 est,
388 2431 684 2488 laudabunt
707 2441 758 2488 t'e
779 2433 904 2500 mei,
933 2432 1188 2488 «Domine
1211 2434 1352 2487 Deus
1377 2442 1549 2497 meus,
1575 2433 1627 2486 in
1652 2440 1764 2488 toto

174 2527 345 2582 corde
372 2532 517 2592 'meo,
560 2543 578 2579 ι
611 2527 664 2581 id
693 2535 792 2589 est,
823 2541 1099 2592 meorum,
1139 2527 1264 2596 quia
1301 2540 1394 2580 cor
1428 2541 1655 2580 vacuum
1696 2525 1764 2578 ab

173 2618 433 2673 omnibus
459 2618 580 2673 aliis
603 2618 819 2673 vacabit
845 2618 1179 2674 solummodo
1225 2626 1328 2673 tum
1348 2617 1493 2672 laudi
1527 2633 1540 2670 :
1574 2624 1629 2672 et
1654 2632 1762 2671 non

175 2718 396 2764 tantum
423 2710 824 2765 conﬁtebuntur
863 2711 966 2766 mei
998 2710 1051 2764 in
1083 2711 1305 2781 seipsis,
1336 2710 1430 2764 sed
1458 2710 1620 2764 etiam
1651 2709 1764 2762 lau-

172 2798 384 2854 dabunt
419 2809 470 2854 te
498 2800 639 2868 apud
663 2799 824 2865 alios;
872 2808 928 2853 et
964 2800 1065 2854 hoc
1105 2807 1210 2864 est,
1248 2818 1265 2849 ‹
1302 2796 1618 2868 gloriﬁcaho
1665 2811 1764 2851 no-

176 2904 307 2945 men
335 2899 485 2945 tuum
515 2891 569 2944 in
598 2897 880 2945 mternum.
923 2909 941 2942 ι

256 2978 379 3034 Ideo
409 2981 608 3035 debent
648 2980 972 3050 gloriﬁcare,
1011 3000 1030 3033 ι
1079 2981 1203 3050 quia
1258 2980 1626 3036 misericordia
1671 2989 1763 3035 tua

178 3086 379 3140 magna
426 3082 508 3128 est
539 3077 698 3142 super
733 3089 843 3140 me,
881 3093 898 3128 ι
939 3073 994 3128 id
1018 3077 1136 3138 est,
1173 3088 1335 3144 super
1361 3078 1546 3128 me‘os:
1588 3092 1607 3124 ι
1645 3081 1701 3127 ει
1739 3092 1757 3126 ι

175 3162 338 3227 ’deo,
363 3165 484 3233 quia
519 3182 538 3214 ι
588 3166 774 3220 eruisti
807 3166 1041 3220 animam
1073 3181 1246 3222 meam
1293 3181 1360 3220 ex
1390 3166 1599 3220 inferno
1629 3164 1765 3220 infe-

178 3255 337 3310 riori».
376 3275 394 3308 ι
427 3255 696 3311 Abraham
722 3269 776 3312 et
803 3256 1082 3328 PrOphetae
1111 3266 1234 3312 ante
1256 3258 1543 3312 adventum
1563 3256 1766 3312 Christi
1793 3238 1837 3300 Ε

188 3345 250 3400 in
282 3343 494 3400 inferno
520 3357 704 3411 erant,
739 3348 837 3401 sed
867 3363 972 3402 non
1003 3347 1407 3417 terquebantur.
1446 3347 1577 3401 Erat
1603 3347 1768 3402 infer-

186 3451 294 3490 nus
347 3435 600 3500 inferior,
648 3436 736 3490 ubi
771 3437 965 3490 animm
1015 3435 1276 3490 malorum
1327 3438 1763 3506 torquebantur:

187 3526 336 3580 sicut
379 3534 436 3578 et
464 3527 772 3580 contrario:
807 3525 862 3579 In
891 3526 1047 3580 domo
1089 3526 1268 3582 Patris
1304 3529 1410 3582 mei
1460 3531 1769 3586 mansiones

186 3616 372 3669 multa
418 3623 574 3679 sunt;
616 3615 700 3670 vel
729 3617 831 3670 iste
870 3617 1099 3671 mundus
1147 3617 1345 3672 dicitur
1393 3619 1655 3686 infernus,
1703 3623 1770 3677 ad

185 3705 651 3775 comparationem
682 3707 917 3763 celestis
945 3707 1311 3763 habitationis.
1347 3708 1440 3765 Ille
1470 3723 1600 3766 vero
1619 3711 1771 3768 locus

190 3811 303 3867 quo
333 3797 525 3851 anima:
566 3799 829 3853 malorum
885 3799 952 3852 ad
1007 3800 1364 3868 torquendum
1415 3803 1766 3870 descendunt,

186 3888 418 3944 inferior
467 3889 708 3945 infernus
757 3891 985 3956 dicitur;
1015 3891 1097 3945 vel
1147 3905 1215 3944 ex
1246 3890 1458 3947 inferno
1503 3892 1766 3963 inferiori,

182 3982 246 4037 id
267 3991 369 4046 est,
397 3997 462 4036 ex
491 3982 856 4051 profunditate
883 3984 1134 4038 vitiorum
1171 4001 1184 4035 :
1216 3984 1410 4038 anima:
1443 3985 1683 4040 omnium
1707 3986 1770 4040 ﬁ-

181 4074 389 4130 delium
443 4073 848 4140 defunctorum,
890 4089 1219 4145 qua-cunque
1273 4091 1380 4131 non
1435 4076 1768 4132 descendunt

185 4163 259 4217 ad
280 4161 568 4226 infernum,
598 4163 836 4218 liberatae
860 4172 1000 4218 sunt.

268 4273 286 4304 ι
328 4253 488 4317 Deus,
512 4254 700 4323 iniqui.
736 4273 753 4305 ι
784 4254 916 4309 Pars
939 4255 1115 4308 tertia.
1142 4254 1490 4311 Continuatio
1520 4272 1534 4311 :
1567 4256 1767 4313 Precor

184 4352 253 4398 ut
282 4344 397 4398 haec
424 4343 590 4398 facias
615 4345 770 4407 meis,
793 4353 846 4399 et
873 4359 958 4399 me
1001 4344 1239 4414 gloriﬁca
1271 4363 1284 4398 :
1309 4354 1364 4400 et
1391 4347 1491 4401 hoc
1519 4357 1602 4402 est
1623 4350 1765 4417 quod

185 4432 418 4487 inferius
459 4432 625 4502 ponit.
680 4432 908 4502 Respice
938 4433 991 4486 in
1021 4448 1128 4498 me,
1151 4442 1205 4488 et
1226 4434 1483 4490 miserere
1510 4436 1616 4490 mei
1649 4453 1662 4489 :
1711 4445 1767 4490 et

186 4524 261 4578 ad
287 4523 388 4578 hoc
418 4524 693 4593 praemittit
715 4524 975 4593 quasdam
1018 4533 1247 4579 causas:
1294 4534 1348 4579 et
1375 4540 1510 4595 opus
1532 4535 1633 4590 est,
1662 4527 1766 4581 Do-

187 4614 356 4677 mine,
383 4623 446 4667 ut
471 4612 753 4684 gloriﬁces,
777 4614 924 4682 quia,
952 4629 986 4667 o
1022 4631 1040 4663 ς
1074 4614 1235 4679 Deus,
1265 4613 1433 4683 iniqui
1461 4615 1766 4672 insurrexe‘

187 4711 322 4757 runt
348 4715 508 4771 super
539 4717 646 4768 me,
678 4722 696 4754 ι
730 4711 786 4756 ει
813 4717 916 4757 non
950 4701 1228 4758 inferiores
1255 4704 1426 4758 solum
1456 4705 1644 4773 iniqui,
1670 4706 1764 4761 sed

193 4809 217 4843 ι
259 4789 422 4844 etiam
473 4789 754 4862 Synagoga
803 4793 1099 4861 potentium
1148 4793 1478 4862 quaesierunt
1531 4795 1766 4850 animam

189 4893 372 4936 meam
415 4899 433 4932 ι
468 4880 703 4935 retinere
730 4881 784 4934 in
829 4891 1001 4935 morte
1025 4921 1039 4944 ,
1078 4899 1094 4931 ι
1133 4889 1186 4936 ει
1215 4897 1323 4935 ιιοιι
1371 4892 1767 4952 proposuerunt

192 4978 253 5026 te
277 4970 334 5024 in
357 4980 648 5042 conspectu
667 4986 783 5036 suo,
815 4989 834 5021 ι
867 4972 920 5025 id
949 4982 1050 5035 est,
1078 4984 1182 5026 non
1219 4972 1694 5029 consideraverunt
1717 4985 1768 5030 te

193 5059 368 5117 Deum
391 5075 526 5115 meat
555 5059 820 5115 humiliati
841 5075 962 5114 esse
988 5061 1212 5114 unitum.

275 5169 296 5203 ι
333 5151 401 5207 Et
426 5161 516 5218 tu,
545 5151 768 5206 Domine
788 5151 931 5206 Deus
963 5153 1250 5208 miserator
1284 5173 1302 5204 ι
1340 5154 1393 5208 in
1416 5155 1765 5224 exhibitione,

197 5244 327 5314 quia
361 5244 557 5299 multas
604 5244 978 5300 miserationes
1022 5245 1194 5302 fecisti
1224 5248 1474 5304 omnibus
1499 5252 1766 5319 speranti-

196 5335 302 5390 bus
330 5335 494 5401 inte,
528 5352 548 5388 ι
583 5343 638 5388 ει
677 5335 984 5390 misericors
1023 5357 1040 5388 ι
1069 5337 1123 5390 in
1158 5333 1348 5393 natura
1374 5379 1390 5406 ,
1423 5358 1440 5390 ι
1478 5341 1710 5409 patiens,
1744 5361 1763 5394 ι

196 5428 258 5484 id
284 5436 386 5494 εει,
416 5445 522 5485 non
574 5427 757 5483 statim
787 5429 1014 5498 puniens
1040 5439 1286 5499 peccata,
1325 5432 1419 5487 sed
1449 5443 1770 5504 exspectans

195 5528 540 5591 peccatorem
584 5533 683 5587 per
708 5519 1045 5588 patientiam,
1079 5537 1096 5570 ι
1130 5529 1186 5575 ει
1236 5522 1417 5578 multa:
1457 5525 1766 5580 misericor-

195 5609 323 5672 ἀίω,
355 5631 374 5662 ›
413 5611 538 5680 quia
569 5609 738 5680 major
767 5618 850 5665 est
875 5610 1241 5666 misericordia
1265 5629 1427 5682 quam
1453 5617 1628 5686 culpa,
1667 5635 1686 5670 ‹
1716 5627 1771 5673 ει

201 5719 367 5758 verax
399 5723 416 5754 ι
447 5704 501 5756 in
530 5703 779 5757 omnibus
799 5703 1078 5772 promissis
1103 5702 1402 5772 implendis.

275 5797 373 5863 Qui
397 5795 652 5849 adversus
673 5795 866 5850 videris
890 5795 942 5849 in
972 5795 1219 5866 passione
1249 5811 1386 5866 mea,
1417 5819 1434 5852 ι
1482 5802 1686 5871 respice
1715 5802 1766 5856 in

447 5887 712 5949 Ριτιιοι.
763 5887 984 5948 CXVI.

1867 2181 1886 2214 ι
1923 2171 1978 2217 ει
2009 2163 2314 2218 consolatus
2347 2178 2406 2218 es
2444 2175 2531 2216 me
2577 2180 2595 2213 ι
2632 2161 2687 2215 in
2732 2161 2987 2230 passione
3010 2201 3025 2224 ,
3075 2161 3204 2230 quia
3253 2159 3436 2213 viden-

1863 2265 1944 2310 tes
1971 2271 2092 2310 eum
2131 2268 2434 2326 resurgere,
2469 2263 2836 2324 cognoverunt
2864 2269 2986 2308 eum
3015 2253 3184 2308 Deum
3231 2253 3284 2308 in
3311 2266 3437 2322 pas-

1863 2344 2014 2401 sione
2040 2343 2223 2400 fuisse.

2261 2517 2332 2572 1N
2370 2517 2702 2574 PSALMUM
2745 2518 3027 2576 LXXXVI.

2081 2645 2338 2704 Trruws.
2381 2647 2632 2704 Psalmus
2661 2652 2850 2705 cantici
2875 2650 3000 2719 ﬁliis
3035 2649 3220 2706 Chore.

1935 2821 1954 2852 ι
1987 2801 2376 2857 Fundamenta.
2425 2821 2444 2854 ›
2478 2801 2722 2858 Psalmus
2770 2802 2874 2858 iste
2909 2811 2993 2857 est
3039 2802 3268 2868 cantici,
3316 2805 3440 2873 quia

1863 2893 2111 2964 proponit
2128 2893 2281 2948 nobis
2303 2909 2551 2964 magnam
2579 2893 3016 2960 exsultationem,
3041 2895 3248 2950 scilicet
3271 2894 3439 2951 caele-

1864 2984 1962 3038 stis
2007 2982 2343 3038 Hierusalem
2386 2984 2726 3053 dignitatem,
2771 2999 2932 3054 quam
2968 2984 3233 3054 Propheta
3267 2985 3442 3040 exsul-

1865 3085 2043 3130 tanter
2066 3075 2304 3146 protulit,
2345 3084 2399 3130 et
2432 3077 2586 3132 nobis
2610 3077 2896 3130 maximam
2918 3076 3329 3132 exsultationem
3353 3092 3441 3132 re-

1864 3166 2037 3236 liquit.
2080 3167 2180 3234 Qui
2225 3167 2464 3237 psalmus
2506 3167 2824 3236 proponitur
2846 3166 2971 3221 ﬁliis
2996 3167 3192 3233 Chore,
3221 3168 3288 3222 ad
3319 3169 3442 3234 hoc,

1869 3267 1928 3312 ut
1961 3259 2062 3329 ipsi
2092 3259 2224 3313 ﬁant
2257 3261 2322 3314 de
2358 3260 2459 3314 hac
2490 3260 2727 3314 civitate.
2757 3258 2979 3314 Materia
3011 3260 3125 3329 ipsa
3150 3268 3234 3314 est
3253 3259 3445 3316 civitas

1869 3365 2118 3420 superna.
2158 3350 2344 3404 Modus
2381 3368 2394 3402 :
2441 3350 2497 3403 ln
2525 3351 2696 3420 prima
2727 3358 2906 3419 parte,
2946 3351 3289 3405 commendat
3321 3366 3443 3405 eam

1870 3439 1985 3510 ipse
2008 3439 2278 3509 Propheta
2306 3439 2598 3493 secundum
2639 3440 2894 3510 seipsum.
2920 3439 2980 3494 In
3010 3441 3243 3496 secunda
3267 3451 3440 3511 parte,

1871 3545 1989 3598 qua:
2010 3537 2125 3584 est:
2156 3546 2174 3579 ‹
2205 3528 2407 3583 Memor
2426 3543 2521 3584 ero
2544 3529 2717 3594 Raab;
2744 3550 2762 3581 ›
2790 3530 2994 3584 inducit
3025 3530 3190 3585 Deum
3217 3531 3442 3602 loquen-

1872 3626 2000 3683 tem,
2033 3629 2090 3672 et
2121 3618 2584 3673 commendantem
2614 3620 2784 3689 ipsam
2826 3620 3118 3676 civitatem.
3149 3622 3348 3677 lterum
3391 3625 3442 3678 in

1872 3708 2029 3762 tertia
2059 3716 2227 3776 parte,
2255 3722 2373 3776 qua:
2402 3707 2624 3775 incipit:
2666 3708 2872 3762 i-Sicut
2910 3709 3224 3775 laetantium,
3262 3730 3279 3762 ι
3312 3712 3445 3766 Pro-

1869 3797 2032 3866 pheta
2073 3796 2186 3864 ipse
2206 3795 2547 3850 commendat
2567 3811 2708 3860 eam,
2732 3809 2827 3864 per
2845 3795 3098 3865 gaudium
3119 3798 3446 3853 aeternaliter

1868 3901 1990 3942 eam
2016 3887 2450 3952 inhabitantium,
2477 3887 2703 3942 intendit
2723 3886 2861 3942 lilios
2889 3885 3066 3942 Chore
3097 3887 3162 3940 ad
3196 3886 3446 3943 etfectum

1869 3972 2024 4034 istius
2054 3978 2286 4033 civitatis
2309 3993 2546 4032 monere.

1939 4067 2052 4121 Vox
2082 4066 2385 4135 PrOpheL'e,
2408 4066 2560 4136 quasi
2584 4065 2852 4136 Propheta
2880 4067 2971 4121 diu
2991 4067 3290 4138 .meditatus
3314 4066 3446 4122 fuis-

1868 4171 1972 4222 set,
2001 4159 2185 4214 dicens
2212 4158 2352 4227 apud
2381 4174 2438 4212 se
2464 4179 2474 4211 ;
2506 4158 2745 4214 Parietes
2769 4158 2984 4228 quidem
3031 4159 3185 4214 istius
3212 4157 3446 4215 civitatis

1866 4249 1993 4306 boni
2027 4257 2172 4314 sunt,
2210 4258 2348 4303 tecta
2377 4251 2704 4319 peroptima,
2753 4270 2770 4300 ι
2829 4249 3175 4304 fundamenta
3213 4270 3230 4301 ›
3264 4259 3441 4307 autem

1873 4363 1891 4394 ι
1930 4342 2046 4411 ejus
2083 4343 2136 4396 in
2172 4342 2441 4396 utentibus
2467 4344 2686 4397 sanctis.
2731 4361 2748 4393 ι
2794 4342 3000 4396 Montes
3038 4352 3161 4397 sunt
3203 4342 3442 4411 Apostoli

1868 4442 1923 4487 et
1953 4431 2264 4501 PrOphetze,
2305 4439 2361 4485 et
2391 4431 2709 4499 patriarchae
2756 4439 2878 4484 sunt
2926 4431 3274 4486 fundamenta
3326 4434 3442 4502 ejus

1869 4521 2122 4585 civitatis,
2153 4521 2218 4575 de
2239 4536 2344 4589 qua
2383 4521 2765 4585 meditabatur,
2790 4520 2915 4589 quia
2959 4535 3120 4589 super
3170 4537 3264 4575 eos
3308 4521 3441 4575 ﬁdes

1871 4621 2054 4666 nostra
2079 4619 2164 4666 est
2193 4610 2414 4665 fundata
2445 4629 2457 4664 :
2490 4629 2508 4662 ι
2548 4620 2602 4665 ει
2623 4620 2806 4679 portas
2829 4610 2982 4675 Sion,
3018 4631 3036 4662 ι
3066 4607 3271 4666 Scilicet
3301 4611 3445 4682 ejus-

1871 4704 1992 4758 dem
2020 4704 2273 4769 civitatis,
2318 4723 2337 4755 ‹
2379 4704 2551 4775 diligit
2592 4704 2870 4759 Dominus.
2929 4726 2947 4757 ι
3000 4705 3189 4760 Portas
3247 4707 3444 4776 accipit

1875 4804 1980 4849 tam
2009 4795 2294 4865 Apostolos
2320 4810 2482 4864 quam
2530 4795 2648 4848 illos
2685 4795 2777 4864 qui
2815 4796 3158 4850 introducunt
3190 4796 3438 4851 homines

1873 4887 1926 4942 in
1987 4888 2128 4942 hanc
2175 4886 2491 4942 Ecclesiam.
2537 4885 2716 4955 Diligit
2778 4885 2898 4940 dico
2961 4905 2979 4936 ι
3057 4901 3217 4955 super
3261 4887 3441 4940 omnia

1871 4978 2216 5032 tabernacula
2259 4976 2442 5040 Jacob,
2479 4996 2496 5026 ι
2526 4977 2577 5030 id
2621 4986 2724 5039 est,
2770 4991 2930 5046 super
2977 4978 3157 5030 omnia
3205 4975 3443 5030 carnalia

1872 5068 2158 5132 sacriﬁcia,
2193 5068 2387 5136 quibus
2426 5067 2737 5136 placabatur
2786 5067 2926 5122 Deus
2954 5067 3009 5119 in
3045 5065 3223 5119 Veteri
3255 5063 3442 5120 Testa-

1872 5168 2072 5214 mento.

1943 5249 2145 5304 Videns
2170 5249 2436 5318 Propheta
2461 5250 2602 5317 quod
2624 5263 2719 5318 per
2746 5263 2803 5303 se
2835 5248 2923 5301 illa
2954 5247 3093 5301 bona
3132 5261 3236 5300 non
3258 5255 3444 5315 posset

1874 5354 2208 5407 enumerare,
2259 5340 2523 5395 convertit
2567 5353 2625 5394 se
2666 5339 2732 5392 ad
2783 5339 2954 5408 ipsam
3005 5337 3298 5400 civitatem,
3353 5336 3438 5390 di--

1874 5451 2039 5491 cens:
2070 5449 2104 5488 ο
2134 5453 2152 5486 ι
2182 5433 2383 5488 Civitas
2414 5433 2506 5487 Dei
2546 5452 2563 5484 ι
2596 5447 2826 5502 superna
2857 5450 2874 5481 ι
2913 5431 2978 5485 de
3010 5438 3060 5485 te
3087 5431 3228 5484 dicta
3251 5436 3376 5483 sunt
3416 5447 3434 5479 ι

1871 5526 2038 5581 multa
2073 5544 2089 5574 ‹
2131 5524 2358 5595 gloriosa
2395 5543 2413 5576 ι
2443 5540 2563 5593 quae
2591 5537 2694 5576 non
2718 5537 2932 5590 possum
2954 5533 3292 5575 enumerare.

1945 5638 1960 5667 ι
2002 5617 2221 5671 Memor.
2264 5635 2280 5666 ι
2315 5615 2448 5669 Pars
2483 5613 2735 5668 secunda.
2783 5611 3142 5667 Continuatio.
3178 5609 3303 5664 ιιιεε
3333 5608 3443 5664 sci—

1870 5709 1996 5763 licet
2022 5707 2255 5778 gloriosa
2282 5717 2405 5762 sunt
2434 5705 2564 5759 mihi
2587 5704 2730 5758 dicta
2753 5704 2820 5758 de
2847 5713 2918 5768 te,
2943 5702 3084 5770 quod
3113 5702 3252 5756 Deus
3275 5699 3435 5755 faciat

1871 5809 2058 5872 gentes
2094 5799 2424 5856 habitatores
2455 5796 2562 5863 tui,
2602 5794 2726 5864 quia
2762 5795 2876 5864 ipse
2924 5794 3065 5848 Deus
3109 5794 3211 5849 hoc
3263 5791 3434 5849 dixit:

2889 5886 2962 5946 16
