3940 6462
566 352 666 406 491

570 463 681 533 Ego
708 482 726 514 ι
762 476 856 517 ero
892 476 1101 519 memor
1153 465 1322 521 Raab.
1362 486 1381 517 ι
1422 467 1573 522 Raab
1622 468 2012 537 interpretatur
2054 472 2149 526 im-
2177 482 2224 539 Α

567 567 743 627 pctus,
776 558 861 613 vel
892 558 1141 625 latitudo,
1186 577 1284 631 per
1334 562 1478 631 quod
1532 562 1882 634 intelligimus
1919 566 2149 635 gentiles

567 650 689 728 illos
746 650 839 720 qui
874 651 1170 722 impetuose
1220 663 1276 708 et
1304 653 1421 707 sine
1460 654 1671 709 ratione
1718 656 2026 713 discurrunt
2050 673 2149 728 per

565 720 676 795 lata
705 720 967 798 desideria
985 742 1144 813 hujus
1164 744 1378 810 saeculi;
1409 764 1427 796 ι
1454 753 1514 801 et
1544 768 1561 796 ι
1585 761 1681 801 ero
1704 762 1912 803 memor
1936 769 1954 801 ι
1978 720 2150 823 Baby-

565 831 727 896 lonis,
760 851 778 884 ι
823 831 876 887 id
903 839 1006 898 est,
1037 832 1249 888 illorum
1278 835 1369 905 qui
1397 835 1718 906 in'peccatis
1751 839 1960 895 confusi
1997 850 2144 909 sunt,

570 942 590 974 ι
630 922 915 979 scientium
933 937 1038 989 me,
1071 945 1090 977 ι
1110 925 1163 981 id
1184 936 1288 991 est,
1309 927 1502 983 faciam
1518 944 1614 984 eos
1634 931 1864 987 scientes
1882 941 1936 987 et
1949 949 2146 1005 cogno-

564 1022 775 1068 scentes
812 1028 929 1078 me;
960 1015 1069 1083 vel,
1113 1017 1411 1074 scientibus
1448 1035 1535 1074 me
1559 1035 1657 1090 per
1703 1023 2019 1092 Apostolos,
2050 1040 2146 1082 ero

556 1120 771 1163 memor
800 1119 1009 1161 eorum.

580 1264 585 1271 .
637 1234 656 1265 ι
686 1214 1179 1288 Ecéealienigeuae.
1198 1226 1235 1271 ἰ
1262 1220 1394 1274 Dico
1424 1236 1632 1275 memor
1653 1236 1746 1276 ero
1779 1222 1950 1289 Raab,
1978 1239 2143 1293 quam

556 1304 824 1360 adducam
868 1306 926 1361 in
980 1306 1125 1362 hanc
1169 1309 1469 1374 civitatem,
1512 1319 1567 1365 et
1602 1331 1618 1361 ι
1656 1325 1783 1367 ecce
1833 1333 1851 1363 ι
1904 1315 2057 1383 quasi
2088 1315 2143 1369 in

556 1397 846 1454 manifesto
867 1399 1034 1455 habes
1059 1420 1078 1451 ι
1108 1400 1236 1463 illic,
1275 1421 1294 1454 ι
1319 1403 1373 1458 id
1397 1412 1501 1469 est,
1530 1404 1582 1458 in
1606 1405 1708 1459 hac
1727 1406 1945 1463 civitate
1971 1428 1989 1460 ι
2022 1407 2140 1463 fue-

557 1495 714 1551 runt,
758 1506 777 1538 ι
810 1486 868 1543 id
899 1496 1001 1551 est,
1025 1498 1188 1545 erunt
1220 1510 1237 1541 ι
1271 1491 1611 1563 alienigenae,
1654 1512 1674 1545 ι
1712 1492 1764 1548 id
1795 1504 1897 1559 est,
1925 1496 2143 1566 potione

555 1580 848 1645 cadentes,
890 1581 1099 1637 scilicet
1142 1582 1215 1637 illi
1263 1584 1352 1652 qui
1395 1584 1685 1654 aliquando
1734 1585 2144 1643 inebriabautur

555 1671 918 1740 prosperitate
956 1682 1011 1728 et
1042 1674 1244 1729 divitiis
1280 1673 1441 1743 hujus
1479 1675 1694 1741 smculi,
1736 1686 2136 1742 convertentur,

554 1769 610 1815 ct
637 1769 797 1816 erunt
817 1763 1056 1818 membra
1085 1765 1138 1819 in
1162 1764 1365 1821 caelesti
1395 1765 1798 1833 llierusaleru,'¢
1827 1777 1881 1824 et
1907 1768 2082 1840 Tyrus
2116 1789 2133 1822 ι

1032 354 1390 414 IIAYMONIS
1429 358 1911 413 IIALBERSTAT.
1957 360 2171 418 EPISC.
2208 361 2358 417 OI‘P.
2401 363 2582 420 PARS
2622 367 2663 422 Ι.
2703 398 2771 407 -—
2804 367 3159 428 COMMENT.
3199 374 3365 430 BIBL.

3706 383 3782 439 ιθξ

2652 477 2718 532 ΙΝ
2755 478 3085 537 PSALMUM
3120 483 3420 544 LXXXVII.

2254 565 2510 656 T131503:
2551 566 2826 656 Camirth
2866 572 3056 656 ηεαιῃιὶ
3084 575 3211 656 ﬁliis
3242 576 3427 656 Chore,
3452 580 3507 656 in
3536 582 3679 656 ﬂuent
3708 605 3779 656 pro

2322 635 2544 711 {feles/1,
2565 639 2643 711 ad
2675 635 3114 711 respondendum,
3141 635 3427 703 intellectus
3455 635 3623 705 Εηὶαάέ

2320 704 2427 760 (ita:
2465 706 2582 778 (vel
2612 716 2672 762 ut
2696 704 3055 782 Hieronymus
3081 704 3233 781 dicit,
3266 717 3527 792 Ezraitw)

2324 858 2342 890 ι
2371 837 2594 896 Domine
2619 842 2763 898 Deus
2780 842 2988 900 salutis.
3021 828 3292 918 {Legitur
3310 851 3478 921 quod,
3505 869 3623 909 cum
3650 856 3775 916 David

2247 928 2511 999 psalmum
2542 931 2706 986 istdm
2731 934 3110 1002 citharizarct,
3152 940 3441 997 et-chorus
3478 954 3653 1002 astans
3684 963 3775 1005 coa-

2253 1035 2383 1076 sona
2410 1038 2539 1078 voce
2570 1026 2945 1093 responderet,
2974 1030 3285 1097 supervenit
3307 1034 3526 1102 quidam
3549 1037 3695 1095 Eman
3712 1058 3772 1097 vo-

2252 1122 2426 1177 catus,
2459 1110 2771 1181 Orientalis,
2802 1132 2833 1170 a
2869 1117 2989 1172 loco
3025 1119 3241 1175 Ezraita
3277 1122 3447 1189 dicto,
3467 1126 3577 1193 'vel,
3614 1138 3665 1184 ut
3693 1132 3770 1187 Au-

2244 1203 2457 1274 gustino
2503 1203 2709 1273 placet,
2750 1206 3023 1278 Israelita,
3068 1211 3162 1279 qui
3203 1212 3257 1266 iu
3304 1214 3409 1270 hac
3454 1215 3619 1287 ﬁgura
3649 1220 3770 1278 David

2243 1295 2592 1363 praecinentis
2612 1335 2626 1359 ,
2658 1305 2714 1350 et
2748 1298 2899 1352 chori
2937 1300 3333 1369 respondentis,
3382 1319 3603 1361 sensum
3630 1310 3769 1379 psalmi

2242 1384 2543 1440 animadvet
2562 1387 2644 1447 tit,
2678 1386 2955 1444 Christum
2983 1389 3191 1447 scilicet
3218 1392 3272 1447 in
3289 1382 3410 1449 i'hoc
3439 1396 3639 1467 psalmo
3658 1415 3768 1472 agere

2242 1474 2310 1528 de
2334 1488 2432 1528 sua
2462 1476 2733 1544 passione,
2762 1485 2819 1532 et
2845 1477 3031 1535 ﬁdeles
3059 1496 3186 1538 suos
3220 1482 3269 1538 ei
3306 1484 3451 1541 bene
3484 1490 3766 1558 respondere,

2244 1565 2297 1620 id
2321 1573 2421 1631 est,
2452 1568 2521 1623 ad
2552 1567 2912 1627 imitationem
2947 1571 3151 1629 Christi
3196 1590 3292 1630 eos
3332 1577 3507 1633 multa
3546 1582 3762 1646 sustinere,

2235 1654 2392 1725 juxta
2422 1657 2568 1727 quod
2599 1659 2804 1716 Ezdras
2832 1661 3140 1731 hujusmodi
3186 1665 3400 1723 titulum
3431 1670 3632 1740 psalmo
3649 1689 3762 1745 appo-

2223 1749 2368 1814 suit,
2395 1749 2490 1821 ~qui
2511 1750 2596 1806 sic
2628 1750 2862 1823 legitur:
2892 1754 3037 1811 Istud
3073 1757 3351 1814 canticum
3392 1761 3590 1832 psalmi
3619 1780 3763 1838 prapo-

553 1851 762 1908 scilicet
796 1853 870 1907 illi
916 1855 1006 1924 qui
1038 1856 1188 1925 prius
1215 1858 1663 1927 angustiabantur
1705 1860 1759 1915 in
1797 1834 2127 1931 acquirendi:

2226 1838 2390 1893 nitur
2414 1839 2540 1895 ﬁliis
2566 1840 2764 1908 Chore,
2811 1843 2867 1901 id
2901 1853 3003 1912 est,
3042 1846 3463 1920 quibuscunque
3491 1834 3761 1921 Christianis,

552 1943 709 2000 bonis
746 1945 1157 2015 temporalibus,
1201 1947 1366 2002 veluti
1397 1957 1943 2016 mercatores,eruut
1972 1952 2026 2006 in
2052 1968 2134 2007 ea.

553 2033 730 2104 Tyrus
755 2050 990 2104 namque
1028 2038 1277 2107 angustia
1309 2037 1696 2109 interpretatur
1716 2080 1730 2105 ,
1763 2060 1781 2091 ‹
1817 2050 1872 2095 et
1898 2043 2143 2112 «populus

440 2178 447 2185 ,
549 2122 890 2195 Ethiopnm,
928 2146 946 2176 ι
975 2127 1026 2180 id
1062 2135 1169 2193 est,
1215 2127 1367 2183 multi
1398 2130 1463 2184 de
1496 2130 1603 2186 illis
1632 2132 1722 2201 qui
1750 2133 1897 2202 prius
1925 2132 2143 2190 fuerant

553 2214 692 2285 nigri
726 2216 779 2269 in
808 2218 1069 2285 peccatis.

621 2347 639 2378 ι
683 2327 951 2398 Nunquid.
990 2352 1009 2383 ι
1036 2334 1199 2400 Quasi
1229 2333 1373 2388 dicat
1396 2334 1667 2406 Propheta
1700 2353 1715 2391 :
1748 2336 1874 2392 ﬂmc
1908 2339 2138 2409 gloriosa

541 2431 668 2481 sunt
696 2422 840 2478 dicta
863 2423 930 2480 de
956 2425 1171 2481 civitate
1202 2424 1313 2494 illa,
1338 2438 1393 2483 et
1414 2437 1610 2498 praeter
1635 2430 1816 2484 omnia
1848 2431 1965 2486 haec
1982 2472 1997 2497 ,
2024 2433 2138 2504 glo-

542 2514 738 2571 riosius
759 2515 1011 2570 omnibus
1038 2517 1333 2586 praedictis,
1362 2518 1505 2587 quod
1541 2538 1558 2568 ι
1597 2527 1652 2573 et
1676 2518 1862 2585 homo,
1893 2540 1910 2573 ι
1943 2521 1996 2575 id
2028 2531 2131 2589 est,

540 2603 815 2670 Christus,
844 2608 1142 2661 secundum
1170 2608 1566 2663 humanitatem
1591 2627 1610 2661 ι
1642 2617 1804 2665 natus
1821 2619 1906 2665 est
1931 2611 1986 2665 in
2013 2627 2077 2667 ea
2110 2632 2128 2664 ι

539 2696 776 2761 civitate,
796 2715 814 2746 ‹
847 2705 900 2751 et
922 2697 1037 2766 ipse
1057 2696 1302 2754 fundavit
1317 2714 1437 2754 eam
1457 2700 1766 2756 Altissimus
1796 2721 1815 2753 ι
1838 2704 2133 2759 secundum

540 2784 906 2851 divinitatem,
943 2793 999 2840 et
1045 2787 1170 2855 quia
1214 2802 1330 2843 rem
1356 2804 1520 2859 quam
1550 2789 1683 2845 dicit
1729 2791 2034 2848 mirabilem
2077 2802 2134 2849 et

539 2877 696 2946 quasi
724 2878 1095 2935 incredibilem
1115 2880 1282 2947 videt,
1297 2882 1880 2953 praemittitqnamdam
1896 2886 2131 2942 admira-

539 2966 761 3032 tionem,
794 2969 980 3024 dicens
1028 2987 1042 3024 :
1079 2990 1098 3021 ι
1154 2970 1407 3042 Nunquid
1450 2992 1470 3024 ι
1512 2988 1545 3027 o
1583 2992 1603 3025 ‹
1650 2973 1804 3040 Sion,
1828 2976 1991 3042 dicet,
2023 2996 2043 3029 ι
2074 2978 2129 3034 id

539 3066 639 3123 est,
685 3059 866 3115 dicere
891 3060 1088 3130 poterit
1127 3069 1182 3116 et
1222 3062 1594 3133 intelligeret
1637 3065 1800 3121 homo
1840 3085 1859 3118 ι
1893 3068 2129 3125 carnalis

537 3148 752 3219 aliquis,
783 3151 927 3220 quis
956 3160 1010 3208 et
1058 3161 1296 3223 quantus
1332 3154 1408 3210 sit
1461 3155 1573 3222 ille,
1604 3156 1696 3226 qui
1742 3165 1797 3214 et
1844 3159 2123 3217 civitatem
2152 3190 2197 3251 ο

538 3251 696 3297 Istam
715 3241 985 3310 fundavit,
1009 3244 1140 3300 etin
1163 3259 1225 3301 ea
1253 3254 1411 3301 natus
1439 3257 1543 3303 est.
1569 3247 1818 3304 Christus
1837 3251 1981 3305 enim
2006 3253 2121 3322 ipse

535 3349 675 3390 auus
698 3332 800 3390 fuit
826 3335 893 3391 de
918 3335 1176 3401 Ecclesia,
1202 3346 1258 3392 et
1286 3338 1341 3392 hi
1364 3338 1429 3393 de
1455 3338 1648 3409 quibus
1672 3352 1831 3397 natus
1857 3351 1940 3397 est
1966 3362 1979 3397 :
2003 3346 2123 3399 nul-

535 3438 618 3482 lus
655 3428 840 3497 utique
864 3428 1170 3495 hominum,
1197 3431 1290 3485 sed
1316 3430 1550 3501 Spiritus
1571 3442 1793 3489 sanctus
1818 3443 1999 3504 potest
2020 3437 2122 3493 hoc

536 3519 807 3584 revelare,
834 3520 951 3589 ipse
975 3522 1118 3575 enim
1151 3532 1235 3577 est
1274 3521 1341 3577 de
1381 3539 1490 3592 quo
1530 3523 1768 3581 Joannes
1803 3528 1878 3581 ait
1907 3545 1921 3582 :
1956 3529 2122 3599 Cujus

535 3618 639 3661 non
670 3623 789 3662 sum
814 3609 1005 3679 dignus
1031 3610 1238 3665 solvere
1281 3612 1571 3682 corrigiam
1599 3613 1956 3671 calceamenti
2002 3619 2121 3688 ejus

534 3698 730 3769 (Marc.
758 3702 818 3771 ι).

607 3835 625 3860 ι
665 3814 945 3871 Dominus.
983 3836 1001 3869 ι
1046 3818 1163 3872 Dixi
1202 3807 1364 3874 homo
1395 3828 1556 3874 natus
1585 3830 1671 3875 est
1703 3821 1755 3874 in
1779 3834 1864 3887 ea,
1911 3830 1965 3877 et
2005 3822 2120 3893 ipsc

531 3900 781 3960 fundavit
820 3922 962 3970 eam,
988 3907 1132 3975 quod
1161 3908 1296 3962 bene
1340 3909 1562 3963 credere
1610 3909 1844 3973 debetis,
1870 3912 2121 3980 quamvis

534 3994 732 4048 mirum
778 3995 1045 4057 videatur,
1075 3995 1200 4064 quia
1249 4013 1267 4046 ί
1304 3995 1566 4052 Dominus
1596 3999 1841 4052 narrabit
1883 4000 1938 4053 in
1987 4001 2122 4055 scri-
2178 4040 2181 4043 λ

532 4082 708 4152 pturis
754 4082 1094 4153 pOpulorum,
1132 4102 1151 4133 ι
1184 4083 1237 4137 id
1281 4092 1384 4149 est,
1433 4101 1552 4155 qua:
1596 4086 1879 4157 scripturae
1926 4102 2122 4159 propo-

532 4172 652 4225 sita:
695 4171 904 4241 populis
953 4172 1021 4227 ad
1074 4172 1503 4245 intelligendum,
1535 4177 1689 4245 quasi
1714 4174 1829 4245 jam
1877 4178 2119 4250 Apostoli

530 4276 629 4332 per
656 4258 965 4332 Scripturas
994 4278 1182 4319 sat-ras
1225 4264 1330 4320 hoc
1380 4265 1446 4321 de
1476 4264 1691 4323 Christo
1736 4268 2116 4341 intelligerent,

528 4350 768 4408 clamant
824 4353 878 4408 in
921 4354 1155 4426 publico,
1187 4365 1242 4411 et
1269 4372 1379 4411 non
1428 4364 1608 4413 tamen
1657 4359 1777 4414 dico
1822 4361 2119 4431 scripturas

528 4444 872 4516 pupulorum,
903 4447 997 4502 sed
1029 4466 1047 4498 ι
1088 4448 1282 4503 horum
1323 4450 1489 4504 etiam
1529 4451 1854 4521 principum,
1884 4455 1973 4524 qni
2002 4452 2117 4510 fue-

527 4545 658 4591 runt
676 4536 728 4590 iu
752 4552 815 4591 ea
838 4556 857 4588 ι
882 4536 1123 4605 civitate,
1143 4537 1348 4594 scilicet
1373 4538 1611 4595 Ecclesia
1637 4550 1946 4598 sanctorum
1968 4543 2112 4614 Apo-
2137 4544 2191 4605 D

523 4627 810 4683 stolarum.

603 4762 622 4795 ι
656 4742 827 4799 Sicut.
868 4763 886 4796 ι
917 4744 1102 4801 Tertia
1142 4758 1290 4818 pars.
1328 4746 1436 4803 Per
1462 4748 1578 4804 haec
1603 4749 1859 4820 przedicta
1888 4756 2112 4819 apparet

523 4839 970 4896 commendabilis
993 4840 1185 4897 civitas
1220 4839 1371 4908 Sion,
1403 4850 1461 4897 et
1508 4857 1606 4911 per
1648 4843 1751 4896 hoc
1779 4842 1959 4905 etiam,
1984 4842 2110 4910 quia

519 4943 557 4986 0
581 4928 720 4987 Sion
744 4948 762 4979 ι
794 4929 1058 4986 habitatio
1101 4933 1344 4988 omnium
1400 4952 1418 4984 ι
1458 4941 1727 4997 nostrum,
1758 4948 1878 5002 quae
1911 4953 1927 4982 ι
1970 4934 2023 4989 in
2060 4944 2111 4990 te

518 5025 609 5074 cut
641 5032 662 5068 ›
691 5025 814 5086 post
830 5017 1111 5089 judicium,
1141 5030 1224 5075 est
1260 5040 1279 5070 ι
1330 5022 1473 5075 sicut
1499 5020 1818 5086 lmtautium,
1868 5041 1887 5073 ι
1923 5024 1975 5077 id
2003 5031 2106 5090 est,

520 5108 716 5164 similis
766 5109 1074 5167 Iretantihus
1122 5113 1174 5166 in
1227 5114 1328 5168 hac
1373 5116 1507 5179 vita,
1544 5115 1638 5170 sed
1681 5116 1807 5186 quia
1839 5117 2105 5185 inﬁnitam

522 5199 773 5270 cognovit
802 5214 943 5267 eam,
970 5211 1175 5271 quanta
1204 5212 1349 5258 esset
1378 5204 1740 5262 determinare
1768 5222 1875 5263 non
1910 5211 2101 5279 potuit.

521 5287 590 5344 Et
639 5304 763 5347 cum
811 5288 884 5344 ibi
928 5292 1036 5346 sint
1084 5299 1234 5346 tanta
1289 5293 1508 5362 gaudia,
1553 5295 1754 5363 quibus
1797 5298 1888 5351 vix
1927 5298 2105 5369 aliquo

520 5387 681 5442 modo
726 5387 934 5457 possint
973 5391 1276 5459 comparari
1321 5391 1514 5460 gaudia
1561 5390 1721 5459 huius
1750 5395 1948 5464 saeculi,
1992 5414 2107 5454 ma-

520 5474 669 5531 xime
697 5478 854 5534 nobis
889 5478 958 5535 ad
1003 5479 1148 5535 illam
1191 5481 1578 5539 habitationem
1631 5482 1988 5543 festinandum
2025 5489 2106 5544 in-

524 5566 659 5623 nuit.

2245 1929 2313 1982 ad
2347 1931 2779 2000 respondendum
2802 1974 2816 1999 ,
2850 1934 2903 1990 id
2939 1945 3052 2004 est,
3097 1946 3159 1992 ut
3191 1939 3292 2009 ipsi
3335 1945 3678 2013 respondeant
3699 1965 3761 2019 pro

2244 2018 2470 2087 Mclech,
2518 2022 2573 2076 id
2600 2031 2703 2087 est,
2746 2024 2864 2080 vice
2892 2027 3063 2093 ebori,
3109 2029 3317 2087 scilicet
3352 2042 3418 2087 ut
3458 2035 3597 2092 sicut
3625 2018 3760 2096 cturus

2242 2111 2603 2179 respondebat
2627 2128 2864 2170 consone
2886 2117 3053 2172 David
3080 2120 3191 2198 regi
3216 2122 3559 2193 prmcinenti,
3584 2132 3759 2198 quamvis

2243 2200 2468 2258 diversae
2499 2214 2681 2260 essent
2705 2222 2971 2276 personae,
3007 2209 3082 2265 ita
3106 2195 3201 2267 ﬁlii
3240 2212 3446 2283 Chore,
3478 2195 3758 2289 quammﬁ

2238 2308 2413 2351 versa:
2443 2296 2552 2351 sint
2579 2312 2854 2367 personae,
2878 2310 3057 2357 tamen
3103 2318 3344 2362 consone
3383 2308 3445 2363 in
3478 2309 3579 2365 ﬁde
3603 2322 3647 2367 et
3668 2313 3755 2369 dila-

2226 2392 2273 2438 ‘c
2283 2384 2427 2439 tione
2450 2387 2781 2458 respondent
2803 2388 3043 2459 Christo,
3055 2394 3207 2463 prius
3228 2396 3643 2457 citharizanti‘iu
3657 2419 3757 2457 mor-

2228 2479 2541 2536 tiﬁcatione
2566 2484 2798 2555 propriae
2816 2488 3026 2553 carnis,
3070 2496 3131 2545 ut
3168 2501 3225 2545 et
3268 2490 3365 2547 ﬁlii
3399 2492 3582 2550 Chore
3610 2497 3755 2552 animas

2238 2584 2364 2625 snas
2384 2581 2615 2642 ponant.
2626 2589 2726 2644 pro
2757 2577 2965 2644 amicis,
2998 2578 3140 2635 sicut
3168 2583 3449 2652 apostolus
3477 2587 3587 2642 ait:
3616 2608 3631 2639 ι
3651 2587 3754 2643 Chri-

2237 2671 2352 2718 stus
2388 2677 2582 2733 passus
2613 2676 2695 2722 est
2724 2682 2837 2737 pro
2875 2669 3055 2738 nobis,
3092 2671 3248 2729 viibis
3292 2674 3602 2747 relinquens
3632 2694 3754 2734 execr

2233 2751 2401 2820 plum,
2427 2763 2484 2807 ut
2505 2757 2810 2825 sequamini
2834 2760 3058 2833 vestigia
3079 2760 3219 2833 ejus.
3251 2784 3270 2815 ι
3304 2765 3362 2836 (1
3406 2764 3561 2822 Petr.
3587 2770 3658 2840 ιι.)
3679 2768 3751 2824 Ile

2234 2844 2355 2901 lech
2384 2848 2584 2904 chorus
2614 2851 3021 2921 interpretatur,
3061 2855 3189 2912 ﬁliis
3218 2857 3398 2915 Chore
3424 2861 3569 2928 dico,
3594 2863 3752 2917 directis

2234 2938 2289 2993 in
2317 2938 2501 3007 ﬁnem,
2539 2943 2583 2998 si
2614 2943 2689 2999 ita
2718 2945 3117 3016 respondeant:
3148 2958 3205 3005 et
3234 2951 3374 3008 bene
3406 2955 3535 3011 dico
3563 2956 3677 3024 quod
3702 2955 3751 3009 iu

2235 3033 2562 3102 respondere
2582 3035 2836 3102 debeant,
2862 3039 3117 3107 quoniam
3142 3042 3259 3099 haec
3281 3043 3407 3100 talis
3432 3050 3683 3116 responsio
3697 3059 3751 3103 est

2235 3121 2543 3180 intellectus
2564 3125 2733 3180 Eman
2754 3127 3006 3196 Ezraitaa,
3021 3130 3230 3187 scilicet
3250 3134 3392 3190 hanc
3417 3137 3577 3193 talem
3597 3153 3751 3208 ηεροδ

2228 3212 2436 3268 sionem
2466 3214 2729 3272 intellexit
2758 3217 2926 3273 Eman
2960 3219 3014 3275 in
3052 3220 3156 3277 huc
3182 3223 3411 3292 psalmo.
3445 3226 3609 3283 Eman
3631 3227 3752 3282 inter.

2210 3311 2467 3375 pretatur
2500 3303 2707 3371 frater;
2739 3305 2975 3374 Ezraita,
3006 3309 3212 3365 advena
3245 3329 3259 3365 :
3297 3314 3459 3383 quasi
3489 3316 3614 3370 hanc
3634 3314 3752 3369 talen

2222 3397 2627 3466 responsionem
2653 3397 2961 3455 faciendam
2988 3399 3206 3459 Christo
3233 3403 3510 3462 intellexit
3531 3408 3682 3472 Eman,
3708 3406 3752 3461 id

2221 3495 2323 3552 est,
2348 3485 2518 3543 frater
2543 3489 2750 3545 scilicet
2768 3490 3003 3561 quilibet
3021 3492 3212 3560 ﬁdelis,
3240 3495 3309 3551 de
3333 3498 3532 3567 quibus
3548 3498 3753 3554 Dominus

2221 3576 2336 3631 ait:
2367 3577 2543 3634 Dicite
2571 3578 2831 3637 fratribus
2875 3583 3028 3639 meis.
3075 3584 3270 3642 Frater
3308 3589 3431 3645 dico
3465 3590 3685 3654 Ezraita,
3716 3589 3753 3642 id

2221 3675 2323 3733 est,
2354 3668 2562 3725 advena
2588 3670 2643 3725 in
2672 3671 2774 3728 hoc
2799 3673 3022 3740 mundo,
3044 3675 3255 3732 scilicet
3274 3679 3369 3749 qui
3390 3680 3477 3735 hic
3507 3697 3603 3736 non
3630 3680 3757 3735 habet

2220 3767 2530 3815 manentem
2554 3761 2851 3828 civitatein,
2875 3765 2971 3819 sed
2994 3767 3166 3822 tendit
3184 3784 3398 3840 semper
3414 3772 3478 3827 ad
3493 3773 3757 3828 carisstem.

2219 3848 2316 3903 Vel
2340 3849 2512 3905 Eman
2534 3849 2798 3919 Israelita,
2827 3853 2883 3909 id
2913 3864 3018 3920 est,
3065 3855 3239 3913 frater
3264 3859 3419 3916 Deum
3443 3861 3634 3925 videns,
3666 3862 3761 3915 hoc

2209 3940 2482 3996 intellexit
2504 3943 2645 4013 quod
2671 3944 2769 4000 ﬁlii
2790 3944 2967 4003 Chore
2992 3950 3065 4005 ita
3085 3949 3308 4009 Christo
3324 3953 3534 4010 debeant
3552 3969 3764 4024 respon-

2219 4034 2368 4090 dere.
2394 4034 2495 4091 Hic
2520 4036 2760 4107 psalmus
2790 4041 3061 4097 canticum
3092 4035 3339 4113 vocat'ur,
3379 4049 3495 4119 quia
3537 4050 3762 4119 proponit

2219 4124 2374 4180 nobis
2416 4127 2721 4195 passionem
2764 4129 3000 4200 Christi,
3044 4150 3206 4205 quam
3234 4154 3334 4210 pro
3361 4148 3545 4196 nostra
3566 4156 3761 4213 repara-

2218 4214 2364 4270 tione
2387 4231 2510 4272 cum
2535 4234 2731 4291 magna
2757 4222 3121 4282 exsultatione
3135 4230 3424 4287 sustinuit:
3448 4233 3758 4304 dieiturpsal-

2217 4322 2339 4363 mus
2357 4308 2482 4377 quia
2507 4325 2605 4365 nos
2630 4321 2815 4368 monet
2833 4314 2902 4368 ad
2922 4317 3261 4386 spiritualem
3283 4325 3668 4393 operationem,
3686 4328 3762 4382 sci-

2217 4395 2344 4453 licet
2368 4398 2435 4453 ad
2448 4401 2798 4469 patientiam,
2831 4414 2890 4460 ut
2916 4420 3015 4475 per
3034 4410 3337 4482 exemplum
3361 4413 3569 4472 Christi
3596 4426 3649 4472 et
3668 4415 3749 4471 ﬁde

2216 4487 2347 4543 lium
2395 4505 2654 4557 suorum,
2717 4508 2854 4563 quos
2905 4496 3123 4557 Christo
3165 4503 3426 4572 patiendo
3471 4509 3764 4580 respondere

2216 4581 2439 4648 inducit,
2464 4582 2656 4639 invitet
2668 4584 2808 4641 ﬁlios
2822 4588 2996 4645 Chore
3015 4593 3083 4648 ad
3102 4596 3347 4652 eamdem
3367 4602 3762 4670 responsionem.

2214 4670 2434 4727 Materia
2465 4683 2546 4729 est
2573 4673 2822 4735 Christus
2843 4682 3080 4751 patiens,
3117 4693 3175 4740 et
3206 4687 3319 4758 agit
3344 4690 3438 4747 hic
3463 4693 3538 4748 de
3563 4709 3656 4751 sua
3674 4708 3766 4764 pas-

2213 4765 2364 4823 sione
2407 4766 2565 4822 aliter
2609 4782 2772 4837 quam
2809 4771 2865 4826 in
2913 4777 3271 4845 supradictis,
3319 4782 3448 4852 quia
3493 4785 3591 4841 hic
3630 4785 3765 4854 magis

2212 4855 2449 4910 ostendit
2463 4855 2639 4913 illatas
2655 4863 3011 4920 contumelias
3023 4881 3186 4935 quam
3199 4870 3305 4925 alia
3320 4872 3484 4928 mala.
3505 4875 3691 4931 Modus
3703 4894 3715 4927 :
3726 4875 3767 4929 In

2212 4945 2385 5015 prima
2409 4956 2583 5015 parte,
2609 4950 2760 5019 ponit
2787 4954 3111 5022 orationem,
3136 4968 3193 5014 et
3212 4972 3502 5020 ernnmerat
3526 4966 3667 5020 mala
3691 4965 3769 5019 siti

2211 5037 2379 5092 illata.
2404 5038 2462 5092 In
2482 5041 2716 5097 secunda
2743 5054 2916 5113 parte,
2939 5062 3059 5116 quae
3080 5050 3304 5122 incipit:
3335 5072 3354 5104 ι
3387 5054 3770 5113 Clamaviadtc.

2210 5127 2465 5196 Domine,
2500 5151 2518 5182 ι
2547 5133 2687 5202 petit
2721 5139 3176 5195 resurrectionem
3198 5158 3297 5213 per
3316 5147 3588 5214 quasdam
3618 5163 3775 5203 neces.

2210 5221 2415 5279 sitates.
2436 5222 2494 5277 In
2519 5225 2832 5294 tertia,qu:e
2852 5227 3072 5299 incipit:
3096 5251 3113 5282 ι
3133 5232 3202 5286 Et
3227 5248 3328 5304 ego
3351 5236 3419 5289 ad
3445 5244 3522 5301 te,
3552 5236 3775 5303 Domine.

2211 5311 2466 5379 clamavi,
2497 5332 2515 5366 ι
2540 5316 2780 5371 ostendit
2816 5334 2942 5374 suos
2976 5319 3031 5374 in
3057 5324 3310 5390 passione
3335 5325 3541 5383 Christi
3572 5345 3777 5400 respon~

2215 5402 2367 5469 dere,
2392 5403 2599 5462 scilicet
2623 5406 2691 5461 ad
2713 5406 3067 5467 imitationem
3093 5413 3179 5467 sui
3208 5414 3374 5471 multa
3400 5420 3696 5475 sustinere.
3716 5418 3781 5475 ln-

2213 5496 2382 5551 tentio
2403 5505 2485 5553 est
2508 5513 2604 5567 per
2623 5500 2928 5568 exemplum
2951 5502 3152 5560 Christi
3174 5515 3231 5561 et
3256 5522 3475 5564 suorum
3497 5512 3575 5567 ad
3600 5512 3783 5583 patien-

2211 5587 2340 5641 tiam
2364 5589 2613 5654 invitare,
2635 5589 2791 5659 juxta
2818 5591 3135 5662 Apostolum
3162 5611 3176 5650 :
3204 5597 3309 5665 Qui
3329 5600 3464 5656 dicit
3488 5617 3555 5657 se
3578 5602 3783 5659 Christo

2209 5692 2450 5743 manere,
2483 5679 2662 5745 debet,
2693 5681 2833 5737 sicut
2864 5682 2979 5752 ipse
3012 5685 3326 5753 ambulavit,
3346 5698 3403 5744 et
3443 5690 3565 5761 ip-e
3606 5693 3784 5748 ambu-

2203 5767 2336 5823 lare.
