3940 6456
183 428 293 484 493

1355 421 1787 478 EXPLAN’ATIO
1825 420 1893 473 IN
1935 420 2058 475 PSA
2070 420 2274 476 LMOS.

3331 417 3439 473 496

260 536 381 593 Vox
410 535 577 606 ipsius
600 533 1035 590 Cbristi‘orantis
1061 533 1139 588 sic
1166 552 1176 587 :
1202 548 1235 587 ο
1272 552 1292 584 ‹
1320 534 1544 587 Domine
1567 533 1706 587 Deus
1737 550 1754 581 ο
1791 531 1833 592 Α
1871 547 1888 579 ι
1926 527 2082 595 longe
2110 528 2283 583 fecisti
2314 538 2468 583 notos
2499 541 2668 591 meos,
2702 544 2720 577 ι
2756 525 2808 580 id
2839 533 2942 592 est,
2972 516 3258 596 Apostolus
3282 541 3436 583 meos

189 637 385 685 auctor
417 645 438 679 ι
463 639 599 681 mea!
629 625 838 690 salutis,
868 644 886 676 ι
920 624 975 678 id
1011 631 1128 688 est,
1173 622 1529 677 immunitatis
1564 636 1697 674 mea:
1730 635 1762 672 a

186 724 433 789 peccato,
461 731 564 788 ego
597 733 615 767 ι
644 715 867 769 clamavi
895 714 983 768 die
1006 722 1060 768 et
1085 722 1265 777 nocte,
1294 732 1313 765 ι
1349 713 1402 767 id
1420 720 1522 776 est,
1546 718 1768 773 exlense

187 808 365 874 oravi,
389 815 446 862 et
468 822 574 861 non
600 806 667 860 ad
696 813 1043 874 conspectum
1074 805 1375 867 hominum,
1411 803 1504 857 sed
1536 819 1555 851 ‹
1583 816 1766 856 coram

188 906 265 955 te.
298 916 317 950 ι
360 897 555 952 Coram
589 896 790 950 mundo
815 895 1044 961 clamat,
1071 894 1163 967 qui
1195 894 1466 948 mundana
1493 889 1764 962 postulat;

186 1004 374 1045 coram
401 989 512 1043 Deo
539 986 759 1050 clamat,
787 985 877 1055 qui
911 985 1081 1039 solum
1111 985 1277 1040 Deum
1315 984 1514 1037 habere
1556 980 1769 1035 deside-

187 1088 296 1134 rat.
326 1079 394 1133 Et
417 1078 543 1147 quia
582 1077 657 1131 ita
692 1076 949 1140 clamavi,
979 1093 998 1126 ‹
1044 1074 1208 1129 intret
1233 1073 1407 1127 oratio
1442 1087 1560 1126 mea
1589 1090 1607 1123 ι
1648 1085 1769 1140 qua:

185 1178 274 1225 est
302 1170 453 1241 quasi
480 1168 691 1238 legatus
722 1181 873 1222 meus
903 1165 971 1221 ad
998 1174 1068 1229 te,
1097 1175 1152 1219 et
1179 1165 1303 1234 quia
1333 1171 1512 1233 posset
1538 1164 1764 1225 intrare,

185 1270 244 1317 et
266 1274 387 1331 pOSt
410 1275 474 1316 ea
499 1258 721 1329 expelli,
749 1257 900 1323 dicit,
936 1276 952 1307 ι
983 1257 1037 1310 in
1065 1263 1356 1325 conspectu
1387 1263 1502 1321 tuo,
1532 1275 1551 1306 ι
1583 1254 1635 1320 id
1662 1263 1765 1321 est,

186 1353 268 1409 ita
297 1352 441 1422 quod
480 1350 550 1404 sit
584 1349 639 1403 in
675 1346 1010 1417 beneplacito
1055 1355 1181 1401 tuo:
1213 1347 1412 1401 dicitur
1453 1362 1484 1401 a
1518 1345 1769 1402 similitu-

188 1443 316 1498 dine
341 1438 587 1508 alicujus,
613 1438 704 1508 qui
734 1454 845 1492 rem
870 1437 971 1492 sibi
995 1435 1381 1507 beneplacitam
1404 1437 1460 1491 in
1481 1444 1768 1506 conspectu

188 1548 289 1588 suo
311 1532 484 1602 ponit,
516 1538 570 1585 et
595 1544 731 1599 opus
753 1536 859 1593 est,
892 1549 910 1578 ι
938 1528 1063 1597 quia
1094 1528 1272 1582 anima
1300 1542 1420 1581 mea
1451 1527 1656 1595 repleta
1686 1533 1770 1581 est

189 1619 365 1680 malis,
400 1638 418 1671 ι
460 1617 514 1672 id
539 1626 640 1682 est,
669 1616 1064 1681 anxietatibus;
1107 1615 1251 1671 unde
1285 1615 1398 1685 ipse
1425 1615 1559 1670 dixit
1598 1628 1614 1668 :
1655 1613 1771 1668 Tri-

188 1714 292 1766 stis
311 1719 394 1765 est
423 1710 604 1763 anima
624 1724 743 1764 mea
764 1723 935 1777 usque
976 1708 1041 1762 ad
1080 1715 1327 1763 mortem.
1353 1707 1567 1779 (Matth.
1591 1707 1764 1778 xxxx).

189 1800 293 1856 Vel
319 1800 496 1865 malis,
528 1800 580 1854 id
606 1808 708 1864 est,
741 1798 807 1853 de
832 1799 1071 1868 peccatis
1095 1813 1304 1861 eorum,
1351 1817 1368 1850 ι
1396 1806 1451 1853 ει
1492 1798 1602 1852 vita
1647 1812 1767 1851 mea

1873 635 1891 667 ι
1934 632 1963 670 a
2000 633 2086 672 me
2117 638 2135 669 ι
2168 620 2311 673 sicut
2341 618 2574 689 legitur:
2604 615 2811 671 Relicto
2849 631 2947 681 eo,
2978 615 3263 687 fugerunt,
3291 619 3439 689 quod

1868 709 2113 763 videntes
2143 709 2254 775 alii,
2302 728 2320 759 ι
2349 716 2644 778 posuerunt
2669 724 2754 763 me
2779 708 3228 763 abominationem
3259 710 3383 774 sibi,
3413 728 3434 763 ι

1869 798 1924 854 id
1962 807 2077 866 est,
2121 801 2402 855 delendum
2441 802 2506 856 de
2549 800 2819 856 consortio
2859 801 3155 856 hominum.
3203 800 3295 857 Vel
3337 802 3440 872 ipsi

1868 888 2109 960 Apostoli
2135 874 2429 960 posuerunt
2456 906 2541 947 me
2569 892 3019 946 abominationem
3046 890 3183 956 sibi,
3205 892 3342 947 sicut
3371 893 3442 948 de

1868 981 1931 1036 Β.
1960 982 2124 1038 Petro
2157 984 2391 1055 legitur:
2435 1001 2454 1034 ‹
2484 982 2659 1054 Cmpit
2691 984 2948 1040 detestari
2991 992 3047 1040 et
3077 982 3284 1053 iurare,
3313 985 3441 1056 quia

1869 1088 1975 1129 non
2004 1076 2126 1129 novi
2154 1075 2443 1130 hominem.
2474 1094 2492 1127 ι

1945 1182 1964 1214 ι
1988 1163 2240 1219 Traditus
2262 1179 2378 1219 sum
2408 1183 2427 1214 ι
2461 1164 2624 1218 etiam
2652 1177 2683 1217 a
2709 1164 2990 1234 discipulo,
3026 1185 3046 1219 σ
3073 1176 3128 1222 ει
3155 1182 3260 1223 ηοη
3290 1181 3445 1238 egre-

1871 1253 2061 1308 diebar
2084 1274 2101 1307 ι
2133 1254 2198 1309 ad
2222 1255 2536 1321 vindictam,
2560 1255 2685 1324 quia
2711 1270 2817 1309 non
2839 1258 3073 1312 ostendit
3098 1259 3325 1314 Deitatis
3346 1274 3443 1329 po-

1871 1344 2095 1399 tentiam
2132 1361 2293 1415 quam
2333 1346 2448 1416 ipse
2489 1345 2741 1400 habebat.
2785 1345 2937 1402 Unde
2986 1356 3041 1403 et
3091 1349 3205 1419 ipse
3245 1351 3380 1405 dixit
3421 1368 3436 1405 :

1871 1431 2093 1487 Possem
2131 1448 2324 1505 rogare
2380 1434 2593 1495 Patrem
2629 1451 2828 1503 meum,
2879 1446 2935 1492 et
2978 1439 3258 1495 exhiberet
3309 1441 3441 1500 mihi

1871 1518 1991 1588 plus
2009 1536 2170 1590 quam
2192 1522 2473 1577 duodecim
2496 1522 2733 1594 legiones
2756 1524 3085 1595 angelorum.
3112 1527 3178 1581 Et
3204 1546 3223 1579 ι
3246 1528 3439 1594 oculi,»

1872 1610 1927 1665 id
1947 1622 2050 1678 est,
2075 1611 2315 1684 Apostoli
2341 1633 2359 1666 ι
2381 1615 2508 1681 mei,
2524 1615 2844 1687 languerunt
2869 1637 2886 1670 ι
2921 1618 3321 1685 dubitaverunt,
3342 1621 3445 1675 sci-

1870 1697 2020 1765 licet,
2049 1701 2114 1756 de
2142 1704 2541 1759 resurrectione
2566 1719 2707 1770 mea,
2738 1706 2878 1761 sicut
2906 1708 2972 1762 de
3001 1707 3210 1764 duobus
3235 1708 3340 1763 illis
3371 1709 3447 1763 le-

1873 1791 2034 1862 gitur,
2073 1794 2164 1862 qui
2198 1802 2389 1850 euntes
2419 1796 2487 1850 ad
2517 1804 2754 1851 castrum
2778 1796 3000 1864 Emaus,
3028 1799 3314 1855 dicebant:
3339 1800 3446 1855 Nos

194 1892 406 1946 inferno
436 1889 905 1960 apprOpinquabit,
940 1909 959 1941 ι
997 1890 1050 1943 id
1078 1898 1192 1954 est,
1226 1890 1403 1943 anima
1434 1905 1572 1953 mea,
1602 1889 1685 1944 vel
1713 1890 1767 1943 in
1796 1869 1844 1931 Β
1870 1881 2251 1949 sperabamus,
2305 1884 2433 1952 quia
2488 1885 2606 1954 ipse
2655 1893 2800 1940 esset
2847 1887 3224 1956 redempturus
3258 1887 3444 1943 Israel.

192 1990 438 2053 tempore
463 1981 727 2053 passionis
752 1982 1011 2051 proxima:
1040 1990 1327 2050 antequam
1353 1984 1420 2038 ad
1449 1983 1651 2037 inferos
1676 1984 1768 2038 de-

194 2075 524 2140 scendisset;
570 2073 652 2128 vel
703 2073 1182 2143 appropinquavit,
1231 2074 1305 2127 ita
1344 2075 1485 2143 quod
1532 2082 1677 2128 esset
1712 2073 1766 2128 iu

190 2164 445 2232 inferno,
479 2166 547 2221 ad
580 2179 738 2235 quem
778 2172 969 2234 sponte
1002 2164 1310 2231 descendit,
1350 2173 1407 2219 et
1432 2164 1608 2235 ipsum
1646 2179 1769 2236 spe.

188 2255 366 2311 liavit.

264 2349 332 2404 Et
381 2369 403 2401 ‹
429 2350 728 2406 ωειίηκιιιιε
772 2363 891 2405 sum
927 2364 1050 2404 eum
1094 2349 1545 2406 descendentibus
1592 2348 1646 2404 in
1687 2348 1770 2403 la-

187 2453 337 2501 eum,
369 2458 388 2492 ι
424 2440 477 2494 id
499 2448 606 2506 est,
642 2440 696 2494 in
728 2439 1033 2506 infernum;
1065 2440 1149 2496 vel
1189 2441 1242 2495 in
1278 2441 1474 2500 lacum.
1506 2441 1557 2494 id
1583 2449 1684 2506 est,
1714 2440 1771 2494 in

188 2528 612 2599 profunditatem
637 2535 1003 2600 peccatorum,
1029 2530 1157 2599 quia
1179 2528 1312 2585 falsa
1337 2530 1588 2600 opinione
1615 2544 1772 2599 repu-

190 2627 449 2674 taverunt
474 2635 561 2675 me
584 2627 948 2690 peccatorem,
974 2628 1028 2676 et
1053 2621 1178 2690 quia
1207 2629 1450 2677 mortuus
1475 2623 1527 2676 in
1560 2621 1772 2678 inferne

188 2721 522 2778 remaneret,
543 2720 597 2767 et
623 2731 640 2763 ι
663 2711 838 2768 factus
855 2728 973 2768 sum
994 2731 1012 2764 ι
1040 2714 1377 2783 reputatione
1391 2718 1608 2780 ‘eorum,
1628 2714 1773 2783 quod

189 2811 406 2857 tantum
429 2816 607 2858 essem
643 2820 661 2853 ι
689 2804 831 2858 sicut
852 2803 1014 2857 homo
1042 2822 1061 2855 ι
1092 2811 1147 2857 ει
1176 2819 1282 2858 non
1314 2804 1486 2869 Deus,
1519 2804 1643 2858 licet
1669 2805 1771 2859 sim

194 2911 218 2943 ε
250 2893 392 2948 inter
429 2902 673 2948 mortuos
707 2913 724 2945 ι
781 2893 834 2946 in
868 2892 1140 2962 peccatis,
1192 2912 1210 2943 ι
1246 2891 1383 2947 liber
1412 2912 1432 2945 ι
1477 2901 1657 2948 tamen
1704 2894 1773 2949 ab

188 2982 340 3035 omni
367 2989 623 3050 peccato;
657 2980 739 3035 vel
783 2981 925 3036 inter
966 2991 1208 3037 mortuos
1245 2982 1401 3049 liber,
1440 2983 1493 3038 id
1521 2992 1622 3050 est,
1664 2996 1771 3039 non

191 3078 436 3126 retentus
466 3070 521 3125 in
553 3070 764 3126 inferno
789 3086 911 3126 cum
954 3073 1167 3128 caeteris
1196 3074 1454 3135 mortuis,
1499 3075 1591 3129 sed
1646 3074 1774 3129 libe-

191 3175 321 3216 rans
348 3160 501 3216 alios.
532 3160 661 3217 Sum
699 3148 861 3217 etiam
890 3163 1191 3218 aestimatus
1225 3182 1244 3215 ι
1273 3164 1389 3219 sine
1427 3164 1716 3232 adjutorio,
1747 3182 1766 3216 ι

189 3250 246 3305 id
265 3258 369 3317 est,
397 3260 504 3305 tam
532 3252 671 3318 vilis,
702 3252 788 3307 cui
816 3251 960 3307 Deus
988 3251 1195 3306 nullum
1223 3252 1361 3307 feret
1386 3254 1732 3321 adjutorium.

263 3343 397 3399 Sum
422 3345 722 3399 aestimatus
753 3363 772 3396 ι
800 3344 940 3399 sicut
969 3363 987 3397 ι
1016 3343 1109 3398 alii
1141 3363 1160 3394 ι
1188 3344 1477 3409 vulnerati,
1505 3344 1774 3398 dormien—

189 3444 273 3491 tes
302 3436 358 3490 in
390 3435 674 3506 sepulcris,
706 3449 955 3504 quorum,
987 3453 1007 3487 ι
1033 3451 1067 3489 o
1096 3435 1258 3500 Deus,
1292 3443 1348 3488 tu
1386 3453 1404 3484 ‹
1431 3450 1538 3489 non
1564 3449 1625 3489 es
1655 3451 1769 3488 meo

191 3543 314 3581 mor
342 3527 603 3594 amplius,
635 3545 653 3577 ι
688 3526 741 3580 id
765 3534 879 3592 est,
920 3534 980 3580 ut
1012 3527 1080 3579 ad
1109 3526 1311 3581 bonum
1342 3536 1664 3597 resurgant:
1697 3527 1772 3580 ita

192 3618 261 3671 dc
299 3629 386 3669 me
411 3614 692 3684 putabant,
727 3630 848 3669 cum
876 3616 1121 3671 viderent
1148 3615 1489 3670 vulneratum
1510 3625 1566 3670 et
1588 3614 1776 3683 jacen-

196 3714 303 3759 tem
354 3706 408 3758 in
457 3703 722 3774 sepulcro,
753 3719 822 3759 ne
847 3704 1078 3775 amplius
1101 3719 1472 3775 resurgerem;
1517 3704 1601 3758 vel
1638 3703 1769 3759 alle-

190 3796 376 3865 gorice
399 3795 727 3864 accipiamus
748 3795 1060 3851 vulneratos
1081 3796 1134 3851 in
1161 3796 1398 3866 peccatis
1418 3795 1769 3862 dormientes,

192 3886 247 3940 id
279 3893 383 3948 cst,
412 3885 752 3955 quiescentes
794 3884 847 3938 in
897 3885 1183 3954 sepulcris,
1222 3886 1275 3939 id
1303 3894 1406 3948 est,
1441 3887 1495 3939 in
1525 3886 1769 3955 corpori-

188 3976 296 4031 bus
326 3975 380 4029 in
408 3974 602 4044 quibus
627 3970 972 4043 putrescunt,
1021 3977 1421 4031 consentientes
1456 3977 1771 4033 delectatio-

191 4068 355 4122 nibus
378 4067 590 4122 carnis:
608 4075 663 4122 et
682 4082 786 4122 non
812 4067 1158 4133 dormientes,
1181 4083 1315 4138 quos
1342 4079 1558 4123 revocet
1578 4070 1720 4123 Deus
1738 4083 1769 4122 a

192 4159 422 4224 malitia,
452 4159 545 4214 sed
572 4174 871 4228 quorum,o
892 4159 1054 4224 Deus,
1078 4175 1182 4213 non
1207 4175 1267 4214 es
1293 4175 1501 4214 memor
1520 4161 1767 4229 amplius,

196 4267 218 4299 ι
246 4257 301 4302 ει
327 4268 347 4300 ι
381 4249 628 4318 quamvis
653 4264 740 4303 me
766 4248 839 4302 ita
866 4248 1139 4317 repulsum
1168 4258 1420 4319 putarent
1450 4268 1468 4301 ι
1498 4250 1599 4319 ipsi
1627 4270 1647 4301 ι
1693 4259 1772 4305 ta-

188 4357 317 4397 men
344 4352 400 4396 et
426 4357 530 4397 non
555 4357 655 4414 ego
683 4361 700 4395 ι
730 4342 928 4412 repulsi
956 4350 1081 4397 sunt
1103 4344 1173 4397 de
1196 4357 1357 4396 manu
1392 4352 1505 4408 tua,
1528 4363 1547 4396 ο
1588 4344 1643 4399 id
1664 4352 1764 4408 est,

191 4432 261 4489 de
281 4434 632 4503 protectione.

264 4525 568 4597 Exaggerat
614 4526 922 4596 passionem
952 4542 1105 4583 suam
1135 4536 1193 4583 et
1227 4527 1440 4583 illorum
1481 4529 1767 4597 malitiam,
1794 4558 1848 4618 D

188 4615 383 4673 dicens
413 4634 428 4671 :
470 4635 489 4668 ι
511 4616 813 4672 Posuerunt
839 4638 860 4671 ι
891 4620 1054 4673 etiam
1086 4638 1104 4671 ι
1133 4634 1220 4673 me
1245 4638 1263 4671 ›
1298 4622 1636 4688 reputatione
1669 4638 1766 4678 sua

198 4727 221 4761 ι
250 4709 307 4764 in
333 4709 450 4765 lacu
484 4708 750 4775 inferiori,
778 4728 798 4765 ι
825 4710 878 4765 in
907 4711 1229 4781 profundum
1261 4711 1534 4777 vitiorum,
1570 4713 1653 4767 vel
1682 4714 1766 4769 di-

190 4816 360 4872 gnum
381 4801 473 4870 qui
496 4801 873 4857 descenderem
898 4801 952 4856 in
974 4800 1298 4872 profundum
1324 4801 1539 4868 inferni,
1564 4804 1770 4860 scilicet

200 4912 221 4945 ς
250 4893 304 4947 in
330 4894 632 4949 tenebrosis
661 4913 679 4946 ι
715 4893 848 4948 locis
878 4910 896 4945 ι
925 4902 980 4949 ει
1006 4894 1061 4948 in
1084 4894 1277 4949 umbra
1304 4893 1513 4959 mortis,
1537 4914 1553 4946 ι
1587 4895 1639 4949 id
1664 4904 1768 4962 est,

195 4985 251 5041 in
282 4984 400 5040 loco
428 4972 521 5040 illo
544 4984 638 5040 ubi
679 4984 794 5040 sola
819 4984 1009 5040 umbra
1037 4993 1256 5040 necaret
1282 4984 1562 5050 homines;
1592 4985 1675 5040 vel
1709 4987 1762 5040 in

193 5076 410 5142 umbra,
438 5077 493 5132 id
518 5084 631 5143 est,
663 5076 718 5131 in
749 5076 1074 5148 ignorantia,
1094 5091 1215 5146 qum
1233 5084 1317 5131 est
1344 5091 1505 5131 causa
1529 5076 1717 5131 mortis
1746 5089 1761 5129 :

191 5167 340 5223 unde
359 5167 557 5223 dicitur
579 5185 595 5223 :
619 5167 875 5238 Ignorans
895 5167 1229 5237 ignorabitur
1254 5165 1325 5236 (l.
1352 5166 1473 5220 Cor.
1498 5166 1634 5238 xiv).

273 5275 293 5309 ι
321 5256 499 5329 Super
524 5274 612 5314 me
638 5278 657 5312 ι
697 5259 860 5313 etiam
892 5258 1229 5328 reputatione
1252 5272 1439 5312 eorum
1481 5277 1498 5308 ι
1524 5266 1607 5312 εει
1631 5262 1764 5312 con-

193 5350 444 5406 ﬁrmatus
463 5347 615 5405 furor
635 5356 779 5415 tuus,
800 5368 819 5401 ι
848 5349 901 5403 id
922 5359 1023 5415 εει,
1049 5357 1239 5418 putant
1262 5357 1334 5412 te,
1357 5362 1391 5401 o
1418 5349 1575 5412 Deus,
1599 5352 1767 5402 conti-

190 5459 304 5502 nuo
342 5451 397 5499 et
435 5442 746 5499 omnimode
783 5456 909 5513 erga
948 5457 1035 5495 me
1071 5455 1193 5495 esse
1230 5441 1422 5494 iratum
1449 5458 1461 5493 ε
1488 5449 1540 5494 ει
1567 5448 1763 5509 pra-ter

190 5525 346 5596 illum
383 5536 641 5603 furorem,
681 5537 925 5599 Domine,
957 5536 1083 5605 quia
1124 5554 1142 5586 ι
1173 5536 1427 5589 induxisti
1456 5550 1642 5590 omnes
1665 5535 1763 5590 llu-

191 5637 314 5685 ctus
343 5636 482 5694 tuos,
512 5647 531 5680 ι
568 5629 622 5684 id
644 5637 747 5693 εει,
779 5627 1211 5698 perturbationes
1253 5625 1412 5693 hujus
1446 5629 1590 5692 vitae,
1630 5646 1647 5678 ε
1670 5643 1761 5682 ειι-

192 5733 293 5788 per
315 5733 402 5774 me
425 5734 440 5773 :
473 5738 492 5771 ι
526 5728 581 5774 ει
606 5735 709 5773 non
737 5727 943 5772 tantum
971 5717 1039 5770 ab
1067 5716 1339 5770 extraneis
1365 5718 1763 5786 persecutiones

196 5809 382 5877 habui,
421 5810 514 5866 sed
548 5810 713 5889 etiam.
738 5809 894 5865 amici
924 5808 1027 5863 mei
1054 5805 1396 5871 defecerunt,
1430 5817 1484 5862 et
1517 5810 1620 5863 hoc
1645 5818 1758 5874 est,

1870 1967 2215 2041 Languerant
2242 1973 2383 2039 dico,
2418 1991 2438 2026 ‹
2464 1990 2576 2044 pra:
2608 1976 2787 2046 inopia
2815 1997 2833 2030 ι
2882 1978 2996 2032 veri
3032 1979 3277 2044 luminis,
3319 1980 3447 2050 quia

1871 2075 1978 2116 non
2008 2061 2163 2131 plene
2190 2071 2345 2117 erant
2377 2065 2550 2121 adhuc
2578 2067 2644 2121 de
2672 2065 3089 2136 Spiritu-sancto
3115 2068 3375 2125 roborati.

1870 2176 1877 2181 ί
1946 2152 2101 2208 Unde
2124 2152 2385 2209 Dominus
2405 2155 2717 2225 improbans
2742 2157 2847 2213 illis
2875 2157 3246 2215 dubitantibus
3275 2160 3446 2216 dixit:

1879 2264 1898 2296 ι
1925 2243 1971 2300 Ο
2001 2244 2170 2310 stulti,
2207 2254 2262 2300 et
2290 2246 2430 2300 tardi
2456 2247 2620 2302 corde
2648 2247 2715 2302 ad
2744 2248 3090 2315 credendum,
3121 2269 3141 2302 ι
3171 2258 3279 2307 etc.

1952 2353 1973 2385 ἰ
1998 2326 2258 2389 Clamavi.
2288 2355 2305 2388 ι
2332 2334 2467 2390 Pars
2490 2338 2742 2392 secunda.
2775 2338 3031 2406 Quamvis
3057 2355 3231 2397 essem
3259 2341 3335 2396 ita
3361 2343 3451 2397 de-

1871 2424 2093 2480 relictus
2128 2425 2211 2480 ab-
2238 2425 2456 2491 amicis,
2495 2434 2698 2493 tamen,
2729 2444 2763 2484 ο
2801 2448 2821 2481 ι
2850 2430 3098 2498 Domine,
3121 2431 3348 2488 clamavi
3382 2433 3452 2489 ad

1873 2523 1947 2581 te,
1987 2533 2006 2566 ι
2050 2514 2259 2570 scilicet
2298 2523 2359 2569 ut
2395 2516 2556 2572 dares
2599 2520 3083 2588 resurrectionem,
3121 2529 3177 2578 et
3215 2541 3235 2575 ε
3260 2538 3453 2580 manus

1868 2621 2043 2674 meas,
2074 2626 2092 2658 ι
2126 2607 2181 2663 id
2203 2616 2304 2672 εει,
2336 2609 2678 2679 Operationes
2703 2627 2853 2668 meas
2882 2632 2901 2665 ι
2929 2615 3182 2684 expandi,
3211 2634 3230 2669 ι
3264 2617 3319 2671 id
3345 2626 3451 2685 est,

1870 2710 1970 2769 per
1997 2699 2319 2756 cbaritatem
2348 2700 2568 2758 dilatavi
2601 2721 2621 2754 ‹
2641 2704 2708 2758 ad
2738 2712 2793 2760 te
2827 2722 2845 2756 ι
2883 2721 2983 2776 pro
3016 2710 3330 2764 merendum
3351 2749 3367 2776 ,
3395 2718 3453 2765 et

1873 2791 1978 2846 hoc
2010 2810 2030 2844 ι
2061 2799 2174 2848 tota
2200 2793 2310 2857 die,
2350 2810 2371 2845 ι
2411 2792 2473 2848 Μ
2503 2801 2614 2860 εει,
2656 2793 2892 2863 assidue,
2923 2795 3010 2851 vel
3054 2804 3166 2855 toto
3212 2798 3455 2872 tempore

1872 2897 2157 2953 passnoms.
2196 2908 2201 2911 -

1949 2990 1969 3024 ι
1998 2972 2250 3044 Nunquid
2286 2994 2306 3028 ι
2352 2982 2407 3029 ει
2434 2990 2569 3045 opus
2607 2983 2692 3030 est
2726 2984 2789 3030 ut
2830 2991 2920 3032 me
2957 2979 3278 3046 resuscites,
3325 2980 3454 3050 quia

1871 3078 1959 3119 me
1982 3072 2195 3120 retento
2222 3066 2276 3120 in
2304 3066 2570 3136 sepulcro,
2609 3084 2627 3117 ι
2657 3066 2824 3123 facies
2851 3069 3079 3124 mortuis
3103 3069 3445 3126 mirabilia?)

1880 3174 1899 3207 ι
1927 3158 2171 3226 nunquid
2217 3159 2431 3224 medici,
2467 3178 2486 3211 ι
2518 3159 2571 3215 id
2594 3167 2698 3224 est,
2721 3158 2962 3229 Apostoli
2988 3169 3043 3215 et
3074 3162 3453 3232 praedicatores

1872 3266 1899 3299 τ
1930 3251 2266 3306 suscitabunt
2296 3271 2315 3302 ι
2345 3251 2782 3321 przedicationem
2806 3267 2979 3319 suam,
3022 3273 3040 3304 ι
3065 3262 3120 3309 ει
3146 3273 3165 3305 ο
3199 3254 3303 3325 ipsi
3328 3270 3451 3311 sus-

1873 3337 2027 3392 citati
2050 3339 2102 3392 in
2127 3340 2327 3402 anima,
2362 3361 2380 3392 ί
2412 3341 2810 3397 confitebuntur
2835 3344 2967 3398 tibi?
2996 3368 3015 3397 ι
3042 3344 3179 3401 Νοη.
3203 3346 3349 3402 Bene
3371 3348 3454 3402 dio

1872 3429 1969 3493 cit,
2000 3446 2107 3485 non
2144 3433 2502 3498 suscitabunt,
2535 3434 2660 3503 quia
2688 3449 2790 3491 nec
2836 3436 2998 3491 etiam
3032 3436 3227 3492 medici
3249 3449 3447 3504 essent,

1871 3519 1975 3573 nisi
2002 3520 2252 3576 Christus
2278 3523 2682 3578 resurrexisset.

1949 3627 1968 3658 ‹
2000 3607 2253 3679 Nunquid
2287 3629 2306 3661 ι
2338 3620 2425 3664 me
2453 3620 2666 3667 retento
2694 3632 2711 3663 ‹
2737 3612 2791 3666 in
2818 3614 3065 3682 sepulcro
3086 3617 3331 3672 narrabit
3354 3617 3453 3673 ali-

1872 3701 1997 3771 quis
2024 3703 2449 3758 misericordiam
2477 3712 2644 3770 tuam,
2680 3729 2698 3755 ο
2734 3705 2961 3771 scilicet,
2998 3708 3140 3776 quod
3169 3708 3337 3763 facias
3365 3725 3450 3765 re-

1874 3792 2161 3848 missiones
2204 3802 2580 3863 peccatorum,
2629 3794 2893 3864 iustiﬁces
2940 3798 3245 3865 hominem,
3307 3801 3451 3855 etc.l

1872 3883 2010 3939 Non.
2061 3884 2167 3939 Aut
2202 3900 2287 3939 me
2332 3886 2542 3956 perdito
2586 3909 2603 3934 ι
2636 3887 2690 3941 in
2730 3887 3062 3957 perditione,
3093 3907 3113 3940 ι
3166 3888 3220 3943 in
3257 3905 3451 3945 corru-

1871 3975 2080 4046 ptione,
2108 3976 2350 4045 nunquid
2379 3976 2622 4031 narrabit
2659 3976 2855 4047 aliquis
2888 3996 2907 4028 ‹
2939 3979 3220 4035 veritatem
3249 3988 3394 4036 tuam
3425 4001 3445 4034 ι

1872 4066 1938 4121 de
1982 4064 2294 4135 impletione
2340 4067 2713 4136 promissionis
2751 4068 2907 4123 istius
2955 4069 3096 4139 quod
3142 4070 3196 4124 in
3243 4072 3450 4129 semine

1870 4157 2102 4212 Abrahae
2120 4157 2513 4211 benedicentur
2530 4172 2719 4212 omnes
2742 4167 2952 4229 gentes,
2976 4168 3032 4213 et
3050 4158 3311 4215 aliarum?
3330 4162 3448 4218 Non

1871 4249 2075 4318 utique.
2109 4248 2204 4303 Vel
2228 4248 2336 4302 ita:
2362 4246 2418 4302 Si
2441 4263 2541 4319 ego
2562 4265 2668 4304 non
2691 4248 2843 4303 fuero
2862 4251 3236 4317 resuscitatus,
3266 4271 3286 4303 ι
3310 4267 3446 4308 ιιωιο

1871 4339 2000 4410 quid
2032 4360 2050 4391 ι
2075 4354 2301 4394 manens
2324 4361 2341 4386 ι
2372 4340 2425 4393 in
2455 4338 2724 4409 sepulcro,
2758 4359 2777 4389 ι
2803 4339 2856 4394 id
2878 4349 2986 4405 est,
3011 4340 3065 4394 in
3093 4340 3449 4398 delectatiune

1872 4430 2054 4485 carnis
2078 4437 2413 4500 putrescens,
2454 4448 2472 4481 ι
2503 4430 2736 4484 narrabo
2756 4429 3183 4486 misericordiam
3212 4433 3394 4488 tuam?
3422 4452 3443 4485 ι

1871 4522 1981 4576 Aut
2006 4521 2200 4591 aliquis
2224 4521 2468 4577 existens
2509 4539 2529 4572 ι
2554 4521 2608 4575 in
2631 4520 2952 4592 perditione,
2978 4543 2997 4574 ι
3030 4524 3085 4579 id
3109 4531 3213 4591 est,
3242 4525 3297 4579 in
3320 4539 3448 4582 con-

1873 4617 2155 4673 suetudine
2173 4615 2454 4688 peccandi,
2480 4635 2499 4668 «
2523 4615 2766 4670 narrabit
2792 4635 2812 4668 ι
2834 4630 2956 4671 non
2985 4631 3072 4671 me
3096 4618 3441 4685 resuscitato,
3542 4688 3553 4698 ,

1875 4728 1894 4760 ι
1926 4709 2212 4765 veritatem
2242 4710 2422 4763 tuam?
2451 4728 2471 4761 ι
2504 4707 2641 4763 Non.

1941 4802 2008 4856 Et
2039 4822 2056 4853 ‹
2087 4802 2328 4871 nunquid
2357 4822 2379 4853 ι
2407 4817 2515 4855 non
2543 4816 2629 4856 me
2655 4803 2975 4859 resuscitato
3005 4821 3025 4855 ‹
3055 4812 3449 4875 cognoscentur

1871 4894 2138 4949 mirabilia
2164 4904 2276 4961 tua,
2309 4915 2326 4946 ι
2361 4894 2417 4948 id
2437 4902 2543 4960 est,
2581 4902 2767 4964 partus
2788 4895 3042 4967 Virginis,
3072 4899 3337 4963 ascensio,
3360 4912 3447 4952 τεο

1870 4985 2083 5055 paratio
2118 4985 2341 5039 humani
2382 4985 2623 5055 generis,
2667 5001 2696 5040 a
2731 4987 2924 5056 positis
2971 5006 2992 5039 ‹
3023 4988 3077 5042 in
3121 4988 3392 5042 tenebris?
3422 5008 3440 5041 ν
3478 5052 3481 5053 ν

1872 5074 2018 5141 Non;
2060 5075 2270 5130 etiamsi
2309 5085 2455 5131 esset
2483 5076 2573 5145 qui
2610 5076 2943 5146 praedicaret.
2983 5094 3002 5126 ‹
3043 5074 3111 5129 Ει
3141 5093 3160 5126 ι
3201 5077 3443 5148 nunquid

1870 5185 1894 5217 ‹
1918 5165 2127 5235 justitia
2171 5176 2299 5232 tua,
2333 5186 2352 5219 ι
2405 5166 2459 5221 id
2495 5176 2611 5234 est,
2647 5167 2893 5223 remissio
2921 5174 3297 5236 peccatorum,
3346 5183 3441 5225 co-

1870 5266 2159 5330 gnoscetur
2201 5261 2270 5315 ab
2317 5260 2673 5316 existentibus
2729 5280 2748 5312 c
2790 5262 2843 5314 in
2881 5268 3026 5315 terra
3064 5260 3381 5325 oblivionis,
3417 5280 3436 5311 ι

1871 5351 1924 5405 id
1958 5360 2071 5418 est,
2107 5351 2175 5406 ab
2200 5350 2304 5408 illis
2332 5354 2423 5423 qui
2457 5352 2608 5409 obliti
2645 5358 2769 5407 sunt
2809 5351 2884 5406 tui
2930 5360 3151 5423 propter
3190 5352 3442 5407 terrena?

1865 5438 2003 5495 Non.

1943 5552 1961 5584 r
1995 5531 2060 5587 Et
2083 5547 2201 5605 ego.
2235 5555 2253 5585 ι
2286 5534 2419 5590 Pars
2446 5535 2605 5589 tertia
2630 5551 2643 5588 :
2671 5534 2784 5605 Ego
2813 5533 2891 5590 sic
2916 5534 3140 5590 clamavi
3168 5534 3234 5590 de
3255 5549 3441 5593 resur-

1870 5624 2131 5691 rectione,
2167 5645 2185 5676 ‹
2216 5635 2272 5679 ει
2304 5645 2321 5676 ι
2362 5627 2583 5680 obtenta
2609 5640 2674 5679 ea
2712 5645 2729 5674 ι
2760 5640 2859 5695 ego
2879 5625 3128 5691 clamavi,
3152 5645 3170 5678 ι
3199 5625 3255 5680 in
3280 5639 3436 5688 mets,

1872 5714 1925 5768 id
1948 5724 2049 5781 est,
2076 5717 2183 5771 mei
2210 5717 2519 5772 clamabunt
2543 5736 2559 5767 ι
2591 5716 2659 5772 ad
2681 5725 2753 5783 te,
2782 5716 3025 5784 Domine,
3050 5726 3105 5773 et
3123 5716 3297 5773 oratio
3318 5733 3439 5774 mea

1875 5824 2034 5867 mane
2065 5832 2082 5863 ι
2126 5811 2287 5880 facta,
2326 5813 2379 5867 id
2402 5819 2505 5880 est,
2540 5813 2773 5880 assidue,
2803 5813 2886 5867 vel
2924 5829 3103 5882 mane,
3144 5814 3197 5871 id
3234 5821 3340 5885 est,
3380 5814 3437 5871 in
