  <div class='ocr_page' id='page_1' title='image "/cluster/home/n/w/nwhite01/storage/ocr_20150623/116/hvd.32044015466881/249.png"; bbox 0 0 3940 6466; ppageno 0'>
   <div class='ocr_carea' id='block_1_1' title="bbox 447 397 556 451">
    <p class='ocr_par' dir='ltr' id='par_1_1' title="bbox 447 397 556 451">
     <span class='ocr_line' id='line_1_1' title="bbox 447 397 556 451; baseline -0.018 0"><span class='ocrx_word' id='word_1_1' title='bbox 447 397 556 451; x_wconf 70' lang='grc' dir='ltr'><strong>ωδ</strong></span> 
     </span>
    </p>
   </div>
   <div class='ocr_carea' id='block_1_2' title="bbox 918 392 3248 453">
    <p class='ocr_par' dir='ltr' id='par_1_2' title="bbox 918 392 3248 453">
     <span class='ocr_line' id='line_1_2' title="bbox 918 392 3248 453; baseline 0.001 -6"><span class='ocrx_word' id='word_1_2' title='bbox 918 394 1271 449; x_wconf 75' lang='lat' dir='ltr'><strong>HAYMONIS</strong></span> <span class='ocrx_word' id='word_1_3' title='bbox 1312 392 1796 449; x_wconf 77' lang='lat' dir='ltr'><strong>HALBERSTAT.</strong></span> <span class='ocrx_word' id='word_1_4' title='bbox 1839 392 2054 450; x_wconf 81' lang='lat' dir='ltr'><strong>EPISC.</strong></span> <span class='ocrx_word' id='word_1_5' title='bbox 2097 392 2246 450; x_wconf 86' lang='lat' dir='ltr'><strong>OPP.</strong></span> <span class='ocrx_word' id='word_1_6' title='bbox 2289 395 2470 451; x_wconf 79' lang='lat' dir='ltr'><strong>PARS</strong></span> <span class='ocrx_word' id='word_1_7' title='bbox 2502 395 2545 450; x_wconf 88' lang='lat' dir='ltr'><strong>I.</strong></span> <span class='ocrx_word' id='word_1_8' title='bbox 2576 426 2647 438; x_wconf 93' lang='lat'>—</span> <span class='ocrx_word' id='word_1_9' title='bbox 2679 393 3037 453; x_wconf 77' lang='lat' dir='ltr'><strong>COMMENT.</strong></span> <span class='ocrx_word' id='word_1_10' title='bbox 3077 394 3248 450; x_wconf 85' lang='lat' dir='ltr'><strong>BIBL.</strong></span> 
     </span>
    </p>
   </div>
   <div class='ocr_carea' id='block_1_3' title="bbox 452 505 3742 580">
    <p class='ocr_par' dir='ltr' id='par_1_3' title="bbox 452 505 3742 580">
     <span class='ocr_line' id='line_1_3' title="bbox 452 505 3742 580; baseline 0 -17"><span class='ocrx_word' id='word_1_11' title='bbox 452 518 575 571; x_wconf 78' lang='lat' dir='ltr'><strong>luce</strong></span> <span class='ocrx_word' id='word_1_12' title='bbox 613 509 893 570; x_wconf 76' lang='lat' dir='ltr'><strong>virtutum,</strong></span> <span class='ocrx_word' id='word_1_13' title='bbox 928 524 946 557; x_wconf 78' lang='grc' dir='ltr'>ι</span> <span class='ocrx_word' id='word_1_14' title='bbox 977 506 1267 576; x_wconf 68' lang='lat' dir='ltr'><strong>praeveniet</strong></span> <span class='ocrx_word' id='word_1_15' title='bbox 1294 514 1348 559; x_wconf 88' lang='lat' dir='ltr'><strong>te</strong></span> <span class='ocrx_word' id='word_1_16' title='bbox 1373 526 1391 556; x_wconf 77' lang='grc' dir='ltr'><strong><em>ι</em></strong></span> <span class='ocrx_word' id='word_1_17' title='bbox 1438 521 1546 560; x_wconf 91' lang='lat' dir='ltr'><strong>non</strong></span> <span class='ocrx_word' id='word_1_18' title='bbox 1582 506 1727 575; x_wconf 91' lang='lat' dir='ltr'><strong>quod</strong></span> <span class='ocrx_word' id='word_1_19' title='bbox 1761 506 1814 559; x_wconf 90' lang='lat' dir='ltr'><strong>in</strong></span> <span class='ocrx_word' id='word_1_20' title='bbox 1846 519 1904 559; x_wconf 90' lang='lat' dir='ltr'><strong>se</strong></span> <span class='ocrx_word' id='word_1_21' title='bbox 1937 505 2035 559; x_wconf 88' lang='lat' dir='ltr'><strong>ha-</strong></span> <span class='ocrx_word' id='word_1_22' title='bbox 2062 512 2112 570; x_wconf 77' lang='grc' dir='ltr'><strong>Α</strong></span> <span class='ocrx_word' id='word_1_23' title='bbox 2139 505 2197 561; x_wconf 88' lang='lat' dir='ltr'><strong>In</strong></span> <span class='ocrx_word' id='word_1_24' title='bbox 2226 515 2418 577; x_wconf 86' lang='lat' dir='ltr'><strong>quarta</strong></span> <span class='ocrx_word' id='word_1_25' title='bbox 2454 515 2642 577; x_wconf 83' lang='lat' dir='ltr'><strong>parte,</strong></span> <span class='ocrx_word' id='word_1_26' title='bbox 2672 522 2793 578; x_wconf 78' lang='lat' dir='ltr'><strong>qua:</strong></span> <span class='ocrx_word' id='word_1_27' title='bbox 2823 507 3013 578; x_wconf 75' lang='lat' dir='ltr'><strong>incipit</strong></span> <span class='ocrx_word' id='word_1_28' title='bbox 3039 523 3056 562; x_wconf 87' lang='lat'><strong>:</strong></span> <span class='ocrx_word' id='word_1_29' title='bbox 3089 526 3108 559; x_wconf 69' lang='grc' dir='ltr'>ι</span> <span class='ocrx_word' id='word_1_30' title='bbox 3139 507 3220 563; x_wconf 86' lang='lat' dir='ltr'><strong>Tu</strong></span> <span class='ocrx_word' id='word_1_31' title='bbox 3240 521 3369 564; x_wconf 86' lang='lat' dir='ltr'><strong>vero</strong></span> <span class='ocrx_word' id='word_1_32' title='bbox 3396 508 3683 580; x_wconf 79' lang='lat' dir='ltr'><strong>repulisti,</strong></span> <span class='ocrx_word' id='word_1_33' title='bbox 3713 529 3742 564; x_wconf 68' lang='grc' dir='ltr'><strong><em>ι</em></strong></span> 
     </span>
    </p>
   </div>
   <div class='ocr_carea' id='block_1_4' title="bbox 452 595 2038 666">
    <p class='ocr_par' dir='ltr' id='par_1_4' title="bbox 452 595 2038 666">
     <span class='ocr_line' id='line_1_4' title="bbox 452 595 2038 666; baseline -0.002 -14"><span class='ocrx_word' id='word_1_34' title='bbox 452 600 616 653; x_wconf 84' lang='lat' dir='ltr'><strong>beant</strong></span> <span class='ocrx_word' id='word_1_35' title='bbox 648 610 806 651; x_wconf 82' lang='lat' dir='ltr'><strong>orare</strong></span> <span class='ocrx_word' id='word_1_36' title='bbox 836 596 953 650; x_wconf 84' lang='lat' dir='ltr'><strong>sine</strong></span> <span class='ocrx_word' id='word_1_37' title='bbox 986 606 1074 648; x_wconf 91' lang='lat' dir='ltr'><strong>tua</strong></span> <span class='ocrx_word' id='word_1_38' title='bbox 1109 595 1499 661; x_wconf 82' lang='lat' dir='ltr'><strong>misericordia,</strong></span> <span class='ocrx_word' id='word_1_39' title='bbox 1541 596 1636 650; x_wconf 89' lang='lat' dir='ltr'><strong>sed</strong></span> <span class='ocrx_word' id='word_1_40' title='bbox 1663 595 1795 650; x_wconf 91' lang='lat' dir='ltr'><strong>dicit</strong></span> <span class='ocrx_word' id='word_1_41' title='bbox 1836 609 2038 666; x_wconf 64' lang='lat' dir='ltr'><strong>praeve-</strong></span> 
     </span>
    </p>
   </div>
   <div class='ocr_carea' id='block_1_5' title="bbox 456 683 1979 754">
    <p class='ocr_par' dir='ltr' id='par_1_5' title="bbox 456 683 1979 754">
     <span class='ocr_line' id='line_1_5' title="bbox 456 683 1979 754; baseline -0.003 -11"><span class='ocrx_word' id='word_1_42' title='bbox 456 689 602 754; x_wconf 88' lang='lat' dir='ltr'><strong>nire,</strong></span> <span class='ocrx_word' id='word_1_43' title='bbox 631 685 843 743; x_wconf 81' lang='lat' dir='ltr'><strong>scilicet</strong></span> <span class='ocrx_word' id='word_1_44' title='bbox 870 694 930 739; x_wconf 92' lang='lat' dir='ltr'><strong>ut</strong></span> <span class='ocrx_word' id='word_1_45' title='bbox 961 683 1206 739; x_wconf 81' lang='lat' dir='ltr'><strong>reddaris</strong></span> <span class='ocrx_word' id='word_1_46' title='bbox 1234 683 1517 754; x_wconf 79' lang='lat' dir='ltr'><strong>placabilis</strong></span> <span class='ocrx_word' id='word_1_47' title='bbox 1547 694 1673 739; x_wconf 84' lang='lat' dir='ltr'><strong>ante</strong></span> <span class='ocrx_word' id='word_1_48' title='bbox 1696 684 1979 754; x_wconf 86' lang='lat' dir='ltr'><strong>judicium.</strong></span> 
     </span>
    </p>
   </div>
   <div class='ocr_carea' id='block_1_6' title="bbox 526 774 2041 845">
    <p class='ocr_par' dir='ltr' id='par_1_6' title="bbox 526 774 2041 845">
     <span class='ocr_line' id='line_1_6' title="bbox 526 774 2041 845; baseline -0.003 -11"><span class='ocrx_word' id='word_1_49' title='bbox 526 779 677 843; x_wconf 87' lang='lat' dir='ltr'><strong>Dico,</strong></span> <span class='ocrx_word' id='word_1_50' title='bbox 707 777 814 831; x_wconf 91' lang='lat' dir='ltr'><strong>mei</strong></span> <span class='ocrx_word' id='word_1_51' title='bbox 844 776 1097 839; x_wconf 86' lang='lat' dir='ltr'><strong>clamant,</strong></span> <span class='ocrx_word' id='word_1_52' title='bbox 1121 774 1214 830; x_wconf 91' lang='lat' dir='ltr'><strong>sed</strong></span> <span class='ocrx_word' id='word_1_53' title='bbox 1243 793 1263 824; x_wconf 74' lang='grc' dir='ltr'>ι</span> <span class='ocrx_word' id='word_1_54' title='bbox 1293 784 1352 828; x_wconf 81' lang='grc' dir='ltr'><strong>ιιι</strong></span> <span class='ocrx_word' id='word_1_55' title='bbox 1377 775 1527 845; x_wconf 89' lang='lat' dir='ltr'><strong>quid,</strong></span> <span class='ocrx_word' id='word_1_56' title='bbox 1557 775 1803 840; x_wconf 89' lang='lat' dir='ltr'><strong>Domine,</strong></span> <span class='ocrx_word' id='word_1_57' title='bbox 1826 774 2041 845; x_wconf 79' lang='lat' dir='ltr'><strong>repellis</strong></span> 
     </span>
    </p>
   </div>
   <div class='ocr_carea' id='block_1_7' title="bbox 455 864 2043 930">
    <p class='ocr_par' dir='ltr' id='par_1_7' title="bbox 455 864 2043 930">
     <span class='ocr_line' id='line_1_7' title="bbox 455 864 2043 930; baseline -0.006 -3"><span class='ocrx_word' id='word_1_58' title='bbox 455 869 758 927; x_wconf 87' lang='lat' dir='ltr'><strong>orationem</strong></span> <span class='ocrx_word' id='word_1_59' title='bbox 782 880 976 929; x_wconf 86' lang='lat' dir='ltr'><strong>meam,</strong></span> <span class='ocrx_word' id='word_1_60' title='bbox 1026 884 1044 915; x_wconf 69' lang='grc' dir='ltr'>ι</span> <span class='ocrx_word' id='word_1_61' title='bbox 1088 864 1142 919; x_wconf 87' lang='lat' dir='ltr'><strong>id</strong></span> <span class='ocrx_word' id='word_1_62' title='bbox 1178 872 1295 930; x_wconf 89' lang='lat' dir='ltr'><strong>est,</strong></span> <span class='ocrx_word' id='word_1_63' title='bbox 1341 880 1585 920; x_wconf 86' lang='lat' dir='ltr'><strong>meorum</strong></span> <span class='ocrx_word' id='word_1_64' title='bbox 1619 881 1650 920; x_wconf 91' lang='lat' dir='ltr'><strong>a</strong></span> <span class='ocrx_word' id='word_1_65' title='bbox 1683 868 1770 921; x_wconf 81' lang='lat' dir='ltr'><strong>te?</strong></span> <span class='ocrx_word' id='word_1_66' title='bbox 1818 865 2043 921; x_wconf 83' lang='lat' dir='ltr'><strong>Videtur</strong></span> 
     </span>
    </p>
   </div>
   <div class='ocr_carea' id='block_1_8' title="bbox 457 956 2036 1028">
    <p class='ocr_par' dir='ltr' id='par_1_8' title="bbox 457 956 2036 1028">
     <span class='ocr_line' id='line_1_8' title="bbox 457 956 2036 1028; baseline -0.004 -11"><span class='ocrx_word' id='word_1_67' title='bbox 457 962 601 1017; x_wconf 91' lang='lat' dir='ltr'><strong>enim</strong></span> <span class='ocrx_word' id='word_1_68' title='bbox 634 960 776 1015; x_wconf 91' lang='lat' dir='ltr'><strong>Deus</strong></span> <span class='ocrx_word' id='word_1_69' title='bbox 804 958 1067 1028; x_wconf 79' lang='lat' dir='ltr'><strong>repellere</strong></span> <span class='ocrx_word' id='word_1_70' title='bbox 1102 972 1225 1012; x_wconf 91' lang='lat' dir='ltr'><strong>cum</strong></span> <span class='ocrx_word' id='word_1_71' title='bbox 1250 972 1356 1013; x_wconf 91' lang='lat' dir='ltr'><strong>non</strong></span> <span class='ocrx_word' id='word_1_72' title='bbox 1377 959 1564 1012; x_wconf 79' lang='lat' dir='ltr'><strong>statim</strong></span> <span class='ocrx_word' id='word_1_73' title='bbox 1593 957 1778 1028; x_wconf 88' lang='lat' dir='ltr'><strong>implet</strong></span> <span class='ocrx_word' id='word_1_74' title='bbox 1823 956 2036 1012; x_wconf 74' lang='lat' dir='ltr'><strong>deside-</strong></span> 
     </span>
    </p>
   </div>
   <div class='ocr_carea' id='block_1_9' title="bbox 459 1047 2038 1117">
    <p class='ocr_par' dir='ltr' id='par_1_9' title="bbox 459 1047 2038 1117">
     <span class='ocr_line' id='line_1_9' title="bbox 459 1047 2038 1117; baseline -0.002 -14"><span class='ocrx_word' id='word_1_75' title='bbox 459 1053 598 1105; x_wconf 90' lang='lat' dir='ltr'><strong>rium</strong></span> <span class='ocrx_word' id='word_1_76' title='bbox 628 1064 835 1113; x_wconf 89' lang='lat' dir='ltr'><strong>eorum,</strong></span> <span class='ocrx_word' id='word_1_77' title='bbox 854 1047 1064 1102; x_wconf 89' lang='lat' dir='ltr'><strong>scilicet</strong></span> <span class='ocrx_word' id='word_1_78' title='bbox 1094 1056 1153 1102; x_wconf 91' lang='lat' dir='ltr'><strong>ut</strong></span> <span class='ocrx_word' id='word_1_79' title='bbox 1179 1049 1361 1101; x_wconf 82' lang='lat' dir='ltr'><strong>statim</strong></span> <span class='ocrx_word' id='word_1_80' title='bbox 1400 1056 1563 1103; x_wconf 76' lang='lat' dir='ltr'><strong>exuat</strong></span> <span class='ocrx_word' id='word_1_81' title='bbox 1600 1062 1694 1115; x_wconf 87' lang='lat' dir='ltr'><strong>eos</strong></span> <span class='ocrx_word' id='word_1_82' title='bbox 1722 1063 1751 1101; x_wconf 91' lang='lat' dir='ltr'><strong>a</strong></span> <span class='ocrx_word' id='word_1_83' title='bbox 1790 1060 2038 1117; x_wconf 90' lang='lat' dir='ltr'><strong>corpore,</strong></span> 
     </span>
    </p>
   </div>
   <div class='ocr_carea' id='block_1_10' title="bbox 458 1136 2041 1205">
    <p class='ocr_par' dir='ltr' id='par_1_10' title="bbox 458 1136 2041 1205">
     <span class='ocr_line' id='line_1_10' title="bbox 458 1136 2041 1205; baseline -0.004 -10"><span class='ocrx_word' id='word_1_84' title='bbox 458 1152 515 1197; x_wconf 88' lang='lat' dir='ltr'><strong>et</strong></span> <span class='ocrx_word' id='word_1_85' title='bbox 541 1140 714 1195; x_wconf 89' lang='lat' dir='ltr'><strong>elevet</strong></span> <span class='ocrx_word' id='word_1_86' title='bbox 742 1153 836 1193; x_wconf 89' lang='lat' dir='ltr'><strong>eos</strong></span> <span class='ocrx_word' id='word_1_87' title='bbox 856 1137 925 1193; x_wconf 89' lang='lat' dir='ltr'><strong>ad</strong></span> <span class='ocrx_word' id='word_1_88' title='bbox 947 1137 1208 1192; x_wconf 58' lang='lat' dir='ltr'><strong>caelestia.</strong></span> <span class='ocrx_word' id='word_1_89' title='bbox 1244 1155 1262 1187; x_wconf 74' lang='grc' dir='ltr'>ι</span> <span class='ocrx_word' id='word_1_90' title='bbox 1300 1136 1366 1191; x_wconf 87' lang='grc' dir='ltr'><strong>Ει</strong></span> <span class='ocrx_word' id='word_1_91' title='bbox 1397 1137 1595 1192; x_wconf 83' lang='lat' dir='ltr'><strong>avertis</strong></span> <span class='ocrx_word' id='word_1_92' title='bbox 1616 1136 1808 1191; x_wconf 81' lang='lat' dir='ltr'><strong>faciem</strong></span> <span class='ocrx_word' id='word_1_93' title='bbox 1839 1146 1984 1205; x_wconf 86' lang='lat' dir='ltr'><strong>tuam</strong></span> <span class='ocrx_word' id='word_1_94' title='bbox 2008 1148 2041 1188; x_wconf 91' lang='lat' dir='ltr'><strong>a</strong></span> 
     </span>
    </p>
   </div>
   <div class='ocr_carea' id='block_1_11' title="bbox 462 1226 1895 1297">
    <p class='ocr_par' dir='ltr' id='par_1_11' title="bbox 462 1226 1895 1297">
     <span class='ocr_line' id='line_1_11' title="bbox 462 1226 1895 1297; baseline -0.006 -11"><span class='ocrx_word' id='word_1_95' title='bbox 462 1245 550 1286; x_wconf 89' lang='lat' dir='ltr'><strong>me</strong></span> <span class='ocrx_word' id='word_1_96' title='bbox 579 1250 596 1283; x_wconf 80' lang='grc' dir='ltr'><strong><em>ι</em></strong></span> <span class='ocrx_word' id='word_1_97' title='bbox 629 1229 682 1284; x_wconf 89' lang='lat' dir='ltr'><strong>id</strong></span> <span class='ocrx_word' id='word_1_98' title='bbox 702 1236 803 1292; x_wconf 83' lang='lat' dir='ltr'><strong>est,</strong></span> <span class='ocrx_word' id='word_1_99' title='bbox 833 1243 864 1281; x_wconf 89' lang='lat' dir='ltr'><strong>a</strong></span> <span class='ocrx_word' id='word_1_100' title='bbox 891 1228 1046 1292; x_wconf 87' lang='lat' dir='ltr'><strong>meis,</strong></span> <span class='ocrx_word' id='word_1_101' title='bbox 1073 1242 1195 1281; x_wconf 91' lang='lat' dir='ltr'><strong>cum</strong></span> <span class='ocrx_word' id='word_1_102' title='bbox 1217 1226 1489 1297; x_wconf 89' lang='lat' dir='ltr'><strong>permittis</strong></span> <span class='ocrx_word' id='word_1_103' title='bbox 1507 1241 1603 1282; x_wconf 89' lang='lat' dir='ltr'><strong>eos</strong></span> <span class='ocrx_word' id='word_1_104' title='bbox 1628 1226 1895 1283; x_wconf 89' lang='lat' dir='ltr'><strong>tribulari.</strong></span> 
     </span>
    </p>
   </div>
   <div class='ocr_carea' id='block_1_12' title="bbox 530 1317 2040 1388">
    <p class='ocr_par' dir='ltr' id='par_1_12' title="bbox 530 1317 2040 1388">
     <span class='ocr_line' id='line_1_12' title="bbox 530 1317 2040 1388; baseline -0.004 -11"><span class='ocrx_word' id='word_1_105' title='bbox 530 1321 681 1386; x_wconf 87' lang='lat' dir='ltr'><strong>Dico,</strong></span> <span class='ocrx_word' id='word_1_106' title='bbox 714 1339 732 1372; x_wconf 75' lang='grc' dir='ltr'>ι</span> <span class='ocrx_word' id='word_1_107' title='bbox 769 1320 969 1375; x_wconf 86' lang='lat' dir='ltr'><strong>avertis</strong></span> <span class='ocrx_word' id='word_1_108' title='bbox 1009 1317 1203 1385; x_wconf 86' lang='lat' dir='ltr'><strong>faciem</strong></span> <span class='ocrx_word' id='word_1_109' title='bbox 1253 1327 1423 1383; x_wconf 87' lang='lat' dir='ltr'><strong>tuam,</strong></span> <span class='ocrx_word' id='word_1_110' title='bbox 1467 1336 1485 1371; x_wconf 73' lang='grc' dir='ltr'><strong>ι</strong></span> <span class='ocrx_word' id='word_1_111' title='bbox 1520 1318 1655 1388; x_wconf 55' lang='grc' dir='ltr'><strong>(ιυία</strong></span> <span class='ocrx_word' id='word_1_112' title='bbox 1699 1335 1719 1368; x_wconf 70' lang='grc' dir='ltr'>ε</span> <span class='ocrx_word' id='word_1_113' title='bbox 1774 1332 1875 1387; x_wconf 91' lang='lat' dir='ltr'><strong>ego</strong></span> <span class='ocrx_word' id='word_1_114' title='bbox 1921 1332 2040 1372; x_wconf 89' lang='lat' dir='ltr'><strong>sum</strong></span> 
     </span>
    </p>
   </div>
   <div class='ocr_carea' id='block_1_13' title="bbox 459 1407 2039 1483">
    <p class='ocr_par' dir='ltr' id='par_1_13' title="bbox 459 1407 2039 1483">
     <span class='ocr_line' id='line_1_13' title="bbox 459 1407 2039 1483; baseline -0.004 -15"><span class='ocrx_word' id='word_1_115' title='bbox 459 1427 664 1483; x_wconf 85' lang='lat' dir='ltr'><strong>pauper</strong></span> <span class='ocrx_word' id='word_1_116' title='bbox 706 1431 724 1462; x_wconf 84' lang='grc'><strong>›</strong></span> <span class='ocrx_word' id='word_1_117' title='bbox 763 1411 815 1466; x_wconf 90' lang='lat' dir='ltr'><strong>id</strong></span> <span class='ocrx_word' id='word_1_118' title='bbox 844 1418 930 1465; x_wconf 88' lang='lat' dir='ltr'><strong>est</strong></span> <span class='ocrx_word' id='word_1_119' title='bbox 963 1410 1068 1464; x_wconf 89' lang='lat' dir='ltr'><strong>mei</strong></span> <span class='ocrx_word' id='word_1_120' title='bbox 1101 1416 1224 1464; x_wconf 92' lang='lat' dir='ltr'><strong>sunt</strong></span> <span class='ocrx_word' id='word_1_121' title='bbox 1253 1424 1519 1479; x_wconf 84' lang='lat' dir='ltr'><strong>pauperes</strong></span> <span class='ocrx_word' id='word_1_122' title='bbox 1547 1408 1601 1463; x_wconf 91' lang='lat' dir='ltr'><strong>in</strong></span> <span class='ocrx_word' id='word_1_123' title='bbox 1632 1409 1717 1464; x_wconf 91' lang='lat' dir='ltr'><strong>his</strong></span> <span class='ocrx_word' id='word_1_124' title='bbox 1738 1407 2039 1472; x_wconf 88' lang='lat' dir='ltr'><strong>mundanis,</strong></span> 
     </span>
    </p>
   </div>
   <div class='ocr_carea' id='block_1_14' title="bbox 469 1497 2044 1569">
    <p class='ocr_par' dir='ltr' id='par_1_14' title="bbox 469 1497 2044 1569">
     <span class='ocr_line' id='line_1_14' title="bbox 469 1497 2044 1569; baseline -0.003 -12"><span class='ocrx_word' id='word_1_125' title='bbox 469 1524 487 1557; x_wconf 71' lang='grc' dir='ltr'><strong>ς</strong></span> <span class='ocrx_word' id='word_1_126' title='bbox 530 1512 587 1559; x_wconf 90' lang='lat' dir='ltr'><strong>et</strong></span> <span class='ocrx_word' id='word_1_127' title='bbox 619 1504 672 1561; x_wconf 92' lang='lat' dir='ltr'><strong>in</strong></span> <span class='ocrx_word' id='word_1_128' title='bbox 704 1501 1004 1567; x_wconf 86' lang='lat' dir='ltr'><strong>laboribus,</strong></span> <span class='ocrx_word' id='word_1_129' title='bbox 1038 1520 1056 1551; x_wconf 71' lang='grc' dir='ltr'><strong>ι</strong></span> <span class='ocrx_word' id='word_1_130' title='bbox 1091 1500 1389 1555; x_wconf 88' lang='lat' dir='ltr'><strong>secundum</strong></span> <span class='ocrx_word' id='word_1_131' title='bbox 1435 1499 1841 1569; x_wconf 78' lang='lat' dir='ltr'><strong>persecutiones</strong></span> <span class='ocrx_word' id='word_1_132' title='bbox 1883 1497 2044 1567; x_wconf 84' lang='lat' dir='ltr'><strong>hujus</strong></span> 
     </span>
    </p>
   </div>
   <div class='ocr_carea' id='block_1_15' title="bbox 465 1580 2043 1661">
    <p class='ocr_par' dir='ltr' id='par_1_15' title="bbox 465 1580 2043 1661">
     <span class='ocr_line' id='line_1_15' title="bbox 465 1580 2043 1661; baseline -0.006 -11"><span class='ocrx_word' id='word_1_133' title='bbox 465 1593 670 1657; x_wconf 66' lang='lat' dir='ltr'><strong>saeculi,</strong></span> <span class='ocrx_word' id='word_1_134' title='bbox 700 1600 755 1648; x_wconf 91' lang='lat' dir='ltr'><strong>ct</strong></span> <span class='ocrx_word' id='word_1_135' title='bbox 782 1592 887 1646; x_wconf 84' lang='lat' dir='ltr'><strong>hoc</strong></span> <span class='ocrx_word' id='word_1_136' title='bbox 918 1610 936 1643; x_wconf 78' lang='grc' dir='ltr'>ι</span> <span class='ocrx_word' id='word_1_137' title='bbox 971 1605 1004 1644; x_wconf 82' lang='lat' dir='ltr'><strong>a</strong></span> <span class='ocrx_word' id='word_1_138' title='bbox 1035 1580 1322 1661; x_wconf 82' lang='lat' dir='ltr'><strong>juventute</strong></span> <span class='ocrx_word' id='word_1_139' title='bbox 1359 1603 1480 1644; x_wconf 87' lang='lat' dir='ltr'><strong>mea</strong></span> <span class='ocrx_word' id='word_1_140' title='bbox 1523 1608 1544 1642; x_wconf 71' lang='grc' dir='ltr'><strong><em>ι</em></strong></span> <span class='ocrx_word' id='word_1_141' title='bbox 1584 1588 1639 1644; x_wconf 89' lang='lat' dir='ltr'><strong>id</strong></span> <span class='ocrx_word' id='word_1_142' title='bbox 1680 1595 1786 1653; x_wconf 88' lang='lat' dir='ltr'><strong>est,</strong></span> <span class='ocrx_word' id='word_1_143' title='bbox 1825 1601 1895 1642; x_wconf 74' lang='lat' dir='ltr'><strong>ex</strong></span> <span class='ocrx_word' id='word_1_144' title='bbox 1935 1599 2043 1655; x_wconf 91' lang='lat' dir='ltr'><strong>quo</strong></span> 
     </span>
    </p>
   </div>
   <div class='ocr_carea' id='block_1_16' title="bbox 465 1667 2044 1757">
    <p class='ocr_par' dir='ltr' id='par_1_16' title="bbox 465 1667 2044 1757">
     <span class='ocr_line' id='line_1_16' title="bbox 465 1667 2044 1757; baseline -0.006 -18"><span class='ocrx_word' id='word_1_145' title='bbox 465 1684 689 1740; x_wconf 80' lang='lat' dir='ltr'><strong>fuerunt</strong></span> <span class='ocrx_word' id='word_1_146' title='bbox 712 1681 814 1737; x_wconf 89' lang='lat' dir='ltr'><strong>mei</strong></span> <span class='ocrx_word' id='word_1_147' title='bbox 842 1678 1009 1751; x_wconf 76' lang='lat' dir='ltr'><strong>fortes</strong></span> <span class='ocrx_word' id='word_1_148' title='bbox 1032 1687 1089 1735; x_wconf 89' lang='lat' dir='ltr'><strong>et</strong></span> <span class='ocrx_word' id='word_1_149' title='bbox 1124 1667 1333 1757; x_wconf 74' lang='lat' dir='ltr'><strong>robusti</strong></span> <span class='ocrx_word' id='word_1_150' title='bbox 1370 1678 1424 1732; x_wconf 92' lang='lat' dir='ltr'><strong>in</strong></span> <span class='ocrx_word' id='word_1_151' title='bbox 1454 1677 1582 1744; x_wconf 82' lang='lat' dir='ltr'><strong>ﬁde,</strong></span> <span class='ocrx_word' id='word_1_152' title='bbox 1604 1692 1728 1745; x_wconf 85' lang='lat' dir='ltr'><strong>non</strong></span> <span class='ocrx_word' id='word_1_153' title='bbox 1757 1670 1930 1730; x_wconf 78' lang='lat' dir='ltr'><strong>defuit</strong></span> <span class='ocrx_word' id='word_1_154' title='bbox 1962 1673 2044 1729; x_wconf 87' lang='lat' dir='ltr'><strong>eis</strong></span> 
     </span>
    </p>
   </div>
   <div class='ocr_carea' id='block_1_17' title="bbox 470 1766 2035 1839">
    <p class='ocr_par' dir='ltr' id='par_1_17' title="bbox 470 1766 2035 1839">
     <span class='ocr_line' id='line_1_17' title="bbox 470 1766 2035 1839; baseline -0.009 -9"><span class='ocrx_word' id='word_1_155' title='bbox 470 1773 773 1839; x_wconf 81' lang='lat' dir='ltr'><strong>tribulatio,</strong></span> <span class='ocrx_word' id='word_1_156' title='bbox 789 1781 844 1827; x_wconf 90' lang='lat' dir='ltr'><strong>et</strong></span> <span class='ocrx_word' id='word_1_157' title='bbox 871 1772 916 1826; x_wconf 88' lang='lat' dir='ltr'><strong>si</strong></span> <span class='ocrx_word' id='word_1_158' title='bbox 947 1770 1020 1824; x_wconf 86' lang='lat' dir='ltr'><strong>fui</strong></span> <span class='ocrx_word' id='word_1_159' title='bbox 1049 1769 1344 1833; x_wconf 83' lang='lat' dir='ltr'><strong>exaltatus,</strong></span> <span class='ocrx_word' id='word_1_160' title='bbox 1363 1776 1419 1823; x_wconf 89' lang='lat' dir='ltr'><strong>et</strong></span> <span class='ocrx_word' id='word_1_161' title='bbox 1447 1768 1550 1839; x_wconf 84' lang='lat' dir='ltr'><strong>hoc</strong></span> <span class='ocrx_word' id='word_1_162' title='bbox 1583 1766 1714 1822; x_wconf 88' lang='lat' dir='ltr'><strong>dicit</strong></span> <span class='ocrx_word' id='word_1_163' title='bbox 1747 1784 1767 1817; x_wconf 71' lang='grc' dir='ltr'>ι</span> <span class='ocrx_word' id='word_1_164' title='bbox 1795 1773 1991 1829; x_wconf 64' lang='grc' dir='ltr'><strong>ευιθω</strong></span> <span class='ocrx_word' id='word_1_165' title='bbox 2016 1782 2035 1816; x_wconf 75' lang='grc' dir='ltr'><strong><em>ι</em></strong></span> 
     </span>
    </p>
   </div>
   <div class='ocr_carea' id='block_1_18' title="bbox 2140 597 3746 668">
    <p class='ocr_par' dir='ltr' id='par_1_18' title="bbox 2140 597 3746 668">
     <span class='ocr_line' id='line_1_18' title="bbox 2140 597 3746 668; baseline 0.005 -17"><span class='ocrx_word' id='word_1_166' title='bbox 2140 597 2374 652; x_wconf 89' lang='lat' dir='ltr'><strong>ostendit</strong></span> <span class='ocrx_word' id='word_1_167' title='bbox 2394 597 2537 667; x_wconf 90' lang='lat' dir='ltr'><strong>quod</strong></span> <span class='ocrx_word' id='word_1_168' title='bbox 2559 607 2747 653; x_wconf 89' lang='lat' dir='ltr'><strong>contra</strong></span> <span class='ocrx_word' id='word_1_169' title='bbox 2769 598 3036 668; x_wconf 88' lang='lat' dir='ltr'><strong>promissa</strong></span> <span class='ocrx_word' id='word_1_170' title='bbox 3051 598 3293 654; x_wconf 81' lang='lat' dir='ltr'><strong>videatur</strong></span> <span class='ocrx_word' id='word_1_171' title='bbox 3313 599 3461 667; x_wconf 80' lang='lat' dir='ltr'><strong>Deus</strong></span> <span class='ocrx_word' id='word_1_172' title='bbox 3480 600 3698 657; x_wconf 78' lang='lat' dir='ltr'><strong>fecisse</strong></span> <span class='ocrx_word' id='word_1_173' title='bbox 3722 619 3746 660; x_wconf 91' lang='lat'><strong>:</strong></span> 
     </span>
    </p>
   </div>
   <div class='ocr_carea' id='block_1_19' title="bbox 2137 688 3748 746">
    <p class='ocr_par' dir='ltr' id='par_1_19' title="bbox 2137 688 3748 746">
     <span class='ocr_line' id='line_1_19' title="bbox 2137 688 3748 746; baseline 0.002 -3"><span class='ocrx_word' id='word_1_174' title='bbox 2137 689 2374 744; x_wconf 85' lang='lat' dir='ltr'><strong>ostendit</strong></span> <span class='ocrx_word' id='word_1_175' title='bbox 2391 690 2539 744; x_wconf 89' lang='lat' dir='ltr'><strong>enim</strong></span> <span class='ocrx_word' id='word_1_176' title='bbox 2561 688 2838 744; x_wconf 85' lang='lat' dir='ltr'><strong>Christum</strong></span> <span class='ocrx_word' id='word_1_177' title='bbox 2867 697 2922 744; x_wconf 90' lang='lat' dir='ltr'><strong>et</strong></span> <span class='ocrx_word' id='word_1_178' title='bbox 2951 703 3080 745; x_wconf 89' lang='lat' dir='ltr'><strong>suos</strong></span> <span class='ocrx_word' id='word_1_179' title='bbox 3125 689 3291 745; x_wconf 85' lang='lat' dir='ltr'><strong>multa</strong></span> <span class='ocrx_word' id='word_1_180' title='bbox 3343 690 3490 745; x_wconf 79' lang='lat' dir='ltr'><strong>mala</strong></span> <span class='ocrx_word' id='word_1_181' title='bbox 3542 692 3748 746; x_wconf 68' lang='lat' dir='ltr'><strong>inart-</strong></span> 
     </span>
    </p>
   </div>
   <div class='ocr_carea' id='block_1_20' title="bbox 2137 777 3746 848">
    <p class='ocr_par' dir='ltr' id='par_1_20' title="bbox 2137 777 3746 848">
     <span class='ocr_line' id='line_1_20' title="bbox 2137 777 3746 848; baseline 0.001 -14"><span class='ocrx_word' id='word_1_182' title='bbox 2137 779 2293 845; x_wconf 89' lang='lat' dir='ltr'><strong>risse,</strong></span> <span class='ocrx_word' id='word_1_183' title='bbox 2339 794 2462 834; x_wconf 90' lang='lat' dir='ltr'><strong>cum</strong></span> <span class='ocrx_word' id='word_1_184' title='bbox 2514 779 2595 834; x_wconf 90' lang='lat' dir='ltr'><strong>eis</strong></span> <span class='ocrx_word' id='word_1_185' title='bbox 2649 779 2792 834; x_wconf 87' lang='lat' dir='ltr'><strong>Deus</strong></span> <span class='ocrx_word' id='word_1_186' title='bbox 2845 777 3015 833; x_wconf 87' lang='lat' dir='ltr'><strong>multa</strong></span> <span class='ocrx_word' id='word_1_187' title='bbox 3066 779 3209 834; x_wconf 85' lang='lat' dir='ltr'><strong>bona</strong></span> <span class='ocrx_word' id='word_1_188' title='bbox 3252 778 3639 848; x_wconf 74' lang='lat' dir='ltr'><strong>promisisset.</strong></span> <span class='ocrx_word' id='word_1_189' title='bbox 3683 779 3746 835; x_wconf 79' lang='lat' dir='ltr'><strong>In</strong></span> 
     </span>
    </p>
   </div>
   <div class='ocr_carea' id='block_1_21' title="bbox 2137 868 3739 939">
    <p class='ocr_par' dir='ltr' id='par_1_21' title="bbox 2137 868 3739 939">
     <span class='ocr_line' id='line_1_21' title="bbox 2137 868 3739 939; baseline -0.001 -16"><span class='ocrx_word' id='word_1_190' title='bbox 2137 870 2347 938; x_wconf 88' lang='lat' dir='ltr'><strong>quinta,</strong></span> <span class='ocrx_word' id='word_1_191' title='bbox 2370 884 2490 939; x_wconf 72' lang='lat' dir='ltr'><strong>qua:</strong></span> <span class='ocrx_word' id='word_1_192' title='bbox 2509 869 2698 939; x_wconf 87' lang='lat' dir='ltr'><strong>incipit</strong></span> <span class='ocrx_word' id='word_1_193' title='bbox 2722 887 2735 922; x_wconf 94' lang='lat'>:</span> <span class='ocrx_word' id='word_1_194' title='bbox 2764 887 2783 922; x_wconf 77' lang='grc' dir='ltr'>ι</span> <span class='ocrx_word' id='word_1_195' title='bbox 2816 868 3129 939; x_wconf 87' lang='lat' dir='ltr'><strong>Usquequo,</strong></span> <span class='ocrx_word' id='word_1_196' title='bbox 3149 868 3394 935; x_wconf 83' lang='lat' dir='ltr'><strong>Domine,</strong></span> <span class='ocrx_word' id='word_1_197' title='bbox 3423 870 3689 925; x_wconf 78' lang='lat' dir='ltr'><strong>avertis?</strong></span> <span class='ocrx_word' id='word_1_198' title='bbox 3718 890 3739 921; x_wconf 74' lang='grc' dir='ltr'>ι</span> 
     </span>
    </p>
   </div>
   <div class='ocr_carea' id='block_1_22' title="bbox 2144 957 3744 1030">
    <p class='ocr_par' dir='ltr' id='par_1_22' title="bbox 2144 957 3744 1030">
     <span class='ocr_line' id='line_1_22' title="bbox 2144 957 3744 1030; baseline 0.002 -18"><span class='ocrx_word' id='word_1_199' title='bbox 2144 960 2501 1028; x_wconf 86' lang='lat' dir='ltr'><strong>ponitpreces</strong></span> <span class='ocrx_word' id='word_1_200' title='bbox 2530 975 2631 1030; x_wconf 90' lang='lat' dir='ltr'><strong>pro</strong></span> <span class='ocrx_word' id='word_1_201' title='bbox 2660 959 2818 1014; x_wconf 89' lang='lat' dir='ltr'><strong>malis</strong></span> <span class='ocrx_word' id='word_1_202' title='bbox 2845 974 2966 1028; x_wconf 66' lang='lat' dir='ltr'><strong>quae</strong></span> <span class='ocrx_word' id='word_1_203' title='bbox 2981 957 3163 1014; x_wconf 84' lang='lat' dir='ltr'><strong>futura</strong></span> <span class='ocrx_word' id='word_1_204' title='bbox 3186 959 3333 1014; x_wconf 87' lang='lat' dir='ltr'><strong>videt</strong></span> <span class='ocrx_word' id='word_1_205' title='bbox 3350 958 3651 1025; x_wconf 68' lang='lat' dir='ltr'><strong>Ecclesia,</strong></span> <span class='ocrx_word' id='word_1_206' title='bbox 3687 969 3744 1014; x_wconf 88' lang='lat' dir='ltr'><strong>et</strong></span> 
     </span>
    </p>
   </div>
   <div class='ocr_carea' id='block_1_23' title="bbox 2146 1049 3742 1118">
    <p class='ocr_par' dir='ltr' id='par_1_23' title="bbox 2146 1049 3742 1118">
     <span class='ocr_line' id='line_1_23' title="bbox 2146 1049 3742 1118; baseline 0.001 -15"><span class='ocrx_word' id='word_1_207' title='bbox 2146 1050 2321 1104; x_wconf 89' lang='lat' dir='ltr'><strong>innuit</strong></span> <span class='ocrx_word' id='word_1_208' title='bbox 2347 1065 2410 1105; x_wconf 90' lang='lat' dir='ltr'><strong>ea</strong></span> <span class='ocrx_word' id='word_1_209' title='bbox 2438 1066 2545 1106; x_wconf 91' lang='lat' dir='ltr'><strong>non</strong></span> <span class='ocrx_word' id='word_1_210' title='bbox 2597 1066 2797 1107; x_wconf 87' lang='lat' dir='ltr'><strong>nocere</strong></span> <span class='ocrx_word' id='word_1_211' title='bbox 2835 1058 3025 1106; x_wconf 88' lang='lat' dir='ltr'><strong>contra</strong></span> <span class='ocrx_word' id='word_1_212' title='bbox 3066 1050 3461 1118; x_wconf 85' lang='lat' dir='ltr'><strong>promissiones</strong></span> <span class='ocrx_word' id='word_1_213' title='bbox 3493 1050 3625 1105; x_wconf 87' lang='lat' dir='ltr'><strong>Dei.</strong></span> <span class='ocrx_word' id='word_1_214' title='bbox 3658 1049 3742 1104; x_wconf 80' lang='lat' dir='ltr'><strong>la-</strong></span> 
     </span>
    </p>
   </div>
   <div class='ocr_carea' id='block_1_24' title="bbox 2143 1139 3742 1210">
    <p class='ocr_par' dir='ltr' id='par_1_24' title="bbox 2143 1139 3742 1210">
     <span class='ocr_line' id='line_1_24' title="bbox 2143 1139 3742 1210; baseline 0 -16"><span class='ocrx_word' id='word_1_215' title='bbox 2143 1141 2310 1196; x_wconf 89' lang='lat' dir='ltr'><strong>tentio</strong></span> <span class='ocrx_word' id='word_1_216' title='bbox 2334 1149 2420 1195; x_wconf 90' lang='lat' dir='ltr'><strong>est</strong></span> <span class='ocrx_word' id='word_1_217' title='bbox 2456 1155 2557 1197; x_wconf 89' lang='lat' dir='ltr'><strong>nos</strong></span> <span class='ocrx_word' id='word_1_218' title='bbox 2579 1141 2872 1196; x_wconf 88' lang='lat' dir='ltr'><strong>admonere</strong></span> <span class='ocrx_word' id='word_1_219' title='bbox 2910 1148 2970 1194; x_wconf 90' lang='lat' dir='ltr'><strong>ut</strong></span> <span class='ocrx_word' id='word_1_220' title='bbox 3000 1139 3111 1195; x_wconf 90' lang='lat' dir='ltr'><strong>Deo</strong></span> <span class='ocrx_word' id='word_1_221' title='bbox 3143 1139 3347 1207; x_wconf 77' lang='lat' dir='ltr'><strong>gratias</strong></span> <span class='ocrx_word' id='word_1_222' title='bbox 3377 1154 3742 1210; x_wconf 80' lang='lat' dir='ltr'><strong>agamuspro</strong></span> 
     </span>
    </p>
   </div>
   <div class='ocr_carea' id='block_1_25' title="bbox 2140 1230 3741 1302">
    <p class='ocr_par' dir='ltr' id='par_1_25' title="bbox 2140 1230 3741 1302">
     <span class='ocr_line' id='line_1_25' title="bbox 2140 1230 3741 1302; baseline 0 -15"><span class='ocrx_word' id='word_1_223' title='bbox 2140 1231 2337 1287; x_wconf 81' lang='lat' dir='ltr'><strong>collata</strong></span> <span class='ocrx_word' id='word_1_224' title='bbox 2367 1233 2546 1302; x_wconf 86' lang='lat' dir='ltr'><strong>gratia</strong></span> <span class='ocrx_word' id='word_1_225' title='bbox 2591 1243 2650 1286; x_wconf 87' lang='lat' dir='ltr'><strong>et</strong></span> <span class='ocrx_word' id='word_1_226' title='bbox 2685 1232 2935 1287; x_wconf 82' lang='lat' dir='ltr'><strong>veritate.</strong></span> <span class='ocrx_word' id='word_1_227' title='bbox 2986 1231 3279 1287; x_wconf 89' lang='lat' dir='ltr'><strong>Possumus</strong></span> <span class='ocrx_word' id='word_1_228' title='bbox 3323 1232 3496 1287; x_wconf 87' lang='lat' dir='ltr'><strong>etiam</strong></span> <span class='ocrx_word' id='word_1_229' title='bbox 3546 1230 3741 1287; x_wconf 71' lang='lat' dir='ltr'><strong>diem</strong></span> 
     </span>
    </p>
   </div>
   <div class='ocr_carea' id='block_1_26' title="bbox 2140 1319 3742 1391">
    <p class='ocr_par' dir='ltr' id='par_1_26' title="bbox 2140 1319 3742 1391">
     <span class='ocr_line' id='line_1_26' title="bbox 2140 1319 3742 1391; baseline 0.002 -17"><span class='ocrx_word' id='word_1_230' title='bbox 2140 1321 2284 1391; x_wconf 90' lang='lat' dir='ltr'><strong>quod</strong></span> <span class='ocrx_word' id='word_1_231' title='bbox 2304 1321 2440 1390; x_wconf 80' lang='lat' dir='ltr'><strong>ideo</strong></span> <span class='ocrx_word' id='word_1_232' title='bbox 2468 1320 2647 1391; x_wconf 87' lang='lat' dir='ltr'><strong>posuit</strong></span> <span class='ocrx_word' id='word_1_233' title='bbox 2673 1321 2882 1375; x_wconf 77' lang='lat' dir='ltr'><strong>Ezdras</strong></span> <span class='ocrx_word' id='word_1_234' title='bbox 2902 1320 3084 1375; x_wconf 77' lang='lat' dir='ltr'><strong>‘Ethan</strong></span> <span class='ocrx_word' id='word_1_235' title='bbox 3115 1320 3168 1374; x_wconf 90' lang='lat' dir='ltr'><strong>in</strong></span> <span class='ocrx_word' id='word_1_236' title='bbox 3208 1319 3408 1385; x_wconf 65' lang='lat' dir='ltr'><strong>titulo,</strong></span> <span class='ocrx_word' id='word_1_237' title='bbox 3435 1319 3575 1390; x_wconf 80' lang='lat' dir='ltr'><strong>quia</strong></span> <span class='ocrx_word' id='word_1_238' title='bbox 3624 1319 3742 1390; x_wconf 65' lang='lat' dir='ltr'><strong>ipse</strong></span> 
     </span>
    </p>
   </div>
   <div class='ocr_carea' id='block_1_27' title="bbox 2140 1409 3440 1480">
    <p class='ocr_par' dir='ltr' id='par_1_27' title="bbox 2140 1409 3440 1480">
     <span class='ocr_line' id='line_1_27' title="bbox 2140 1409 3440 1480; baseline -0.002 -15"><span class='ocrx_word' id='word_1_239' title='bbox 2140 1409 2248 1466; x_wconf 84' lang='lat' dir='ltr'><strong>fuit</strong></span> <span class='ocrx_word' id='word_1_240' title='bbox 2271 1426 2395 1466; x_wconf 91' lang='lat' dir='ltr'><strong>cum</strong></span> <span class='ocrx_word' id='word_1_241' title='bbox 2415 1410 2538 1466; x_wconf 89' lang='lat' dir='ltr'><strong>aliis</strong></span> <span class='ocrx_word' id='word_1_242' title='bbox 2561 1410 2984 1480; x_wconf 67' lang='lat' dir='ltr'><strong>praecentoribus</strong></span> <span class='ocrx_word' id='word_1_243' title='bbox 3000 1410 3063 1464; x_wconf 85' lang='lat' dir='ltr'><strong>in</strong></span> <span class='ocrx_word' id='word_1_244' title='bbox 3099 1409 3440 1465; x_wconf 88' lang='lat' dir='ltr'><strong>recitatione.</strong></span> 
     </span>
    </p>
   </div>
   <div class='ocr_carea' id='block_1_28' title="bbox 2214 1492 3733 1571">
    <p class='ocr_par' dir='ltr' id='par_1_28' title="bbox 2214 1492 3733 1571">
     <span class='ocr_line' id='line_1_28' title="bbox 2214 1492 3733 1571; baseline -0.003 -15"><span class='ocrx_word' id='word_1_245' title='bbox 2214 1501 2330 1557; x_wconf 76' lang='lat' dir='ltr'><strong>Vox</strong></span> <span class='ocrx_word' id='word_1_246' title='bbox 2380 1500 2669 1569; x_wconf 85' lang='lat' dir='ltr'><strong>cujuslibet</strong></span> <span class='ocrx_word' id='word_1_247' title='bbox 2721 1500 2801 1566; x_wconf 87' lang='lat' dir='ltr'><strong>in</strong></span> <span class='ocrx_word' id='word_1_248' title='bbox 2830 1499 2922 1555; x_wconf 89' lang='lat' dir='ltr'><strong>illo</strong></span> <span class='ocrx_word' id='word_1_249' title='bbox 2957 1499 3153 1571; x_wconf 79' lang='lat' dir='ltr'><strong>priore</strong></span> <span class='ocrx_word' id='word_1_250' title='bbox 3174 1492 3414 1569; x_wconf 80' lang='lat' dir='ltr'><strong>pOpolo,</strong></span> <span class='ocrx_word' id='word_1_251' title='bbox 3446 1497 3691 1554; x_wconf 76' lang='lat' dir='ltr'><strong>dicentis</strong></span> <span class='ocrx_word' id='word_1_252' title='bbox 3714 1514 3733 1552; x_wconf 88' lang='lat'><strong>:</strong></span> 
     </span>
    </p>
   </div>
   <div class='ocr_carea' id='block_1_29' title="bbox 2148 1584 3735 1660">
    <p class='ocr_par' dir='ltr' id='par_1_29' title="bbox 2148 1584 3735 1660">
     <span class='ocr_line' id='line_1_29' title="bbox 2148 1584 3735 1660; baseline -0.001 -16"><span class='ocrx_word' id='word_1_253' title='bbox 2148 1611 2168 1644; x_wconf 73' lang='grc' dir='ltr'>ι</span> <span class='ocrx_word' id='word_1_254' title='bbox 2200 1591 2598 1647; x_wconf 82' lang='lat' dir='ltr'><strong>Misericordias</strong></span> <span class='ocrx_word' id='word_1_255' title='bbox 2614 1590 2827 1647; x_wconf 86' lang='lat' dir='ltr'><strong>Domini</strong></span> <span class='ocrx_word' id='word_1_256' title='bbox 2858 1590 2984 1659; x_wconf 37' lang='lat' dir='ltr'><strong>nde</strong></span> <span class='ocrx_word' id='word_1_257' title='bbox 3012 1584 3351 1660; x_wconf 79' lang='lat' dir='ltr'><strong>reparatione</strong></span> <span class='ocrx_word' id='word_1_258' title='bbox 3376 1589 3617 1643; x_wconf 81' lang='lat' dir='ltr'><strong>humani</strong></span> <span class='ocrx_word' id='word_1_259' title='bbox 3642 1603 3735 1658; x_wconf 83' lang='lat' dir='ltr'><strong>ge-</strong></span> 
     </span>
    </p>
   </div>
   <div class='ocr_carea' id='block_1_30' title="bbox 2143 1681 3734 1752">
    <p class='ocr_par' dir='ltr' id='par_1_30' title="bbox 2143 1681 3734 1752">
     <span class='ocr_line' id='line_1_30' title="bbox 2143 1681 3734 1752; baseline -0.001 -14"><span class='ocrx_word' id='word_1_260' title='bbox 2143 1683 2314 1749; x_wconf 87' lang='lat' dir='ltr'><strong>neris,</strong></span> <span class='ocrx_word' id='word_1_261' title='bbox 2342 1683 2628 1747; x_wconf 80' lang='lat' dir='ltr'><strong>duraturas</strong></span> <span class='ocrx_word' id='word_1_262' title='bbox 2655 1702 2676 1735; x_wconf 71' lang='lat' dir='ltr'>c</span> <span class='ocrx_word' id='word_1_263' title='bbox 2710 1683 2767 1738; x_wconf 89' lang='lat' dir='ltr'><strong>in</strong></span> <span class='ocrx_word' id='word_1_264' title='bbox 2806 1690 3093 1747; x_wconf 62' lang='lat' dir='ltr'><strong>aeternum,</strong></span> <span class='ocrx_word' id='word_1_265' title='bbox 3136 1700 3156 1734; x_wconf 77' lang='grc' dir='ltr'><strong><em>ι</em></strong></span> <span class='ocrx_word' id='word_1_266' title='bbox 3189 1682 3323 1752; x_wconf 29' lang='lat' dir='ltr'><strong>quia,</strong></span> <span class='ocrx_word' id='word_1_267' title='bbox 3368 1697 3477 1737; x_wconf 86' lang='lat' dir='ltr'><strong>nos</strong></span> <span class='ocrx_word' id='word_1_268' title='bbox 3530 1681 3734 1737; x_wconf 71' lang='lat' dir='ltr'><strong>[adeat</strong></span> 
     </span>
    </p>
   </div>
   <div class='ocr_carea' id='block_1_31' title="bbox 2148 1774 3733 1844">
    <p class='ocr_par' dir='ltr' id='par_1_31' title="bbox 2148 1774 3733 1844">
     <span class='ocr_line' id='line_1_31' title="bbox 2148 1774 3733 1844; baseline -0.003 -11"><span class='ocrx_word' id='word_1_269' title='bbox 2148 1785 2407 1844; x_wconf 79' lang='lat' dir='ltr'><strong>aeternos,</strong></span> <span class='ocrx_word' id='word_1_270' title='bbox 2441 1793 2460 1828; x_wconf 75' lang='grc' dir='ltr'><strong>ε</strong></span> <span class='ocrx_word' id='word_1_271' title='bbox 2496 1777 2748 1843; x_wconf 87' lang='lat' dir='ltr'><strong>cantabo,</strong></span> <span class='ocrx_word' id='word_1_272' title='bbox 2782 1794 2802 1829; x_wconf 74' lang='grc' dir='ltr'><strong><em>ι</em></strong></span> <span class='ocrx_word' id='word_1_273' title='bbox 2834 1774 3025 1841; x_wconf 83' lang='lat' dir='ltr'><strong>idest,</strong></span> <span class='ocrx_word' id='word_1_274' title='bbox 3052 1788 3176 1829; x_wconf 89' lang='lat' dir='ltr'><strong>cum</strong></span> <span class='ocrx_word' id='word_1_275' title='bbox 3204 1774 3415 1829; x_wconf 82' lang='lat' dir='ltr'><strong>cantico</strong></span> <span class='ocrx_word' id='word_1_276' title='bbox 3466 1782 3529 1829; x_wconf 84' lang='lat' dir='ltr'><strong>et</strong></span> <span class='ocrx_word' id='word_1_277' title='bbox 3579 1774 3733 1829; x_wconf 73' lang='lat' dir='ltr'><strong>dem-</strong></span> 
     </span>
    </p>
   </div>
   <div class='ocr_carea' id='block_1_32' title="bbox 468 1845 2673 1948">
    <p class='ocr_par' dir='ltr' id='par_1_32' title="bbox 468 1845 2673 1948">
     <span class='ocr_line' id='line_1_32' title="bbox 468 1845 2673 1948; baseline -0.007 -28"><span class='ocrx_word' id='word_1_278' title='bbox 468 1866 524 1921; x_wconf 92' lang='lat' dir='ltr'><strong>in</strong></span> <span class='ocrx_word' id='word_1_279' title='bbox 554 1865 651 1920; x_wconf 83' lang='lat' dir='ltr'><strong>bis</strong></span> <span class='ocrx_word' id='word_1_280' title='bbox 664 1848 976 1931; x_wconf 84' lang='lat' dir='ltr'><strong>mundanis,</strong></span> <span class='ocrx_word' id='word_1_281' title='bbox 1004 1861 1057 1916; x_wconf 93' lang='lat' dir='ltr'><strong>id</strong></span> <span class='ocrx_word' id='word_1_282' title='bbox 1077 1869 1181 1939; x_wconf 86' lang='lat' dir='ltr'><strong>est,</strong></span> <span class='ocrx_word' id='word_1_283' title='bbox 1214 1860 1263 1914; x_wconf 89' lang='lat' dir='ltr'><strong>si</strong></span> <span class='ocrx_word' id='word_1_284' title='bbox 1309 1859 1419 1945; x_wconf 80' lang='lat' dir='ltr'><strong>mei</strong></span> <span class='ocrx_word' id='word_1_285' title='bbox 1472 1858 1686 1948; x_wconf 61' lang='lat' dir='ltr'><strong>fuerintb</strong></span> <span class='ocrx_word' id='word_1_286' title='bbox 1720 1845 2046 1928; x_wconf 77' lang='lat' dir='ltr'><strong>proSperati,</strong></span> <span class='ocrx_word' id='word_1_287' title='bbox 2076 1858 2122 1918; x_wconf 81' lang='grc' dir='ltr'><strong>Β</strong></span> <span class='ocrx_word' id='word_1_288' title='bbox 2153 1867 2298 1923; x_wconf 56' lang='lat' dir='ltr'><strong>tione</strong></span> <span class='ocrx_word' id='word_1_289' title='bbox 2324 1866 2673 1922; x_wconf 62' lang='grc' dir='ltr'><strong>αηηυηιίεδο,</strong></span> 
     </span>
    </p>
   </div>
   <div class='ocr_carea' id='block_1_33' title="bbox 467 1936 2052 2025">
    <p class='ocr_par' dir='ltr' id='par_1_33' title="bbox 467 1936 2052 2025">
     <span class='ocr_line' id='line_1_33' title="bbox 467 1936 2052 2025; baseline -0.008 -14"><span class='ocrx_word' id='word_1_290' title='bbox 467 1951 854 2025; x_wconf 67' lang='lat' dir='ltr'><strong>nihil-profuit,</strong></span> <span class='ocrx_word' id='word_1_291' title='bbox 882 1951 1022 2020; x_wconf 77' lang='lat' dir='ltr'><strong>quia</strong></span> <span class='ocrx_word' id='word_1_292' title='bbox 1038 1936 1227 2019; x_wconf 85' lang='lat' dir='ltr'><strong>postea</strong></span> <span class='ocrx_word' id='word_1_293' title='bbox 1270 1967 1288 1999; x_wconf 79' lang='grc' dir='ltr'>ι</span> <span class='ocrx_word' id='word_1_294' title='bbox 1327 1936 1643 2003; x_wconf 83' lang='lat' dir='ltr'><strong>humiliatus</strong></span> <span class='ocrx_word' id='word_1_295' title='bbox 1662 1936 1811 2012; x_wconf 63' lang='lat' dir='ltr'><strong>&#39;sum,</strong></span> <span class='ocrx_word' id='word_1_296' title='bbox 1840 1966 1858 1997; x_wconf 74' lang='grc' dir='ltr'><strong><em>ι</em></strong></span> <span class='ocrx_word' id='word_1_297' title='bbox 1896 1946 1947 2001; x_wconf 91' lang='lat' dir='ltr'><strong>id</strong></span> <span class='ocrx_word' id='word_1_298' title='bbox 1967 1952 2052 2000; x_wconf 89' lang='lat' dir='ltr'><strong>est</strong></span> 
     </span>
    </p>
   </div>
   <div class='ocr_carea' id='block_1_34' title="bbox 469 2026 2053 2108">
    <p class='ocr_par' dir='ltr' id='par_1_34' title="bbox 469 2026 2053 2108">
     <span class='ocr_line' id='line_1_34' title="bbox 469 2026 2053 2108; baseline -0.007 -9"><span class='ocrx_word' id='word_1_299' title='bbox 469 2043 739 2099; x_wconf 86' lang='lat' dir='ltr'><strong>humiliati</strong></span> <span class='ocrx_word' id='word_1_300' title='bbox 775 2049 900 2097; x_wconf 90' lang='lat' dir='ltr'><strong>sunt</strong></span> <span class='ocrx_word' id='word_1_301' title='bbox 928 2040 1034 2095; x_wconf 90' lang='lat' dir='ltr'><strong>mei</strong></span> <span class='ocrx_word' id='word_1_302' title='bbox 1087 2040 1156 2096; x_wconf 90' lang='lat' dir='ltr'><strong>ad</strong></span> <span class='ocrx_word' id='word_1_303' title='bbox 1192 2037 1584 2108; x_wconf 68' lang='lat' dir='ltr'><strong>pmnitentiam,</strong></span> <span class='ocrx_word' id='word_1_304' title='bbox 1618 2055 1636 2087; x_wconf 73' lang='grc' dir='ltr'>ι</span> <span class='ocrx_word' id='word_1_305' title='bbox 1680 2045 1737 2090; x_wconf 90' lang='lat' dir='ltr'><strong>et</strong></span> <span class='ocrx_word' id='word_1_306' title='bbox 1763 2026 2053 2090; x_wconf 85' lang='lat' dir='ltr'><strong>conturba-</strong></span> 
     </span>
    </p>
   </div>
   <div class='ocr_carea' id='block_1_35' title="bbox 471 2116 2050 2199">
    <p class='ocr_par' dir='ltr' id='par_1_35' title="bbox 471 2116 2050 2199">
     <span class='ocr_line' id='line_1_35' title="bbox 471 2116 2050 2199; baseline -0.008 -7"><span class='ocrx_word' id='word_1_307' title='bbox 471 2148 559 2192; x_wconf 89' lang='lat' dir='ltr'><strong>tus</strong></span> <span class='ocrx_word' id='word_1_308' title='bbox 593 2154 613 2187; x_wconf 72' lang='grc' dir='ltr'><strong><em>ι</em></strong></span> <span class='ocrx_word' id='word_1_309' title='bbox 638 2148 806 2199; x_wconf 79' lang='lat' dir='ltr'><strong>sum,</strong></span> <span class='ocrx_word' id='word_1_310' title='bbox 836 2131 1150 2188; x_wconf 84' lang='lat' dir='ltr'><strong>sustinendo</strong></span> <span class='ocrx_word' id='word_1_311' title='bbox 1204 2129 1438 2196; x_wconf 65' lang='lat' dir='ltr'><strong>labores,</strong></span> <span class='ocrx_word' id='word_1_312' title='bbox 1487 2128 1534 2183; x_wconf 90' lang='lat' dir='ltr'><strong>si</strong></span> <span class='ocrx_word' id='word_1_313' title='bbox 1585 2126 1692 2183; x_wconf 89' lang='lat' dir='ltr'><strong>mei</strong></span> <span class='ocrx_word' id='word_1_314' title='bbox 1743 2116 2050 2182; x_wconf 87' lang='lat' dir='ltr'><strong>conturbati</strong></span> 
     </span>
    </p>
   </div>
   <div class='ocr_carea' id='block_1_36' title="bbox 467 2233 1959 2289">
    <p class='ocr_par' dir='ltr' id='par_1_36' title="bbox 467 2233 1959 2289">
     <span class='ocr_line' id='line_1_36' title="bbox 467 2233 1959 2289; baseline -0.007 -8"><span class='ocrx_word' id='word_1_315' title='bbox 467 2233 618 2281; x_wconf 86' lang='lat' dir='ltr'><strong>sunt.</strong></span> <span class='ocrx_word' id='word_1_316' title='bbox 1812 2280 1816 2285; x_wconf 25' lang='grc' dir='ltr'><strong>η</strong></span> <span class='ocrx_word' id='word_1_317' title='bbox 1946 2278 1959 2289; x_wconf 28' lang='grc' dir='ltr'>η</span> 
     </span>
    </p>
   </div>
   <div class='ocr_carea' id='block_1_37' title="bbox 536 2294 2051 2389">
    <p class='ocr_par' dir='ltr' id='par_1_37' title="bbox 536 2294 2051 2389">
     <span class='ocr_line' id='line_1_37' title="bbox 536 2294 2051 2389; baseline -0.007 -20"><span class='ocrx_word' id='word_1_318' title='bbox 536 2315 607 2369; x_wconf 86' lang='grc' dir='ltr'><strong>Ει</strong></span> <span class='ocrx_word' id='word_1_319' title='bbox 634 2327 739 2389; x_wconf 80' lang='lat' dir='ltr'><strong>non</strong></span> <span class='ocrx_word' id='word_1_320' title='bbox 763 2300 985 2381; x_wconf 78' lang='lat' dir='ltr'><strong>mirum,</strong></span> <span class='ocrx_word' id='word_1_321' title='bbox 1007 2311 1051 2366; x_wconf 89' lang='lat' dir='ltr'><strong>si</strong></span> <span class='ocrx_word' id='word_1_322' title='bbox 1080 2324 1179 2381; x_wconf 83' lang='lat' dir='ltr'><strong>ego</strong></span> <span class='ocrx_word' id='word_1_323' title='bbox 1207 2325 1325 2366; x_wconf 89' lang='lat' dir='ltr'><strong>sum</strong></span> <span class='ocrx_word' id='word_1_324' title='bbox 1352 2308 1727 2374; x_wconf 90' lang='lat' dir='ltr'><strong>conturbatus,</strong></span> <span class='ocrx_word' id='word_1_325' title='bbox 1748 2294 1874 2381; x_wconf 84' lang='lat' dir='ltr'><strong>quia</strong></span> <span class='ocrx_word' id='word_1_326' title='bbox 1906 2323 1924 2356; x_wconf 71' lang='grc' dir='ltr'>ι</span> <span class='ocrx_word' id='word_1_327' title='bbox 1956 2305 2051 2359; x_wconf 74' lang='lat' dir='ltr'><strong>ine</strong></span> 
     </span>
    </p>
   </div>
   <div class='ocr_carea' id='block_1_38' title="bbox 467 2398 2049 2473">
    <p class='ocr_par' dir='ltr' id='par_1_38' title="bbox 467 2398 2049 2473">
     <span class='ocr_line' id='line_1_38' title="bbox 467 2398 2049 2473; baseline -0.009 -12"><span class='ocrx_word' id='word_1_328' title='bbox 467 2415 575 2461; x_wconf 75' lang='lat' dir='ltr'><strong>tua:</strong></span> <span class='ocrx_word' id='word_1_329' title='bbox 611 2424 631 2457; x_wconf 73' lang='grc' dir='ltr'><strong><em>ι</em></strong></span> <span class='ocrx_word' id='word_1_330' title='bbox 662 2404 716 2458; x_wconf 88' lang='lat' dir='ltr'><strong>id</strong></span> <span class='ocrx_word' id='word_1_331' title='bbox 744 2415 847 2470; x_wconf 82' lang='lat' dir='ltr'><strong>est,</strong></span> <span class='ocrx_word' id='word_1_332' title='bbox 875 2402 1128 2458; x_wconf 77' lang='lat' dir='ltr'><strong>vindicta:</strong></span> <span class='ocrx_word' id='word_1_333' title='bbox 1178 2409 1283 2473; x_wconf 74' lang='lat' dir='ltr'><strong>tuae</strong></span> <span class='ocrx_word' id='word_1_334' title='bbox 1310 2406 1576 2455; x_wconf 89' lang='lat' dir='ltr'><strong>venerunt</strong></span> <span class='ocrx_word' id='word_1_335' title='bbox 1608 2398 1665 2453; x_wconf 89' lang='lat' dir='ltr'><strong>in</strong></span> <span class='ocrx_word' id='word_1_336' title='bbox 1695 2412 1806 2462; x_wconf 88' lang='lat' dir='ltr'><strong>me,</strong></span> <span class='ocrx_word' id='word_1_337' title='bbox 1836 2402 1894 2450; x_wconf 90' lang='lat' dir='ltr'><strong>et</strong></span> <span class='ocrx_word' id='word_1_338' title='bbox 1933 2409 2049 2449; x_wconf 87' lang='lat' dir='ltr'><strong>non</strong></span> 
     </span>
    </p>
   </div>
   <div class='ocr_carea' id='block_1_39' title="bbox 466 2481 2050 2563">
    <p class='ocr_par' dir='ltr' id='par_1_39' title="bbox 466 2481 2050 2563">
     <span class='ocr_line' id='line_1_39' title="bbox 466 2481 2050 2563; baseline -0.008 -10"><span class='ocrx_word' id='word_1_339' title='bbox 466 2505 843 2553; x_wconf 87' lang='lat' dir='ltr'><strong>remanserunt</strong></span> <span class='ocrx_word' id='word_1_340' title='bbox 873 2496 927 2550; x_wconf 92' lang='lat' dir='ltr'><strong>in</strong></span> <span class='ocrx_word' id='word_1_341' title='bbox 962 2481 1081 2558; x_wconf 87' lang='lat' dir='ltr'><strong>me,</strong></span> <span class='ocrx_word' id='word_1_342' title='bbox 1118 2513 1138 2547; x_wconf 72' lang='grc' dir='ltr'><strong><em>ι</em></strong></span> <span class='ocrx_word' id='word_1_343' title='bbox 1168 2493 1297 2563; x_wconf 85' lang='lat' dir='ltr'><strong>quia</strong></span> <span class='ocrx_word' id='word_1_344' title='bbox 1321 2493 1426 2547; x_wconf 89' lang='lat' dir='ltr'><strong>mei</strong></span> <span class='ocrx_word' id='word_1_345' title='bbox 1464 2492 1533 2547; x_wconf 89' lang='lat' dir='ltr'><strong>ad</strong></span> <span class='ocrx_word' id='word_1_346' title='bbox 1564 2487 2050 2546; x_wconf 46' lang='lat' dir='ltr'><strong>boram‘sustinue-</strong></span> 
     </span>
    </p>
   </div>
   <div class='ocr_carea' id='block_1_40' title="bbox 468 2584 2051 2659">
    <p class='ocr_par' dir='ltr' id='par_1_40' title="bbox 468 2584 2051 2659">
     <span class='ocr_line' id='line_1_40' title="bbox 468 2584 2051 2659; baseline -0.008 -14"><span class='ocrx_word' id='word_1_347' title='bbox 468 2598 614 2659; x_wconf 82' lang='lat' dir='ltr'><strong>runt,</strong></span> <span class='ocrx_word' id='word_1_348' title='bbox 648 2597 707 2643; x_wconf 91' lang='lat' dir='ltr'><strong>ut</strong></span> <span class='ocrx_word' id='word_1_349' title='bbox 748 2587 1088 2659; x_wconf 83' lang='lat' dir='ltr'><strong>postmodum</strong></span> <span class='ocrx_word' id='word_1_350' title='bbox 1118 2585 1418 2656; x_wconf 76' lang='lat' dir='ltr'><strong>gauderent</strong></span> <span class='ocrx_word' id='word_1_351' title='bbox 1451 2584 1507 2639; x_wconf 92' lang='lat' dir='ltr'><strong>in</strong></span> <span class='ocrx_word' id='word_1_352' title='bbox 1543 2592 1895 2653; x_wconf 86' lang='lat' dir='ltr'><strong>perpetuum;</strong></span> <span class='ocrx_word' id='word_1_353' title='bbox 1937 2597 1956 2631; x_wconf 71' lang='grc' dir='ltr'>ι</span> <span class='ocrx_word' id='word_1_354' title='bbox 1996 2586 2051 2634; x_wconf 90' lang='lat' dir='ltr'><strong>et</strong></span> 
     </span>
    </p>
   </div>
   <div class='ocr_carea' id='block_1_41' title="bbox 468 2662 2050 2743">
    <p class='ocr_par' dir='ltr' id='par_1_41' title="bbox 468 2662 2050 2743">
     <span class='ocr_line' id='line_1_41' title="bbox 468 2662 2050 2743; baseline -0.008 -8"><span class='ocrx_word' id='word_1_355' title='bbox 468 2691 705 2736; x_wconf 85' lang='lat' dir='ltr'><strong>terrores</strong></span> <span class='ocrx_word' id='word_1_356' title='bbox 743 2678 819 2733; x_wconf 86' lang='lat' dir='ltr'><strong>tui</strong></span> <span class='ocrx_word' id='word_1_357' title='bbox 858 2698 876 2729; x_wconf 77' lang='grc' dir='ltr'><strong><em>ι</em></strong></span> <span class='ocrx_word' id='word_1_358' title='bbox 921 2678 986 2731; x_wconf 89' lang='lat' dir='ltr'><strong>de</strong></span> <span class='ocrx_word' id='word_1_359' title='bbox 1013 2677 1207 2730; x_wconf 83' lang='lat' dir='ltr'><strong>timore</strong></span> <span class='ocrx_word' id='word_1_360' title='bbox 1245 2672 1415 2729; x_wconf 83' lang='lat' dir='ltr'><strong>futuri</strong></span> <span class='ocrx_word' id='word_1_361' title='bbox 1455 2662 1668 2743; x_wconf 86' lang='lat' dir='ltr'><strong>judicii,</strong></span> <span class='ocrx_word' id='word_1_362' title='bbox 1704 2691 1722 2725; x_wconf 84' lang='grc'><strong>‹</strong></span> <span class='ocrx_word' id='word_1_363' title='bbox 1759 2669 2050 2739; x_wconf 81' lang='lat' dir='ltr'><strong>conturba—</strong></span> 
     </span>
    </p>
   </div>
   <div class='ocr_carea' id='block_1_42' title="bbox 477 2764 1817 2833">
    <p class='ocr_par' dir='ltr' id='par_1_42' title="bbox 477 2764 1817 2833">
     <span class='ocr_line' id='line_1_42' title="bbox 477 2764 1817 2833; baseline -0.01 -8"><span class='ocrx_word' id='word_1_364' title='bbox 477 2780 677 2826; x_wconf 88' lang='lat' dir='ltr'><strong>verunt</strong></span> <span class='ocrx_word' id='word_1_365' title='bbox 709 2784 795 2824; x_wconf 88' lang='lat' dir='ltr'><strong>me</strong></span> <span class='ocrx_word' id='word_1_366' title='bbox 824 2789 843 2822; x_wconf 83' lang='grc'><strong><em>›</em></strong></span> <span class='ocrx_word' id='word_1_367' title='bbox 871 2769 924 2823; x_wconf 90' lang='lat' dir='ltr'><strong>id</strong></span> <span class='ocrx_word' id='word_1_368' title='bbox 954 2775 1058 2833; x_wconf 91' lang='lat' dir='ltr'><strong>est,</strong></span> <span class='ocrx_word' id='word_1_369' title='bbox 1086 2780 1254 2821; x_wconf 85' lang='lat' dir='ltr'><strong>meos.</strong></span> <span class='ocrx_word' id='word_1_370' title='bbox 1315 2764 1323 2771; x_wconf 78' lang='grc'><em>’</em></span> <span class='ocrx_word' id='word_1_371' title='bbox 1811 2824 1817 2829; x_wconf 26' lang='grc'><em>,</em></span> 
     </span>
    </p>
   </div>
   <div class='ocr_carea' id='block_1_43' title="bbox 541 2852 2047 2930">
    <p class='ocr_par' dir='ltr' id='par_1_43' title="bbox 541 2852 2047 2930">
     <span class='ocr_line' id='line_1_43' title="bbox 541 2852 2047 2930; baseline -0.007 -13"><span class='ocrx_word' id='word_1_372' title='bbox 541 2863 685 2916; x_wconf 88' lang='lat' dir='ltr'><strong>Bene</strong></span> <span class='ocrx_word' id='word_1_373' title='bbox 711 2861 849 2925; x_wconf 87' lang='lat' dir='ltr'><strong>dico,</strong></span> <span class='ocrx_word' id='word_1_374' title='bbox 877 2858 1021 2930; x_wconf 88' lang='lat' dir='ltr'><strong>quod</strong></span> <span class='ocrx_word' id='word_1_375' title='bbox 1052 2859 1145 2913; x_wconf 78' lang='lat' dir='ltr'><strong>ira:</strong></span> <span class='ocrx_word' id='word_1_376' title='bbox 1178 2857 1509 2913; x_wconf 89' lang='lat' dir='ltr'><strong>transierunt</strong></span> <span class='ocrx_word' id='word_1_377' title='bbox 1533 2857 1588 2911; x_wconf 91' lang='lat' dir='ltr'><strong>in</strong></span> <span class='ocrx_word' id='word_1_378' title='bbox 1617 2870 1723 2922; x_wconf 89' lang='lat' dir='ltr'><strong>me,</strong></span> <span class='ocrx_word' id='word_1_379' title='bbox 1754 2855 1880 2925; x_wconf 89' lang='lat' dir='ltr'><strong>quia</strong></span> <span class='ocrx_word' id='word_1_380' title='bbox 1920 2852 2047 2908; x_wconf 89' lang='lat' dir='ltr'><strong>mali</strong></span> 
     </span>
    </p>
   </div>
   <div class='ocr_carea' id='block_1_44' title="bbox 468 2948 2049 3024">
    <p class='ocr_par' dir='ltr' id='par_1_44' title="bbox 468 2948 2049 3024">
     <span class='ocr_line' id='line_1_44' title="bbox 468 2948 2049 3024; baseline -0.008 -11"><span class='ocrx_word' id='word_1_381' title='bbox 468 2955 740 3019; x_wconf 85' lang='lat' dir='ltr'><strong>homines,</strong></span> <span class='ocrx_word' id='word_1_382' title='bbox 772 2953 857 3007; x_wconf 87' lang='lat' dir='ltr'><strong>vel</strong></span> <span class='ocrx_word' id='word_1_383' title='bbox 908 2960 1127 3024; x_wconf 86' lang='lat' dir='ltr'><strong>peccata</strong></span> <span class='ocrx_word' id='word_1_384' title='bbox 1178 2969 1196 3001; x_wconf 71' lang='grc' dir='ltr'>ε</span> <span class='ocrx_word' id='word_1_385' title='bbox 1251 2950 1722 3006; x_wconf 88' lang='lat' dir='ltr'><strong>circumdederunt</strong></span> <span class='ocrx_word' id='word_1_386' title='bbox 1767 2948 1874 3003; x_wconf 85' lang='lat' dir='ltr'><strong>me‘</strong></span> <span class='ocrx_word' id='word_1_387' title='bbox 1909 2948 2049 3002; x_wconf 68' lang='lat' dir='ltr'><strong>sidut</strong></span> 
     </span>
    </p>
   </div>
   <div class='ocr_carea' id='block_1_45' title="bbox 471 3039 2048 3116">
    <p class='ocr_par' dir='ltr' id='par_1_45' title="bbox 471 3039 2048 3116">
     <span class='ocr_line' id='line_1_45' title="bbox 471 3039 2048 3116; baseline -0.006 -14"><span class='ocrx_word' id='word_1_388' title='bbox 471 3060 646 3116; x_wconf 60' lang='lat' dir='ltr'><strong>aquai,</strong></span> <span class='ocrx_word' id='word_1_389' title='bbox 680 3044 733 3099; x_wconf 88' lang='lat' dir='ltr'><strong>id</strong></span> <span class='ocrx_word' id='word_1_390' title='bbox 753 3053 858 3109; x_wconf 90' lang='lat' dir='ltr'><strong>est,</strong></span> <span class='ocrx_word' id='word_1_391' title='bbox 886 3058 1010 3098; x_wconf 90' lang='lat' dir='ltr'><strong>cum</strong></span> <span class='ocrx_word' id='word_1_392' title='bbox 1036 3057 1231 3113; x_wconf 88' lang='lat' dir='ltr'><strong>magna</strong></span> <span class='ocrx_word' id='word_1_393' title='bbox 1255 3042 1591 3106; x_wconf 88' lang='lat' dir='ltr'><strong>inundantia,</strong></span> <span class='ocrx_word' id='word_1_394' title='bbox 1617 3048 1673 3095; x_wconf 90' lang='lat' dir='ltr'><strong>et</strong></span> <span class='ocrx_word' id='word_1_395' title='bbox 1692 3039 1936 3095; x_wconf 88' lang='lat' dir='ltr'><strong>volentes</strong></span> <span class='ocrx_word' id='word_1_396' title='bbox 1962 3054 2048 3093; x_wconf 89' lang='lat' dir='ltr'><strong>me</strong></span> 
     </span>
    </p>
   </div>
   <div class='ocr_carea' id='block_1_46' title="bbox 467 3115 2047 3207">
    <p class='ocr_par' dir='ltr' id='par_1_46' title="bbox 467 3115 2047 3207">
     <span class='ocr_line' id='line_1_46' title="bbox 467 3115 2047 3207; baseline -0.007 -13"><span class='ocrx_word' id='word_1_397' title='bbox 467 3115 799 3207; x_wconf 74' lang='lat' dir='ltr'><strong>demergere,</strong></span> <span class='ocrx_word' id='word_1_398' title='bbox 813 3135 1106 3203; x_wconf 86' lang='lat' dir='ltr'><strong>sicutaqua</strong></span> <span class='ocrx_word' id='word_1_399' title='bbox 1118 3132 1382 3203; x_wconf 78' lang='lat' dir='ltr'><strong>demergit</strong></span> <span class='ocrx_word' id='word_1_400' title='bbox 1398 3130 1640 3186; x_wconf 88' lang='lat' dir='ltr'><strong>homines</strong></span> <span class='ocrx_word' id='word_1_401' title='bbox 1655 3144 1670 3184; x_wconf 88' lang='lat'><strong>:</strong></span> <span class='ocrx_word' id='word_1_402' title='bbox 1692 3138 1747 3186; x_wconf 92' lang='lat' dir='ltr'><strong>et</strong></span> <span class='ocrx_word' id='word_1_403' title='bbox 1760 3129 1876 3185; x_wconf 68' lang='lat' dir='ltr'><strong>hmo</strong></span> <span class='ocrx_word' id='word_1_404' title='bbox 1898 3147 1915 3180; x_wconf 76' lang='grc' dir='ltr'>ι</span> <span class='ocrx_word' id='word_1_405' title='bbox 1938 3115 2047 3183; x_wconf 87' lang='lat' dir='ltr'><strong>tota</strong></span> 
     </span>
    </p>
   </div>
   <div class='ocr_carea' id='block_1_47' title="bbox 2220 1941 3731 2023">
    <p class='ocr_par' dir='ltr' id='par_1_47' title="bbox 2220 1941 3731 2023">
     <span class='ocr_line' id='line_1_47' title="bbox 2220 1941 3731 2023; baseline -0.005 -9"><span class='ocrx_word' id='word_1_406' title='bbox 2220 1960 2287 2014; x_wconf 87' lang='lat' dir='ltr'><strong>Et</strong></span> <span class='ocrx_word' id='word_1_407' title='bbox 2328 1959 2493 2014; x_wconf 90' lang='lat' dir='ltr'><strong>etiam</strong></span> <span class='ocrx_word' id='word_1_408' title='bbox 2523 1976 2543 2009; x_wconf 86' lang='grc'><em>‹</em></span> <span class='ocrx_word' id='word_1_409' title='bbox 2577 1955 2908 2023; x_wconf 85' lang='lat' dir='ltr'><strong>annuntiabo</strong></span> <span class='ocrx_word' id='word_1_410' title='bbox 2950 1953 3234 2009; x_wconf 84' lang='lat' dir='ltr'><strong>veritatem</strong></span> <span class='ocrx_word' id='word_1_411' title='bbox 3281 1941 3455 2020; x_wconf 68' lang='lat' dir='ltr'><strong>tum,</strong></span> <span class='ocrx_word' id='word_1_412' title='bbox 3494 1972 3516 2004; x_wconf 74' lang='grc' dir='ltr'><strong><em>ι</em></strong></span> <span class='ocrx_word' id='word_1_413' title='bbox 3549 1952 3607 2007; x_wconf 88' lang='lat' dir='ltr'><strong>id</strong></span> <span class='ocrx_word' id='word_1_414' title='bbox 3653 1961 3731 2007; x_wconf 77' lang='lat' dir='ltr'><strong>est</strong></span> 
     </span>
    </p>
   </div>
   <div class='ocr_carea' id='block_1_48' title="bbox 2150 2034 3729 2123">
    <p class='ocr_par' dir='ltr' id='par_1_48' title="bbox 2150 2034 3729 2123">
     <span class='ocr_line' id='line_1_48' title="bbox 2150 2034 3729 2123; baseline -0.007 -14"><span class='ocrx_word' id='word_1_415' title='bbox 2150 2052 2566 2123; x_wconf 88' lang='lat' dir='ltr'><strong>completionem</strong></span> <span class='ocrx_word' id='word_1_416' title='bbox 2604 2048 3044 2121; x_wconf 83' lang='lat' dir='ltr'><strong>promissionum,</strong></span> <span class='ocrx_word' id='word_1_417' title='bbox 3077 2046 3135 2101; x_wconf 90' lang='lat' dir='ltr'><strong>in</strong></span> <span class='ocrx_word' id='word_1_418' title='bbox 3177 2045 3375 2115; x_wconf 87' lang='lat' dir='ltr'><strong>quibus</strong></span> <span class='ocrx_word' id='word_1_419' title='bbox 3425 2034 3605 2099; x_wconf 71' lang='lat' dir='ltr'><strong>verax</strong></span> <span class='ocrx_word' id='word_1_420' title='bbox 3652 2060 3729 2105; x_wconf 69' lang='lat' dir='ltr'><strong>es,</strong></span> 
     </span>
    </p>
   </div>
   <div class='ocr_carea' id='block_1_49' title="bbox 2156 2139 3729 2215">
    <p class='ocr_par' dir='ltr' id='par_1_49' title="bbox 2156 2139 3729 2215">
     <span class='ocr_line' id='line_1_49' title="bbox 2156 2139 3729 2215; baseline -0.003 -18"><span class='ocrx_word' id='word_1_421' title='bbox 2156 2165 2174 2197; x_wconf 74' lang='grc' dir='ltr'>ι</span> <span class='ocrx_word' id='word_1_422' title='bbox 2210 2145 2266 2198; x_wconf 91' lang='lat' dir='ltr'><strong>in</strong></span> <span class='ocrx_word' id='word_1_423' title='bbox 2292 2143 2637 2215; x_wconf 85' lang='lat' dir='ltr'><strong>generatione</strong></span> <span class='ocrx_word' id='word_1_424' title='bbox 2663 2162 2682 2195; x_wconf 70' lang='grc' dir='ltr'><strong>ι</strong></span> <span class='ocrx_word' id='word_1_425' title='bbox 2715 2139 2959 2206; x_wconf 66' lang='lat' dir='ltr'><strong>Iudaica,</strong></span> <span class='ocrx_word' id='word_1_426' title='bbox 2987 2159 3007 2192; x_wconf 80' lang='grc' dir='ltr'>ι</span> <span class='ocrx_word' id='word_1_427' title='bbox 3034 2148 3092 2194; x_wconf 89' lang='lat' dir='ltr'><strong>et</strong></span> <span class='ocrx_word' id='word_1_428' title='bbox 3111 2139 3523 2211; x_wconf 82' lang='lat' dir='ltr'><strong>generationem</strong></span> <span class='ocrx_word' id='word_1_429' title='bbox 3562 2157 3581 2210; x_wconf 64' lang='grc' dir='ltr'><strong>ξ</strong></span> <span class='ocrx_word' id='word_1_430' title='bbox 3608 2153 3729 2208; x_wconf 76' lang='lat' dir='ltr'><strong>gen-</strong></span> 
     </span>
    </p>
   </div>
   <div class='ocr_carea' id='block_1_50' title="bbox 2149 2228 3726 2306">
    <p class='ocr_par' dir='ltr' id='par_1_50' title="bbox 2149 2228 3726 2306">
     <span class='ocr_line' id='line_1_50' title="bbox 2149 2228 3726 2306; baseline -0.006 -15"><span class='ocrx_word' id='word_1_431' title='bbox 2149 2236 2332 2302; x_wconf 88' lang='lat' dir='ltr'><strong>tilem;</strong></span> <span class='ocrx_word' id='word_1_432' title='bbox 2360 2234 2477 2301; x_wconf 89' lang='lat' dir='ltr'><strong>vel,</strong></span> <span class='ocrx_word' id='word_1_433' title='bbox 2510 2234 2567 2289; x_wconf 90' lang='lat' dir='ltr'><strong>in</strong></span> <span class='ocrx_word' id='word_1_434' title='bbox 2611 2233 2957 2306; x_wconf 85' lang='lat' dir='ltr'><strong>generatione</strong></span> <span class='ocrx_word' id='word_1_435' title='bbox 2984 2240 3039 2286; x_wconf 90' lang='lat' dir='ltr'><strong>et</strong></span> <span class='ocrx_word' id='word_1_436' title='bbox 3067 2231 3501 2303; x_wconf 86' lang='lat' dir='ltr'><strong>generationem,</strong></span> <span class='ocrx_word' id='word_1_437' title='bbox 3531 2228 3587 2283; x_wconf 87' lang='lat' dir='ltr'><strong>id</strong></span> <span class='ocrx_word' id='word_1_438' title='bbox 3632 2240 3726 2292; x_wconf 81' lang='lat' dir='ltr'><strong>est,</strong></span> 
     </span>
    </p>
   </div>
   <div class='ocr_carea' id='block_1_51' title="bbox 2149 2322 3727 2399">
    <p class='ocr_par' dir='ltr' id='par_1_51' title="bbox 2149 2322 3727 2399">
     <span class='ocr_line' id='line_1_51' title="bbox 2149 2322 3727 2399; baseline -0.005 -17"><span class='ocrx_word' id='word_1_439' title='bbox 2149 2342 2248 2399; x_wconf 81' lang='lat' dir='ltr'><strong>per</strong></span> <span class='ocrx_word' id='word_1_440' title='bbox 2270 2340 2459 2382; x_wconf 88' lang='lat' dir='ltr'><strong>omnes</strong></span> <span class='ocrx_word' id='word_1_441' title='bbox 2502 2324 2873 2381; x_wconf 85' lang='lat' dir='ltr'><strong>successiones</strong></span> <span class='ocrx_word' id='word_1_442' title='bbox 2898 2323 3317 2394; x_wconf 18' lang='lat' dir='ltr'><strong>egencrationum</strong></span> <span class='ocrx_word' id='word_1_443' title='bbox 3350 2336 3367 2376; x_wconf 88' lang='lat'><strong>:</strong></span> <span class='ocrx_word' id='word_1_444' title='bbox 3394 2330 3452 2376; x_wconf 86' lang='lat' dir='ltr'><strong>et</strong></span> <span class='ocrx_word' id='word_1_445' title='bbox 3484 2322 3593 2376; x_wconf 89' lang='lat' dir='ltr'><strong>hoc</strong></span> <span class='ocrx_word' id='word_1_446' title='bbox 3629 2340 3650 2372; x_wconf 73' lang='grc' dir='ltr'><em>α</em></span> <span class='ocrx_word' id='word_1_447' title='bbox 3677 2322 3727 2374; x_wconf 74' lang='lat' dir='ltr'><strong>in</strong></span> 
     </span>
    </p>
   </div>
   <div class='ocr_carea' id='block_1_52' title="bbox 2150 2415 3725 2478">
    <p class='ocr_par' dir='ltr' id='par_1_52' title="bbox 2150 2415 3725 2478">
     <span class='ocr_line' id='line_1_52' title="bbox 2150 2415 3725 2478; baseline -0.008 0"><span class='ocrx_word' id='word_1_448' title='bbox 2150 2437 2245 2478; x_wconf 90' lang='lat' dir='ltr'><strong>ore</strong></span> <span class='ocrx_word' id='word_1_449' title='bbox 2279 2437 2418 2477; x_wconf 90' lang='lat' dir='ltr'><strong>meo.</strong></span> <span class='ocrx_word' id='word_1_450' title='bbox 2449 2439 2470 2474; x_wconf 75' lang='grc' dir='ltr'><strong><em>ι</em></strong></span> <span class='ocrx_word' id='word_1_451' title='bbox 2500 2419 2645 2475; x_wconf 88' lang='lat' dir='ltr'><strong>Idem</strong></span> <span class='ocrx_word' id='word_1_452' title='bbox 2672 2425 2833 2473; x_wconf 87' lang='lat' dir='ltr'><strong>vocat</strong></span> <span class='ocrx_word' id='word_1_453' title='bbox 2861 2416 3287 2472; x_wconf 86' lang='lat' dir='ltr'><strong>misericordiam</strong></span> <span class='ocrx_word' id='word_1_454' title='bbox 3317 2422 3377 2470; x_wconf 88' lang='lat' dir='ltr'><strong>et</strong></span> <span class='ocrx_word' id='word_1_455' title='bbox 3418 2415 3725 2475; x_wconf 75' lang='lat' dir='ltr'><strong>veritatem,</strong></span> 
     </span>
    </p>
   </div>
   <div class='ocr_carea' id='block_1_53' title="bbox 2150 2504 3727 2576">
    <p class='ocr_par' dir='ltr' id='par_1_53' title="bbox 2150 2504 3727 2576">
     <span class='ocr_line' id='line_1_53' title="bbox 2150 2504 3727 2576; baseline -0.008 -7"><span class='ocrx_word' id='word_1_456' title='bbox 2150 2512 2358 2569; x_wconf 83' lang='lat' dir='ltr'><strong>scilicet</strong></span> <span class='ocrx_word' id='word_1_457' title='bbox 2391 2509 2655 2567; x_wconf 84' lang='lat' dir='ltr'><strong>beneﬁcia</strong></span> <span class='ocrx_word' id='word_1_458' title='bbox 2694 2509 2790 2564; x_wconf 91' lang='lat' dir='ltr'><strong>Dei</strong></span> <span class='ocrx_word' id='word_1_459' title='bbox 2853 2526 2868 2563; x_wconf 89' lang='lat'><strong>:</strong></span> <span class='ocrx_word' id='word_1_460' title='bbox 2925 2507 3321 2570; x_wconf 87' lang='lat' dir='ltr'><strong>misericordia,</strong></span> <span class='ocrx_word' id='word_1_461' title='bbox 3384 2505 3522 2576; x_wconf 89' lang='lat' dir='ltr'><strong>quia</strong></span> <span class='ocrx_word' id='word_1_462' title='bbox 3570 2504 3727 2575; x_wconf 77' lang='lat' dir='ltr'><strong>gratis</strong></span> 
     </span>
    </p>
   </div>
   <div class='ocr_carea' id='block_1_54' title="bbox 2150 2595 3726 2669">
    <p class='ocr_par' dir='ltr' id='par_1_54' title="bbox 2150 2595 3726 2669">
     <span class='ocr_line' id='line_1_54' title="bbox 2150 2595 3726 2669; baseline -0.007 -10"><span class='ocrx_word' id='word_1_463' title='bbox 2150 2600 2430 2659; x_wconf 81' lang='lat' dir='ltr'><strong>confertur</strong></span> <span class='ocrx_word' id='word_1_464' title='bbox 2471 2615 2502 2655; x_wconf 92' lang='lat' dir='ltr'><strong>a</strong></span> <span class='ocrx_word' id='word_1_465' title='bbox 2537 2601 2686 2665; x_wconf 89' lang='lat' dir='ltr'><strong>Deo;</strong></span> <span class='ocrx_word' id='word_1_466' title='bbox 2713 2598 2931 2663; x_wconf 88' lang='lat' dir='ltr'><strong>veritas,</strong></span> <span class='ocrx_word' id='word_1_467' title='bbox 2957 2595 3260 2669; x_wconf 37' lang='lat' dir='ltr'><strong>quia&#39;juxta</strong></span> <span class='ocrx_word' id='word_1_468' title='bbox 3292 2596 3442 2665; x_wconf 90' lang='lat' dir='ltr'><strong>quod</strong></span> <span class='ocrx_word' id='word_1_469' title='bbox 3470 2595 3726 2666; x_wconf 79' lang='lat' dir='ltr'><strong>promise-</strong></span> 
     </span>
    </p>
   </div>
   <div class='ocr_carea' id='block_1_55' title="bbox 2146 2686 3727 2770">
    <p class='ocr_par' dir='ltr' id='par_1_55' title="bbox 2146 2686 3727 2770">
     <span class='ocr_line' id='line_1_55' title="bbox 2146 2686 3727 2770; baseline -0.006 -21"><span class='ocrx_word' id='word_1_470' title='bbox 2146 2700 2237 2749; x_wconf 79' lang='lat' dir='ltr'><strong>rat</strong></span> <span class='ocrx_word' id='word_1_471' title='bbox 2275 2692 2461 2762; x_wconf 89' lang='lat' dir='ltr'><strong>implet</strong></span> <span class='ocrx_word' id='word_1_472' title='bbox 2506 2691 2673 2770; x_wconf 52' lang='lat' dir='ltr'><strong>Deus:</strong></span> <span class='ocrx_word' id='word_1_473' title='bbox 2721 2707 2741 2742; x_wconf 77' lang='grc' dir='ltr'>ι</span> <span class='ocrx_word' id='word_1_474' title='bbox 2771 2690 3116 2744; x_wconf 85' lang='lat' dir='ltr'><strong>Annuntiabo</strong></span> <span class='ocrx_word' id='word_1_475' title='bbox 3159 2707 3181 2740; x_wconf 73' lang='grc' dir='ltr'><strong><em>ι</em></strong></span> <span class='ocrx_word' id='word_1_476' title='bbox 3211 2687 3335 2743; x_wconf 91' lang='lat' dir='ltr'><strong>dico</strong></span> <span class='ocrx_word' id='word_1_477' title='bbox 3363 2686 3421 2741; x_wconf 91' lang='lat' dir='ltr'><strong>in</strong></span> <span class='ocrx_word' id='word_1_478' title='bbox 3452 2700 3558 2741; x_wconf 85' lang='lat' dir='ltr'><strong>ore</strong></span> <span class='ocrx_word' id='word_1_479' title='bbox 3593 2698 3727 2750; x_wconf 72' lang='lat' dir='ltr'><strong>meo,</strong></span> 
     </span>
    </p>
   </div>
   <div class='ocr_carea' id='block_1_56' title="bbox 2150 2774 3725 2857">
    <p class='ocr_par' dir='ltr' id='par_1_56' title="bbox 2150 2774 3725 2857">
     <span class='ocr_line' id='line_1_56' title="bbox 2150 2774 3725 2857; baseline -0.006 -14"><span class='ocrx_word' id='word_1_480' title='bbox 2150 2787 2206 2843; x_wconf 89' lang='lat' dir='ltr'><strong>in</strong></span> <span class='ocrx_word' id='word_1_481' title='bbox 2235 2796 2344 2857; x_wconf 86' lang='lat' dir='ltr'><strong>quo</strong></span> <span class='ocrx_word' id='word_1_482' title='bbox 2371 2799 2588 2855; x_wconf 89' lang='lat' dir='ltr'><strong>semper</strong></span> <span class='ocrx_word' id='word_1_483' title='bbox 2629 2784 2804 2840; x_wconf 88' lang='lat' dir='ltr'><strong>habeo</strong></span> <span class='ocrx_word' id='word_1_484' title='bbox 2838 2774 3140 2854; x_wconf 78' lang='lat' dir='ltr'><strong>promptam</strong></span> <span class='ocrx_word' id='word_1_485' title='bbox 3187 2782 3502 2846; x_wconf 86' lang='lat' dir='ltr'><strong>veritatem,</strong></span> <span class='ocrx_word' id='word_1_486' title='bbox 3536 2781 3607 2835; x_wconf 85' lang='lat' dir='ltr'><strong>ad</strong></span> <span class='ocrx_word' id='word_1_487' title='bbox 3638 2794 3725 2834; x_wconf 81' lang='lat' dir='ltr'><strong>an-</strong></span> 
     </span>
    </p>
   </div>
   <div class='ocr_carea' id='block_1_57' title="bbox 2149 2875 3725 2944">
    <p class='ocr_par' dir='ltr' id='par_1_57' title="bbox 2149 2875 3725 2944">
     <span class='ocr_line' id='line_1_57' title="bbox 2149 2875 3725 2944; baseline -0.004 -9"><span class='ocrx_word' id='word_1_488' title='bbox 2149 2877 2507 2935; x_wconf 84' lang='lat' dir='ltr'><strong>nuntiandum</strong></span> <span class='ocrx_word' id='word_1_489' title='bbox 2532 2877 2681 2944; x_wconf 86' lang='lat' dir='ltr'><strong>aliis;</strong></span> <span class='ocrx_word' id='word_1_490' title='bbox 2712 2877 2797 2932; x_wconf 90' lang='lat' dir='ltr'><strong>vel</strong></span> <span class='ocrx_word' id='word_1_491' title='bbox 2825 2877 2879 2932; x_wconf 91' lang='lat' dir='ltr'><strong>in</strong></span> <span class='ocrx_word' id='word_1_492' title='bbox 2908 2893 3004 2933; x_wconf 89' lang='lat' dir='ltr'><strong>ore</strong></span> <span class='ocrx_word' id='word_1_493' title='bbox 3032 2888 3172 2943; x_wconf 87' lang='lat' dir='ltr'><strong>meo,</strong></span> <span class='ocrx_word' id='word_1_494' title='bbox 3192 2876 3258 2932; x_wconf 83' lang='lat' dir='ltr'><strong>&#39;id</strong></span> <span class='ocrx_word' id='word_1_495' title='bbox 3270 2875 3547 2943; x_wconf 88' lang='lat' dir='ltr'><strong>est,sicut</strong></span> <span class='ocrx_word' id='word_1_496' title='bbox 3566 2875 3725 2930; x_wconf 80' lang='lat' dir='ltr'><strong>habeo</strong></span> 
     </span>
    </p>
   </div>
   <div class='ocr_carea' id='block_1_58' title="bbox 2149 2969 2930 3039">
    <p class='ocr_par' dir='ltr' id='par_1_58' title="bbox 2149 2969 2930 3039">
     <span class='ocr_line' id='line_1_58' title="bbox 2149 2969 2930 3039; baseline -0.003 -13"><span class='ocrx_word' id='word_1_497' title='bbox 2149 2970 2206 3025; x_wconf 86' lang='lat' dir='ltr'><strong>in</strong></span> <span class='ocrx_word' id='word_1_498' title='bbox 2232 2984 2349 3036; x_wconf 86' lang='lat' dir='ltr'><strong>ore,</strong></span> <span class='ocrx_word' id='word_1_499' title='bbox 2378 2969 2725 3039; x_wconf 84' lang='lat' dir='ltr'><strong>ita&#39;compleo</strong></span> <span class='ocrx_word' id='word_1_500' title='bbox 2749 2982 2930 3039; x_wconf 89' lang='lat' dir='ltr'><strong>opere.</strong></span> 
     </span>
    </p>
   </div>
   <div class='ocr_carea' id='block_1_59' title="bbox 2210 3056 3724 3134">
    <p class='ocr_par' dir='ltr' id='par_1_59' title="bbox 2210 3056 3724 3134">
     <span class='ocr_line' id='line_1_59' title="bbox 2210 3056 3724 3134; baseline -0.003 -16"><span class='ocrx_word' id='word_1_501' title='bbox 2210 3061 2289 3118; x_wconf 81' lang='lat' dir='ltr'><strong>Et</strong></span> <span class='ocrx_word' id='word_1_502' title='bbox 2308 3077 2413 3134; x_wconf 89' lang='lat' dir='ltr'><strong>qua</strong></span> <span class='ocrx_word' id='word_1_503' title='bbox 2435 3061 2754 3117; x_wconf 87' lang='lat' dir='ltr'><strong>auctoritate</strong></span> <span class='ocrx_word' id='word_1_504' title='bbox 2772 3058 2947 3115; x_wconf 87' lang='lat' dir='ltr'><strong>fretus</strong></span> <span class='ocrx_word' id='word_1_505' title='bbox 2966 3060 3081 3114; x_wconf 61' lang='lat' dir='ltr'><strong>hac</strong></span> <span class='ocrx_word' id='word_1_506' title='bbox 3101 3057 3480 3113; x_wconf 74' lang='lat' dir='ltr'><strong>annuntiabo?</strong></span> <span class='ocrx_word' id='word_1_507' title='bbox 3522 3066 3614 3112; x_wconf 86' lang='lat' dir='ltr'><strong>tua</strong></span> <span class='ocrx_word' id='word_1_508' title='bbox 3632 3056 3724 3113; x_wconf 83' lang='lat' dir='ltr'><strong>sci-</strong></span> 
     </span>
    </p>
   </div>
   <div class='ocr_carea' id='block_1_60' title="bbox 2142 3149 3721 3221">
    <p class='ocr_par' dir='ltr' id='par_1_60' title="bbox 2142 3149 3721 3221">
     <span class='ocr_line' id='line_1_60' title="bbox 2142 3149 3721 3221; baseline -0.003 -14"><span class='ocrx_word' id='word_1_509' title='bbox 2142 3153 2303 3219; x_wconf 91' lang='lat' dir='ltr'><strong>licet,</strong></span> <span class='ocrx_word' id='word_1_510' title='bbox 2326 3161 2384 3208; x_wconf 91' lang='lat' dir='ltr'><strong>et</strong></span> <span class='ocrx_word' id='word_1_511' title='bbox 2401 3152 2505 3207; x_wconf 92' lang='lat' dir='ltr'><strong>hoc</strong></span> <span class='ocrx_word' id='word_1_512' title='bbox 2528 3159 2633 3217; x_wconf 90' lang='lat' dir='ltr'><strong>est,</strong></span> <span class='ocrx_word' id='word_1_513' title='bbox 2670 3170 2688 3202; x_wconf 72' lang='grc' dir='ltr'>ι</span> <span class='ocrx_word' id='word_1_514' title='bbox 2723 3150 2977 3221; x_wconf 82' lang='lat' dir='ltr'><strong>quoniam</strong></span> <span class='ocrx_word' id='word_1_515' title='bbox 3007 3149 3192 3203; x_wconf 80' lang='lat' dir='ltr'><strong>dixisti</strong></span> <span class='ocrx_word' id='word_1_516' title='bbox 3220 3168 3241 3201; x_wconf 71' lang='grc' dir='ltr'><strong><em>ι</em></strong></span> <span class='ocrx_word' id='word_1_517' title='bbox 3282 3149 3339 3203; x_wconf 89' lang='lat' dir='ltr'><strong>id</strong></span> <span class='ocrx_word' id='word_1_518' title='bbox 3390 3157 3498 3212; x_wconf 88' lang='lat' dir='ltr'><strong>est,</strong></span> <span class='ocrx_word' id='word_1_519' title='bbox 3525 3149 3721 3202; x_wconf 79' lang='lat' dir='ltr'><strong>interna</strong></span> 
     </span>
    </p>
   </div>
   <div class='ocr_carea' id='block_1_61' title="bbox 468 3201 3722 3314">
    <p class='ocr_par' dir='ltr' id='par_1_61' title="bbox 468 3201 3722 3314">
     <span class='ocr_line' id='line_1_61' title="bbox 468 3201 3722 3314; baseline -0.006 -29"><span class='ocrx_word' id='word_1_520' title='bbox 468 3229 557 3285; x_wconf 90' lang='lat' dir='ltr'><strong>die</strong></span> <span class='ocrx_word' id='word_1_521' title='bbox 594 3249 613 3282; x_wconf 75' lang='grc' dir='ltr'><strong><em>ι</em></strong></span> <span class='ocrx_word' id='word_1_522' title='bbox 646 3229 702 3283; x_wconf 89' lang='lat' dir='ltr'><strong>id</strong></span> <span class='ocrx_word' id='word_1_523' title='bbox 749 3236 853 3293; x_wconf 87' lang='lat' dir='ltr'><strong>est,</strong></span> <span class='ocrx_word' id='word_1_524' title='bbox 900 3225 1147 3293; x_wconf 84' lang='lat' dir='ltr'><strong>assidue,</strong></span> <span class='ocrx_word' id='word_1_525' title='bbox 1198 3240 1305 3280; x_wconf 89' lang='lat' dir='ltr'><strong>non</strong></span> <span class='ocrx_word' id='word_1_526' title='bbox 1358 3222 1653 3294; x_wconf 84' lang='lat' dir='ltr'><strong>sigillatim,</strong></span> <span class='ocrx_word' id='word_1_527' title='bbox 1705 3222 1799 3278; x_wconf 89' lang='lat' dir='ltr'><strong>sed</strong></span> <span class='ocrx_word' id='word_1_528' title='bbox 1833 3239 1852 3273; x_wconf 84' lang='grc'><em>‹</em></span> <span class='ocrx_word' id='word_1_529' title='bbox 1889 3220 2048 3277; x_wconf 91' lang='lat' dir='ltr'><strong>simul</strong></span> <span class='ocrx_word' id='word_1_530' title='bbox 2077 3201 2122 3264; x_wconf 76' lang='grc' dir='ltr'><strong>ϐ</strong></span> <span class='ocrx_word' id='word_1_531' title='bbox 2152 3201 2645 3314; x_wconf 47' lang='grc' dir='ltr'><strong>ξξέίέδῖξολζιξέίξί</strong></span> <span class='ocrx_word' id='word_1_532' title='bbox 2666 3201 3340 3305; x_wconf 38' lang='grc' dir='ltr'><strong>ηςξίέέῖέςῶοςέευοεξ</strong></span> <span class='ocrx_word' id='word_1_533' title='bbox 3362 3256 3377 3292; x_wconf 56' lang='grc' dir='ltr'>ε</span> <span class='ocrx_word' id='word_1_534' title='bbox 3400 3201 3541 3292; x_wconf 43' lang='grc' dir='ltr'><strong>’δέ</strong></span> <span class='ocrx_word' id='word_1_535' title='bbox 3580 3201 3722 3293; x_wconf 39' lang='grc' dir='ltr'><strong>ξω,</strong></span> 
     </span>
    </p>
   </div>
   <div class='ocr_carea' id='block_1_62' title="bbox 469 3318 1528 3386">
    <p class='ocr_par' dir='ltr' id='par_1_62' title="bbox 469 3318 1528 3386">
     <span class='ocr_line' id='line_1_62' title="bbox 469 3318 1528 3386; baseline -0.008 -7"><span class='ocrx_word' id='word_1_536' title='bbox 469 3321 944 3380; x_wconf 83' lang='lat' dir='ltr'><strong>circumdederunt</strong></span> <span class='ocrx_word' id='word_1_537' title='bbox 972 3334 1081 3386; x_wconf 91' lang='lat' dir='ltr'><strong>me,</strong></span> <span class='ocrx_word' id='word_1_538' title='bbox 1120 3338 1140 3372; x_wconf 72' lang='grc' dir='ltr'><strong><em>ι</em></strong></span> <span class='ocrx_word' id='word_1_539' title='bbox 1174 3318 1226 3373; x_wconf 87' lang='lat' dir='ltr'><strong>id</strong></span> <span class='ocrx_word' id='word_1_540' title='bbox 1254 3325 1528 3372; x_wconf 87' lang='lat' dir='ltr'><strong>cstmeos.</strong></span> 
     </span>
    </p>
   </div>
   <div class='ocr_carea' id='block_1_63' title="bbox 536 3407 2047 3482">
    <p class='ocr_par' dir='ltr' id='par_1_63' title="bbox 536 3407 2047 3482">
     <span class='ocr_line' id='line_1_63' title="bbox 536 3407 2047 3482; baseline -0.011 -6"><span class='ocrx_word' id='word_1_541' title='bbox 536 3419 656 3476; x_wconf 84' lang='lat' dir='ltr'><strong>Non</strong></span> <span class='ocrx_word' id='word_1_542' title='bbox 693 3416 866 3473; x_wconf 91' lang='lat' dir='ltr'><strong>solum</strong></span> <span class='ocrx_word' id='word_1_543' title='bbox 895 3414 1000 3470; x_wconf 89' lang='lat' dir='ltr'><strong>alia</strong></span> <span class='ocrx_word' id='word_1_544' title='bbox 1037 3413 1176 3469; x_wconf 89' lang='lat' dir='ltr'><strong>mala</strong></span> <span class='ocrx_word' id='word_1_545' title='bbox 1211 3412 1356 3482; x_wconf 89' lang='lat' dir='ltr'><strong>passi</strong></span> <span class='ocrx_word' id='word_1_546' title='bbox 1385 3420 1511 3466; x_wconf 87' lang='lat' dir='ltr'><strong>sunt</strong></span> <span class='ocrx_word' id='word_1_547' title='bbox 1550 3409 1690 3478; x_wconf 73' lang='lat' dir='ltr'><strong>mei,</strong></span> <span class='ocrx_word' id='word_1_548' title='bbox 1745 3407 1839 3464; x_wconf 88' lang='lat' dir='ltr'><strong>sed</strong></span> <span class='ocrx_word' id='word_1_549' title='bbox 1884 3407 2047 3463; x_wconf 88' lang='lat' dir='ltr'><strong>etiam</strong></span> 
     </span>
    </p>
   </div>
   <div class='ocr_carea' id='block_1_64' title="bbox 472 3498 2050 3581">
    <p class='ocr_par' dir='ltr' id='par_1_64' title="bbox 472 3498 2050 3581">
     <span class='ocr_line' id='line_1_64' title="bbox 472 3498 2050 3581; baseline -0.008 -17"><span class='ocrx_word' id='word_1_550' title='bbox 472 3531 492 3564; x_wconf 71' lang='lat' dir='ltr'>c</span> <span class='ocrx_word' id='word_1_551' title='bbox 518 3505 782 3581; x_wconf 83' lang='lat' dir='ltr'><strong>elongain</strong></span> <span class='ocrx_word' id='word_1_552' title='bbox 807 3523 837 3562; x_wconf 85' lang='lat' dir='ltr'><strong>a</strong></span> <span class='ocrx_word' id='word_1_553' title='bbox 862 3522 970 3571; x_wconf 77' lang='lat' dir='ltr'><strong>ine,</strong></span> <span class='ocrx_word' id='word_1_554' title='bbox 993 3526 1012 3558; x_wconf 68' lang='grc' dir='ltr'><strong><em>ι</em></strong></span> <span class='ocrx_word' id='word_1_555' title='bbox 1042 3505 1093 3561; x_wconf 90' lang='lat' dir='ltr'><strong>id</strong></span> <span class='ocrx_word' id='word_1_556' title='bbox 1119 3513 1223 3569; x_wconf 90' lang='lat' dir='ltr'><strong>est,</strong></span> <span class='ocrx_word' id='word_1_557' title='bbox 1247 3519 1277 3557; x_wconf 90' lang='lat' dir='ltr'><strong>a</strong></span> <span class='ocrx_word' id='word_1_558' title='bbox 1298 3503 1455 3567; x_wconf 83' lang='lat' dir='ltr'><strong>meis,</strong></span> <span class='ocrx_word' id='word_1_559' title='bbox 1482 3521 1500 3553; x_wconf 72' lang='grc' dir='ltr'><strong><em>ι</em></strong></span> <span class='ocrx_word' id='word_1_560' title='bbox 1527 3501 1764 3556; x_wconf 89' lang='lat' dir='ltr'><strong>amicum</strong></span> <span class='ocrx_word' id='word_1_561' title='bbox 1788 3506 1843 3554; x_wconf 90' lang='lat' dir='ltr'><strong>et</strong></span> <span class='ocrx_word' id='word_1_562' title='bbox 1867 3498 2050 3568; x_wconf 78' lang='lat' dir='ltr'><strong>proxi-</strong></span> 
     </span>
    </p>
   </div>
   <div class='ocr_carea' id='block_1_65' title="bbox 467 3585 2048 3668">
    <p class='ocr_par' dir='ltr' id='par_1_65' title="bbox 467 3585 2048 3668">
     <span class='ocr_line' id='line_1_65' title="bbox 467 3585 2048 3668; baseline -0.011 -11"><span class='ocrx_word' id='word_1_563' title='bbox 467 3615 617 3657; x_wconf 91' lang='lat' dir='ltr'><strong>mum</strong></span> <span class='ocrx_word' id='word_1_564' title='bbox 652 3619 670 3652; x_wconf 76' lang='grc' dir='ltr'><strong><em>ι</em></strong></span> <span class='ocrx_word' id='word_1_565' title='bbox 697 3598 1017 3668; x_wconf 82' lang='lat' dir='ltr'><strong>cognatione</strong></span> <span class='ocrx_word' id='word_1_566' title='bbox 1044 3613 1056 3648; x_wconf 92' lang='lat'><strong>:</strong></span> <span class='ocrx_word' id='word_1_567' title='bbox 1090 3613 1107 3645; x_wconf 76' lang='grc' dir='ltr'>ι</span> <span class='ocrx_word' id='word_1_568' title='bbox 1144 3601 1199 3648; x_wconf 90' lang='lat' dir='ltr'><strong>et</strong></span> <span class='ocrx_word' id='word_1_569' title='bbox 1228 3600 1383 3647; x_wconf 92' lang='lat' dir='ltr'><strong>notos</strong></span> <span class='ocrx_word' id='word_1_570' title='bbox 1417 3604 1566 3646; x_wconf 88' lang='lat' dir='ltr'><strong>meos</strong></span> <span class='ocrx_word' id='word_1_571' title='bbox 1598 3610 1617 3641; x_wconf 71' lang='grc' dir='ltr'>ι</span> <span class='ocrx_word' id='word_1_572' title='bbox 1660 3604 1796 3659; x_wconf 85' lang='lat' dir='ltr'><strong>quos</strong></span> <span class='ocrx_word' id='word_1_573' title='bbox 1830 3587 1935 3643; x_wconf 89' lang='lat' dir='ltr'><strong>mei</strong></span> <span class='ocrx_word' id='word_1_574' title='bbox 1967 3585 2048 3640; x_wconf 91' lang='lat' dir='ltr'><strong>vel</strong></span> 
     </span>
    </p>
   </div>
   <div class='ocr_carea' id='block_1_66' title="bbox 470 3678 2043 3762">
    <p class='ocr_par' dir='ltr' id='par_1_66' title="bbox 470 3678 2043 3762">
     <span class='ocr_line' id='line_1_66' title="bbox 470 3678 2043 3762; baseline -0.01 -15"><span class='ocrx_word' id='word_1_575' title='bbox 470 3693 563 3762; x_wconf 86' lang='lat' dir='ltr'><strong>qui</strong></span> <span class='ocrx_word' id='word_1_576' title='bbox 593 3706 742 3747; x_wconf 85' lang='lat' dir='ltr'><strong>meos</strong></span> <span class='ocrx_word' id='word_1_577' title='bbox 766 3695 1049 3751; x_wconf 84' lang='lat' dir='ltr'><strong>noverant,</strong></span> <span class='ocrx_word' id='word_1_578' title='bbox 1078 3693 1134 3740; x_wconf 92' lang='lat' dir='ltr'><strong>et</strong></span> <span class='ocrx_word' id='word_1_579' title='bbox 1161 3685 1263 3738; x_wconf 85' lang='lat' dir='ltr'><strong>hoc</strong></span> <span class='ocrx_word' id='word_1_580' title='bbox 1292 3681 1393 3736; x_wconf 86' lang='lat' dir='ltr'><strong>fuit</strong></span> <span class='ocrx_word' id='word_1_581' title='bbox 1426 3700 1443 3735; x_wconf 75' lang='grc' dir='ltr'>ι</span> <span class='ocrx_word' id='word_1_582' title='bbox 1480 3696 1514 3737; x_wconf 89' lang='lat' dir='ltr'><strong>a</strong></span> <span class='ocrx_word' id='word_1_583' title='bbox 1542 3679 1757 3736; x_wconf 89' lang='lat' dir='ltr'><strong>miseria</strong></span> <span class='ocrx_word' id='word_1_584' title='bbox 1790 3698 1809 3730; x_wconf 76' lang='grc' dir='ltr'><strong><em>ι</em></strong></span> <span class='ocrx_word' id='word_1_585' title='bbox 1839 3678 1894 3733; x_wconf 89' lang='lat' dir='ltr'><strong>id</strong></span> <span class='ocrx_word' id='word_1_586' title='bbox 1927 3684 2043 3743; x_wconf 88' lang='lat' dir='ltr'><strong>est,</strong></span> 
     </span>
    </p>
   </div>
   <div class='ocr_carea' id='block_1_67' title="bbox 465 3770 1974 3855">
    <p class='ocr_par' dir='ltr' id='par_1_67' title="bbox 465 3770 1974 3855">
     <span class='ocr_line' id='line_1_67' title="bbox 465 3770 1974 3855; baseline -0.009 -18"><span class='ocrx_word' id='word_1_587' title='bbox 465 3792 688 3855; x_wconf 87' lang='lat' dir='ltr'><strong>propter</strong></span> <span class='ocrx_word' id='word_1_588' title='bbox 717 3780 990 3837; x_wconf 81' lang='lat' dir='ltr'><strong>miseriam</strong></span> <span class='ocrx_word' id='word_1_589' title='bbox 1020 3776 1232 3832; x_wconf 89' lang='lat' dir='ltr'><strong>illorum</strong></span> <span class='ocrx_word' id='word_1_590' title='bbox 1266 3789 1364 3846; x_wconf 89' lang='lat' dir='ltr'><strong>pro</strong></span> <span class='ocrx_word' id='word_1_591' title='bbox 1398 3789 1506 3845; x_wconf 94' lang='lat' dir='ltr'><strong>quo</strong></span> <span class='ocrx_word' id='word_1_592' title='bbox 1535 3770 1778 3842; x_wconf 83' lang='lat' dir='ltr'><strong>despecti</strong></span> <span class='ocrx_word' id='word_1_593' title='bbox 1794 3777 1974 3826; x_wconf 91' lang='lat' dir='ltr'><strong>erant.</strong></span> 
     </span>
    </p>
   </div>
   <div class='ocr_carea' id='block_1_68' title="bbox 854 3925 1651 3989">
    <p class='ocr_par' dir='ltr' id='par_1_68' title="bbox 854 3925 1651 3989">
     <span class='ocr_line' id='line_1_68' title="bbox 854 3925 1651 3989; baseline -0.009 0"><span class='ocrx_word' id='word_1_594' title='bbox 854 3934 919 3989; x_wconf 78' lang='lat' dir='ltr'><strong>IN</strong></span> <span class='ocrx_word' id='word_1_595' title='bbox 960 3930 1289 3988; x_wconf 78' lang='lat' dir='ltr'><strong>PSALMUM</strong></span> <span class='ocrx_word' id='word_1_596' title='bbox 1323 3925 1651 3983; x_wconf 76' lang='lat' dir='ltr'><strong>LXXXVIII.</strong></span> 
     </span>
    </p>
   </div>
   <div class='ocr_carea' id='block_1_69' title="bbox 468 4002 2044 4107">
    <p class='ocr_par' dir='ltr' id='par_1_69' title="bbox 468 4002 2044 4107">
     <span class='ocr_line' id='line_1_69' title="bbox 468 4002 2044 4107; baseline -0.01 -2"><span class='ocrx_word' id='word_1_597' title='bbox 468 4050 734 4107; x_wconf 80' lang='lat' dir='ltr'><strong>Tt&#39;ruws.</strong></span> <span class='ocrx_word' id='word_1_598' title='bbox 774 4044 1080 4099; x_wconf 81' lang='lat' dir='ltr'><strong>Intellectus</strong></span> <span class='ocrx_word' id='word_1_599' title='bbox 1126 4041 1303 4096; x_wconf 81' lang='lat' dir='ltr'><strong>Ethan</strong></span> <span class='ocrx_word' id='word_1_600' title='bbox 1358 4002 1592 4093; x_wconf 52' lang='lat' dir='ltr'><strong>inuita:</strong></span> <span class='ocrx_word' id='word_1_601' title='bbox 1633 4036 1716 4092; x_wconf 86' lang='lat' dir='ltr'><strong>vel</strong></span> <span class='ocrx_word' id='word_1_602' title='bbox 1763 4034 2044 4091; x_wconf 67' lang='lat' dir='ltr'><strong>Israelitaz.</strong></span> 
     </span>
    </p>
   </div>
   <div class='ocr_carea' id='block_1_70' title="bbox 543 4148 2050 4213">
    <p class='ocr_par' dir='ltr' id='par_1_70' title="bbox 543 4148 2050 4213">
     <span class='ocr_line' id='line_1_70' title="bbox 543 4148 2050 4213; baseline -0.007 -2"><span class='ocrx_word' id='word_1_603' title='bbox 543 4180 562 4211; x_wconf 80' lang='grc' dir='ltr'>ι</span> <span class='ocrx_word' id='word_1_604' title='bbox 596 4155 996 4213; x_wconf 80' lang='lat' dir='ltr'><strong>Misericordias</strong></span> <span class='ocrx_word' id='word_1_605' title='bbox 1018 4152 1258 4207; x_wconf 88' lang='lat' dir='ltr'><strong>Domini.</strong></span> <span class='ocrx_word' id='word_1_606' title='bbox 1289 4172 1308 4204; x_wconf 74' lang='grc' dir='ltr'><strong><em>ι</em></strong></span> <span class='ocrx_word' id='word_1_607' title='bbox 1343 4150 1589 4205; x_wconf 89' lang='lat' dir='ltr'><strong>Psalmus</strong></span> <span class='ocrx_word' id='word_1_608' title='bbox 1616 4151 1719 4205; x_wconf 89' lang='lat' dir='ltr'><strong>iste</strong></span> <span class='ocrx_word' id='word_1_609' title='bbox 1744 4149 1945 4204; x_wconf 88' lang='lat' dir='ltr'><strong>dicitur</strong></span> <span class='ocrx_word' id='word_1_610' title='bbox 1968 4148 2050 4202; x_wconf 91' lang='lat' dir='ltr'><strong>in-</strong></span> 
     </span>
    </p>
   </div>
   <div class='ocr_carea' id='block_1_71' title="bbox 467 4240 2046 4315">
    <p class='ocr_par' dir='ltr' id='par_1_71' title="bbox 467 4240 2046 4315">
     <span class='ocr_line' id='line_1_71' title="bbox 467 4240 2046 4315; baseline -0.008 -10"><span class='ocrx_word' id='word_1_611' title='bbox 467 4249 735 4312; x_wconf 84' lang='lat' dir='ltr'><strong>tellectus,</strong></span> <span class='ocrx_word' id='word_1_612' title='bbox 753 4245 880 4315; x_wconf 84' lang='lat' dir='ltr'><strong>quia</strong></span> <span class='ocrx_word' id='word_1_613' title='bbox 902 4252 1168 4299; x_wconf 88' lang='lat' dir='ltr'><strong>secretam</strong></span> <span class='ocrx_word' id='word_1_614' title='bbox 1193 4257 1309 4297; x_wconf 87' lang='lat' dir='ltr'><strong>rem</strong></span> <span class='ocrx_word' id='word_1_615' title='bbox 1337 4241 1608 4305; x_wconf 84' lang='lat' dir='ltr'><strong>continet,</strong></span> <span class='ocrx_word' id='word_1_616' title='bbox 1644 4240 1855 4296; x_wconf 77' lang='lat' dir='ltr'><strong>scilicet</strong></span> <span class='ocrx_word' id='word_1_617' title='bbox 1877 4240 2046 4294; x_wconf 89' lang='lat' dir='ltr'><strong>Deum</strong></span> 
     </span>
    </p>
   </div>
   <div class='ocr_carea' id='block_1_72' title="bbox 468 4327 2047 4398">
    <p class='ocr_par' dir='ltr' id='par_1_72' title="bbox 468 4327 2047 4398">
     <span class='ocr_line' id='line_1_72' title="bbox 468 4327 2047 4398; baseline -0.008 -3"><span class='ocrx_word' id='word_1_618' title='bbox 468 4341 721 4395; x_wconf 88' lang='lat' dir='ltr'><strong>daturum</strong></span> <span class='ocrx_word' id='word_1_619' title='bbox 771 4334 1202 4392; x_wconf 87' lang='lat' dir='ltr'><strong>misericordiam</strong></span> <span class='ocrx_word' id='word_1_620' title='bbox 1248 4343 1312 4387; x_wconf 79' lang='lat' dir='ltr'><strong>et</strong></span> <span class='ocrx_word' id='word_1_621' title='bbox 1371 4331 1652 4388; x_wconf 80' lang='lat' dir='ltr'><strong>veritatem</strong></span> <span class='ocrx_word' id='word_1_622' title='bbox 1704 4345 1878 4395; x_wconf 90' lang='lat' dir='ltr'><strong>suam,</strong></span> <span class='ocrx_word' id='word_1_623' title='bbox 1903 4327 2047 4398; x_wconf 90' lang='lat' dir='ltr'><strong>quod</strong></span> 
     </span>
    </p>
   </div>
   <div class='ocr_carea' id='block_1_73' title="bbox 467 4418 2046 4493">
    <p class='ocr_par' dir='ltr' id='par_1_73' title="bbox 467 4418 2046 4493">
     <span class='ocr_line' id='line_1_73' title="bbox 467 4418 2046 4493; baseline -0.007 -10"><span class='ocrx_word' id='word_1_624' title='bbox 467 4436 596 4486; x_wconf 87' lang='lat' dir='ltr'><strong>ante</strong></span> <span class='ocrx_word' id='word_1_625' title='bbox 610 4428 901 4484; x_wconf 89' lang='lat' dir='ltr'><strong>adventum</strong></span> <span class='ocrx_word' id='word_1_626' title='bbox 927 4424 1129 4481; x_wconf 85' lang='lat' dir='ltr'><strong>Christi</strong></span> <span class='ocrx_word' id='word_1_627' title='bbox 1153 4423 1310 4478; x_wconf 90' lang='lat' dir='ltr'><strong>valde</strong></span> <span class='ocrx_word' id='word_1_628' title='bbox 1355 4431 1623 4478; x_wconf 87' lang='lat' dir='ltr'><strong>secretum</strong></span> <span class='ocrx_word' id='word_1_629' title='bbox 1661 4420 1796 4486; x_wconf 86' lang='lat' dir='ltr'><strong>fuit,</strong></span> <span class='ocrx_word' id='word_1_630' title='bbox 1820 4428 1879 4493; x_wconf 82' lang='lat' dir='ltr'><strong>et</strong></span> <span class='ocrx_word' id='word_1_631' title='bbox 1920 4418 2046 4489; x_wconf 76' lang='lat' dir='ltr'><strong>per-</strong></span> 
     </span>
    </p>
   </div>
   <div class='ocr_carea' id='block_1_74' title="bbox 469 4508 2044 4591">
    <p class='ocr_par' dir='ltr' id='par_1_74' title="bbox 469 4508 2044 4591">
     <span class='ocr_line' id='line_1_74' title="bbox 469 4508 2044 4591; baseline -0.008 -15"><span class='ocrx_word' id='word_1_632' title='bbox 469 4519 658 4591; x_wconf 87' lang='lat' dir='ltr'><strong>paucis</strong></span> <span class='ocrx_word' id='word_1_633' title='bbox 680 4516 956 4587; x_wconf 86' lang='lat' dir='ltr'><strong>cognitum</strong></span> <span class='ocrx_word' id='word_1_634' title='bbox 981 4535 994 4569; x_wconf 87' lang='lat'>:</span> <span class='ocrx_word' id='word_1_635' title='bbox 1016 4523 1072 4570; x_wconf 90' lang='lat' dir='ltr'><strong>et</strong></span> <span class='ocrx_word' id='word_1_636' title='bbox 1098 4529 1205 4569; x_wconf 93' lang='lat' dir='ltr'><strong>non</strong></span> <span class='ocrx_word' id='word_1_637' title='bbox 1231 4521 1314 4568; x_wconf 88' lang='lat' dir='ltr'><strong>est</strong></span> <span class='ocrx_word' id='word_1_638' title='bbox 1328 4512 1574 4583; x_wconf 79' lang='lat' dir='ltr'><strong>psalmus</strong></span> <span class='ocrx_word' id='word_1_639' title='bbox 1595 4512 1649 4566; x_wconf 87' lang='lat' dir='ltr'><strong>in</strong></span> <span class='ocrx_word' id='word_1_640' title='bbox 1681 4511 1798 4566; x_wconf 89' lang='lat' dir='ltr'><strong>solo</strong></span> <span class='ocrx_word' id='word_1_641' title='bbox 1826 4508 2044 4565; x_wconf 83' lang='lat' dir='ltr'><strong>litterali</strong></span> 
     </span>
    </p>
   </div>
   <div class='ocr_carea' id='block_1_75' title="bbox 468 4600 2046 4683">
    <p class='ocr_par' dir='ltr' id='par_1_75' title="bbox 468 4600 2046 4683">
     <span class='ocr_line' id='line_1_75' title="bbox 468 4600 2046 4683; baseline -0.01 -14"><span class='ocrx_word' id='word_1_642' title='bbox 468 4625 652 4673; x_wconf 79' lang='lat' dir='ltr'><strong>sensu,</strong></span> <span class='ocrx_word' id='word_1_643' title='bbox 680 4608 775 4664; x_wconf 91' lang='lat' dir='ltr'><strong>sed</strong></span> <span class='ocrx_word' id='word_1_644' title='bbox 799 4606 967 4662; x_wconf 85' lang='lat' dir='ltr'><strong>etiam</strong></span> <span class='ocrx_word' id='word_1_645' title='bbox 992 4605 1045 4659; x_wconf 92' lang='lat' dir='ltr'><strong>in</strong></span> <span class='ocrx_word' id='word_1_646' title='bbox 1073 4604 1362 4676; x_wconf 88' lang='lat' dir='ltr'><strong>allegorico</strong></span> <span class='ocrx_word' id='word_1_647' title='bbox 1394 4621 1407 4656; x_wconf 92' lang='lat'>:</span> <span class='ocrx_word' id='word_1_648' title='bbox 1436 4603 1528 4673; x_wconf 83' lang='lat' dir='ltr'><strong>qui</strong></span> <span class='ocrx_word' id='word_1_649' title='bbox 1564 4601 1869 4683; x_wconf 80' lang='lat' dir='ltr'><strong>intellectus</strong></span> <span class='ocrx_word' id='word_1_650' title='bbox 1913 4600 2046 4655; x_wconf 89' lang='lat' dir='ltr'><strong>dici-</strong></span> 
     </span>
    </p>
   </div>
   <div class='ocr_carea' id='block_1_76' title="bbox 362 4684 2045 4763">
    <p class='ocr_par' dir='ltr' id='par_1_76' title="bbox 362 4684 2045 4763">
     <span class='ocr_line' id='line_1_76' title="bbox 362 4684 2045 4763; baseline -0.005 -8"><span class='ocrx_word' id='word_1_651' title='bbox 362 4684 374 4696; x_wconf 79' lang='grc'><em>’</em></span> <span class='ocrx_word' id='word_1_652' title='bbox 469 4712 560 4755; x_wconf 89' lang='lat' dir='ltr'><strong>tur</strong></span> <span class='ocrx_word' id='word_1_653' title='bbox 586 4698 782 4763; x_wconf 86' lang='lat' dir='ltr'><strong>Ethan,</strong></span> <span class='ocrx_word' id='word_1_654' title='bbox 812 4696 863 4751; x_wconf 92' lang='lat' dir='ltr'><strong>id</strong></span> <span class='ocrx_word' id='word_1_655' title='bbox 893 4704 996 4761; x_wconf 89' lang='lat' dir='ltr'><strong>est,</strong></span> <span class='ocrx_word' id='word_1_656' title='bbox 1019 4693 1246 4762; x_wconf 83' lang='lat' dir='ltr'><strong>alicujus</strong></span> <span class='ocrx_word' id='word_1_657' title='bbox 1276 4693 1501 4757; x_wconf 81' lang='lat' dir='ltr'><strong>robusti,</strong></span> <span class='ocrx_word' id='word_1_658' title='bbox 1530 4693 1693 4747; x_wconf 85' lang='lat' dir='ltr'><strong>veluti</strong></span> <span class='ocrx_word' id='word_1_659' title='bbox 1724 4690 1892 4746; x_wconf 89' lang='lat' dir='ltr'><strong>David</strong></span> <span class='ocrx_word' id='word_1_660' title='bbox 1914 4690 2045 4746; x_wconf 92' lang='lat' dir='ltr'><strong>Pro-</strong></span> 
     </span>
    </p>
   </div>
   <div class='ocr_carea' id='block_1_77' title="bbox 466 4782 2047 4862">
    <p class='ocr_par' dir='ltr' id='par_1_77' title="bbox 466 4782 2047 4862">
     <span class='ocr_line' id='line_1_77' title="bbox 466 4782 2047 4862; baseline -0.005 -17"><span class='ocrx_word' id='word_1_661' title='bbox 466 4791 646 4862; x_wconf 64' lang='lat' dir='ltr'><strong>pheta:</strong></span> <span class='ocrx_word' id='word_1_662' title='bbox 674 4811 688 4845; x_wconf 83' lang='lat'><strong>;</strong></span> <span class='ocrx_word' id='word_1_663' title='bbox 729 4788 856 4860; x_wconf 90' lang='lat' dir='ltr'><strong>quia</strong></span> <span class='ocrx_word' id='word_1_664' title='bbox 893 4798 950 4842; x_wconf 90' lang='lat' dir='ltr'><strong>et</strong></span> <span class='ocrx_word' id='word_1_665' title='bbox 982 4787 1096 4858; x_wconf 86' lang='lat' dir='ltr'><strong>ipse</strong></span> <span class='ocrx_word' id='word_1_666' title='bbox 1118 4785 1409 4856; x_wconf 76' lang='lat' dir='ltr'><strong>Propheta,</strong></span> <span class='ocrx_word' id='word_1_667' title='bbox 1438 4795 1492 4840; x_wconf 90' lang='lat' dir='ltr'><strong>et</strong></span> <span class='ocrx_word' id='word_1_668' title='bbox 1531 4785 1839 4854; x_wconf 90' lang='lat' dir='ltr'><strong>quicunque</strong></span> <span class='ocrx_word' id='word_1_669' title='bbox 1881 4782 2047 4837; x_wconf 82' lang='lat' dir='ltr'><strong>habet</strong></span> 
     </span>
    </p>
   </div>
   <div class='ocr_carea' id='block_1_78' title="bbox 467 4875 2046 4949">
    <p class='ocr_par' dir='ltr' id='par_1_78' title="bbox 467 4875 2046 4949">
     <span class='ocr_line' id='line_1_78' title="bbox 467 4875 2046 4949; baseline -0.006 -12"><span class='ocrx_word' id='word_1_670' title='bbox 467 4880 798 4938; x_wconf 81' lang='lat' dir='ltr'><strong>intellectum</strong></span> <span class='ocrx_word' id='word_1_671' title='bbox 823 4877 982 4948; x_wconf 90' lang='lat' dir='ltr'><strong>hujus</strong></span> <span class='ocrx_word' id='word_1_672' title='bbox 1007 4878 1223 4949; x_wconf 88' lang='lat' dir='ltr'><strong>psalmi,</strong></span> <span class='ocrx_word' id='word_1_673' title='bbox 1253 4877 1486 4932; x_wconf 83' lang='lat' dir='ltr'><strong>maxime</strong></span> <span class='ocrx_word' id='word_1_674' title='bbox 1514 4875 1899 4931; x_wconf 86' lang='lat' dir='ltr'><strong>corroboratur</strong></span> <span class='ocrx_word' id='word_1_675' title='bbox 1918 4889 2046 4929; x_wconf 87' lang='lat' dir='ltr'><strong>con-</strong></span> 
     </span>
    </p>
   </div>
   <div class='ocr_carea' id='block_1_79' title="bbox 469 4964 2047 5027">
    <p class='ocr_par' dir='ltr' id='par_1_79' title="bbox 469 4964 2047 5027">
     <span class='ocr_line' id='line_1_79' title="bbox 469 4964 2047 5027; baseline -0.005 0"><span class='ocrx_word' id='word_1_676' title='bbox 469 4983 555 5027; x_wconf 87' lang='lat' dir='ltr'><strong>tra</strong></span> <span class='ocrx_word' id='word_1_677' title='bbox 591 4968 868 5026; x_wconf 84' lang='lat' dir='ltr'><strong>diabolum</strong></span> <span class='ocrx_word' id='word_1_678' title='bbox 898 4982 953 5022; x_wconf 85' lang='lat' dir='ltr'><strong>et</strong></span> <span class='ocrx_word' id='word_1_679' title='bbox 980 4968 1033 5022; x_wconf 93' lang='lat' dir='ltr'><strong>in</strong></span> <span class='ocrx_word' id='word_1_680' title='bbox 1060 4967 1155 5022; x_wconf 86' lang='lat' dir='ltr'><strong>Dei</strong></span> <span class='ocrx_word' id='word_1_681' title='bbox 1184 4967 1342 5023; x_wconf 87' lang='lat' dir='ltr'><strong>laude</strong></span> <span class='ocrx_word' id='word_1_682' title='bbox 1385 4965 1652 5021; x_wconf 90' lang='lat' dir='ltr'><strong>consistit.</strong></span> <span class='ocrx_word' id='word_1_683' title='bbox 1707 4965 1881 5019; x_wconf 83' lang='lat' dir='ltr'><strong>Ethan</strong></span> <span class='ocrx_word' id='word_1_684' title='bbox 1926 4964 2047 5019; x_wconf 90' lang='lat' dir='ltr'><strong>dico</strong></span> 
     </span>
    </p>
   </div>
   <div class='ocr_carea' id='block_1_80' title="bbox 466 5057 2050 5128">
    <p class='ocr_par' dir='ltr' id='par_1_80' title="bbox 466 5057 2050 5128">
     <span class='ocr_line' id='line_1_80' title="bbox 466 5057 2050 5128; baseline -0.003 -10"><span class='ocrx_word' id='word_1_685' title='bbox 466 5061 746 5128; x_wconf 57' lang='lat' dir='ltr'><strong>Israelita,</strong></span> <span class='ocrx_word' id='word_1_686' title='bbox 776 5074 880 5117; x_wconf 89' lang='lat' dir='ltr'><strong>non</strong></span> <span class='ocrx_word' id='word_1_687' title='bbox 940 5061 1146 5116; x_wconf 89' lang='lat' dir='ltr'><strong>robusti</strong></span> <span class='ocrx_word' id='word_1_688' title='bbox 1200 5060 1255 5114; x_wconf 91' lang='lat' dir='ltr'><strong>in</strong></span> <span class='ocrx_word' id='word_1_689' title='bbox 1314 5059 1476 5125; x_wconf 88' lang='lat' dir='ltr'><strong>malo,</strong></span> <span class='ocrx_word' id='word_1_690' title='bbox 1524 5059 1621 5115; x_wconf 89' lang='lat' dir='ltr'><strong>sed</strong></span> <span class='ocrx_word' id='word_1_691' title='bbox 1665 5058 1765 5112; x_wconf 91' lang='lat' dir='ltr'><strong>viri</strong></span> <span class='ocrx_word' id='word_1_692' title='bbox 1816 5057 2050 5113; x_wconf 88' lang='lat' dir='ltr'><strong>videntis</strong></span> 
     </span>
    </p>
   </div>
   <div class='ocr_carea' id='block_1_81' title="bbox 470 5149 2049 5223">
    <p class='ocr_par' dir='ltr' id='par_1_81' title="bbox 470 5149 2049 5223">
     <span class='ocr_line' id='line_1_81' title="bbox 470 5149 2049 5223; baseline -0.003 -14"><span class='ocrx_word' id='word_1_693' title='bbox 470 5157 676 5219; x_wconf 87' lang='lat' dir='ltr'><strong>Deum;</strong></span> <span class='ocrx_word' id='word_1_694' title='bbox 716 5154 799 5209; x_wconf 89' lang='lat' dir='ltr'><strong>vel</strong></span> <span class='ocrx_word' id='word_1_695' title='bbox 828 5153 1088 5218; x_wconf 67' lang='lat' dir='ltr'><strong>Ezraitae,</strong></span> <span class='ocrx_word' id='word_1_696' title='bbox 1120 5152 1173 5206; x_wconf 88' lang='lat' dir='ltr'><strong>id</strong></span> <span class='ocrx_word' id='word_1_697' title='bbox 1202 5161 1307 5215; x_wconf 89' lang='lat' dir='ltr'><strong>est,</strong></span> <span class='ocrx_word' id='word_1_698' title='bbox 1351 5152 1570 5207; x_wconf 63' lang='lat' dir='ltr'><strong>advenae</strong></span> <span class='ocrx_word' id='word_1_699' title='bbox 1610 5160 1667 5208; x_wconf 91' lang='lat' dir='ltr'><strong>et</strong></span> <span class='ocrx_word' id='word_1_700' title='bbox 1694 5150 1964 5223; x_wconf 86' lang='lat' dir='ltr'><strong>peregrini</strong></span> <span class='ocrx_word' id='word_1_701' title='bbox 1995 5149 2049 5205; x_wconf 93' lang='lat' dir='ltr'><strong>in</strong></span> 
     </span>
    </p>
   </div>
   <div class='ocr_carea' id='block_1_82' title="bbox 472 5241 2047 5300">
    <p class='ocr_par' dir='ltr' id='par_1_82' title="bbox 472 5241 2047 5300">
     <span class='ocr_line' id='line_1_82' title="bbox 472 5241 2047 5300; baseline -0.003 -1"><span class='ocrx_word' id='word_1_702' title='bbox 472 5247 575 5299; x_wconf 88' lang='lat' dir='ltr'><strong>hoc</strong></span> <span class='ocrx_word' id='word_1_703' title='bbox 600 5243 823 5300; x_wconf 89' lang='lat' dir='ltr'><strong>mundo.</strong></span> <span class='ocrx_word' id='word_1_704' title='bbox 855 5242 1220 5300; x_wconf 79' lang='lat' dir='ltr'><strong>Misericordia</strong></span> <span class='ocrx_word' id='word_1_705' title='bbox 1248 5241 1340 5296; x_wconf 89' lang='lat' dir='ltr'><strong>Dei</strong></span> <span class='ocrx_word' id='word_1_706' title='bbox 1365 5249 1420 5295; x_wconf 88' lang='lat' dir='ltr'><strong>et</strong></span> <span class='ocrx_word' id='word_1_707' title='bbox 1449 5243 1651 5296; x_wconf 86' lang='lat' dir='ltr'><strong>veritas</strong></span> <span class='ocrx_word' id='word_1_708' title='bbox 1691 5249 1777 5297; x_wconf 90' lang='lat' dir='ltr'><strong>est</strong></span> <span class='ocrx_word' id='word_1_709' title='bbox 1802 5241 2047 5296; x_wconf 88' lang='lat' dir='ltr'><strong>materia.</strong></span> 
     </span>
    </p>
   </div>
   <div class='ocr_carea' id='block_1_83' title="bbox 472 5331 2053 5404">
    <p class='ocr_par' dir='ltr' id='par_1_83' title="bbox 472 5331 2053 5404">
     <span class='ocr_line' id='line_1_83' title="bbox 472 5331 2053 5404; baseline 0 -17"><span class='ocrx_word' id='word_1_710' title='bbox 472 5332 705 5390; x_wconf 78' lang='lat' dir='ltr'><strong>Modus:</strong></span> <span class='ocrx_word' id='word_1_711' title='bbox 738 5334 796 5388; x_wconf 88' lang='lat' dir='ltr'><strong>In</strong></span> <span class='ocrx_word' id='word_1_712' title='bbox 832 5334 1007 5404; x_wconf 88' lang='lat' dir='ltr'><strong>prima</strong></span> <span class='ocrx_word' id='word_1_713' title='bbox 1050 5341 1235 5403; x_wconf 88' lang='lat' dir='ltr'><strong>parte,</strong></span> <span class='ocrx_word' id='word_1_714' title='bbox 1263 5331 1503 5387; x_wconf 88' lang='lat' dir='ltr'><strong>ostendit</strong></span> <span class='ocrx_word' id='word_1_715' title='bbox 1550 5347 1610 5387; x_wconf 88' lang='lat' dir='ltr'><strong>se</strong></span> <span class='ocrx_word' id='word_1_716' title='bbox 1665 5332 1938 5387; x_wconf 87' lang='lat' dir='ltr'><strong>dicturum</strong></span> <span class='ocrx_word' id='word_1_717' title='bbox 1986 5332 2053 5387; x_wconf 91' lang='lat' dir='ltr'><strong>de</strong></span> 
     </span>
    </p>
   </div>
   <div class='ocr_carea' id='block_1_84' title="bbox 475 5427 2050 5496">
    <p class='ocr_par' dir='ltr' id='par_1_84' title="bbox 475 5427 2050 5496">
     <span class='ocr_line' id='line_1_84' title="bbox 475 5427 2050 5496; baseline 0.001 -16"><span class='ocrx_word' id='word_1_718' title='bbox 475 5427 846 5483; x_wconf 85' lang='lat' dir='ltr'><strong>misericordia</strong></span> <span class='ocrx_word' id='word_1_719' title='bbox 876 5436 930 5482; x_wconf 87' lang='lat' dir='ltr'><strong>et</strong></span> <span class='ocrx_word' id='word_1_720' title='bbox 964 5429 1214 5490; x_wconf 87' lang='lat' dir='ltr'><strong>veritate,</strong></span> <span class='ocrx_word' id='word_1_721' title='bbox 1243 5435 1297 5481; x_wconf 88' lang='lat' dir='ltr'><strong>et</strong></span> <span class='ocrx_word' id='word_1_722' title='bbox 1325 5442 1389 5482; x_wconf 90' lang='lat' dir='ltr'><strong>ea</strong></span> <span class='ocrx_word' id='word_1_723' title='bbox 1423 5442 1542 5496; x_wconf 83' lang='lat' dir='ltr'><strong>quae</strong></span> <span class='ocrx_word' id='word_1_724' title='bbox 1581 5427 1724 5481; x_wconf 90' lang='lat' dir='ltr'><strong>dicet</strong></span> <span class='ocrx_word' id='word_1_725' title='bbox 1761 5441 1821 5481; x_wconf 85' lang='lat' dir='ltr'><strong>se</strong></span> <span class='ocrx_word' id='word_1_726' title='bbox 1854 5440 2050 5496; x_wconf 83' lang='lat' dir='ltr'><strong>cogno-</strong></span> 
     </span>
    </p>
   </div>
   <div class='ocr_carea' id='block_1_85' title="bbox 473 5515 2049 5587">
    <p class='ocr_par' dir='ltr' id='par_1_85' title="bbox 473 5515 2049 5587">
     <span class='ocr_line' id='line_1_85' title="bbox 473 5515 2049 5587; baseline 0.003 -21"><span class='ocrx_word' id='word_1_727' title='bbox 473 5516 615 5571; x_wconf 69' lang='lat' dir='ltr'><strong>visse</strong></span> <span class='ocrx_word' id='word_1_728' title='bbox 637 5515 749 5573; x_wconf 86' lang='lat' dir='ltr'><strong>Deo</strong></span> <span class='ocrx_word' id='word_1_729' title='bbox 770 5518 1018 5575; x_wconf 88' lang='lat' dir='ltr'><strong>docente.</strong></span> <span class='ocrx_word' id='word_1_730' title='bbox 1066 5516 1120 5571; x_wconf 93' lang='lat' dir='ltr'><strong>ln</strong></span> <span class='ocrx_word' id='word_1_731' title='bbox 1161 5516 1395 5572; x_wconf 88' lang='lat' dir='ltr'><strong>secunda</strong></span> <span class='ocrx_word' id='word_1_732' title='bbox 1431 5525 1616 5587; x_wconf 88' lang='lat' dir='ltr'><strong>parte,</strong></span> <span class='ocrx_word' id='word_1_733' title='bbox 1667 5531 1787 5587; x_wconf 67' lang='lat' dir='ltr'><strong>quia</strong></span> <span class='ocrx_word' id='word_1_734' title='bbox 1816 5516 2005 5586; x_wconf 89' lang='lat' dir='ltr'><strong>incipit</strong></span> <span class='ocrx_word' id='word_1_735' title='bbox 2035 5535 2049 5571; x_wconf 92' lang='lat'><strong>:</strong></span> 
     </span>
    </p>
   </div>
   <div class='ocr_carea' id='block_1_86' title="bbox 483 5602 2054 5677">
    <p class='ocr_par' dir='ltr' id='par_1_86' title="bbox 483 5602 2054 5677">
     <span class='ocr_line' id='line_1_86' title="bbox 483 5602 2054 5677; baseline 0.005 -22"><span class='ocrx_word' id='word_1_736' title='bbox 483 5624 501 5655; x_wconf 77' lang='grc' dir='ltr'>ι</span> <span class='ocrx_word' id='word_1_737' title='bbox 534 5602 944 5663; x_wconf 81' lang='lat' dir='ltr'><strong>Conlitebuutur</strong></span> <span class='ocrx_word' id='word_1_738' title='bbox 972 5608 1117 5673; x_wconf 74' lang='lat' dir='ltr'><strong>cmli,</strong></span> <span class='ocrx_word' id='word_1_739' title='bbox 1155 5627 1174 5659; x_wconf 74' lang='grc' dir='ltr'><strong><em>ι</em></strong></span> <span class='ocrx_word' id='word_1_740' title='bbox 1213 5607 1449 5663; x_wconf 90' lang='lat' dir='ltr'><strong>ostendit</strong></span> <span class='ocrx_word' id='word_1_741' title='bbox 1481 5608 1705 5662; x_wconf 88' lang='lat' dir='ltr'><strong>multam</strong></span> <span class='ocrx_word' id='word_1_742' title='bbox 1740 5607 1835 5663; x_wconf 89' lang='lat' dir='ltr'><strong>Dei</strong></span> <span class='ocrx_word' id='word_1_743' title='bbox 1866 5619 2054 5677; x_wconf 78' lang='lat' dir='ltr'><strong>poten-</strong></span> 
     </span>
    </p>
   </div>
   <div class='ocr_carea' id='block_1_87' title="bbox 478 5699 2050 5773">
    <p class='ocr_par' dir='ltr' id='par_1_87' title="bbox 478 5699 2050 5773">
     <span class='ocr_line' id='line_1_87' title="bbox 478 5699 2050 5773; baseline 0.001 -19"><span class='ocrx_word' id='word_1_744' title='bbox 478 5699 627 5754; x_wconf 83' lang='lat' dir='ltr'><strong>tiam.</strong></span> <span class='ocrx_word' id='word_1_745' title='bbox 650 5699 709 5755; x_wconf 88' lang='lat' dir='ltr'><strong>in</strong></span> <span class='ocrx_word' id='word_1_746' title='bbox 732 5703 888 5756; x_wconf 87' lang='lat' dir='ltr'><strong>tertia</strong></span> <span class='ocrx_word' id='word_1_747' title='bbox 915 5715 1092 5773; x_wconf 85' lang='lat' dir='ltr'><strong>parte,</strong></span> <span class='ocrx_word' id='word_1_748' title='bbox 1119 5717 1238 5772; x_wconf 72' lang='lat' dir='ltr'><strong>quae</strong></span> <span class='ocrx_word' id='word_1_749' title='bbox 1276 5703 1499 5772; x_wconf 89' lang='lat' dir='ltr'><strong>incipit:</strong></span> <span class='ocrx_word' id='word_1_750' title='bbox 1535 5722 1553 5754; x_wconf 89' lang='grc'><strong><em>‹</em></strong></span> <span class='ocrx_word' id='word_1_751' title='bbox 1589 5703 1741 5758; x_wconf 85' lang='lat' dir='ltr'><strong>Tunc</strong></span> <span class='ocrx_word' id='word_1_752' title='bbox 1769 5702 2001 5769; x_wconf 90' lang='lat' dir='ltr'><strong>locutus,</strong></span> <span class='ocrx_word' id='word_1_753' title='bbox 2031 5722 2050 5756; x_wconf 74' lang='grc' dir='ltr'><strong><em>ι</em></strong></span> 
     </span>
    </p>
   </div>
   <div class='ocr_carea' id='block_1_88' title="bbox 478 5791 2051 5873">
    <p class='ocr_par' dir='ltr' id='par_1_88' title="bbox 478 5791 2051 5873">
     <span class='ocr_line' id='line_1_88' title="bbox 478 5791 2051 5873; baseline 0.003 -28"><span class='ocrx_word' id='word_1_754' title='bbox 478 5791 714 5873; x_wconf 81' lang='lat' dir='ltr'><strong>ostendit</strong></span> <span class='ocrx_word' id='word_1_755' title='bbox 742 5792 938 5849; x_wconf 87' lang='lat' dir='ltr'><strong>multas</strong></span> <span class='ocrx_word' id='word_1_756' title='bbox 963 5793 1346 5864; x_wconf 74' lang='lat' dir='ltr'><strong>promissioues</strong></span> <span class='ocrx_word' id='word_1_757' title='bbox 1381 5794 1484 5849; x_wconf 90' lang='lat' dir='ltr'><strong>Dei</strong></span> <span class='ocrx_word' id='word_1_758' title='bbox 1519 5794 1584 5848; x_wconf 85' lang='lat' dir='ltr'><strong>ad</strong></span> <span class='ocrx_word' id='word_1_759' title='bbox 1632 5792 1828 5848; x_wconf 81' lang='lat' dir='ltr'><strong>Filium</strong></span> <span class='ocrx_word' id='word_1_760' title='bbox 1872 5809 2051 5849; x_wconf 91' lang='lat' dir='ltr'><strong>suum.</strong></span> 
     </span>
    </p>
   </div>
   <div class='ocr_carea' id='block_1_89' title="bbox 2136 3325 3721 3396">
    <p class='ocr_par' dir='ltr' id='par_1_89' title="bbox 2136 3325 3721 3396">
     <span class='ocr_line' id='line_1_89' title="bbox 2136 3325 3721 3396; baseline -0.006 -9"><span class='ocrx_word' id='word_1_761' title='bbox 2136 3336 2278 3387; x_wconf 62' lang='lat' dir='ltr'><strong>&quot;num</strong></span> <span class='ocrx_word' id='word_1_762' title='bbox 2309 3328 2678 3386; x_wconf 88' lang='lat' dir='ltr'><strong>misericordia</strong></span> <span class='ocrx_word' id='word_1_763' title='bbox 2720 3327 3094 3391; x_wconf 66' lang='lat' dir='ltr'><strong>aadillcabitur,</strong></span> <span class='ocrx_word' id='word_1_764' title='bbox 3126 3346 3146 3379; x_wconf 75' lang='grc' dir='ltr'><strong><em>ι</em></strong></span> <span class='ocrx_word' id='word_1_765' title='bbox 3187 3325 3403 3383; x_wconf 83' lang='lat' dir='ltr'><strong>scilicet</strong></span> <span class='ocrx_word' id='word_1_766' title='bbox 3445 3335 3721 3396; x_wconf 82' lang='lat' dir='ltr'><strong>postquam</strong></span> 
     </span>
    </p>
   </div>
   <div class='ocr_carea' id='block_1_90' title="bbox 2136 3414 3714 3494">
    <p class='ocr_par' dir='ltr' id='par_1_90' title="bbox 2136 3414 3714 3494">
     <span class='ocr_line' id='line_1_90' title="bbox 2136 3414 3714 3494; baseline -0.009 -15"><span class='ocrx_word' id='word_1_767' title='bbox 2136 3418 2369 3494; x_wconf 79' lang='lat' dir='ltr'><strong>peccata</strong></span> <span class='ocrx_word' id='word_1_768' title='bbox 2392 3428 2555 3477; x_wconf 91' lang='lat' dir='ltr'><strong>erunt</strong></span> <span class='ocrx_word' id='word_1_769' title='bbox 2593 3419 2843 3483; x_wconf 89' lang='lat' dir='ltr'><strong>dimissa,</strong></span> <span class='ocrx_word' id='word_1_770' title='bbox 2875 3426 3122 3474; x_wconf 88' lang='lat' dir='ltr'><strong>crescent</strong></span> <span class='ocrx_word' id='word_1_771' title='bbox 3146 3417 3327 3472; x_wconf 84' lang='lat' dir='ltr'><strong>multa</strong></span> <span class='ocrx_word' id='word_1_772' title='bbox 3374 3417 3518 3472; x_wconf 84' lang='lat' dir='ltr'><strong>dona</strong></span> <span class='ocrx_word' id='word_1_773' title='bbox 3564 3414 3714 3483; x_wconf 83' lang='lat' dir='ltr'><strong>spiri-</strong></span> 
     </span>
    </p>
   </div>
   <div class='ocr_carea' id='block_1_91' title="bbox 2147 3499 3720 3581">
    <p class='ocr_par' dir='ltr' id='par_1_91' title="bbox 2147 3499 3720 3581">
     <span class='ocr_line' id='line_1_91' title="bbox 2147 3499 3720 3581; baseline -0.004 -14"><span class='ocrx_word' id='word_1_774' title='bbox 2147 3511 2312 3568; x_wconf 87' lang='lat' dir='ltr'><strong>tualia</strong></span> <span class='ocrx_word' id='word_1_775' title='bbox 2338 3529 2350 3565; x_wconf 91' lang='lat'>:</span> <span class='ocrx_word' id='word_1_776' title='bbox 2382 3499 2739 3566; x_wconf 65' lang='lat' dir='ltr'><strong>aadiiicabitur</strong></span> <span class='ocrx_word' id='word_1_777' title='bbox 2764 3511 2906 3574; x_wconf 82' lang='lat' dir='ltr'><strong>dico,</strong></span> <span class='ocrx_word' id='word_1_778' title='bbox 2930 3524 3036 3565; x_wconf 90' lang='lat' dir='ltr'><strong>non</strong></span> <span class='ocrx_word' id='word_1_779' title='bbox 3060 3510 3114 3564; x_wconf 90' lang='lat' dir='ltr'><strong>in</strong></span> <span class='ocrx_word' id='word_1_780' title='bbox 3147 3508 3324 3581; x_wconf 82' lang='lat' dir='ltr'><strong>malis,</strong></span> <span class='ocrx_word' id='word_1_781' title='bbox 3350 3509 3451 3563; x_wconf 89' lang='lat' dir='ltr'><strong>sed</strong></span> <span class='ocrx_word' id='word_1_782' title='bbox 3486 3527 3505 3558; x_wconf 80' lang='grc' dir='ltr'>ι</span> <span class='ocrx_word' id='word_1_783' title='bbox 3540 3508 3593 3561; x_wconf 85' lang='lat' dir='ltr'><strong>in</strong></span> <span class='ocrx_word' id='word_1_784' title='bbox 3615 3519 3720 3560; x_wconf 77' lang='lat' dir='ltr'><strong>cte-</strong></span> 
     </span>
    </p>
   </div>
   <div class='ocr_carea' id='block_1_92' title="bbox 2146 3599 3721 3670">
    <p class='ocr_par' dir='ltr' id='par_1_92' title="bbox 2146 3599 3721 3670">
     <span class='ocr_line' id='line_1_92' title="bbox 2146 3599 3721 3670; baseline -0.006 -12"><span class='ocrx_word' id='word_1_785' title='bbox 2146 3604 2232 3668; x_wconf 90' lang='lat' dir='ltr'><strong>lis,</strong></span> <span class='ocrx_word' id='word_1_786' title='bbox 2246 3622 2265 3655; x_wconf 77' lang='grc' dir='ltr'><strong><em>ι</em></strong></span> <span class='ocrx_word' id='word_1_787' title='bbox 2294 3602 2348 3658; x_wconf 91' lang='lat' dir='ltr'><strong>id</strong></span> <span class='ocrx_word' id='word_1_788' title='bbox 2367 3610 2469 3667; x_wconf 89' lang='lat' dir='ltr'><strong>est,</strong></span> <span class='ocrx_word' id='word_1_789' title='bbox 2484 3604 2539 3659; x_wconf 93' lang='lat' dir='ltr'><strong>in</strong></span> <span class='ocrx_word' id='word_1_790' title='bbox 2560 3600 2843 3657; x_wconf 83' lang='lat' dir='ltr'><strong>altioribus</strong></span> <span class='ocrx_word' id='word_1_791' title='bbox 2862 3602 3085 3666; x_wconf 83' lang='lat' dir='ltr'><strong>sanctis,</strong></span> <span class='ocrx_word' id='word_1_792' title='bbox 3100 3599 3191 3670; x_wconf 83' lang='lat' dir='ltr'><strong>qui</strong></span> <span class='ocrx_word' id='word_1_793' title='bbox 3217 3599 3500 3655; x_wconf 77' lang='lat' dir='ltr'><strong>continent</strong></span> <span class='ocrx_word' id='word_1_794' title='bbox 3517 3603 3721 3651; x_wconf 78' lang='lat' dir='ltr'><strong>secreta</strong></span> 
     </span>
    </p>
   </div>
   <div class='ocr_carea' id='block_1_93' title="bbox 2147 3690 3723 3767">
    <p class='ocr_par' dir='ltr' id='par_1_93' title="bbox 2147 3690 3723 3767">
     <span class='ocr_line' id='line_1_93' title="bbox 2147 3690 3723 3767; baseline -0.008 -15"><span class='ocrx_word' id='word_1_795' title='bbox 2147 3696 2265 3764; x_wconf 88' lang='lat' dir='ltr'><strong>Dei,</strong></span> <span class='ocrx_word' id='word_1_796' title='bbox 2289 3696 2455 3752; x_wconf 87' lang='lat' dir='ltr'><strong>veluti</strong></span> <span class='ocrx_word' id='word_1_797' title='bbox 2483 3696 2616 3767; x_wconf 86' lang='lat' dir='ltr'><strong>ipsis</strong></span> <span class='ocrx_word' id='word_1_798' title='bbox 2638 3693 2938 3765; x_wconf 22' lang='lat' dir='ltr'><strong>,Apostolis,</strong></span> <span class='ocrx_word' id='word_1_799' title='bbox 2973 3711 2993 3744; x_wconf 72' lang='grc' dir='ltr'>ι</span> <span class='ocrx_word' id='word_1_800' title='bbox 3026 3701 3081 3748; x_wconf 89' lang='lat' dir='ltr'><strong>et</strong></span> <span class='ocrx_word' id='word_1_801' title='bbox 3116 3692 3316 3747; x_wconf 86' lang='lat' dir='ltr'><strong>veritas</strong></span> <span class='ocrx_word' id='word_1_802' title='bbox 3336 3698 3456 3755; x_wconf 81' lang='lat' dir='ltr'><strong>tua,</strong></span> <span class='ocrx_word' id='word_1_803' title='bbox 3492 3710 3511 3740; x_wconf 72' lang='grc' dir='ltr'>δ</span> <span class='ocrx_word' id='word_1_804' title='bbox 3541 3690 3597 3743; x_wconf 89' lang='lat' dir='ltr'><strong>id</strong></span> <span class='ocrx_word' id='word_1_805' title='bbox 3622 3698 3723 3751; x_wconf 82' lang='lat' dir='ltr'><strong>est,</strong></span> 
     </span>
    </p>
   </div>
   <div class='ocr_carea' id='block_1_94' title="bbox 2147 3778 3729 3859">
    <p class='ocr_par' dir='ltr' id='par_1_94' title="bbox 2147 3778 3729 3859">
     <span class='ocr_line' id='line_1_94' title="bbox 2147 3778 3729 3859; baseline -0.009 -14"><span class='ocrx_word' id='word_1_806' title='bbox 2147 3788 2337 3845; x_wconf 89' lang='lat' dir='ltr'><strong>eadem</strong></span> <span class='ocrx_word' id='word_1_807' title='bbox 2363 3790 2504 3845; x_wconf 91' lang='lat' dir='ltr'><strong>dona</strong></span> <span class='ocrx_word' id='word_1_808' title='bbox 2528 3786 2850 3859; x_wconf 80' lang='lat' dir='ltr'><strong>spiritualia,</strong></span> <span class='ocrx_word' id='word_1_809' title='bbox 2882 3803 2901 3837; x_wconf 76' lang='grc' dir='ltr'>ι</span> <span class='ocrx_word' id='word_1_810' title='bbox 2930 3782 3324 3856; x_wconf 66' lang='lat' dir='ltr'><strong>praiparabitur</strong></span> <span class='ocrx_word' id='word_1_811' title='bbox 3343 3782 3393 3836; x_wconf 86' lang='lat' dir='ltr'><strong>in</strong></span> <span class='ocrx_word' id='word_1_812' title='bbox 3413 3780 3512 3844; x_wconf 89' lang='lat' dir='ltr'><strong>eis,</strong></span> <span class='ocrx_word' id='word_1_813' title='bbox 3541 3799 3563 3831; x_wconf 76' lang='grc' dir='ltr'><strong><em>ι</em></strong></span> <span class='ocrx_word' id='word_1_814' title='bbox 3596 3778 3729 3847; x_wconf 84' lang='lat' dir='ltr'><strong>quia</strong></span> 
     </span>
    </p>
   </div>
   <div class='ocr_carea' id='block_1_95' title="bbox 2144 3877 3268 3952">
    <p class='ocr_par' dir='ltr' id='par_1_95' title="bbox 2144 3877 3268 3952">
     <span class='ocr_line' id='line_1_95' title="bbox 2144 3877 3268 3952; baseline -0.008 -16"><span class='ocrx_word' id='word_1_815' title='bbox 2144 3896 2246 3952; x_wconf 88' lang='lat' dir='ltr'><strong>per</strong></span> <span class='ocrx_word' id='word_1_816' title='bbox 2268 3896 2363 3936; x_wconf 89' lang='lat' dir='ltr'><strong>eos</strong></span> <span class='ocrx_word' id='word_1_817' title='bbox 2387 3878 2678 3935; x_wconf 86' lang='lat' dir='ltr'><strong>descendet</strong></span> <span class='ocrx_word' id='word_1_818' title='bbox 2704 3877 2762 3933; x_wconf 89' lang='lat' dir='ltr'><strong>in</strong></span> <span class='ocrx_word' id='word_1_819' title='bbox 2792 3877 2949 3932; x_wconf 69' lang='lat' dir='ltr'><strong>alius.</strong></span> <span class='ocrx_word' id='word_1_820' title='bbox 3264 3934 3268 3938; x_wconf 44' lang='grc'><em>,</em></span> 
     </span>
    </p>
   </div>
   <div class='ocr_carea' id='block_1_96' title="bbox 2216 3957 3730 4040">
    <p class='ocr_par' dir='ltr' id='par_1_96' title="bbox 2216 3957 3730 4040">
     <span class='ocr_line' id='line_1_96' title="bbox 2216 3957 3730 4040; baseline -0.008 -18"><span class='ocrx_word' id='word_1_821' title='bbox 2216 3976 2241 4022; x_wconf 78' lang='grc' dir='ltr'><strong>“ι</strong></span> <span class='ocrx_word' id='word_1_822' title='bbox 2277 3970 2546 4040; x_wconf 87' lang='lat' dir='ltr'><strong>Disposui.</strong></span> <span class='ocrx_word' id='word_1_823' title='bbox 2581 3988 2601 4023; x_wconf 72' lang='grc' dir='ltr'><strong>ι</strong></span> <span class='ocrx_word' id='word_1_824' title='bbox 2630 3967 2824 4023; x_wconf 81' lang='lat' dir='ltr'><strong>Dixisti</strong></span> <span class='ocrx_word' id='word_1_825' title='bbox 2853 3966 2933 4022; x_wconf 91' lang='lat' dir='ltr'><strong>sic</strong></span> <span class='ocrx_word' id='word_1_826' title='bbox 2957 3965 3142 4021; x_wconf 89' lang='lat' dir='ltr'><strong>dicens</strong></span> <span class='ocrx_word' id='word_1_827' title='bbox 3168 3982 3181 4018; x_wconf 89' lang='lat'>:</span> <span class='ocrx_word' id='word_1_828' title='bbox 3222 3982 3241 4014; x_wconf 76' lang='grc' dir='ltr'>ι</span> <span class='ocrx_word' id='word_1_829' title='bbox 3266 3957 3504 4030; x_wconf 82' lang='lat' dir='ltr'><strong>Disposui</strong></span> <span class='ocrx_word' id='word_1_830' title='bbox 3547 3966 3730 4011; x_wconf 76' lang='lat' dir='ltr'><strong>testa-</strong></span> 
     </span>
    </p>
   </div>
   <div class='ocr_carea' id='block_1_97' title="bbox 2147 4051 3728 4128">
    <p class='ocr_par' dir='ltr' id='par_1_97' title="bbox 2147 4051 3728 4128">
     <span class='ocr_line' id='line_1_97' title="bbox 2147 4051 3728 4128; baseline -0.007 -11"><span class='ocrx_word' id='word_1_831' title='bbox 2147 4071 2387 4117; x_wconf 90' lang='lat' dir='ltr'><strong>mentum</strong></span> <span class='ocrx_word' id='word_1_832' title='bbox 2423 4081 2443 4113; x_wconf 83' lang='grc'><strong>»</strong></span> <span class='ocrx_word' id='word_1_833' title='bbox 2473 4061 2528 4116; x_wconf 91' lang='lat' dir='ltr'><strong>id</strong></span> <span class='ocrx_word' id='word_1_834' title='bbox 2554 4068 2659 4124; x_wconf 88' lang='lat' dir='ltr'><strong>est,</strong></span> <span class='ocrx_word' id='word_1_835' title='bbox 2687 4059 2935 4115; x_wconf 91' lang='lat' dir='ltr'><strong>ordinavi</strong></span> <span class='ocrx_word' id='word_1_836' title='bbox 2970 4065 3217 4128; x_wconf 90' lang='lat' dir='ltr'><strong>pactum,</strong></span> <span class='ocrx_word' id='word_1_837' title='bbox 3243 4070 3349 4109; x_wconf 86' lang='lat' dir='ltr'><strong>non</strong></span> <span class='ocrx_word' id='word_1_838' title='bbox 3377 4067 3497 4108; x_wconf 85' lang='lat' dir='ltr'><strong>cum</strong></span> <span class='ocrx_word' id='word_1_839' title='bbox 3544 4051 3728 4106; x_wconf 84' lang='lat' dir='ltr'><strong>omni-</strong></span> 
     </span>
    </p>
   </div>
   <div class='ocr_carea' id='block_1_98' title="bbox 2145 4142 3731 4217">
    <p class='ocr_par' dir='ltr' id='par_1_98' title="bbox 2145 4142 3731 4217">
     <span class='ocr_line' id='line_1_98' title="bbox 2145 4142 3731 4217; baseline -0.008 -10"><span class='ocrx_word' id='word_1_840' title='bbox 2145 4153 2269 4217; x_wconf 86' lang='lat' dir='ltr'><strong>bus,</strong></span> <span class='ocrx_word' id='word_1_841' title='bbox 2287 4152 2381 4207; x_wconf 82' lang='lat' dir='ltr'><strong>s‘ed</strong></span> <span class='ocrx_word' id='word_1_842' title='bbox 2407 4160 2432 4201; x_wconf 71' lang='grc' dir='ltr'>ἰ</span> <span class='ocrx_word' id='word_1_843' title='bbox 2461 4166 2584 4206; x_wconf 88' lang='lat' dir='ltr'><strong>cum</strong></span> <span class='ocrx_word' id='word_1_844' title='bbox 2608 4149 2800 4205; x_wconf 88' lang='lat' dir='ltr'><strong>electis</strong></span> <span class='ocrx_word' id='word_1_845' title='bbox 2823 4148 2977 4212; x_wconf 89' lang='lat' dir='ltr'><strong>meis,</strong></span> <span class='ocrx_word' id='word_1_846' title='bbox 2998 4158 3027 4201; x_wconf 72' lang='grc' dir='ltr'><strong>ἰ</strong></span> <span class='ocrx_word' id='word_1_847' title='bbox 3057 4148 3109 4202; x_wconf 86' lang='lat' dir='ltr'><strong>id</strong></span> <span class='ocrx_word' id='word_1_848' title='bbox 3132 4154 3233 4210; x_wconf 88' lang='lat' dir='ltr'><strong>est,</strong></span> <span class='ocrx_word' id='word_1_849' title='bbox 3260 4146 3365 4201; x_wconf 88' lang='lat' dir='ltr'><strong>illis</strong></span> <span class='ocrx_word' id='word_1_850' title='bbox 3383 4158 3523 4214; x_wconf 88' lang='lat' dir='ltr'><strong>quos</strong></span> <span class='ocrx_word' id='word_1_851' title='bbox 3543 4142 3615 4197; x_wconf 87' lang='lat' dir='ltr'><strong>de</strong></span> <span class='ocrx_word' id='word_1_852' title='bbox 3633 4156 3731 4195; x_wconf 85' lang='lat' dir='ltr'><strong>nu-</strong></span> 
     </span>
    </p>
   </div>
   <div class='ocr_carea' id='block_1_99' title="bbox 2147 4232 3727 4312">
    <p class='ocr_par' dir='ltr' id='par_1_99' title="bbox 2147 4232 3727 4312">
     <span class='ocr_line' id='line_1_99' title="bbox 2147 4232 3727 4312; baseline -0.008 -15"><span class='ocrx_word' id='word_1_853' title='bbox 2147 4257 2299 4298; x_wconf 91' lang='lat' dir='ltr'><strong>mero</strong></span> <span class='ocrx_word' id='word_1_854' title='bbox 2340 4242 2851 4312; x_wconf 81' lang='lat' dir='ltr'><strong>praedestinatorum</strong></span> <span class='ocrx_word' id='word_1_855' title='bbox 2903 4238 3066 4306; x_wconf 79' lang='lat' dir='ltr'><strong>elegi.</strong></span> <span class='ocrx_word' id='word_1_856' title='bbox 3124 4255 3145 4289; x_wconf 76' lang='grc' dir='ltr'>ι</span> <span class='ocrx_word' id='word_1_857' title='bbox 3200 4237 3268 4291; x_wconf 79' lang='lat' dir='ltr'><strong>Et</strong></span> <span class='ocrx_word' id='word_1_858' title='bbox 3306 4236 3475 4292; x_wconf 87' lang='lat' dir='ltr'><strong>etiam</strong></span> <span class='ocrx_word' id='word_1_859' title='bbox 3506 4254 3526 4286; x_wconf 84' lang='grc'><strong>‹</strong></span> <span class='ocrx_word' id='word_1_860' title='bbox 3563 4232 3727 4286; x_wconf 81' lang='lat' dir='ltr'><strong>David</strong></span> 
     </span>
    </p>
   </div>
   <div class='ocr_carea' id='block_1_100' title="bbox 2148 4327 3729 4405">
    <p class='ocr_par' dir='ltr' id='par_1_100' title="bbox 2148 4327 3729 4405">
     <span class='ocr_line' id='line_1_100' title="bbox 2148 4327 3729 4405; baseline -0.007 -17"><span class='ocrx_word' id='word_1_861' title='bbox 2148 4348 2305 4389; x_wconf 89' lang='lat' dir='ltr'><strong>servo</strong></span> <span class='ocrx_word' id='word_1_862' title='bbox 2328 4348 2448 4388; x_wconf 86' lang='lat' dir='ltr'><strong>meo</strong></span> <span class='ocrx_word' id='word_1_863' title='bbox 2481 4354 2501 4387; x_wconf 72' lang='grc' dir='ltr'><strong>ι</strong></span> <span class='ocrx_word' id='word_1_864' title='bbox 2531 4334 2585 4388; x_wconf 91' lang='lat' dir='ltr'><strong>id</strong></span> <span class='ocrx_word' id='word_1_865' title='bbox 2605 4340 2709 4398; x_wconf 90' lang='lat' dir='ltr'><strong>est,</strong></span> <span class='ocrx_word' id='word_1_866' title='bbox 2737 4331 2974 4394; x_wconf 88' lang='lat' dir='ltr'><strong>Christo,</strong></span> <span class='ocrx_word' id='word_1_867' title='bbox 3009 4350 3027 4380; x_wconf 75' lang='grc' dir='ltr'><strong>σ</strong></span> <span class='ocrx_word' id='word_1_868' title='bbox 3058 4330 3259 4405; x_wconf 80' lang='lat' dir='ltr'><strong>juravi,</strong></span> <span class='ocrx_word' id='word_1_869' title='bbox 3292 4346 3312 4380; x_wconf 73' lang='grc' dir='ltr'><strong><em>ι</em></strong></span> <span class='ocrx_word' id='word_1_870' title='bbox 3344 4328 3399 4382; x_wconf 87' lang='lat' dir='ltr'><strong>id</strong></span> <span class='ocrx_word' id='word_1_871' title='bbox 3424 4336 3514 4381; x_wconf 89' lang='lat' dir='ltr'><strong>est</strong></span> <span class='ocrx_word' id='word_1_872' title='bbox 3538 4327 3729 4379; x_wconf 82' lang='lat' dir='ltr'><strong>immu-</strong></span> 
     </span>
    </p>
   </div>
   <div class='ocr_carea' id='block_1_101' title="bbox 2148 4412 3729 4493">
    <p class='ocr_par' dir='ltr' id='par_1_101' title="bbox 2148 4412 3729 4493">
     <span class='ocr_line' id='line_1_101' title="bbox 2148 4412 3729 4493; baseline -0.009 -13"><span class='ocrx_word' id='word_1_873' title='bbox 2148 4423 2388 4480; x_wconf 86' lang='lat' dir='ltr'><strong>tabiliter</strong></span> <span class='ocrx_word' id='word_1_874' title='bbox 2410 4423 2654 4493; x_wconf 90' lang='lat' dir='ltr'><strong>promisi.</strong></span> <span class='ocrx_word' id='word_1_875' title='bbox 2682 4421 2782 4478; x_wconf 88' lang='lat' dir='ltr'><strong>Ubi</strong></span> <span class='ocrx_word' id='word_1_876' title='bbox 2801 4420 2944 4475; x_wconf 90' lang='lat' dir='ltr'><strong>enim</strong></span> <span class='ocrx_word' id='word_1_877' title='bbox 2969 4419 3200 4474; x_wconf 72' lang='lat' dir='ltr'><strong>Abrahze</strong></span> <span class='ocrx_word' id='word_1_878' title='bbox 3236 4417 3468 4488; x_wconf 88' lang='lat' dir='ltr'><strong>juravit,</strong></span> <span class='ocrx_word' id='word_1_879' title='bbox 3491 4424 3549 4470; x_wconf 90' lang='lat' dir='ltr'><strong>et</strong></span> <span class='ocrx_word' id='word_1_880' title='bbox 3580 4412 3729 4469; x_wconf 79' lang='lat' dir='ltr'><strong>Chri-</strong></span> 
     </span>
    </p>
   </div>
   <div class='ocr_carea' id='block_1_102' title="bbox 2150 4505 3731 4586">
    <p class='ocr_par' dir='ltr' id='par_1_102' title="bbox 2150 4505 3731 4586">
     <span class='ocr_line' id='line_1_102' title="bbox 2150 4505 3731 4586; baseline -0.009 -14"><span class='ocrx_word' id='word_1_881' title='bbox 2150 4526 2235 4572; x_wconf 92' lang='lat' dir='ltr'><strong>sto</strong></span> <span class='ocrx_word' id='word_1_882' title='bbox 2266 4529 2280 4569; x_wconf 89' lang='lat'>:</span> <span class='ocrx_word' id='word_1_883' title='bbox 2314 4517 2379 4571; x_wconf 91' lang='lat' dir='ltr'><strong>de</strong></span> <span class='ocrx_word' id='word_1_884' title='bbox 2401 4531 2509 4586; x_wconf 89' lang='lat' dir='ltr'><strong>quo</strong></span> <span class='ocrx_word' id='word_1_885' title='bbox 2531 4515 2633 4570; x_wconf 74' lang='lat' dir='ltr'><strong>illa:</strong></span> <span class='ocrx_word' id='word_1_886' title='bbox 2655 4526 2815 4570; x_wconf 86' lang='lat' dir='ltr'><strong>erant</strong></span> <span class='ocrx_word' id='word_1_887' title='bbox 2828 4511 3240 4585; x_wconf 75' lang='lat' dir='ltr'><strong>promissiones,</strong></span> <span class='ocrx_word' id='word_1_888' title='bbox 3264 4518 3405 4565; x_wconf 86' lang='lat' dir='ltr'><strong>teste</strong></span> <span class='ocrx_word' id='word_1_889' title='bbox 3434 4505 3731 4577; x_wconf 82' lang='lat' dir='ltr'><strong>Apostolo:</strong></span> 
     </span>
    </p>
   </div>
   <div class='ocr_carea' id='block_1_103' title="bbox 2158 4594 3732 4673">
    <p class='ocr_par' dir='ltr' id='par_1_103' title="bbox 2158 4594 3732 4673">
     <span class='ocr_line' id='line_1_103' title="bbox 2158 4594 3732 4673; baseline -0.006 -15"><span class='ocrx_word' id='word_1_890' title='bbox 2158 4625 2175 4657; x_wconf 78' lang='grc' dir='ltr'>ι</span> <span class='ocrx_word' id='word_1_891' title='bbox 2215 4605 2449 4660; x_wconf 49' lang='lat' dir='ltr'><strong>Abrahae.</strong></span> <span class='ocrx_word' id='word_1_892' title='bbox 2486 4605 2643 4659; x_wconf 71' lang='lat' dir='ltr'><strong>dicta:</strong></span> <span class='ocrx_word' id='word_1_893' title='bbox 2671 4612 2797 4658; x_wconf 90' lang='lat' dir='ltr'><strong>sunt</strong></span> <span class='ocrx_word' id='word_1_894' title='bbox 2836 4600 3242 4673; x_wconf 87' lang='lat' dir='ltr'><strong>promissiones,</strong></span> <span class='ocrx_word' id='word_1_895' title='bbox 3269 4606 3326 4654; x_wconf 89' lang='lat' dir='ltr'><strong>et</strong></span> <span class='ocrx_word' id='word_1_896' title='bbox 3356 4597 3553 4654; x_wconf 88' lang='lat' dir='ltr'><strong>semini</strong></span> <span class='ocrx_word' id='word_1_897' title='bbox 3601 4594 3732 4663; x_wconf 76' lang='lat' dir='ltr'><strong>eius,</strong></span> 
     </span>
    </p>
   </div>
   <div class='ocr_carea' id='block_1_104' title="bbox 2153 4687 3737 4769">
    <p class='ocr_par' dir='ltr' id='par_1_104' title="bbox 2153 4687 3737 4769">
     <span class='ocr_line' id='line_1_104' title="bbox 2153 4687 3737 4769; baseline -0.007 -16"><span class='ocrx_word' id='word_1_898' title='bbox 2153 4699 2247 4769; x_wconf 86' lang='lat' dir='ltr'><strong>qui</strong></span> <span class='ocrx_word' id='word_1_899' title='bbox 2268 4708 2352 4754; x_wconf 87' lang='lat' dir='ltr'><strong>est</strong></span> <span class='ocrx_word' id='word_1_900' title='bbox 2380 4698 2629 4754; x_wconf 88' lang='lat' dir='ltr'><strong>Christus</strong></span> <span class='ocrx_word' id='word_1_901' title='bbox 2658 4715 2671 4751; x_wconf 90' lang='lat'><strong>:</strong></span> <span class='ocrx_word' id='word_1_902' title='bbox 2710 4717 2729 4750; x_wconf 72' lang='grc' dir='ltr'><strong>ι</strong></span> <span class='ocrx_word' id='word_1_903' title='bbox 2761 4698 2863 4752; x_wconf 87' lang='lat' dir='ltr'><strong>hoc</strong></span> <span class='ocrx_word' id='word_1_904' title='bbox 2890 4696 3101 4752; x_wconf 90' lang='lat' dir='ltr'><strong>scilicet</strong></span> <span class='ocrx_word' id='word_1_905' title='bbox 3122 4693 3334 4765; x_wconf 87' lang='lat' dir='ltr'><strong>juravi,</strong></span> <span class='ocrx_word' id='word_1_906' title='bbox 3366 4711 3386 4743; x_wconf 74' lang='grc' dir='ltr'>ι</span> <span class='ocrx_word' id='word_1_907' title='bbox 3419 4687 3737 4761; x_wconf 78' lang='lat' dir='ltr'><strong>pneparabo</strong></span> 
     </span>
    </p>
   </div>
   <div class='ocr_carea' id='block_1_105' title="bbox 2153 4778 3737 4854">
    <p class='ocr_par' dir='ltr' id='par_1_105' title="bbox 2153 4778 3737 4854">
     <span class='ocr_line' id='line_1_105' title="bbox 2153 4778 3737 4854; baseline -0.006 -10"><span class='ocrx_word' id='word_1_908' title='bbox 2153 4803 2338 4844; x_wconf 87' lang='lat' dir='ltr'><strong>semen</strong></span> <span class='ocrx_word' id='word_1_909' title='bbox 2383 4797 2557 4852; x_wconf 91' lang='lat' dir='ltr'><strong>tuum,</strong></span> <span class='ocrx_word' id='word_1_910' title='bbox 2595 4806 2613 4839; x_wconf 75' lang='grc' dir='ltr'><strong><em>ι</em></strong></span> <span class='ocrx_word' id='word_1_911' title='bbox 2650 4788 2704 4843; x_wconf 91' lang='lat' dir='ltr'><strong>id</strong></span> <span class='ocrx_word' id='word_1_912' title='bbox 2737 4796 2821 4843; x_wconf 91' lang='lat' dir='ltr'><strong>est</strong></span> <span class='ocrx_word' id='word_1_913' title='bbox 2845 4828 2861 4853; x_wconf 95' lang='lat'><strong>,</strong></span> <span class='ocrx_word' id='word_1_914' title='bbox 2900 4788 3203 4842; x_wconf 89' lang='lat' dir='ltr'><strong>imitatores</strong></span> <span class='ocrx_word' id='word_1_915' title='bbox 3236 4783 3469 4854; x_wconf 73' lang='lat' dir='ltr'><strong>justitize</strong></span> <span class='ocrx_word' id='word_1_916' title='bbox 3514 4778 3737 4843; x_wconf 83' lang='lat' dir='ltr'><strong>Christi,</strong></span> 
     </span>
    </p>
   </div>
   <div class='ocr_carea' id='block_1_106' title="bbox 2153 4878 3221 4948">
    <p class='ocr_par' dir='ltr' id='par_1_106' title="bbox 2153 4878 3221 4948">
     <span class='ocr_line' id='line_1_106' title="bbox 2153 4878 3221 4948; baseline -0.007 -13"><span class='ocrx_word' id='word_1_917' title='bbox 2153 4879 2398 4935; x_wconf 90' lang='lat' dir='ltr'><strong>ducendo</strong></span> <span class='ocrx_word' id='word_1_918' title='bbox 2428 4892 2524 4933; x_wconf 91' lang='lat' dir='ltr'><strong>eos</strong></span> <span class='ocrx_word' id='word_1_919' title='bbox 2556 4897 2574 4929; x_wconf 73' lang='grc' dir='ltr'>ι</span> <span class='ocrx_word' id='word_1_920' title='bbox 2609 4893 2777 4948; x_wconf 83' lang='lat' dir='ltr'><strong>usque</strong></span> <span class='ocrx_word' id='word_1_921' title='bbox 2802 4878 2857 4933; x_wconf 93' lang='lat' dir='ltr'><strong>in</strong></span> <span class='ocrx_word' id='word_1_922' title='bbox 2882 4887 3167 4932; x_wconf 64' lang='lat' dir='ltr'><strong>internum.</strong></span> <span class='ocrx_word' id='word_1_923' title='bbox 3203 4894 3221 4926; x_wconf 73' lang='grc' dir='ltr'><strong><em>ι</em></strong></span> 
     </span>
    </p>
   </div>
   <div class='ocr_carea' id='block_1_107' title="bbox 2225 4961 3744 5033">
    <p class='ocr_par' dir='ltr' id='par_1_107' title="bbox 2225 4961 3744 5033">
     <span class='ocr_line' id='line_1_107' title="bbox 2225 4961 3744 5033; baseline -0.007 -10"><span class='ocrx_word' id='word_1_924' title='bbox 2225 4970 2293 5023; x_wconf 88' lang='lat' dir='ltr'><strong>Et</strong></span> <span class='ocrx_word' id='word_1_925' title='bbox 2313 4969 2593 5024; x_wconf 63' lang='lat' dir='ltr'><strong>aediﬁcabo</strong></span> <span class='ocrx_word' id='word_1_926' title='bbox 2615 4970 2795 5024; x_wconf 87' lang='lat' dir='ltr'><strong>sedem</strong></span> <span class='ocrx_word' id='word_1_927' title='bbox 2822 4976 2990 5033; x_wconf 91' lang='lat' dir='ltr'><strong>tuam,</strong></span> <span class='ocrx_word' id='word_1_928' title='bbox 3023 4986 3043 5018; x_wconf 74' lang='grc' dir='ltr'><strong><em>ι</em></strong></span> <span class='ocrx_word' id='word_1_929' title='bbox 3075 4966 3130 5021; x_wconf 90' lang='lat' dir='ltr'><strong>id</strong></span> <span class='ocrx_word' id='word_1_930' title='bbox 3170 4973 3255 5022; x_wconf 90' lang='lat' dir='ltr'><strong>est</strong></span> <span class='ocrx_word' id='word_1_931' title='bbox 3278 4964 3401 5021; x_wconf 84' lang='lat' dir='ltr'><strong>illos</strong></span> <span class='ocrx_word' id='word_1_932' title='bbox 3443 4964 3502 5020; x_wconf 92' lang='lat' dir='ltr'><strong>in</strong></span> <span class='ocrx_word' id='word_1_933' title='bbox 3540 4961 3744 5033; x_wconf 81' lang='lat' dir='ltr'><strong>quibus</strong></span> 
     </span>
    </p>
   </div>
   <div class='ocr_carea' id='block_1_108' title="bbox 2152 5055 3749 5132">
    <p class='ocr_par' dir='ltr' id='par_1_108' title="bbox 2152 5055 3749 5132">
     <span class='ocr_line' id='line_1_108' title="bbox 2152 5055 3749 5132; baseline -0.006 -16"><span class='ocrx_word' id='word_1_934' title='bbox 2152 5061 2412 5132; x_wconf 87' lang='lat' dir='ltr'><strong>quiescis,</strong></span> <span class='ocrx_word' id='word_1_935' title='bbox 2435 5072 2491 5116; x_wconf 90' lang='lat' dir='ltr'><strong>et</strong></span> <span class='ocrx_word' id='word_1_936' title='bbox 2524 5060 2738 5130; x_wconf 89' lang='lat' dir='ltr'><strong>judicas</strong></span> <span class='ocrx_word' id='word_1_937' title='bbox 2765 5080 2783 5114; x_wconf 71' lang='grc' dir='ltr'><em>ς</em></span> <span class='ocrx_word' id='word_1_938' title='bbox 2817 5062 2872 5116; x_wconf 90' lang='lat' dir='ltr'><strong>in</strong></span> <span class='ocrx_word' id='word_1_939' title='bbox 2916 5060 3267 5131; x_wconf 80' lang='lat' dir='ltr'><strong>generatione</strong></span> <span class='ocrx_word' id='word_1_940' title='bbox 3317 5077 3337 5110; x_wconf 74' lang='grc' dir='ltr'><strong><em>ι</em></strong></span> <span class='ocrx_word' id='word_1_941' title='bbox 3384 5055 3602 5129; x_wconf 88' lang='lat' dir='ltr'><strong>gentili,</strong></span> <span class='ocrx_word' id='word_1_942' title='bbox 3631 5073 3650 5105; x_wconf 80' lang='grc' dir='ltr'>ι</span> <span class='ocrx_word' id='word_1_943' title='bbox 3689 5064 3749 5107; x_wconf 80' lang='lat' dir='ltr'><strong>et</strong></span> 
     </span>
    </p>
   </div>
   <div class='ocr_carea' id='block_1_109' title="bbox 2154 5146 3747 5226">
    <p class='ocr_par' dir='ltr' id='par_1_109' title="bbox 2154 5146 3747 5226">
     <span class='ocr_line' id='line_1_109' title="bbox 2154 5146 3747 5226; baseline -0.006 -17"><span class='ocrx_word' id='word_1_944' title='bbox 2154 5154 2557 5226; x_wconf 87' lang='lat' dir='ltr'><strong>generationem</strong></span> <span class='ocrx_word' id='word_1_945' title='bbox 2591 5173 2610 5206; x_wconf 71' lang='grc' dir='ltr'><strong>ι</strong></span> <span class='ocrx_word' id='word_1_946' title='bbox 2642 5153 2919 5209; x_wconf 76' lang='lat' dir='ltr'><strong>Judaicam</strong></span> <span class='ocrx_word' id='word_1_947' title='bbox 2939 5194 2954 5219; x_wconf 94' lang='lat'><strong>,</strong></span> <span class='ocrx_word' id='word_1_948' title='bbox 2987 5153 3071 5209; x_wconf 87' lang='lat' dir='ltr'><strong>vel</strong></span> <span class='ocrx_word' id='word_1_949' title='bbox 3101 5168 3200 5223; x_wconf 90' lang='lat' dir='ltr'><strong>per</strong></span> <span class='ocrx_word' id='word_1_950' title='bbox 3228 5165 3418 5217; x_wconf 84' lang='lat' dir='ltr'><strong>omnes</strong></span> <span class='ocrx_word' id='word_1_951' title='bbox 3442 5146 3747 5204; x_wconf 84' lang='lat' dir='ltr'><strong>successio-</strong></span> 
     </span>
    </p>
   </div>
   <div class='ocr_carea' id='block_1_110' title="bbox 2154 5239 3747 5316">
    <p class='ocr_par' dir='ltr' id='par_1_110' title="bbox 2154 5239 3747 5316">
     <span class='ocr_line' id='line_1_110' title="bbox 2154 5239 3747 5316; baseline -0.003 -15"><span class='ocrx_word' id='word_1_952' title='bbox 2154 5261 2274 5311; x_wconf 89' lang='lat' dir='ltr'><strong>nes,</strong></span> <span class='ocrx_word' id='word_1_953' title='bbox 2315 5246 2399 5302; x_wconf 85' lang='lat' dir='ltr'><strong>vel</strong></span> <span class='ocrx_word' id='word_1_954' title='bbox 2440 5245 2756 5316; x_wconf 69' lang='lat' dir='ltr'><strong>praeparabo</strong></span> <span class='ocrx_word' id='word_1_955' title='bbox 2792 5246 2971 5301; x_wconf 90' lang='lat' dir='ltr'><strong>sedem</strong></span> <span class='ocrx_word' id='word_1_956' title='bbox 3007 5256 3177 5309; x_wconf 91' lang='lat' dir='ltr'><strong>tuam,</strong></span> <span class='ocrx_word' id='word_1_957' title='bbox 3208 5243 3261 5298; x_wconf 91' lang='lat' dir='ltr'><strong>id</strong></span> <span class='ocrx_word' id='word_1_958' title='bbox 3285 5251 3386 5305; x_wconf 86' lang='lat' dir='ltr'><strong>est,</strong></span> <span class='ocrx_word' id='word_1_959' title='bbox 3418 5239 3747 5296; x_wconf 81' lang='lat' dir='ltr'><strong>imitatores.</strong></span> 
     </span>
    </p>
   </div>
   <div class='ocr_carea' id='block_1_111' title="bbox 2158 5327 3753 5408">
    <p class='ocr_par' dir='ltr' id='par_1_111' title="bbox 2158 5327 3753 5408">
     <span class='ocr_line' id='line_1_111' title="bbox 2158 5327 3753 5408; baseline -0.009 -15"><span class='ocrx_word' id='word_1_960' title='bbox 2158 5338 2251 5408; x_wconf 91' lang='lat' dir='ltr'><strong>qui</strong></span> <span class='ocrx_word' id='word_1_961' title='bbox 2285 5347 2336 5392; x_wconf 91' lang='lat' dir='ltr'><strong>te</strong></span> <span class='ocrx_word' id='word_1_962' title='bbox 2377 5338 2680 5401; x_wconf 89' lang='lat' dir='ltr'><strong>imitentur,</strong></span> <span class='ocrx_word' id='word_1_963' title='bbox 2710 5352 2815 5391; x_wconf 91' lang='lat' dir='ltr'><strong>non</strong></span> <span class='ocrx_word' id='word_1_964' title='bbox 2842 5336 2908 5389; x_wconf 89' lang='lat' dir='ltr'><strong>ad</strong></span> <span class='ocrx_word' id='word_1_965' title='bbox 2940 5335 3154 5400; x_wconf 86' lang='lat' dir='ltr'><strong>horam,</strong></span> <span class='ocrx_word' id='word_1_966' title='bbox 3178 5332 3275 5389; x_wconf 89' lang='lat' dir='ltr'><strong>sed</strong></span> <span class='ocrx_word' id='word_1_967' title='bbox 3302 5332 3357 5387; x_wconf 90' lang='lat' dir='ltr'><strong>in</strong></span> <span class='ocrx_word' id='word_1_968' title='bbox 3386 5327 3753 5402; x_wconf 87' lang='lat' dir='ltr'><strong>generatione</strong></span> 
     </span>
    </p>
   </div>
   <div class='ocr_carea' id='block_1_112' title="bbox 2156 5418 3689 5499">
    <p class='ocr_par' dir='ltr' id='par_1_112' title="bbox 2156 5418 3689 5499">
     <span class='ocr_line' id='line_1_112' title="bbox 2156 5418 3689 5499; baseline -0.008 -15"><span class='ocrx_word' id='word_1_969' title='bbox 2156 5429 2285 5484; x_wconf 88' lang='lat' dir='ltr'><strong>hinc</strong></span> <span class='ocrx_word' id='word_1_970' title='bbox 2314 5428 2677 5499; x_wconf 87' lang='lat' dir='ltr'><strong>procedendo,</strong></span> <span class='ocrx_word' id='word_1_971' title='bbox 2702 5442 2873 5497; x_wconf 88' lang='lat' dir='ltr'><strong>usque</strong></span> <span class='ocrx_word' id='word_1_972' title='bbox 2901 5428 2955 5480; x_wconf 90' lang='lat' dir='ltr'><strong>in</strong></span> <span class='ocrx_word' id='word_1_973' title='bbox 2980 5426 3385 5497; x_wconf 84' lang='lat' dir='ltr'><strong>generationem</strong></span> <span class='ocrx_word' id='word_1_974' title='bbox 3414 5418 3689 5474; x_wconf 84' lang='lat' dir='ltr'><strong>futuram.</strong></span> 
     </span>
    </p>
   </div>
   <div class='ocr_carea' id='block_1_113' title="bbox 2233 5509 3759 5575">
    <p class='ocr_par' dir='ltr' id='par_1_113' title="bbox 2233 5509 3759 5575">
     <span class='ocr_line' id='line_1_113' title="bbox 2233 5509 3759 5575; baseline -0.005 -4"><span class='ocrx_word' id='word_1_975' title='bbox 2233 5538 2252 5571; x_wconf 72' lang='grc' dir='ltr'>ι</span> <span class='ocrx_word' id='word_1_976' title='bbox 2285 5519 2715 5575; x_wconf 85' lang='lat' dir='ltr'><strong>Conﬁtebuntur.</strong></span> <span class='ocrx_word' id='word_1_977' title='bbox 2751 5537 2769 5571; x_wconf 74' lang='grc' dir='ltr'><strong><em>ι</em></strong></span> <span class='ocrx_word' id='word_1_978' title='bbox 2819 5516 2953 5572; x_wconf 87' lang='lat' dir='ltr'><strong>Pars</strong></span> <span class='ocrx_word' id='word_1_979' title='bbox 2979 5516 3233 5572; x_wconf 86' lang='lat' dir='ltr'><strong>secunda.</strong></span> <span class='ocrx_word' id='word_1_980' title='bbox 3264 5511 3480 5575; x_wconf 80' lang='lat' dir='ltr'><strong>Dixisti,</strong></span> <span class='ocrx_word' id='word_1_981' title='bbox 3515 5527 3535 5561; x_wconf 79' lang='grc' dir='ltr'>ι</span> <span class='ocrx_word' id='word_1_982' title='bbox 3586 5509 3759 5563; x_wconf 81' lang='lat' dir='ltr'><strong>mise-</strong></span> 
     </span>
    </p>
   </div>
   <div class='ocr_carea' id='block_1_114' title="bbox 2159 5602 3757 5677">
    <p class='ocr_par' dir='ltr' id='par_1_114' title="bbox 2159 5602 3757 5677">
     <span class='ocr_line' id='line_1_114' title="bbox 2159 5602 3757 5677; baseline -0.009 -8"><span class='ocrx_word' id='word_1_983' title='bbox 2159 5613 2395 5670; x_wconf 91' lang='lat' dir='ltr'><strong>ricordia</strong></span> <span class='ocrx_word' id='word_1_984' title='bbox 2425 5611 2802 5677; x_wconf 79' lang='lat' dir='ltr'><strong>:edificabitur,</strong></span> <span class='ocrx_word' id='word_1_985' title='bbox 2836 5632 2854 5665; x_wconf 70' lang='grc' dir='ltr'>ι</span> <span class='ocrx_word' id='word_1_986' title='bbox 2885 5620 2939 5666; x_wconf 89' lang='lat' dir='ltr'><strong>et</strong></span> <span class='ocrx_word' id='word_1_987' title='bbox 2977 5611 3120 5667; x_wconf 81' lang='lat' dir='ltr'><strong>sicut</strong></span> <span class='ocrx_word' id='word_1_988' title='bbox 3144 5607 3349 5673; x_wconf 79' lang='lat' dir='ltr'><strong>dixisti,</strong></span> <span class='ocrx_word' id='word_1_989' title='bbox 3377 5606 3452 5660; x_wconf 88' lang='lat' dir='ltr'><strong>ita</strong></span> <span class='ocrx_word' id='word_1_990' title='bbox 3496 5602 3757 5673; x_wconf 80' lang='lat' dir='ltr'><strong>comple-</strong></span> 
     </span>
    </p>
   </div>
   <div class='ocr_carea' id='block_1_115' title="bbox 2158 5695 3763 5773">
    <p class='ocr_par' dir='ltr' id='par_1_115' title="bbox 2158 5695 3763 5773">
     <span class='ocr_line' id='line_1_115' title="bbox 2158 5695 3763 5773; baseline -0.008 -14"><span class='ocrx_word' id='word_1_991' title='bbox 2158 5703 2307 5760; x_wconf 89' lang='lat' dir='ltr'><strong>bitur</strong></span> <span class='ocrx_word' id='word_1_992' title='bbox 2326 5745 2340 5770; x_wconf 92' lang='lat'><strong>,</strong></span> <span class='ocrx_word' id='word_1_993' title='bbox 2368 5704 2495 5773; x_wconf 88' lang='lat' dir='ltr'><strong>quia</strong></span> <span class='ocrx_word' id='word_1_994' title='bbox 2531 5723 2548 5755; x_wconf 77' lang='grc' dir='ltr'>ι</span> <span class='ocrx_word' id='word_1_995' title='bbox 2583 5701 2760 5769; x_wconf 63' lang='lat' dir='ltr'><strong>creti,»</strong></span> <span class='ocrx_word' id='word_1_996' title='bbox 2789 5703 2844 5758; x_wconf 89' lang='lat' dir='ltr'><strong>id</strong></span> <span class='ocrx_word' id='word_1_997' title='bbox 2866 5711 2981 5767; x_wconf 88' lang='lat' dir='ltr'><strong>est,</strong></span> <span class='ocrx_word' id='word_1_998' title='bbox 3007 5698 3274 5771; x_wconf 83' lang='lat' dir='ltr'><strong>Apostoli,</strong></span> <span class='ocrx_word' id='word_1_999' title='bbox 3301 5717 3318 5751; x_wconf 72' lang='grc' dir='ltr'><strong><em>ι</em></strong></span> <span class='ocrx_word' id='word_1_1000' title='bbox 3340 5695 3763 5752; x_wconf 82' lang='lat' dir='ltr'><strong>conﬁtebuntur</strong></span> 
     </span>
    </p>
   </div>
   <div class='ocr_carea' id='block_1_116' title="bbox 2162 5789 3763 5853">
    <p class='ocr_par' dir='ltr' id='par_1_116' title="bbox 2162 5789 3763 5853">
     <span class='ocr_line' id='line_1_116' title="bbox 2162 5789 3763 5853; baseline -0.01 0"><span class='ocrx_word' id='word_1_1001' title='bbox 2162 5795 2433 5853; x_wconf 72' lang='lat' dir='ltr'><strong>mirabilia</strong></span> <span class='ocrx_word' id='word_1_1002' title='bbox 2467 5805 2554 5849; x_wconf 87' lang='lat' dir='ltr'><strong>tua</strong></span> <span class='ocrx_word' id='word_1_1003' title='bbox 2590 5814 2609 5848; x_wconf 72' lang='grc' dir='ltr'><strong><em>ι</em></strong></span> <span class='ocrx_word' id='word_1_1004' title='bbox 2641 5794 2806 5850; x_wconf 88' lang='lat' dir='ltr'><strong>veluti</strong></span> <span class='ocrx_word' id='word_1_1005' title='bbox 2830 5794 2895 5850; x_wconf 88' lang='lat' dir='ltr'><strong>de</strong></span> <span class='ocrx_word' id='word_1_1006' title='bbox 2937 5792 3215 5849; x_wconf 86' lang='lat' dir='ltr'><strong>creatione</strong></span> <span class='ocrx_word' id='word_1_1007' title='bbox 3245 5789 3369 5846; x_wconf 70' lang='lat' dir='ltr'><strong>caeli</strong></span> <span class='ocrx_word' id='word_1_1008' title='bbox 3396 5796 3449 5844; x_wconf 88' lang='lat' dir='ltr'><strong>et</strong></span> <span class='ocrx_word' id='word_1_1009' title='bbox 3498 5795 3701 5852; x_wconf 58' lang='lat' dir='ltr'><strong>terra,</strong></span> <span class='ocrx_word' id='word_1_1010' title='bbox 3728 5798 3763 5837; x_wconf 84' lang='lat' dir='ltr'><strong>e</strong></span> 
     </span>
    </p>
   </div>
  </div>
