3940 6452
113 459 118 462 .
199 401 308 458 497

1367 388 1801 447 EXPLANATIO
1838 388 1904 444 IN
1943 385 2065 442 PSA
2074 382 2280 440 LMOS.

3331 383 3436 437 498

209 519 312 572 hoc
356 510 593 571 ostendit
632 509 686 566 iu
731 514 888 578 parte
915 503 1261 567 mirabilium,
1293 517 1416 557 cum
1446 503 1578 558 dicit
1611 520 1630 551 ‹
1660 511 1774 557 ειε-
1802 505 1848 564 Α
1879 496 2154 567 dignitate,
2186 508 2291 563 qua
2329 491 2476 561 prius
2521 489 2740 554 nitebat,
2771 489 3012 559 privatus
3043 492 3159 546 fuit.
3197 511 3218 544 ι
3254 493 3439 550 Humi-

208 607 325 660 nim
355 623 374 655 »
405 601 804 657 annuntiabunt
835 615 853 648 ι
880 597 1162 650 veritatem
1192 602 1336 647 tuam
1373 612 1391 644 ι
1426 609 1534 648 non
1555 593 1775 662 ubique,

209 695 354 750 sicut
384 688 678 750 mirabilia,
725 687 849 756 quia
907 685 1048 738 inter
1093 698 1281 738 omnes
1323 692 1528 752 gentes.
1556 691 1798 752 possunt,

212 781 480 838 mirabilia
502 779 596 834 Dei
619 775 912 841 numerari,
928 775 1022 829 sed
1041 774 1242 828 veritas
1260 774 1374 837 Dei,
1396 774 1463 828 de
1481 774 1774 836 nativitate,

209 874 479 944 passione,
507 879 636 934 etc.,
661 875 840 936 potest
865 874 920 920 et
959 865 1116 927 debet
1141 865 1409 936 enuntiari
1425 872 1642 918 tantum
1677 883 1694 915 ι
1726 865 1779 918 in

211 962 439 1020 ecclesia
463 971 798 1022 sanctorum,
837 975 855 1008 ι
887 956 939 1015 in
966 971 1071 1025 qua
1125 955 1236 1009 sola
1284 953 1378 1009 Dei
1405 953 1694 1018 .nativitas,
1726 961 1781 1007 et

212 1052 414 1122 passio,
440 1058 501 1114 et
517 1057 736 1120 caetera,
765 1054 820 1110 et
836 1045 1108 1122 colituret
1129 1053 1362 1103 amatur.

282 1144 351 1199 Et
401 1142 538 1197 bene
591 1140 788 1194 debent
840 1137 1086 1193 conﬁteri
1142 1137 1276 1192 caeli.
1328 1136 1593 1191 mirabilia
1650 1145 1774 1200 tua,

216 1255 236 1289 ι
273 1234 528 1305 quoniam
556 1233 682 1300 quis
700 1232 753 1286 in
780 1229 1010 1286 nubibus
1044 1247 1061 1279 ‹
1099 1228 1152 1282 id
1172 1236 1276 1292 est,
1314 1227 1457 1281 inter
1474 1227 1776 1296 Apostolos,

211 1337 271 1382 et
289 1333 514 1381 caeteros
535 1320 828 1376 altiores-in
855 1318 1114 1382 Ecclesia,
1150 1337 1170 1370 ι
1205 1318 1505 1386 aequabitur
1536 1337 1553 1367 ι
1591 1319 1642 1371 in
1691 1333 1782 1386 po-

214 1415 380 1471 tentia
411 1432 431 1465 t
454 1409 713 1470 Domino?
731 1428 750 1466 ι
776 1407 982 1471 nullus;
999 1405 1353 1475 vel,quiserit
1381 1425 1398 1456 ι
1420 1405 1610 1460 similis
1625 1405 1731 1460 Deo
1754 1425 1772 1458 ι

215 1510 269 1564 in
299 1504 596 1565 substantia
633 1521 652 1553 ‹
681 1501 734 1556 in
758 1500 880 1554 ﬁliis
911 1500 1042 1553 Dei?
1069 1517 1088 1548 ι
1119 1499 1284 1553 veluti
1313 1499 1474 1552 etiam
1506 1499 1559 1552 in
1578 1498 1780 1558 sanctis

215 1596 452 1667 angelis?
476 1594 570 1664 qui
615 1599 741 1655 sunt
786 1589 1003 1644 stabiles
1049 1597 1103 1644 et
1132 1588 1383 1643 deiﬁcati.
1416 1587 1623 1652 Nullus,
1651 1588 1778 1658 quia

213 1699 401 1740 omnes
433 1681 523 1750 alii
546 1681 613 1742 ab
641 1680 744 1735 isto
778 1686 904 1733 sunt
927 1677 1092 1733 creati
1120 1685 1175 1732 et
1197 1677 1451 1733 deiﬁcati.
1494 1676 1634 1733 Vere
1662 1677 1780 1731 nul-

214 1777 298 1830 lus
323 1755 623 1843 aequabitur
651 1769 896 1832 Domino,
919 1783 1046 1822 nam
1076 1767 1189 1836 ipse
1215 1775 1299 1822 est
1323 1785 1342 1819 ι
1372 1767 1514 1827 Deus
1556 1788 1574 1819 ο
1609 1775 1664 1822 et
1699 1775 1776 1821 ta-

1877 587 2020 642 liasti
2057 605 2077 638 »
2109 586 2229 640 dico
2274 603 2293 638 ι
2350 585 2402 638 in
2435 584 2657 638 brachio
2700 583 2916 646 virtutis
2944 591 3070 648 tuae,
3101 603 3119 633 ι
3153 585 3204 638 id
3246 597 3351 651 est,
3381 588 3436 642 in

1878 679 2126 732 virtuoso.
2143 675 2383 738 brachio,
2419 675 2602 738 idest,
2631 675 2766 735 Filio
2800 685 2912 739 tuo,
2935 683 2990 728 et
3017 677 3070 730 in
3102 677 3204 732 hoc
3226 693 3439 750 quoque

1879 776 2101 838 apparet
2133 767 2370 837 potentia
2416 773 2527 830 tua,
2554 766 2678 835 quia
2706 774 2761 818 tu
2798 783 2815 816 t
2857 765 3161 835 dispersisti
3190 768 3438 842 inimicos

1881 866 2021 922 tuos,
2060 875 2078 908 ι
2108 855 2338 914 Judaeos.
2367 856 2706 923 qui—realiter.
2733 856 2960 925 dispersi
2991 865 3117 912 sunt
3145 873 3242 928 per
3264 847 3435 913 totum

1879 947 2154 1014 mundum.
2184 946 2248 1000 Et
2283 947 2385 1000 hoc
2419 961 2633 1014 quoque
2661 946 2834 1010 fecisti
2863 947 2915 1001 in
2946 935 3169 1004 brachio
3201 936 3312 1012 tuo,
3340 965 3438 1019 per

1879 1039 2022 1107 quod
2049 1037 2228 1095 omnia
2253 1039 2514 1106 operat-is.

1949 1128 2028 1188 Et,
2058 1127 2194 1182 bene
2223 1127 2470 1181 inimicos
2501 1127 2724 1196 posuisti
2757 1129 3097 1199 disperdere,
3149 1151 3166 1182 ι
3207 1133 3332 1201 quia
3365 1133 3439 1186 tui

1880 1227 2007 1291 sunt
2037 1219 2181 1283 εαξη,
2229 1226 2286 1272 ει
2324 1226 2467 1272 terra
2503 1238 2522 1270 ι
2574 1207 2851 1274 υηίνειιεε
2881 1240 2896 1272 ι
2939 1230 3022 1276 εει
3070 1231 3181 1287 tua,
3207 1224 3387 1278 orbem
3419 1244 3435 1274 ι

1879 1309 2042 1364 etiam
2060 1327 2090 1370 ,ε
2129 1318 2310 1374 terra,
2339 1327 2356 1361 ι
2392 1309 2572 1371 idest,
2607 1317 2773 1362 totum
2800 1310 3061 1365 circulum
3091 1312 3296 1376 mundi,
3333 1331 3352 1363 ι
3389 1324 3446 1368 ει

1879 1401 2268 1472 plenitudinem
2296 1402 2434 1471 ejus,
2477 1420 2496 1453 ι
2530 1400 2695 1455 veluti
2744 1400 2966 1467 fructus,
3021 1411 3076 1457 et
3115 1419 3331 1472 pecora,
3388 1413 3444 1458 et

1880 1498 2106 1555 caetera;
2138 1507 2156 1542 ι
2176 1499 2232 1544 ιιι
2255 1488 2505 1552 fundasti,
2534 1509 2552 1540 ι
2579 1490 2633 1544 id
2655 1498 2757 1555 est,
2775 1491 2991 1554 creasti,
3006 1499 3061 1546 et
3079 1493 3239 1546 etiam
3265 1494 3440 1562 ipsum

1881 1579 2150 1654 diabolum
2178 1580 2400 1644 creasti,
2439 1589 2495 1634 et
2523 1581 2624 1636 hoc
2655 1589 2757 1646 est,
2785 1582 2981 1636 creasti
3015 1599 3034 1632 ι
3070 1583 3375 1652 aquilonem
3413 1603 3435 1635 ι

1879 1670 1994 1738 qui,
2027 1669 2154 1739 quia
2187 1667 2430 1739 'l'rigidus
2452 1677 2645 1724 ventus
2672 1679 2780 1735 est,
2811 1670 3126 1743 intelligitur
3171 1673 3438 1737 diabolus,

1882 1765 1976 1834 qui
2022 1773 2173 1820 caret
2197 1764 2343 1820 omni
2385 1765 2673 1830 charitate,
2703 1774 2758 1820 et
2801 1765 2892 1835 qui
2921 1765 2988 1821 de
3025 1782 3083 1821 se
3123 1766 3239 1837 ipso
3263 1767 3438 1822 dixit:

214 1865 301 1930 lis,
326 1882 345 1915 ι
378 1862 468 1932 qui
495 1859 824 1930 gloriﬁcatur
849 1858 903 1911 in
926 1857 1152 1912 consilio
1173 1864 1503 1922 sanctorum,
1537 1875 1556 1907 ι
1591 1856 1643 1911 id
1665 1865 1770 1923 est,
1802 1845 1847 1903 Β
1875 1855 2080 1910 Ponam
2111 1857 2294 1910 sedem
2320 1870 2495 1910 meam
2523 1857 2590 1911 ad
2615 1857 2945 1926 aquilonem,
2977 1876 2996 1908 ι
3045 1866 3100 1912 ει
3130 1875 3302 1924 mare,
3341 1881 3358 1912 ι
3390 1861 3445 1915 id

212 1969 375 2024 quem
395 1953 567 2010 sancti
591 1950 914 2022 gloriﬁcant,
944 1958 998 2003 et
1019 1949 1123 2004 hoc
1147 1964 1268 2004 cum
1292 1963 1513 2019 magno_
1528 1948 1772 2013 consilio,

215 2046 346 2116 quia
394 2059 521 2099 vere
565 2043 800 2112 cogitant
839 2039 1136 2113 quomodo,
1159 2038 1372 2109 dignius
1406 2053 1528 2092 eum
1557 2037 1775 2096 laudare

215 2143 444 2207 queunt.
483 2135 622 2188 Deus
650 2133 769 2187 dico
800 2150 818 2182 ι
854 2145 1102 2201 magnus,
1133 2148 1154 2182 ι
1181 2129 1308 2199 quia
1337 2142 1434 2182 sua
1477 2127 1774 2182 substantia

213 2225 448 2296 complet
502 2223 703 2287 omnia,
741 2230 796 2276 et
835 2240 853 2272 ι
898 2218 1153 2281 terribilis
1191 2237 1210 2269 ι
1256 2224 1476 2287 propter
1515 2215 1776 2285 judicium

211 2316 360 2386 quod
385 2313 624 2369 facturus
659 2320 742 2366 est
769 2311 917 2380 ipse;
949 2310 1070 2386 dico
1089 2308 1327 2367 existens
1355 2325 1374 2358 ι
1405 2321 1566 2375 super
1589 2321 1776 2362 omnes

213 2407 306 2478 qui
332 2406 385 2460 in
408 2405 635 2461 circuitu
660 2402 776 2470 ejus
801 2410 946 2466 sunt,
987 2400 1090 2474 rid
1115 2397 1560 2480 estinfamulatu
1587 2407 1643 2453 et
1671 2413 1780 2452 .co-

214 2501 406 2555 mitatu
431 2499 569 2568 ejus,
593 2498 853 2565 stipantes
873 2508 1017 2558 eum,
1039 2493 1191 2563 quasi
1217 2491 1432 2554 milites,
1457 2490 1773 2557 Dominum;

213 2591 401 2645 ethoc
427 2589 494 2644 de
516 2586 740 2658 angelis,
765 2594 820 2639 et
847 2584 1009 2650 etiam
1063 2583 1130 2638 de
1175 2580 1379 2643 sanctis
1427 2579 1561 2634 viris
1599 2587 1778 2650 potest

216 2675 460 2745 intelligi.

286 2769 430 2823 Deus
463 2765 958 2836 dicoglgriﬁcatur,
985 2772 1044 2818 et
1063 2763 1225 2819 etiam
1248 2762 1362 2833 ipse
1386 2762 1529 2817 Deus
1550 2769 1634 2816 est
1667 2761 1776 2817 Do-

213 2859 392 2915 minus
427 2859 680 2918 omnium,
709 2858 983 2929 virtutum,
1023 2864 1077 2910 et
1109 2857 1230 2916 ideo
1257 2870 1414 2914 uento
1440 2862 1636 2925 potest.
1657 2869 1776 2910 esse

214 2949 406 3010 similis
422 2949 508 3014 ei;
540 2950 710 3004 ethoc
742 2955 824 3002 est
846 2947 986 3016 quod
1013 2945 1162 3010 dicit,
1192 2944 1439 3000 faciendo
1471 2944 1776 2998 conversio-

213 3052 338 3099 nem
358 3036 426 3090 ad
440 3038 658 3106 ipsum:
683 3054 700 3087 ‹
730 3035 952 3090 Domine
975 3035 1115 3090 Deus
1140 3034 1397 3088 virtutum
1426 3053 1444 3086 ι
1474 3033 1773 3088 caelestium

216 3126 300 3181 vel
333 3127 494 3188 dator.
518 3126 776 3180 virtutum
805 3135 1112 3180 nostrarum
1139 3139 1237 3194 per
1263 3139 1397 3194 quas
1436 3123 1570 3178 facis
1599 3125 1773 3179 homi-

1877 1957 1982 2014 est,
2007 1948 2254 2013 inimicos
2281 1957 2404 2004 tuos
2425 1949 2808 2015 amaricantes,
2833 1959 2888 2006 et
2907 1949 3228 2006 ﬁuctuantes
3253 1961 3442 2008 contra

1879 2045 1952 2104 te,
1989 2054 2008 2087 ι
2041 2044 2097 2090 ιιι
2122 2037 2339 2092 creasti.
2377 2056 2420 2101 ι,
3078 2030 3080 2032 ’
3305 2028 3307 2030 ’

1945 2127 2015 2188 Et
2034 2127 2162 2196 quia
2185 2135 2292 2182 tam
2313 2136 2503 2197 potens
2523 2142 2601 2194 es,
2627 2128 2747 2186 ideo
2773 2147 2791 2180 ι
2825 2129 3042 2185 Thabor
3065 2141 3119 2187 et
3137 2131 3393 2198 liermon,
3418 2151 3436 2186 ι

1877 2219 1931 2274 id
1955 2227 2061 2286 est,
2103 2218 2272 2274 Judaei
2301 2229 2357 2275 et
2400 2221 2645 2290 gentiles,
2694 2240 2713 2274 ι
2747 2221 3092 2279 exsultabunt
3121 2225 3176 2279 in
3222 2206 3441 2281 nomine

1878 2321 1992 2378 tuo,
2017 2331 2036 2364 ι
2063 2314 2190 2382 quia
2217 2311 2314 2369 tibi
2345 2327 2505 2368 suam
2529 2314 2940 2370 exsultationem
2979 2316 3291 2383 attribuent,
3324 2318 3443 2372 ideo

1877 2403 2011 2473 quia
2047 2421 2068 2455 ‹
2117 2391 2286 2458 ιιιιιῐιι
2308 2393 2589 2459 brachium
2625 2422 2644 2457 ι
2680 2392 2765 2459 εει
2795 2423 2830 2457 ,ι
2872 2420 2993 2460 cum
3022 2392 3283 2476 potentia,
3323 2426 3340 2458 ι
3387 2407 3438 2460 id

1875 2492 1979 2559 est,
2036 2501 2160 2550 tuus
2195 2494 2364 2550 Filius
2391 2503 2478 2549 est
2505 2509 2628 2550 cum
2656 2493 2960 2559 elﬁcientia,
3009 2497 3134 2563 quia
3171 2495 3305 2567 nihil
3333 2511 3443 2550 sua:

1876 2589 2137 2645 voluntati
2164 2597 2339 2658 potest
2369 2589 2638 2643 resistere.
2687 2587 2800 2653 Vel,
2832 2606 2850 2639 ι
2887 2587 3102 2643 Thabor
3124 2597 3178 2642 et
3203 2587 3438 2643 ilermon

1875 2681 2240 2746 exsultabunt,
2265 2699 2283 2732 ι
2302 2681 2354 2735 id
2371 2687 2472 2747 est,
2489 2696 2610 2735 cum
2636 2679 2996 2735 exsultatione
3019 2679 3444 2750 pronuntiabunt

1875 2781 2028 2826 tuum
2074 2771 2377 2836 brachium,
2420 2771 2472 2824 id
2517 2779 2619 2834 est,
2649 2769 2840 2824 Filium
2870 2778 3043 2830 tuum,
3089 2770 3444 2840 intelligentes

1875 2863 2024 2918 illum
2069 2878 2191 2920 esse
2245 2877 2368 2917 cum
2415 2861 2674 2932 potentia,
2699 2869 2754 2915 et
2797 2862 2899 2916 hoc
2940 2862 3006 2916 ad
3035 2861 3242 2916 laudem
3274 2871 3438 2924 tuam,

1876 2953 2082 3009 scilicet
2102 2953 2156 3008 in
2178 2953 2395 3008 nomine
2417 2960 2508 3006 tuo
2531 2951 2866 3007 exsultando.
2888 2950 3444 3022 Thaborinterpreta-

1875 3057 1964 3103 tur
2007 3047 2231 3101 veniens
2269 3045 2477 3105 lumen.
2511 3060 2608 3116 per
2654 3046 2797 3116 quod
2841 3045 3009 3101 Judaei
3048 3047 3442 3117 signiﬁcantur,

1881 3138 2023 3192 inter
2055 3149 2191 3206 quos
2221 3135 2373 3205 prius
2418 3135 2567 3188 venit
2614 3134 2813 3200 lumen,
2851 3135 2992 3204 quod
3047 3144 3130 3190 est
3170 3135 3440 3192 Christus.

212 3231 319 3284 nes
355 3215 640 3281 virtutibus
680 3215 989 3270 coelestibus
1030 3213 1251 3269 similes.
1303 3214 1437 3268 Cum
1481 3214 1626 3267 enim
1679 3215 1776 3268 das
1803 3188 1846 3248 C
1878 3188 2115 3280 Hel-mo};
2157 3188 2545 3294 ίηίενρι-ειειω-
2584 3188 2893 3291 anathema],
2929 3242 3027 3296 ροι-
3067 3226 3210 3297 quod
3243 3228 3441 3284 intem-

213 3307 420 3369 homini
463 3306 851 3375 plenitudinem
879 3305 1143 3368 scientire,
1184 3303 1320 3358 facis
1365 3304 1596 3357 similem
1626 3319 1777 3358 sera-

213 3396 381 3466 phim.
413 3393 691 3458 Similiter,
714 3409 812 3463 per
837 3400 1062 3454 caateras
1089 3391 1316 3446 virtutes
1337 3390 1440 3445 sibi
1470 3392 1645 3455 datas,
1675 3406 1780 3445 εξε-

214 3483 350 3538 tcris
398 3482 674 3535 ordinibus
723 3480 969 3533 homines
1017 3478 1520 3550 similesreddunt,
1565 3488 1620 3536 et
1659 3479 1780 3536 ideo

222 3592 242 3622 ι
277 3573 400 3639 quis
441 3571 633 3625 similis
681 3568 812 3622 tibi?
842 3567 1087 3642 igNullus
1115 3569 1330 3636 utique;
1361 3576 1414 3621 tu
1451 3569 1594 3624 enim
1625 3586 1643 3618 ι
1687 3585 1781 3638 po-

221 3672 341 3716 tens
365 3675 444 3725 es,
478 3659 723 3728 Domine,
760 3679 778 3712 ι
809 3673 874 3723 ex
917 3668 968 3714 te
992 3659 1127 3724 solo,
1154 3673 1253 3719 nec
1278 3659 1470 3729 aliquis
1496 3662 1657 3718 habet
1683 3678 1780 3731 po-

219 3749 468 3814 tentiam,
500 3749 603 3803 nisi
627 3757 818 3818 perte.
848 3767 866 3799 t
906 3747 974 3802 Et
1009 3748 1210 3804 veritas
1237 3757 1326 3803 tua
1362 3767 1381 3802 ι
1421 3758 1506 3805 est
1538 3741 1642 3805 «in
1669 3752 1780 3806 cir-

216 3839 367 3893 cuitu
415 3849 504 3893 tuo
555 3857 574 3889 ι
606 3838 658 3890 in
691 3838 884 3906 quibus
930 3846 1034 3892 tuae
1074 3838 1462 3908 promissiones
1501 3840 1782 3909 completa:

215 3937 364 3994 sunt,
390 3938 612 3998 apparet
638 3928 778 3996 quod
807 3943 970 3982 verax
999 3943 1059 3983 es
1081 3929 1132 3982 in
1160 3929 1461 3998 promissis.
1503 3930 1612 3993 Vel,
1641 3915 1781 3986 veri-

216 4029 303 4075 tas
329 4028 418 4074 tua
449 4027 533 4074 est
562 4019 615 4072 in
648 4019 877 4074 circuitu
907 4028 1017 4083 tuo,
1049 4019 1174 4089 quia
1204 4034 1328 4074 cum
1352 4035 1459 4074 non
1489 4020 1691 4076 habeas
1726 4022 1778 4075 in

215 4110 444 4180 circuitu
469 4117 524 4174 et
558 4107 818 4162 famulatu
847 4116 958 4174 tuo,
993 4108 1098 4163 nisi
1126 4124 1220 4164 eos
1257 4109 1350 4178 qui
1379 4125 1600 4165 veraces
1632 4120 1778 4175 sunt,

215 4209 440 4271 apparet
463 4209 514 4256 te
545 4217 791 4274 veracem
819 4216 1021 4271 esse,.a
1046 4217 1152 4271 quo
1183 4211 1329 4256 tanta
1360 4201 1560 4258 familia
1582 4205 1781 4260 verita-

216 4302 323 4355 tem
355 4292 575 4363 recepit.

289 4381 426 4437 Vere
452 4398 510 4438 es
535 4391 746 4455 potens,
772 4383 896 4454 quia
923 4401 940 4434 ι
975 4393 1030 4438 ιιι
1059 4385 1354 4441 dominaris
1380 4389 1633 4457 potestati
1661 4403 1778 4447 ma—

215 4476 313 4540 ris,
344 4484 544 4549 motum
573 4485 750 4549 autem
773 4475 1029 4547 ﬂuctuum
1059 4477 1174 4547 ejus
1202 4489 1255 4534 tu
1278 4481 1511 4552 mitigas,
1551 4503 1569 4534 ι
1605 4484 1670 4537 ad
1692 4483 1778 4537 lit-

217 4576 423 4632 teram;
467 4565 550 4622 vel
582 4567 654 4620 ita
691 4567 758 4621 ad
797 4567 1100 4638 allegoriam
1133 4588 1144 4623 :
1190 4589 1208 4622 ι
1239 4570 1317 4623 Tu
1350 4572 1647 4626 dominaris
1683 4589 1777 4642 po-

217 4656 400 4711 testati
446 4656 638 4721 maris,
677 4675 696 4709 »
747 4657 799 4711 id
827 4666 931 4721 est,
967 4659 1259 4726 potentiam
1294 4658 1450 4727 hujus
1495 4663 1696 4726 saeculi,
1722 4664 1775 4718 in

213 4762 324 4816 quo
351 4747 544 4810 nullus,
585 4747 689 4815 nisi
721 4758 772 4802 te
795 4751 1158 4817 permittente,
1186 4759 1362 4820 potest
1392 4752 1591 4821 aliquid
1630 4744 1784 4808 miti-~

211 4853 345 4909 gare
378 4848 636 4905 «motum
682 4839 936 4895 ﬂuctuum
975 4842 1111 4911 ejus,
1151 4861 1170 4894 ι
1221 4843 1274 4896 id
1305 4852 1410 4907 εει,
1451 4844 1776 4900 seditionum

209 4945 336 4999 quae
363 4938 648 4984 moventur
668 4931 740 4993 in
769 4931 998 4996 mundo;
1045 4950 1066 4981 ι
1096 4942 1149 4986 ιιι
1185 4933 1420 5002 mitigas,
1453 4953 1473 4986 ι
1521 4934 1645 4989 licet
1671 4952 1776 4990 non

209 5035 438 5092 prorsus
471 5019 708 5076 auferas.
734 5021 1018 5092 Reliquisti
1055 5024 1199 5077 enim
1234 5025 1438 5078 sanctis
1462 5026 1566 5079 tuis
1597 5015 1785 5094 perse-I

209 5110 478 5175 cutiones,
503 5111 572 5164 ad
596 5127 780 5166 eorum
807 5115 1196 5183 probationem.
1226 5114 1306 5169 Ad
1333 5116 1598 5171 litteram:
1621 5117 1779 5173 Chri-

210 5209 332 5256 stus
353 5215 504 5255 mare
523 5202 806 5274 mitigavit,
833 5205 1068 5274 quando,
1097 5221 1323 5276 surgens
1349 5207 1414 5261 de
1443 5207 1565 5260 navi
1590 5207 1642 5261 in
1670 5225 1777 5278 qua

210 5294 534 5359 dormiebat,
562 5295 845 5363 imperavit
868 5297 1044 5352 ventis
1065 5305 1124 5355 et,
1141 5297 1296 5351 mari.

289 5400 310 5436 ι
342 5382 421 5437 Tu
449 5383 765 5437 humiliasti.
809 5405 826 5436 ι
857 5384 960 5438 Per
983 5386 1083 5441 hoc
1107 5387 1250 5440 enim
1279 5395 1506 5456 apparet
1541 5389 1775 5458 potentia

210 5485 327 5537 tua,
353 5473 514 5536 Deus,
545 5473 670 5542 quia
706 5482 760 5527 tu
801 5474 1092 5529 humiliasti
1130 5475 1428 5544 dejiciendo
1455 5477 1522 5531 de
1556 5479 1692 5532 caelo
1720 5479 1774 5532 in

210 5565 358 5619 hanc
383 5564 690 5619 inferiorem
722 5565 866 5620 aeris
897 5584 915 5616 ι
971 5569 1281 5636 superbum,
1320 5589 1337 5621 ι
1372 5569 1426 5624 id
1460 5578 1562 5633 εει,
1593 5570 1776 5625 diabo-

210 5656 345 5718 lum,
374 5655 466 5725 qui
494 5655 836 5726 singulariter
870 5660 1134 5727 superbus
1167 5668 1272 5724 est,
1301 5677 1320 5711 t
1358 5660 1499 5715 sicut
1522 5661 1772 5715 vulnera-

210 5756 348 5803 tum.
381 5745 426 5807 ’ρ
496 5746 817 5806 Vulneratus
870 5750 968 5806 fuit
995 5751 1256 5818 diabolus,
1309 5753 1520 5822 quando
1569 5752 1686 5808 luce
1722 5762 1775 5809 et

1879 3325 2078 3386 guntur
2143 3316 2389 3385 gentiles,
2443 3315 2555 3385 qui,
2595 3316 2810 3386 cognito
2861 3315 3098 3382 Christo,
3156 3319 3442 3374 anathema

1881 3391 2132 3461 dixerunt
2152 3406 2377 3460 diabolo.

1951 3496 2082 3550 Dico
2125 3495 2342 3551 Thabor
2381 3507 2436 3552 et
2487 3498 2722 3554 Hermon
2764 3509 2848 3556 est
2892 3517 3012 3556 cum
3067 3503 3343 3572 potentia,
3393 3513 3446 3558 et

1887 3606 1904 3636 ι
1939 3602 2130 3641 manus
2157 3597 2267 3651 tua,
2306 3606 2325 3640 ο
2363 3589 2416 3643 id
2444 3599 2546 3656 est,
2586 3594 2830 3661 operatio
2859 3593 3001 3647 illius
3027 3593 3256 3660 brachii,
3303 3596 3446 3649 velut

1883 3677 1935 3728 in
1963 3675 2314 3730 conversione
2359 3676 2620 3731 malorum
2649 3681 2716 3733 ad
2747 3680 2906 3734 ﬁdem
2951 3699 2969 3730 ‹
3009 3682 3272 3749 ﬁrmetur,
3330 3704 3347 3735 ι
3389 3696 3447 3738 ιιι

1881 3779 1974 3819 eos
1995 3765 2268 3834 injustitia
2297 3765 2509 3835 ﬁdeque
2538 3767 2866 3835 corroboret,
2893 3779 2947 3824 et
2975 3789 2992 3823 t
3025 3771 3246 3826 dextera
3272 3781 3382 3834 tua,
3423 3793 3440 3823 ι

1883 3852 1937 3906 id
1986 3861 2094 3918 est,
2123 3853 2214 3908 illa
2260 3857 2532 3924 potentior
2559 3859 2823 3927 operatio,
2858 3860 3063 3916 scilicet
3097 3862 3150 3915 in
3184 3863 3447 3934 justiﬁea-

1883 3944 2026 4000 tione
2051 3952 2104 3999 et
2129 3944 2456 4014 perfectione
2477 3946 2768 4016 justorum,
2802 3973 2820 4002 ‹
2869 3953 3152 4019 exaltetur,
3193 3973 3210 4006 ι
3261 3955 3313 4009 id
3341 3964 3444 4021 est,

1882 4049 2049 4116 usque
2093 4035 2160 4090 ad
2208 4037 2403 4092 ctelum
2449 4039 2708 4108 perducat
2751 4056 2844 4096 eos
2890 4062 2908 4092 ‹
2945 4043 3152 4119 justitia
3207 4053 3261 4099 et
3291 4047 3439 4116 judi-

1880 4122 2020 4179 cium
2054 4140 2070 4179 :
2108 4145 2126 4176 ι
2153 4127 2385 4210 scilicet,
2413 4144 2536 4184 cum
2558 4130 2804 4188 homines
2827 4134 3083 4189 videbunt
3114 4120 3166 4191 te
3188 4137 3334 4206 juste
3354 4138 3446 4206 ju-

1879 4216 2082 4282 dicare,
2114 4218 2222 4272 erit-
2248 4237 2266 4268 ι
2299 4222 2622 4288 pneparatio
2657 4224 2799 4298 sedis
2826 4232 2949 4288 tute,
2992 4243 3010 4278 ι
3040 4229 3164 4296 quia
3200 4238 3328 4298 tunc
3357 4248 3447 4285 co-

1880 4297 2141 4374 gnoscent
2167 4307 2219 4361 in
2243 4309 2437 4377 quibus
2460 4310 2554 4365 tibi
2579 4297 2758 4366 sedem
2783 4310 3122 4384 prteparasti.

1951 4394 2028 4449 lbi
2062 4396 2168 4449 erit
2200 4395 2406 4463 justitia
2437 4407 2492 4452 ct
2533 4399 2814 4466 judicium,
2839 4402 3054 4458 interim
3087 4392 3263 4462 autem
3290 4429 3307 4460 ‹
3341 4412 3444 4464 mi-

1883 4485 2173 4540 sericordia
2209 4496 2264 4541 et
2296 4488 2517 4553 veritas,
2559 4509 2575 4540 ι
2607 4491 2659 4544 id
2681 4499 2784 4566 est,
2818 4494 3065 4566 remissio
3101 4507 3444 4566 peccatorum

1880 4585 1935 4629 et
1959 4575 2063 4630 alia
2090 4575 2349 4631 beneﬁcia
2379 4593 2476 4646 per
2499 4565 2918 4658 misericordiam
2949 4563 3003 4640 et
3031 4563 3443 4656 promissionem

1882 4666 2024 4731 data,
2060 4686 2077 4716 ι
2118 4664 2427 4736 praecedenti
2455 4667 2645 4723 faciem
2691 4679 2836 4726 tuam
2869 4692 2886 4724 ι
2915 4683 2974 4728 ut
3001 4690 3098 4744 per
3127 4677 3241 4733 haec
3284 4679 3446 4734 bene-

1881 4759 2001 4814 ﬁcia
2045 4760 2504 4843 praevenientiate
2527 4747 2764 4817 futurum
2788 4764 3021 4834 iudicem
3053 4769 3216 4841 aliqui
3240 4788 3447 4843 prtepa-

1882 4861 2086 4914 rentur,
2114 4851 2204 4919 qui
2233 4866 2355 4904 cum
2385 4851 2574 4907 electis
2599 4853 2651 4906 in
2677 4852 2880 4921 judicio
2909 4857 3204 4926 salventur,
3229 4871 3283 4916 et
3317 4866 3443 4932 quia

1881 4939 2250 4993 misericordia
2283 4950 2335 4995 et
2363 4941 2563 4995 veritas
2609 4945 2930 5013 praecedant,
2969 4948 3088 5002 ideo
3125 4967 3143 4998 ‹
3197 4950 3382 5005 beatus
3422 4973 3439 5002 ›

1879 5039 1962 5085 εει
1999 5050 2016 5080 ε
2062 5031 2286 5101 p0pulus
2318 5034 2407 5102 qui
2447 5034 2549 5088 scit
2586 5055 2604 5086 ›
2658 5037 2796 5092 hanc
2841 5058 2858 5089 ι
2894 5038 3288 5108 jubilationem,
3341 5062 3360 5094 ι
3391 5044 3442 5097 id

1879 5132 1983 5184 est,
2016 5121 2107 5189 qui
2152 5120 2416 5176 iueﬁ‘abile
2451 5124 2700 5191 gaudium
2751 5127 2845 5181 Dei
2892 5128 3143 5196 concipit,
3179 5128 3250 5183 ita
3299 5133 3442 5200 quod

1881 5211 1983 5265 hoc
2025 5211 2187 5265 faciat
2232 5214 2583 5278 conscientia,
2633 5217 2840 5272 scilicet
2884 5217 3096 5275 laudem
3133 5221 3233 5276 sibi
3287 5225 3442 5277 attri-

1879 5300 2068 5365 buens,
2109 5310 2166 5355 et
2191 5303 2505 5358 rationabile
2530 5294 2846 5376 obsequium
2873 5309 3010 5364 bene
3037 5292 3368 5367 discernens.

1950 5389 2095 5446 Bene
2125 5391 2248 5446 dico
2274 5393 2484 5460 beatus,
2513 5397 2660 5464 quia,
2687 5411 2720 5450 ο
2745 5415 2763 5446 ι
2803 5396 3049 5465 Domine,
3090 5421 3107 5452 ι
3152 5401 3224 5456 illi
3257 5421 3275 5452 ι
3321 5419 3436 5458 am-

1878 5482 2141 5538 bulabunt
2164 5485 2217 5540 in
2249 5485 2448 5541 lumine
2492 5489 2567 5542 tui
2597 5488 2796 5554 vultus,
2855 5510 2871 5540 ι
2907 5490 2959 5544 id
2986 5500 3088 5557 est,
3137 5493 3440 5562 cognitione

1879 5573 1996 5628 Filii
2027 5576 2124 5641 tui,
2152 5577 2242 5645 qui
2281 5586 2402 5632 tuus
2429 5578 2626 5634 dicitur
2653 5579 2853 5646 vultus,
2889 5583 3010 5652 quia
3053 5598 3148 5653 per
3174 5599 3296 5639 eum
3328 5585 3441 5654 ipse

1879 5667 2238 5735 cognosceris.
2277 5687 2293 5719 ι
2325 5669 2392 5722 Et
2413 5669 2755 5724 cxsultabunt
2779 5680 2886 5724 tota
2912 5673 3016 5738 die,
3047 5695 3061 5723 ι
3095 5675 3143 5729 id
3166 5685 3268 5738 cst,
3299 5676 3436 5731 assi-

1880 5756 1996 5819 due,
2025 5765 2078 5810 ει
2112 5777 2128 5809 ‹
2157 5758 2208 5811 in
2233 5759 2446 5813 nomine
2475 5768 2564 5814 tuo
2597 5783 2612 5809 ε
2641 5761 3007 5828 gloriﬁcando,
3035 5785 3050 5808 α
3086 5775 3139 5820 ει
3166 5786 3185 5818 ι
3224 5767 3431 5824 tandem
