3940 6516
505 406 611 462 499

966 409 1320 466 IIAYMONIS
1359 410 1830 467 IIALBERSTAT.
1873 412 2056 467 EPISC

2169 411 2272 466 PP.
2314 410 2490 466 PARS
2527 411 2568 465 Ι.
2608 443 2676 452 -
2704 412 3057 470 COMMENT.
3095 415 3264 472 BIBL.

510 541 527 569 ι
571 520 952 576 cxaltabuntur
981 521 1030 576 in
1061 523 1267 591 justitia
1295 532 1404 587 tua,
1443 543 1460 572 ι
1491 524 1701 590 quando
1747 524 2065 578 obtinebunt
2090 525 2141 585 Α
2239 522 2306 576 Ει
2333 537 2432 591 per
2463 523 2577 577 haec
2603 525 2782 577 omnia
2817 543 2834 576 ι
2871 523 3149 582 concidam
3181 528 3426 584 inimicos
3447 527 3581 597 ejus,
3613 550 3630 582 ›
3653 547 3702 586 ut
3795 512 3799 566 λ

505 629 725 683 regnum
755 609 973 668 caeleste
1000 629 1094 682 per
1125 614 1384 683 justitiam
1412 630 1570 683 quam
1604 624 1658 668 tu
1688 616 1765 669 eis
1787 615 1999 670 dedisti.

572 702 696 756 Ideo
723 702 1120 767 exaltabuntur,
1161 723 1179 753 ε
1204 705 1455 771 quoniam
1483 714 1535 757 tu
1568 720 1628 759 es
1658 705 1822 772 gloria
1849 705 2062 758 virtutis

501 807 713 857 eorum,
748 809 768 844 ι
804 792 858 847 id
876 801 980 856 est,
1013 793 1128 857 tibi,
1157 808 1261 848 non
1290 794 1412 857 sibi,
1442 793 1695 848 virtutem
1723 810 1874 848 suam
1911 795 2063 848 attri-

499 882 694 947 buunt,
725 891 779 936 et
823 888 899 946 te,
933 898 1036 936 non
1074 899 1151 948 se,
1192 892 1446 952 reputant
1487 884 1778 954 gloriosum
1813 906 1826 940 :
1857 898 1912 940 et
1939 887 2062 956 quia

506 972 594 1027 ille
619 973 710 1041 qui
737 971 971 1039 loquitur
1010 973 1256 1043 intelligit
1283 990 1342 1027 sc
1363 975 1428 1028 de
1450 990 1672 1028 numero
1709 975 1939 1039 illorum,
1973 991 2064 1044 po-

501 1064 582 1116 nit
621 1078 678 1117 se
711 1064 850 1116 inter
901 1079 994 1118 eos
1042 1066 1119 1118 sic
1165 1066 1389 1120 dicens:
1422 1066 1486 1119 Et
1527 1067 1646 1120 ideo
1680 1086 1698 1115 ι
1752 1083 1918 1122 cornu
1970 1083 2065 1122 no-

496 1164 686 1220 strum,
725 1175 744 1205 ι
777 1155 829 1209 id
855 1164 958 1218 est,
989 1157 1246 1211 fortitudo
1275 1167 1454 1213 nostra
1496 1178 1512 1206 ι
1549 1155 1891 1222 exaltabitur,
1955 1180 1972 1210 ι
2010 1159 2061 1213 id

495 1253 597 1308 est,
653 1254 938 1300 excrescet
970 1265 988 1295 ι
1033 1247 1084 1298 in
1124 1247 1459 1315 beneplacito
1489 1257 1596 1310 tuo,
1650 1267 1668 1298 ι
1725 1248 1778 1302 id
1812 1257 1915 1311 est,
1966 1265 2063 1318 per

492 1333 688 1389 Filium
737 1344 911 1400 tuum,
951 1337 1002 1390 in
1033 1353 1139 1406 quo
1175 1338 1270 1391 tibi
1311 1339 1448 1393 bene
1483 1339 1806 1408 complacuit
1843 1339 2058 1409 (Matth.

492 1426 599 1498 In).

563 1519 745 1575 Cornu
793 1519 915 1576 dico
962 1520 1303 1586 exaltabitur,
1349 1523 1477 1592 quia
1530 1521 1775 1577 Christus
1823 1531 2060 1576 assumet

494 1616 737 1664 nostram
788 1609 1198 1676 humanitatem,
1253 1629 1349 1682 per
1395 1629 1555 1682 quam
1607 1624 1790 1668 nostra
1847 1628 2061 1682 quoque

494 1700 825 1755 exaltabitur
868 1700 1204 1767 humanitas;
1237 1711 1292 1756 et
1326 1705 1427 1757 hoc
1456 1713 1537 1758 est
1577 1722 1588 1756 :
1637 1723 1656 1754 ι
1693 1704 1818 1772 quia
1847 1703 2060 1758 Domini

493 1798 578 1844 est
623 1793 920 1861 assumptio
968 1799 1170 1853 nostra,
1214 1813 1231 1844 ι
1259 1793 1312 1847 id
1361 1802 1462 1857 est,
1517 1793 1776 1851 Dominus
1821 1802 2059 1848 assumet

495 1897 714 1937 carnem
759 1891 999 1938 nostram
1039 1901 1052 1937 :
1084 1893 1140 1939 et
1170 1885 1321 1955 cujus
1352 1885 1564 1938 Domini
1597 1884 1942 1946 determinat,
1982 1885 2062 1937 di-
2088 1863 2138 1922 Β

491 1989 621 2030 εεηε
649 1995 662 2029 :
697 1993 715 2024 ι
747 1983 802 2029 ει
825 1975 998 2030 sancti
1027 1975 1215 2039 Israel,
1258 1996 1275 2026 ι
1304 1976 1358 2029 id
1383 1984 1488 2038 est,
1520 1974 1662 2028 illius
1695 1974 1787 2042 qui
1817 1973 2059 2027 sanctiﬁ-

491 2071 580 2116 cat
606 2063 793 2127 Israel,
835 2065 937 2117 hoc
958 2072 1060 2126 est,
1085 2064 1311 2128 Christi,
1344 2065 1459 2117 sine
1479 2079 1586 2131 quo
1608 2062 1784 2116 nullus
1814 2062 2057 2117 sanctiﬁ-

491 2160 646 2207 catus
687 2151 870 2216 fuerit,
899 2151 1108 2207 scilicet
1149 2172 1166 2201 ι
1206 2152 1347 2222 regis
1378 2151 1568 2214 nostri,
1605 2170 1622 2200 ι
1657 2149 1711 2204 id
1746 2159 1848 2217 est,
1892 2151 2061 2221 ipsius

491 2241 717 2307 Christi,
750 2244 841 2312 qui
880 2258 978 2298 nos
1004 2243 1055 2296 in
1080 2241 1288 2311 justitia
1313 2243 1466 2311 regit.

567 2353 585 2386 ‹
635 2333 784 2394 Tunc
805 2334 1033 2390 locutus.
1067 2354 1084 2386 ι
1120 2334 1251 2388 Pars
1295 2337 1469 2388 tertia.
1509 2334 1798 2404 Postquam
1825 2333 2060 2388 ostendit

489 2426 788 2497 potentiam
820 2426 965 2491 Filii,
1000 2426 1238 2485 ostendit
1275 2426 1660 2495 promissiones
1691 2426 1861 2478 factas
1895 2423 2056 2488 Filio,

489 2529 585 2583 per
627 2530 762 2584 quas
806 2515 1187 2584 comprobatur
1225 2515 1462 2584 potentia
1519 2515 1828 2584 supradicta
1891 2513 2057 2582 ipsius

489 2605 630 2659 Filii.
689 2604 1033 2659 Continuatio
1078 2623 1092 2660 :
1144 2604 1224 2658 Tu
1257 2603 1463 2668 dixisti,
1516 2601 1884 2656 misericordia
1922 2601 2056 2655 mihi

489 2696 846 2752 tediﬁcabitur
897 2697 952 2749 in
1000 2695 1172 2757 εωιὶε,
1223 2703 1278 2749 ει
1331 2710 1438 2748 non
1480 2701 1631 2749 notat
1680 2700 1913 2761 tempus,
1962 2690 2056 2745 sed

494 2808 512 2837 ι
552 2795 699 2850 ιιιηε,
755 2806 772 2838 ι
808 2786 859 2840 id
901 2794 1001 2848 est,
1053 2785 1320 2850 similiter,
1347 2785 1506 2840 sicuti
1537 2792 1590 2839 et
1620 2783 1751 2838 mihi
1792 2802 1810 2834 ι
1843 2782 2057 2838 locutus

490 2891 552 2932 es
586 2895 604 2926 ι
638 2875 757 2930 aliis
783 2894 800 2926 ι
840 2877 1044 2930 sanctis
1067 2875 1172 2929 tuis
1192 2876 1244 2928 in
1271 2875 1494 2940 visione,
1535 2893 1553 2926 ι
1587 2874 1642 2929 id
1668 2881 1769 2938 est,
1793 2873 1846 2927 in
1877 2872 2057 2942 aliqua

494 2964 759 3034 spirituali
791 2965 1145 3028 revelatione,
1182 2985 1198 3015 ι
1241 2965 1447 3029 dixisti,
1481 2984 1499 3016 ›
1531 2964 1584 3019 id
1619 2971 1723 3027 est,
1761 2978 1858 3031 per
1882 2961 2053 3032 inspi-

492 3059 754 3113 rationem
787 3058 868 3112 eis
900 3056 1184 3122 revelasti;
1221 3059 1322 3111 hoc
1353 3056 1557 3112 scilicet
1589 3074 1600 3109 :
1639 3074 1657 3106 ι
1710 3055 1872 3111 Posui
1907 3051 2056 3121 adju-

493 3149 687 3203 torium
709 3163 886 3206 meum
907 3149 961 3202 in
991 3157 1229 3218 potente,
1267 3168 1285 3199 ι
1311 3149 1363 3202 id
1393 3156 1476 3203 est
1496 3149 1549 3202 in
1577 3147 1733 3212 Filio,
1759 3162 1917 3218 quem
1948 3147 2054 3202 tuis

497 3238 748 3294 ﬁdelibus
787 3237 1085 3308 adjutorcm
1113 3239 1460 3304 constituisti,
1488 3259 1506 3290 ε
1537 3247 1592 3293 ει
1619 3259 1637 3291 ›
1684 3239 1858 3308 ipsum
1891 3259 1908 3290 ι
1939 3237 2054 3292 ele-

493 3337 639 3384 ctum
662 3328 728 3384 de
749 3329 903 3400 plebe
932 3345 1071 3393 mea,
1113 3350 1128 3380 ι
1164 3330 1288 3399 quia
1326 3330 1466 3384 inter
1487 3345 1674 3384 omnes
1701 3328 1834 3384 alios
1872 3329 2054 3384 ﬁdeles

491 3421 607 3490 ipse
653 3421 842 3475 melior
871 3419 994 3486 fuit,
1033 3421 1157 3490 quia
1186 3422 1237 3474 in
1279 3435 1344 3474 eo
1371 3429 1649 3490 peccatum
1679 3420 1898 3474 omnino
1946 3434 2054 3472 non

491 3509 612 3574 fuit,
650 3529 668 3562 ι
713 3511 964 3578 exaltavi,
1004 3530 1022 3564 ›
1054 3512 1107 3566 id
1131 3519 1233 3576 est,
1262 3509 1508 3565 cxaltabo
1542 3510 1606 3564 de
1639 3510 1838 3563 virtute
1864 3509 1918 3570 in
1949 3509 2056 3562 vir-

497 3607 690 3666 tutem,
727 3609 781 3655 et
803 3616 970 3671 usque
995 3600 1062 3654 ad
1092 3601 1366 3658 dexteram
1393 3615 1564 3655 meam
1587 3599 1946 3671 perducendo.

563 3690 676 3746 Hoc
702 3692 883 3747 dixisti
922 3713 935 3746 ;
991 3711 1008 3744 ι
1043 3691 1222 3746 inveni
1253 3691 1438 3755 David,
1497 3711 1514 3742 ι
1553 3690 1605 3744 id
1654 3699 1736 3745 est
1780 3689 2054 3744 Christum

487 3780 686 3854 ipsum,
723 3801 741 3834 ‹
787 3797 998 3837 servum
1041 3797 1219 3838 meum
1256 3801 1274 3834 ι
1313 3780 1544 3846 ﬁdelem,
1582 3779 1752 3850 quiin
1792 3778 1938 3834 nullo
1968 3793 2056 3832 me

488 3876 720 3932 Jﬁ‘endet
767 3891 783 3931 :
823 3885 877 3932 et
931 3895 948 3927 ι
987 3891 1108 3931 eum
1173 3896 1191 3926 ι
1247 3876 1518 3930 inventum
1551 3893 1568 3925 ι
1609 3875 1734 3928 unxi
1779 3873 1899 3928 oleo
1935 3886 2055 3928 meo

488 3976 696 4032 sancto,
731 3986 749 4021 ι
785 3969 836 4022 id
870 3974 971 4030 est,
1005 3967 1207 4034 Spiritu
1231 3975 1436 4021 sancto.

564 4059 712 4114 Vere.
730 4058 859 4112 unxi
899 4057 1040 4121 oleo,
1069 4057 1209 4126 quod
1232 4065 1454 4126 apparet
1483 4071 1579 4125 per
1605 4057 1746 4110 hunc
1770 4054 2054 4119 eﬁ'ectum;

493 4172 513 4205 ι
551 4165 745 4206 manus
769 4148 913 4203 enim
938 4162 1080 4212 mea,
1120 4167 1138 4199 ι
1171 4147 1223 4201 id
1249 4155 1332 4201 est
1357 4161 1520 4216 opera
1550 4162 1690 4211 mea,
1727 4164 1744 4194 ι
1775 4144 2057 4199 auxiliabi-

487 4249 576 4296 tur
605 4239 655 4296 ei
691 4255 712 4290 ι
741 4237 810 4292 ad
856 4236 1205 4308 operandum,
1241 4254 1260 4287 ι
1295 4244 1349 4289 ει
1385 4235 1664 4290 brachium
1711 4249 1912 4297 meum,
1948 4252 1966 4284 ι
2002 4231 2058 4288 id

487 4340 590 4396 εει,
616 4328 857 4384 Verbum
893 4327 995 4398 ipsi
1025 4326 1344 4382 humanitati
1381 4326 1612 4388 unitum,
1657 4343 1676 4376 ι
1715 4323 2057 4379 conﬁrmabit

486 4435 646 4486 eum,
683 4437 703 4472 ›
729 4425 791 4474 ιιι
835 4418 966 4476 nulli
1013 4416 1370 4489 persecutioni
1417 4417 1598 4482 cedat,
1646 4415 1741 4470 sed
1786 4414 1965 4484 potius
1999 4413 2057 4471 in

489 4512 689 4566 virtute
717 4517 948 4566 crescat.

503 4659 508 4666 ,
552 4599 685 4655 Aliae
733 4597 1118 4668 promissiones
1165 4598 1260 4652 Dei
1301 4598 1367 4652 de
1411 4596 1549 4651 Filio
1597 4610 1718 4660 suo,
1769 4593 2050 4649 brachium

485 4699 635 4746 tuum
668 4691 1010 4748 conﬁrmabit
1053 4705 1196 4755 eum,
1226 4702 1280 4745 et
1321 4691 1440 4745 ideo
1473 4709 1491 4740 ί
1522 4689 1788 4751 inimicus,
1828 4707 1846 4738 ι
1875 4687 1926 4741 id
1951 4695 2054 4751 est,

488 4781 756 4845 diabolus,
813 4797 833 4830 ε
876 4779 1010 4834 nihil
1065 4780 1308 4849 proﬁciet
1343 4780 1395 4833 in
1447 4793 1514 4833 eo
1551 4797 1568 4830 ο
1619 4785 1678 4831 ut
1721 4793 1842 4831 cum
1885 4784 2054 4831 tentet

485 4886 629 4935 eum,
663 4868 825 4924 faciat
862 4884 984 4924 eum
1031 4886 1141 4924 suae
1185 4870 1519 4939 persuasioiii
1565 4869 1908 4923 consentire:
1937 4886 1955 4917 ι
2001 4875 2054 4921 ει

487 4960 629 5016 ﬁlius
656 4959 997 5032 ‘iniquitatis,
1053 4980 1072 5011 ›
1123 4959 1175 5014 id
1205 4969 1307 5024 est,
1335 4961 1446 5029 ipse
1473 4959 1737 5022 diabolus,
1760 4956 1850 5026 qui
1888 4972 2053 5026 appo-

486 5054 596 5109 snit
629 5062 687 5107 ut
726 5062 980 5119 tentaret,
1016 5072 1034 5104 ‹
1090 5067 1197 5105 non
1230 5062 1462 5121 apponet
1490 5067 1682 5106 nocere
1726 5066 1869 5115 eum,
1926 5069 1944 5102 ›
1997 5049 2052 5104 id
2113 5100 2116 5104 Α

487 5154 603 5210 εει,
650 5153 711 5200 ut
759 5144 921 5200 faciat
969 5158 1091 5199 eum
1122 5152 1439 5206 nocentem,
1469 5142 1674 5196 scilicet
1719 5149 1776 5193 ut
1825 5141 2052 5195 tentatio

487 5234 654 5306 ipsius
681 5233 736 5289 in
784 5232 1001 5289 Christo
1042 5231 1291 5287 effectum
1337 5231 1560 5294 habeat;
1588 5230 1670 5282 vel
1703 5229 1878 5292 aliter,
1912 5229 2051 5284 ﬁlius

488 5328 808 5398 iniquitatis,
839 5328 927 5397 qui
961 5327 1130 5381 voluit
1150 5338 1344 5379 nocere
1364 5323 1597 5386 Christo,
1626 5322 1917 5390 aliquando
1943 5337 2050 5375 non

488 5425 720 5488 apponet
757 5432 878 5476 cum
906 5417 1026 5471 aliis
1052 5413 1435 5470 tentationibus
1463 5427 1596 5480 quas
1622 5412 1669 5465 ei
1693 5411 1916 5475 fecerat,
1954 5427 2051 5466 no-

489 5518 614 5560 cere
659 5519 808 5570 eum,
855 5503 905 5557 id
935 5513 1040 5568 est,
1081 5518 1179 5558 nec
1226 5501 1446 5556 audebit
1489 5508 1694 5554 tentare
1719 5499 2052 5564 cum,veluti

488 5605 614 5665 post
655 5595 1102 5651 resurrectionem
1155 5607 1482 5664 cognoscens
1531 5606 1652 5643 eum
1689 5605 1814 5643 vere
1857 5589 2051 5644 Filium

488 5684 610 5748 Dei,
654 5686 794 5742 nullo
827 5687 983 5744 modo
1035 5700 1196 5741 ausus
1239 5684 1336 5740 fuit
1371 5696 1696 5753 praesumere
1734 5691 1790 5735 ut
1823 5689 2056 5736 tentaret

490 5788 631 5828 eum.

2077 4544 2131 4604 D

2166 613 2254 681 qui
2284 614 2434 680 prius
2461 622 2618 667 erant
2644 613 2868 681 inimici,
2909 617 3018 670 sint
3046 619 3246 672 concisi
3283 627 3340 672 et
3371 620 3617 675 destructi
3646 623 3701 676 ab

2165 703 2466 766 inimicitia,
2521 711 2578 757 et
2633 703 2735 758 hoc
2785 721 2804 754 ι
2849 720 2877 759 a
2929 705 3066 762 facie
3117 710 3308 777 ipsius,
3358 730 3376 761 ι
3415 711 3464 763 id
3501 719 3597 773 est,
3622 729 3699 782 per

2164 794 2524 864 cognitionem
2555 795 2750 863 ipsius;
2785 797 2857 850 ita
2883 799 3136 865 loquitur,
3165 800 3315 867 quasi
3342 799 3411 854 de
3437 801 3610 870 aliquo
3629 804 3704 857 im-

2163 892 2412 954 peratore
2463 901 2494 938 a
2549 888 2702 956 cujus
2760 889 2896 942 facie
2946 888 3146 943 inimici
3196 890 3556 958 dissipantur;
3603 911 3621 942 ι
3662 906 3701 946 et

2163 975 2408 1030 odientes
2441 992 2564 1031 eum
2596 978 2648 1030 in
2680 979 2859 1049 fugam
2881 989 3213 1041 convertam,
3256 998 3273 1028 ι
3305 980 3358 1032 id
3381 990 3485 1041 est,
3515 991 3570 1032 ut
3599 983 3701 1036 vitia

2163 1082 2282 1135 quae
2306 1068 2454 1136 prius
2485 1070 2947 1139 amplectebantur
2971 1069 3083 1138 jam
3116 1070 3342 1139 fugiant,
3371 1080 3426 1125 et
3457 1072 3553 1140 ipsi
3575 1073 3704 1128 Chri-

2164 1166 2302 1209 stum
2332 1170 2643 1225 sequantur.

2235 1245 2301 1298 Et
2344 1247 2544 1301 veritas
2582 1263 2718 1312 mea,
2764 1256 2818 1303 et
2866 1249 3235 1302 misericordia
3286 1263 3408 1302 mea
3456 1250 3560 1303 erit
3607 1266 3705 1304 cum

2164 1335 2300 1405 ipso,
2336 1355 2354 1387 ‹
2395 1338 2520 1406 quia
2561 1339 2613 1391 in
2656 1340 2771 1406 ipso
2815 1348 2869 1392 et
2908 1339 3296 1393 misericordia:
3341 1340 3632 1403 dabuntur,
3668 1355 3709 1396 et

2161 1428 2547 1496 promissiones
2583 1427 2676 1482 Dei
2713 1442 2901 1483 omnes
2938 1429 3381 1498 complebuntur,
3418 1450 3436 1480 ι
3484 1439 3540 1483 ει
3566 1447 3708 1485 cornu

2163 1519 2298 1586 ejus,
2331 1540 2348 1570 ι
2372 1520 2424 1573 id
2445 1530 2549 1585 est,
2577 1519 2832 1575 fortitudo
2853 1519 3075 1584 Christi,
3096 1530 3150 1575 et
3173 1522 3502 1586 sublimitas,
3534 1542 3553 1572 ι
3588 1524 3713 1578 ωι-

2164 1609 2395 1672 labitur,
2438 1629 2455 1661 ι
2505 1610 2557 1664 id
2598 1620 2699 1673 est,
2745 1621 2953 1666 crescet
2997 1627 3210 1681 semper
3261 1612 3315 1665 in
3373 1613 3580 1679 majus;
3621 1617 3712 1678 vel,

2168 1716 2186 1748 ι
2227 1698 2570 1761 exaltabitur,
2632 1719 2650 1749 ι
2696 1700 2748 1753 id
2777 1708 2884 1764 εει,
2927 1700 3365 1755 manifestabitur
3416 1715 3518 1769 per
3568 1712 3715 1758 totum

2163 1790 2444 1852 mundum,
2479 1790 2655 1844 ethoc
2683 1808 2700 1840 ι
2736 1791 2790 1844 in
2820 1791 3038 1844 nomine
3061 1806 3180 1845 meo
3211 1810 3229 1842 ›
3261 1792 3592 1860 amplianda.

2240 1897 2258 1929 ς
2291 1879 2357 1932 Ει
2383 1894 2598 1948 ponam.
2630 1898 2648 1930 ι
2684 1879 2816 1933 Aliae
2832 1882 3216 1948 promissiones
3237 1882 3329 1936 Dei
3358 1882 3430 1936 de
3455 1881 3600 1936 Filio
3617 1899 3715 1937 suo.

2165 1967 2344 2023 Cornu
2379 1969 2494 2038 ejus
2513 1968 2862 2034 esaltabitur,
2887 1991 2904 2022 ‹
2930 1979 2982 2024 ει
3013 1991 3032 2022 ι
3057 1972 3275 2041 insuper
3309 1992 3326 2023 ι
3362 1988 3614 2034 manum,
3645 1976 3720 2028 »ἰὰ

2163 2067 2267 2123 εει,
2298 2059 2666 2127 operationem
2702 2079 2719 2110 ‹
2755 2061 2871 2129 ejus
2897 2076 3093 2130 ponam
3126 2062 3179 2116 in
3219 2063 3376 2125 mari,
3415 2082 3435 2114 ›
3467 2063 3523 2117 id
3557 2075 3653 2129 εει,
3678 2066 3721 2119 in

2162 2149 2585 2204 amaricantibus
2614 2149 2860 2205 fluctibus
2895 2151 3054 2220 hujus
3084 2153 3283 2217 surculi,
3313 2162 3370 2206 ut
3395 2170 3498 2223 per
3521 2171 3721 2210 manum

2162 2241 2331 2309 ipsius
2377 2249 2760 2296 convertantur
2802 2243 2888 2296 isti
2923 2259 2951 2296 a
2976 2260 3070 2298 sua
3104 2247 3504 2310 amaritudine,
3537 2267 3559 2297 ‹
3601 2257 3654 2302 et
3678 2252 3722 2303 ia

2163 2328 2498 2394 ﬂuminibus,
2536 2349 2554 2380 ι
2582 2331 2632 2384 id
2659 2338 2765 2393 est,
2800 2332 2852 2385 in
2877 2333 3032 2401 aquis
3057 2333 3304 2403 baptismi
3330 2351 3536 2404 ponam
3563 2357 3582 2387 ‹
3612 2339 3724 2391 dex-

2163 2429 2334 2475 teram
2363 2420 2498 2489 ejus,
2534 2439 2552 2472 »
2588 2421 2640 2476 id
2672 2430 2774 2487 εει,
2798 2424 3234 2493 propitiationem
3260 2427 3450 2495 ipsius,
3479 2436 3533 2482 et
3563 2431 3718 2498 potio-

2160 2524 2277 2564 rem
2313 2511 2702 2578 operationem,
2743 2513 2871 2582 quia
2927 2514 3000 2568 ibi
3034 2516 3212 2569 omnia
3264 2527 3491 2583 peccata
3539 2519 3719 2572 condo-

2158 2608 2375 2653 nantur.
2405 2599 2518 2664 Vel,
2565 2601 2619 2654 in
2650 2601 2978 2668 ﬂuminibus,
3021 2605 3072 2659 id
3127 2615 3211 2658 est
3266 2606 3318 2659 in
3371 2607 3714 2676 principibus,

2159 2705 2387 2760 quorum
2409 2706 2536 2745 cura
2561 2691 2676 2747 ﬁuit
2699 2695 2752 2748 in
2775 2696 3026 2766 populum
3071 2698 3208 2752 sicut
3235 2696 3459 2751 ﬁumina
3485 2699 3536 2750 in
3561 2715 3711 2758 mare.

2157 2781 2382 2847 scilicet,
2415 2799 2523 2838 non
2555 2793 2760 2838 tantum
2795 2794 3074 2840 convertet
3109 2788 3352 2856 Operatio
3379 2787 3585 2840 Christi
3629 2789 3712 2840 mi-

2157 2888 2320 2928 nores
2347 2872 2504 2942 hujus
2527 2875 2733 2938 mundi,
2767 2876 2860 2928 sed
2890 2876 3049 2929 etiam
3078 2876 3284 2945 aliquos
3309 2877 3374 2930 de
3409 2877 3708 2945 majoribus.

2227 2966 2344 3035 Ipse
2379 2966 2668 3020 invocavit.
2694 2966 2761 3020 Et
2787 2969 2982 3021 merito
3011 2969 3090 3023 sic
3111 2969 3378 3032 exaltabo,
3416 2978 3472 3022 et.
3505 2969 3706 3038 ampliﬁ-

2159 3053 2293 3108 cabo
2313 3053 2611 3119 Christum,
2641 3055 2764 3123 quia
2797 3075 2814 3105 ‹
2853 3055 3123 3110 invocavit
3148 3072 3234 3110 me
3269 3076 3287 3105 ι
3315 3056 3505 3110 dicens
3535 3074 3548 3108 :
3577 3076 3595 3106 ‹
3627 3056 3710 3109 Pa-

2164 3150 2247 3197 ter
2293 3157 2445 3197 meus
2485 3159 2544 3197 es
2575 3152 2652 3207 tu,
2685 3143 2826 3199 Deus
2855 3160 3022 3207 meus,
3057 3165 3074 3197 ι
3106 3145 3159 3199 id
3192 3155 3294 3210 est,
3323 3155 3541 3200 creator
3579 3161 3711 3200 meus

2160 3233 2454 3286 secundum
2481 3232 2894 3297 humanitatem,
2917 3254 2935 3285 c
2967 3245 3024 3290 et
3049 3243 3326 3304 susceptor
3361 3255 3380 3284 ›
3409 3250 3581 3297 meus,
3604 3237 3712 3304 quia

2158 3339 2291 3379 mete
2323 3324 2640 3378 humanitati
2678 3322 2910 3378 Verbum
2939 3326 3174 3387 univisti,
3214 3335 3266 3379 et
3307 3342 3403 3395 per
3427 3327 3534 3380 hoc
3568 3342 3712 3380 causa

2165 3435 2182 3465 ι
2219 3416 2409 3470 salutis
2436 3432 2591 3480 mem,
2647 3437 2663 3468 ι
2695 3417 2900 3471 scilicet
2930 3419 3281 3473 immanitatis
3309 3436 3336 3473 a
3363 3429 3611 3489 peccato,
3637 3436 3710 3474 re-

2157 3509 2526 3571 surrectionis,
2560 3523 2622 3562 ac
2646 3509 2808 3562 totius
2824 3508 3067 3576 jllSlIlIiD.

2229 3597 2347 3666 Ipse
2394 3599 2472 3652 sic
2517 3599 2803 3657 invocavit.
2854 3618 2872 3649 ‹
2931 3607 2984 3654 ει
3035 3614 3133 3669 ego
3167 3599 3600 3669 Primogcnitum
3630 3616 3714 3670 po—

2159 3703 2300 3751 nam,
2345 3709 2364 3744 ι
2397 3690 2448 3743 id
2478 3698 2581 3754 est,
2619 3697 2742 3743 ante
2771 3705 2957 3744 omnes
2989 3690 3120 3744 alios
3156 3692 3221 3744 ad
3264 3691 3714 3745 immortalitatem

2157 3777 2508 3840 resuscitabo,
2563 3788 2618 3832 et
2645 3795 2837 3848 ponam
2870 3800 2887 3829 ‹
2930 3780 3076 3834 illum
3103 3781 3382 3836 Excelsum
3424 3802 3442 3833 ι
3477 3782 3718 3835 donando

2159 3869 2222 3922 ad
2255 3869 2673 3934 confessionem,
2711 3890 2726 3920 ι
2758 3886 2869 3940 pra-3
2892 3871 3104 3941 regibus
3135 3882 3293 3927 terra:
3320 3892 3338 3925 ι
3367 3873 3434 3928 ad
3463 3873 3717 3935 litteram,

2155 3956 2238 4010 vel
2261 3956 2591 4026 allegoriam.

2227 4045 2294 4099 Et
2315 4061 2422 4100 non
2456 4054 2664 4100 tantum
2690 4047 2902 4102 Christo
2931 4048 3223 4103 secundum
3247 4047 3518 4118 propriam
3542 4061 3719 4116 perso-

2155 4150 2280 4190 nam
2303 4135 2494 4189 faciam
2526 4135 2644 4198 hoc,
2685 4139 2776 4191 sed
2805 4158 2822 4188 ‹
2859 4137 3086 4193 servabo
3120 4136 3192 4190 illi
3228 4157 3246 4187 ι
3280 4137 3332 4190 in
3363 4137 3475 4190 suis
3511 4155 3527 4185 ι
3567 4136 3722 4188 mise-

2155 4227 2444 4282 ricordiam
2493 4243 2688 4291 meam,
2741 4248 2760 4278 ι
2791 4229 2992 4283 ducens
3031 4243 3126 4284 eos
3166 4242 3262 4296 per
3302 4226 3721 4281 misericordiam

2162 4335 2180 4367 ι
2227 4317 2278 4370 in
2319 4323 2606 4382 mternum,
2653 4327 2707 4377 et
2759 4327 3140 4373 testamentum
3191 4333 3389 4383 meum,
3457 4337 3476 4368 ι
3526 4317 3580 4370 id
3617 4323 3719 4376 est,

2155 4416 2374 4476 pactum
2419 4423 2620 4473 meum,
2673 4417 2729 4462 et
2765 4408 3149 4476 promissiones
3179 4416 3331 4473 mete,
3378 4407 3481 4461 erit
3512 4426 3530 4457 ε
3561 4404 3720 4458 ﬁdele

2156 4497 2280 4568 ipsi,
2319 4517 2339 4551 ι
2374 4498 2692 4568 complendo
2721 4499 2773 4552 in
2804 4500 2916 4554 suis
2959 4501 3102 4570 quod
3143 4499 3208 4554 de
3233 4499 3365 4570 ipsis
3398 4497 3716 4568 promissum

2156 4595 2256 4641 est.

2227 4677 2380 4742 Dico,
2433 4695 2454 4730 ι
2495 4677 2723 4732 servabo
2759 4676 2833 4731 illi
2872 4676 3320 4742 misericordiam,
3362 4695 3383 4728 ι
3421 4697 3440 4726 ι
3475 4687 3533 4733 ει
3577 4685 3712 4730 mer

2157 4769 2298 4824 hanc
2333 4768 2757 4822 misericordiam
2787 4787 2804 4818 ι
2839 4782 3033 4836 ponam
3063 4781 3243 4822 semen
3275 4765 3434 4835 ejus,,
3478 4786 3498 4818 ι
3530 4767 3586 4821 id
3629 4769 3706 4823 el-

2158 4857 2458 4911 imitatores
2494 4856 2682 4925 ipsius,
2723 4856 3076 4924 perdurantes
3117 4857 3168 4909 in
3195 4856 3448 4912 saeculum
3480 4857 3672 4912 saeculi

2163 4966 2181 4998 ι
2203 4957 2258 5004 et
2282 4948 2533 5000 thronum
2561 4945 2693 5012 ejus,
2735 4966 2752 4996 υ
2786 4946 2838 5000 id
2862 4954 2965 5010 est,
2997 4962 3222 5015 regnum
3254 4946 3442 5016 ipsius,
3475 4946 3596 5000 illos
3622 4947 3761 5000 sci-

2157 5036 2285 5090 licet
2309 5036 2362 5090 in
2401 5036 2599 5104 quibus
2626 5033 2877 5102 judicans
2906 5036 3131 5100 sedebit,
3163 5052 3362 5106 ponam
3393 5056 3412 5088 ι
3443 5037 3580 5090 sicut
3605 5036 3752 5089 dics

2154 5126 2296 5191 εαξη,
2342 5145 2358 5174 ›
2409 5126 2462 5180 id
2516 5134 2619 5189 est,
2666 5124 3010 5190 clarissimos,
3059 5134 3243 5196 utpote
3289 5124 3619 5180 immortales
3669 5132 3745 5178 et

2154 5218 2533 5288 impassibiles.

2230 5332 2246 5360 ι
2283 5310 2341 5365 Si
2381 5321 2582 5365 autem.
2619 5332 2635 5362 ι
2685 5312 2836 5377 Dico,
2865 5311 3189 5375 custodiam,
3235 5318 3290 5364 et
3335 5324 3529 5378 ponam
3580 5308 3738 5362 sicut

2156 5407 2270 5462 dies
2299 5407 2442 5468 εαξη,
2499 5422 2598 5461 nec
2653 5416 2857 5460 tantum
2905 5422 3002 5475 pro
3062 5405 3254 5460 merito
3299 5402 3572 5473 perfectis,
3623 5401 3737 5456 sed

2157 5497 2317 5550 etiam
2359 5504 2645 5564 peccantes
2699 5494 3120 5549 misericorditer
3156 5493 3421 5547 revocabo
3467 5499 3563 5545 :et
3619 5492 3741 5544 hoc

2157 5588 2316 5641 dico:
2347 5605 2363 5634 ι
2398 5585 2454 5638 Si
2484 5594 2662 5638 autem
2699 5605 2716 5636 ι
2751 5586 2846 5648 illi,
2871 5585 2959 5655 qui
2985 5585 3181 5638 debent
3205 5598 3327 5637 esse
3357 5601 3376 5632 ί
3408 5581 3502 5636 ﬁlii
3532 5581 3675 5649 ejus,
3710 5601 3732 5630 ι

2161 5679 2343 5740 idest,
2382 5677 2602 5738 Christi,
2637 5698 2653 5727 ι
2695 5676 3097 5744 dercliquerint,
3139 5695 3157 5724 ι
3210 5674 3260 5726 id
3291 5680 3392 5738 est,
3446 5673 3588 5727 nulla
3636 5687 3740 5724 ra-

2163 5770 2302 5825 tione
2330 5770 2590 5823 volucrint
2635 5769 2870 5837 recipere
2905 5788 2920 5817 ι
2962 5767 3130 5834 legem
3169 5779 3366 5831 meam,
3399 5773 3452 5820 ct
3503 5784 3520 5815 ι
3562 5765 3605 5816 si
3644 5761 3729 5814 illi
