3940 6456
175 379 297 432 50!-

1350 373 1785 432 EXPLANATSO
1824 375 1888 428 IN
1928 377 2262 434 PSALMOS.

3321 377 3427 432 i502

176 493 271 562 qui
304 493 648 548 debent-esse
691 491 806 557 filii,
835 510 853 543 ι
883 507 986 546 ηοη
1016 492 1408 548 ambulaverint
1445 494 1500 546 in
1530 491 1750 563 judiciis
1776 493 1823 551 Α
1852 493 1992 546 seria
2017 493 2222 548 diutius
2267 494 2559 563 permisisti
2613 507 2946 564 permanere.
2999 494 3198 550 Eodem
3223 491 3421 555 modo,

177 586 340 651 meis,
366 604 382 634 ι
412 584 618 640 scilicet
641 585 694 638 in
721 585 898 654 aliqua
912 584 1236 672 discretione
1251 586 1468 648 mentis,
1484 584 1748 645 videlicet,

177 691 358 747 neque
387 677 533 752 juste
559 676 798 746 judicent
829 689 1002 744 neque
1024 683 1169 730 recte
1194 676 1504 731 discernant
1525 675 1652 745 quid
1675 674 1754 727 fa-

176 769 433 829 ciendum
451 767 540 833 sit,
565 767 692 837 quid
717 783 846 831 non,
869 786 886 818 ι
918 768 1147 823 visitabo
1175 769 1229 823 in
1257 770 1406 842 virga
1447 769 1781 837 iniquitates

173 859 406 915 eorum?
439 877 460 912 ι

251 949 322 1008 Et
344 965 451 1004 non
485 956 698 1004 tantum
728 963 824 1003 eos
849 948 1041 1004 leviter
1074 957 1359 1018 peccantes
1381 947 1634 1013 visitabo.
1663 947 1755 1002 sed

184 1059 202 1089 ε
244 1039 290 1094 si
313 1025 554 1106 justitias
578 1053 744 1101 meas,
788 1057 807 1090 ι
835 1039 889 1093 id
917 1039 1477 1108 est,justiftcationcs,
1520 1059 1538 1090 ι
1573 1039 1754 1108 profa-

179 1130 449 1194 naverint,
489 1149 508 1182 ι
558 1129 611 1183 id
656 1138 762 1193 est,
809 1129 1064 1199 profanos
1123 1139 1180 1186 et
1224 1129 1585 1185 exsecrabiles
1640 1128 1756 1183 aliis

173 1221 592 1294 praedicaverint
624 1229 705 1284 ut,
728 1222 974 1292 exemplo
1004 1223 1129 1280 vitae
1155 1238 1288 1286 suae,
1318 1221 1565 1292 fugienda
1584 1231 1638 1276 et
1663 1235 1754 1274 ex-

175 1313 459 1372 secrabilis
502 1312 586 1367 lex
611 1311 914 1367 Christiana
964 1314 1228 1379 videatur,
1274 1335 1292 1366 ι
1344 1322 1400 1370 ει
1427 1314 1470 1368 si
1504 1313 1754 1367 mandata

176 1420 318 1469 mea,
335 1423 352 1454 ι
371 1403 422 1458 id
437 1411 542 1464 est,
559 1403 922 1473 institutiones
934 1404 1196 1469 vivendi,¢
1223 1421 1327 1460 non
1343 1405 1713 1460 custodierint.
1731 1424 1748 1455 ι

251 1512 271 1545 ι
311 1491 556 1557 visitabo
579 1492 634 1546 in
663 1491 836 1562 virga,
894 1512 911 1543 ι
946 1492 999 1548 id
1033 1502 1134 1559 est,
1179 1493 1368 1549 leviori
1395 1493 1750 1557 correctione,

180 1603 200 1634 σ
238 1583 553 1653 iniquitates
598 1597 811 1647 eorum,
865 1603 883 1634 ι
927 1593 986 1638 ut
1025 1600 1120 1653 per
1173 1584 1318 1638 illam
1362 1584 1752 1640 correctionem

174 1671 457 1728 deleantur
491 1687 676 1726 eorum
706 1673 1046 1742 iniquitates;
1095 1693 1115 1724 ‹
1137 1685 1212 1736 et
1245 1694 1264 1723 ι
1302 1674 1348 1728 si
1380 1673 1568 1728 nolunt
1602 1674 1751 1743 virga

172 1763 396 1834 corrigi,
421 1781 441 1814 ι
470 1763 524 1816 in
548 1762 884 1828 verberibus,
921 1788 936 1813 ι
965 1763 1017 1818 id
1045 1774 1148 1830 est,
1177 1765 1410 1836 graviori
1440 1764 1749 1830 afﬂictione,

173 1853 407 1910 visitabo
439 1872 457 1905 ι
491 1862 712 1923 peccata
744 1867 952 1909 eorum.
993 1873 1010 1904 ι

246 1941 487 1997 Visitabo
521 1943 576 1997 in
623 1943 939 2000 verberibus
970 1953 1023 2000 et
1071 1945 1125 1999 in
1150 1946 1299 2017 virga
1328 1962 1443 2012 eos,
1479 1967 1496 1996 ‹
1533 1947 1746 2003 miseri-

171 2032 416 2089 cordiam
446 2040 624 2087 autem
669 2047 842 2088 meam
874 2049 980 2089 non
1013 2035 1318 2106 dispergam
1355 2039 1423 2092 ab
1447 2053 1512 2093 eo
1550 2057 1568 2089 ›
1600 2039 1749 2093 Chri-

169 2127 279 2184 sto,
313 2121 604 2176 secundum
634 2130 796 2190 caput
842 2132 897 2176 et
927 2139 1146 2192 corpus,
1195 2145 1212 2175 ‹
1263 2141 1436 2195 neque
1477 2127 1684 2194 nocebo
1723 2147 1742 2181 ι

167 2209 226 2266 ei
244 2208 479 2277 Christo,
505 2211 601 2264 toti
629 2211 857 2278 scilicet,
883 2222 942 2267 ut
960 2223 1080 2283 post
1103 2225 1332 2271 mortem
1355 2227 1609 2272 maneant
1636 2233 1750 2288 pte-

167 2315 274 2355 uaz.
306 2299 418 2370 Ego
463 2300 583 2356 dico
617 2302 856 2357 existens
885 2322 903 2353 ι
957 2303 1011 2356 in
1039 2305 1263 2358 veritate
1308 2321 1448 2371 mea,
1496 2326 1514 2356 ι
1558 2307 1612 2362 id
1643 2317 1746 2374 est,

166 2389 422 2460 irnpletor
435 2392 850 2460 promissionum
867 2411 880 2446 :
897 2408 1003 2448 non
1026 2395 1170 2466 enim
1195 2396 1336 2464 Deus
1362 2397 1627 2470 promissa
1651 2397 1765 2456 im-.

163 2483 365 2555 pleret,
385 2485 431 2539 si
453 2483 670 2540 Christo
691 2494 747 2540 et
779 2485 1036 2542 membris
1068 2488 1181 2543 suis
1209 2498 1452 2545 noceret.

239 2573 370 2629 Dico
435 2589 543 2629 non
612 2577 858 2643 nocebo,
925 2596 944 2628 ‹
994 2593 1171 2647 neque
1221 2580 1558 2650 profanabo,
1617 2602 1657 2635 ι.
1693 2583 1747 2638 id

160 2673 272 2729 εει,
309 2666 594 2736 profanum
628 2676 686 2727 et
723 2667 1041 2724 detestabile
1089 2670 1282 2725 faciam
1312 2691 1330 2723 ς
1369 2680 1745 2730 testamentum

163 2773 368 2824 meum,
411 2779 431 2811 ι
457 2759 512 2815 id
533 2769 637 2826 est,
660 2769 876 2833 pactum
897 2778 1100 2829 meum,
1129 2765 1272 2834 quod
1297 2766 1473 2837 pepigi
1504 2783 1626 2822 cum
1653 2784 1748 2822 an-

163 2851 334 2922 tiquis
358 2853 636 2921 patribus;
668 2873 687 2905 ί
732 2855 954 2919 etrilla
991 2875 1009 2907 σ
1051 2873 1169 2926 qua:
1215 2861 1512 2928 procedunt
1555 2862 1622 2917 de
1665 2862 1746 2916 la-

161 2943 274 2998 hiis
299 2945 457 3011 meis,
501 2965 520 2997 ι
545 3009 548 3011 λ
574 2947 629 3001 id
677 2956 782 3013 εει,
829 2963 948 3019 qua:
975 2965 1077 3020 ego
1101 2951 1358 3022 promitto
1387 2968 1484 3023 per
1527 2964 1746 3012 sanctos

160 3033 484 3105 Prophetas,
522 3056 541 3089 ι
579 3052 688 3094 non
715 3038 910 3094 faciam
945 3041 1122 3107 irrita,
1162 3062 1182 3094 ›
1228 3042 1281 3097 id
1312 3052 1418 3109 est,
1451 3044 1740 3116 inexpleta.

236 3124 362 3182 Ideo
394 3128 608 3196 quidem
637 3145 744 3185 non
776 3130 971 3186 faciam
1027 3133 1199 3196 irrita,
1252 3135 1376 3204 quia
1431 3155 1449 3186 α
1499 3135 1678 3204 juravi
1718 3157 1735 3188 ι

1852 582 2049 637 Christi
2081 585 2318 640 membra
2343 587 2592 641 videntur
2618 601 2738 641 esse
2760 585 2971 656 repulsa
3001 601 3032 638 a
3060 585 3187 650 Deo,
3220 595 3326 640 etc.

1925 675 2048 729 Ideo
2088 674 2287 730 videris
2317 676 2602 744 repulisse,
2635 676 2760 744 quia
2796 694 2814 726 ‹
2870 677 3139 742 avertisti,
3189 696 3206 727 ι
3240 677 3291 732 id
3316 685 3422 743 est,

1852 765 2053 821 videris
2085 767 2345 822 avertisse
2387 787 2404 818 ‹
2440 776 2842 842 testamentum,
2889 787 2908 819 ι
2955 768 3006 823 id
3034 777 3138 832 est,
3177 778 3420 837 pactum,

1858 876 1879 910 ‹
1907 858 2047 924 servi
2089 858 2160 911 tui
2195 878 2211 907 ›
2237 859 2379 926 quod
2401 858 2574 913 fecisti
2603 873 2723 912 cum
2751 857 2968 913 Christo
2997 868 3052 913 et
3082 859 3254 913 servis
3281 857 3420 926 ejus,

1855 947 1939 1002 vel
1983 963 2046 1004 ea
2088 963 2207 1016 qua:
2236 949 2487 1016 prmdicta
2530 957 2674 1012 sunt,
2713 968 2731 998 ι
2772 949 3197 1004 misericordiam
3245 965 3420 1003 meam

1855 1052 1962 1090 non
2009 1038 2336 1108 dispergam,
2387 1059 2403 1088 ι
2459 1048 2592 1105 ειε.,
2639 1059 2656 1089 ι
2706 1049 2762 1093 ει
2801 1042 3167 1095 sanctuarium
3211 1040 3346 1110 ejus,
3397 1061 3414 1092 ι

1855 1125 2078 1191 Christi,
2130 1127 2180 1180 id
2220 1136 2321 1192 est,
2357 1127 2542 1182 fideles
2586 1126 2723 1194 ejus,
2775 1129 2828 1182 in
2871 1129 3066 1198 quibus
3111 1131 3420 1196 habitabat,

1860 1234 1878 1266 ι
1917 1215 2232 1285 profanasti,
2264 1237 2282 1268 ι
2318 1216 2368 1269 id
2397 1215 2788 1296 est,.profanos
2819 1218 2988 1272 videri
3017 1218 3211 1284 fecisti,
3233 1225 3297 1290 et
3319 1219 3421 1275 hoc

1855 1320 1961 1360 non
1998 1305 2052 1359 in
2077 1321 2183 1359 uno
2207 1316 2416 1361 tantum
2436 1305 2573 1370 loco,
2605 1324 2621 1356 ι
2662 1306 2754 1360 sed
2778 1306 2831 1360 in
2855 1316 3015 1371 terra,
3058 1328 3076 1359 ι
3111 1310 3163 1363 id
3192 1316 3293 1374 est,
3324 1323 3424 1378 per

1855 1405 2022 1451 totum
2060 1399 2335 1453 mundum.
2668 1446 2675 1454 .

1927 1488 1993 1542 Et
2017 1503 2113 1557 per
2152 1489 2251 1543 hoc
2277 1489 2438 1544 etiam
2467 1489 2853 1558 promissiones
2897 1491 3038 1544 servi
3083 1491 3155 1545 tui
3207 1506 3424 1546 eversas

1854 1579 2122 1646 permittis
2153 1579 2349 1644 videri,
2380 1579 2507 1648 quia
2541 1599 2557 1630 ‹
2605 1579 2942 1642 destruxisti,
3000 1600 3016 1632 ι
3063 1581 3115 1635 id
3157 1590 3258 1644 est,
3297 1598 3423 1650 per-

1855 1668 2024 1724 mittis
2061 1669 2287 1733 destrui,
2323 1678 2378 1723 et
2407 1670 2621 1728 occides
2653 1689 2672 1722 ‹
2712 1686 2900 1726 omnes
2932 1687 3089 1740 sepes
3123 1670 3261 1739 ejus,
3309 1692 3327 1723 ι
3372 1673 3424 1726 id

1853 1769 1939 1816 est
1957 1762 2494 1823 omnesmunitiones
2517 1763 2652 1832 ejus,
2678 1763 2945 1827 videlicet,
2975 1765 3144 1836 bonos
3171 1764 3422 1833 praelatos

1775 1837 1823 1895 Β
1849 1852 1940 1920 qui
1965 1853 2016 1905 in
2039 1851 2352 1907 defensione
2381 1853 2637 1908 Ecclesia:
2663 1853 2896 1909 ofﬁcium
2927 1856 3133 1924 sepium
3155 1855 3420 1910 obtinent.

1856 1961 1874 1993 ι
1930 1941 2164 1998 Posuisti
2213 1944 2462 2006 retiam,
2498 1944 2550 1998 id
2578 1953 2678 2007 est,
2725 1959 2894 2012 pones
2946 1966 2962 1995 ι
3026 1945 3423 1999 firmamentum

1848 2032 1986 2102 ejus,
2014 2052 2032 2084 ι
2059 2032 2110 2087 id
2140 2042 2243 2098 est,
2266 2033 2569 2102 Apostolos,
2601 2033 2694 2102 qui
2713 2033 2846 2088 alios
2868 2034 2920 2088 in
2945 2034 3050 2088 fide
3076 2034 3296 2088 firmare
3326 2036 3422 2088 de—

1850 2123 2060 2189 herent,
2113 2142 2132 2175 ‹
2170 2122 2536 2188 formidinem,
2581 2143 2598 2174 ι
2633 2125 2758 2194 quia
2789 2133 2844 2180 et
2873 2124 2974 2194 ipsi
3011 2124 3330 2189 timuerunt,
3367 2133 3426 2180 ut

1851 2210 2044 2265 Petrus
2067 2220 2122 2265 et
2143 2211 2232 2266 alii
2253 2229 2268 2277 ;
2293 2213 2397 2277 vel,
2432 2231 2451 2264 σ
2484 2213 2850 2277 formidinem,
2890 2235 2908 2265 ι
2944 2214 3070 2283 quia
3103 2229 3225 2270 cum
3248 2216 3426 2271 sancti

1848 2299 2090 2369 Apostoli
2117 2310 2173 2356 et
2200 2310 2469 2374 martyres
2495 2303 2809 2371 turpissime
2841 2304 3236 2370 occiderentur,
3270 2306 3423 2360 time-

1850 2392 1983 2445 bant
2017 2391 2107 2445 alii
2131 2392 2198 2446 ad
2220 2392 2380 2460 fidem
2409 2393 2688 2448 accedere.

1922 2482 1986 2535 Et
2007 2483 2296 2537 destructis
2319 2484 2556 2554 scpihus,
2587 2503 2606 2536 ‹
2632 2500 2820 2542 omnes
2848 2493 3192 2544 transeuntes
3211 2487 3372 2554 viam,
3397 2507 3418 2539 ι

1850 2573 1902 2627 id
1933 2581 2034 2638 est,
2079 2582 2350 2642 praecepta
2404 2573 2517 2638 Dei,
2558 2573 2641 2630 vel
2670 2577 2844 2646 ipsum
2875 2577 3174 2645 Christum,
3203 2580 3297 2648 qui
3341 2591 3426 2636 est

1851 2662 1956 2727 via,
1987 2681 2006 2714 ι
2041 2663 2380 2732 diripuerunt
2417 2678 2564 2729 eum,
2601 2683 2621 2715 ι
2658 2666 2709 2719 id
2736 2675 2838 2731 est,
2869 2666 3144 2724 Christum
3169 2670 3224 2724 in
3252 2685 3425 2725 mem-

1849 2751 1962 2805 bris
1991 2753 2125 2818 suis,
2165 2755 2430 2823 qnosdam
2466 2756 2778 2820 occidendo,
2811 2759 3074 2828 quosdam
3098 2761 3200 2815 sibi
3237 2761 3424 2817 incor-

1849 2843 2108 2910 perando,
2155 2843 2240 2900 vel
2277 2843 2419 2900 bona
2463 2860 2651 2900 eorum
2702 2847 3015 2916 auferendo,
3070 2858 3125 2906 et
3161 2866 3258 2922 per
3306 2853 3424 2908 haac

1849 2935 2030 2988 omnia
2066 2954 2085 2987 ι
2142 2934 2318 2992 factus
2353 2945 2436 2993 est
2488 2958 2505 2988 ι
2540 2938 2790 2995 Christus
2821 2951 2965 2996 totus
3007 2962 3024 2986 ο
3071 2945 3419 3014 opprobrium

1849 3024 2043 3080 vicinis
2073 3025 2204 3085 suis.
2241 3047 2260 3080 ι

1920 3113 2062 3170 Tuos
2087 3115 2162 3170 ita
2191 3116 2511 3186 dispersisti,
2539 3127 2594 3174 et
2630 3122 2934 3178 econtrario
2972 3141 2990 3174 ι
3022 3124 3295 3193 exaltasti,
3319 3145 3338 3177 ι
3373 3126 3423 3180 id

163 3217 384 3272 malum.
411 3187 614 3288 'jumns
665 3236 763 3290 per
801 3223 1050 3292 angelum
1100 3187 1408 3287 A1,}al:,,3:,
1449 3187 1518 3280 in.
1551 3236 1740 3283 sanae
1769 3187 1813 3249 (ἶ
1845 3214 1945 3268 est.
1968 3207 2195 3262 exaltari
2222 3211 2514 3278 permisisti
2547 3212 2598 3265 in
2629 3213 2715 3268 his
2747 3215 3149 3285 temporalibus,
3182 3236 3200 3269 ‹
3238 3219 3417 3275 dexte-

163 3323 308 3376 meo,
358 3328 377 3361 ι
435 3311 488 3364 id
533 3319 642 3374 est,
679 3311 732 3364 in
772 3326 888 3366 mea
919 3313 1225 3378 sanctitate,
1260 3315 1345 3368 vel
1389 3334 1406 3364 ι
1455 3316 1508 3369 in
1553 3325 1742 3371 sancto

162 3411 310 3470 meo,
348 3415 367 3448 ι
394 3395 448 3465 id
478 3405 581 3461 est,
607 3398 661 3450 in
704 3397 840 3451 Filio
879 3414 1018 3460 meo,
1062 3415 1156 3469 per
1184 3416 1344 3468 quem
1373 3403 1743 3458 sanctificatur

164 3502 327 3542 omne
355 3488 649 3540 humanum
675 3502 867 3557 genus,
891 3497 945 3542 et
975 3491 1077 3544 hoc
1103 3510 1120 3540 α
1157 3491 1344 3556 semel,
1385 3511 1403 3543 ι
1432 3493 1484 3547 id
1511 3502 1612 3558 est,
1637 3495 1739 3546 im-

163 3575 617 3646 permutabilitcr,
645 3585 701 3629 et
748 3576 1091 3648 quiajnravi,
1119 3599 1136 3631 ‹
1176 3583 1220 3636 si
1247 3583 1478 3637 mentiar
1509 3583 1678 3637 David
1719 3605 1736 3635 ι

170 3665 300 3733 quin
328 3665 626 3737 compleam
648 3668 1056 3737 promissiones,
1093 3686 1200 3725 non
1232 3687 1327 3726 ero
1358 3671 1530 3736 Deus;
1563 3683 1740 3743 potest

165 3753 379 3824 impleri
411 3756 686 3824 quodlibet
731 3757 1086 3828 impossibile,
1112 3761 1239 3830 quia
1267 3761 1532 3816 defectiva
1565 3763 1741 3818 oratio

162 3853 265 3911 est.
298 3845 408 3900 Hoc
434 3847 649 3915 quidem
667 3847 847 3916 juravi
881 3870 898 3901 ‹
936 3866 1120 3906 semen
1143 3853 1260 3923 ejus
1287 3871 1307 3905 ›
1331 3854 1521 3921 David,
1554 3856 1608 3916 id
1635 3868 1737 3923 est,

136 3933 385 4003 Christi,
418 3954 438 3986 ι
479 3938 716 3992 manebit
744 3939 796 3992 in
818 3949 1100 3995 alternum.
1139 3962 1158 3993 ι

237 4044 255 4074 ι
315 4025 383 4078 Ει
421 4027 646 4082 thronus
673 4027 789 4096 ejus
836 4030 976 4085 sicut
1004 4032 1082 4087 sol
1111 4033 1164 4087 in
1202 4045 1494 4104 conspectu
1529 4051 1667 4101 meo,
1715 4058 1734 4086 ι

159 4122 423 4183 quantum
471 4116 540 4170 ad
585 4118 818 4184 animas,
847 4119 898 4172 in
929 4121 1126 4189 quibus
1167 4123 1344 4192 major
1375 4125 1599 4182 claritas
1635 4128 1738 4184 erit

164 4226 182 4257 ε
226 4216 281 4261 ει
327 4227 347 4259 ›
381 4210 676 4264 secundum
719 4227 914 4284 corpus
946 4214 1051 4268 erit
1092 4214 1206 4284 ipse
1249 4216 1478 4271 thronus
1529 4235 1550 4269 ι
1600 4219 1739 4275 sicut

158 4297 309 4362 luna,
346 4317 365 4351 ι
392 4315 498 4356 non
522 4301 644 4357 dico
674 4303 957 4359 sicutluna
986 4321 1258 4373 crescens,
1297 4319 1352 4364 et
1391 4309 1735 4378 decrescens,
1773 4383 1776 4386 ἢ

156 4399 221 4446 ut
269 4392 325 4446 in
372 4391 473 4448 hac
505 4394 633 4462 vita,
671 4397 764 4452 sed
801 4417 818 4448 ‹
853 4399 1113 4468 perfecta,
1161 4423 1178 4452 ι
1213 4413 1268 4456 ει
1314 4405 1458 4474 quod
1509 4407 1736 4461 thronus

155 4481 361 4536 Christi
385 4482 507 4539 talis
526 4483 739 4541 futurus
762 4489 864 4554 sit,
881 4490 1005 4545 inde
1027 4501 1109 4546 est
1137 4513 1153 4544 ι
1187 4495 1342 4548 ιεειίε
1369 4496 1421 4548 in
1444 4495 1582 4551 caelo
1603 4496 1736 4552 fide-

156 4568 248 4634 lis,
287 4591 305 4621 ι
339 4571 391 4625 id
415 4581 516 4638 est,
557 4573 825 4641 Christus,
855 4577 1006 4646 cujus
1049 4583 1422 4636 ascensionem
1453 4583 1508 4637 in
1550 4592 1734 4639 nostra

155 4676 324 4716 carne
368 4658 487 4729 jam
518 4661 786 4733 Propheta
830 4669 1150 4736 przeviderat
1192 4671 1244 4724 in
1289 4671 1492 4740 Spiritu
1525 4682 1737 4728 sancto.

234 4767 252 4798 ι
288 4749 366 4802 Tu
388 4765 537 4806 vero.
578 4770 596 4802 ι
627 4752 760 4808 Pars
788 4765 1001 4823 quarta.
1037 4756 1113 4824 Tu
1141 4759 1277 4815 dicis
1307 4760 1736 4817 misericordiam

153 4853 264 4892 non
287 4839 616 4911 dispergam,
642 4850 696 4896 et
717 4852 912 4898 caetera
939 4844 1156 4913 faciam,
1178 4849 1271 4904 sed
1302 4858 1526 4904 econtra
1553 4859 1734 4907 tamen

152 4926 363 4981 videris
391 4927 592 4994 facere,
621 4931 749 5010 quia
782 4950 801 4982 ‹
842 4933 1109 5002 repulisti,
1136 4945 1189 4991 et
1213 4939 1526 5006 despexisti,
1557 4940 1735 4995 distu-
1774 4999 1776 5001 ,

151 5015 267 5072 listi
317 5016 796 5092 Christumtuum.
862 5041 881 5073 ι
923 5023 1026 5080 Per
1061 5027 1235 5081 simile
1271 5027 1522 5096 loquitur,
1577 5031 1732 5099 quasi

153 5107 355 5176 aliquis
383 5109 632 5181 dominus
661 5112 830 5167 iratus
868 5114 1029 5170 alicui
1056 5117 1196 5172 fideli
1228 5133 1406 5183 servo,
1428 5119 1578 5187 pellit
1608 5136 1731 5175 cum

155 5199 226 5254 dc
255 5199 414 5253 domo
442 5215 562 5266 sua,
592 5209 647 5282 et
666 5203 756 5258 ille
784 5206 1038 5275 expulsus
1057 5224 1089 5262 a
1122 5209 1306 5264 multis
1331 5210 1647 5279 despicitur,
1678 5222 1732 5267 et

156 5287 323 5341 etiam
350 5289 528 5344 differt
550 5291 807 5347 Dominus
830 5294 915 5350 ille
933 5299 1272 5366 reconciliari
1299 5315 1421 5355 cum
1445 5301 1534 5356 illo
1563 5302 1727 5356 fideli.

157 5378 444 5446 Similiter,
477 5381 721 5438 Christus
746 5385 958 5441 videtur
989 5389 1232 5459 repulsus
1252 5390 1417 5460 fuisse
1437 5391 1729 5457 dccoelesti

156 5484 329 5540 regno
359 5470 474 5535 Dei,
503 5475 736 5542 quandiu
786 5476 838 5529 in
871 5481 1121 5546 praesenti
1155 5481 1351 5536 sacculo
1379 5484 1731 5553 corporaliter

158 5558 442 5627 habitavit,
481 5564 659 5633 inqua
703 5565 1032 5624 habitatione
1057 5572 1302 5628 Christus
1341 5575 1591 5630 omnibus
1631 5577 1732 5630 ini-

160 5650 316 5704 micis
359 5653 470 5707 suis
496 5654 839 5724 despicabilis
866 5658 984 5713 fuit.
1035 5661 1100 5715 Et
1129 5663 1290 5716 etiam
1320 5665 1519 5719 videris
1559 5667 1729 5721 distu-

135 5738 287 5795 -lissc
331 5743 559 5811 gratiam
603 5753 769 5812 tuam,
815 5750 936 5818 quia
978 5767 1097 5806 eum
1131 5753 1182 5806 in
1217 5753 1374 5822 hujus
1415 5756 1592 5809 smculi
1631 5757 1729 5810 mi-

1847 3314 1960 3352 ram
1995 3318 2012 3349 ι
2052 3299 2106 3353 id
2126 3307 2228 3364 est,
2251 3301 2544 3368 potentiam
2581 3321 2597 3351 ι
2628 3303 3041 3372 deprimentiutu
3069 3323 3212 3371 eum,
3244 3329 3260 3360 ι
3292 3319 3347 3364 ει
3370 3310 3426 3364 in

1844 3389 1947 3443 hoc
1979 3407 1996 3438 ι
2019 3388 2300 3444 Ιίειίῐὶεεειὶ
2327 3407 2516 3446 omnes
2541 3393 2787 3449 inimicos
2815 3394 2950 3463 ejus,
2985 3417 3002 3448 ι
3034 3397 3086 3452 id
3116 3408 3217 3465 est,
3251 3401 3420 3456 male-

1845 3477 1992 3532 voles
2021 3477 2222 3533 Christi
2246 3489 2302 3534 et
2326 3481 2688 3537 membrorum
2719 3483 2855 3551 ejus.

1921 3587 1937 3618 ι
1989 3569 2241 3624 Avertisti
2274 3589 2290 3620 ι
2327 3571 2492 3624 etiam
2545 3590 2561 3623 ι
2615 3573 2938 3642 adjutorium
2996 3579 3155 3647 gladii
3207 3577 3342 3647 ejus,
3395 3601 3414 3633 ι

1843 3663 2069 3729 Christi,
2094 3664 2300 3719 scilicet
2320 3665 2642 3733 adjutorium
2669 3668 2815 3723 verbi
2841 3671 2955 3733 Dei,
2986 3672 3129 3739 quod
3153 3674 3265 3741 jam
3301 3677 3418 3728 nul-

1844 3754 1953 3808 lam
1972 3753 2339 3809 defensionem
2369 3756 2630 3809 haberent
2660 3757 2741 3811 sui
2771 3773 2868 3826 per
2906 3763 3128 3814 verbum
3157 3761 3418 3824 divinum,

1849 3863 1868 3895 ι
1901 3851 1964 3900 ει,
1989 3864 2008 3898 ι
2041 3845 2205 3901 etiam
2235 3864 2251 3895 ι
2283 3861 2386 3901 non
2418 3862 2476 3900 es
2505 3847 2794 3901 auxiliatus
2825 3849 2871 3903 ei
2904 3849 2957 3903 in
2997 3849 3135 3904 bello
3167 3870 3184 3900 ι
3232 3862 3420 3906 contra

1842 3930 2148 3994 haereticos,
2171 3931 2301 4000 quin
2344 3933 2664 4001 quandoque.
2705 3935 3137 4002 devincercnttlr,
3167 3947 3222 3994 et
3250 3940 3424 3994 habre-

1842 4023 1962 4078 ticis
1990 4023 2464 4092 incorporarentur
2499 4042 2512 4078 :
2543 4026 2809 4093 permittit
2843 4027 2986 4081 enim
3021 4028 3161 4084 Deus
3198 4030 3415 4097 multos,

1838 4113 1953 4181 qui,
1985 4113 2278 4167 secundum
2310 4113 2600 4167 humanum
2616 4113 2901 4184 judicium,
2927 4118 2992 4171 de
3010 4132 3236 4189 corpore
3264 4120 3423 4175 Chri-

1838 4202 1908 4258 sti
1942 4203 2189 4257 videntur
2214 4204 2266 4256 in
2295 4220 2491 4272 corpus
2521 4205 2720 4260 diaboli
2771 4208 2998 4264 traduci.

1918 4311 1935 4344 t
1969 4294 2291 4348 Destruxisti
2318 4315 2335 4345 ι
2361 4295 2524 4350 etiam
2557 4314 2574 4344 ι
2603 4313 2748 4362 eum,
2773 4317 2791 4348 ι
2819 4297 3090 4355 Christum
3119 4305 3411 4360 secundum

1839 4382 2108 4446 membra,
2144 4402 2161 4434 ι
2205 4385 2274 4438 ab
2303 4387 2688 4440 cmttndatioue
2710 4427 2724 4452 ,
2761 4409 2778 4438 ι
2821 4391 2964 4457 quod
3013 4396 3420 4460 persecutiones

1843 4475 2097 4530 immissae
2121 4477 2187 4530 ad
2218 4477 2587 4546 purgationem
2613 4496 2823 4546 eorum,
2850 4498 2954 4538 non
2983 4491 3272 4542 emendant
3299 4506 3417 4555 eos,

1842 4565 1936 4622 sed
1963 4566 2144 4635 potius
2163 4565 2466 4630 destruunt,
2491 4577 2547 4623 et
2589 4585 2618 4622 a
2666 4586 2892 4641 corpore
2937 4573 3136 4630 Christi
3165 4581 3418 4636 recedere

1839 4652 2077 4719 faciunt;
2115 4673 2132 4705 ι
2185 4665 2241 4712 ct
2284 4657 2466 4710 sedem
2505 4658 2654 4727 ejus,
2691 4677 2711 4710 ι
2746 4660 2799 4714 id
2844 4665 2949 4726 est,
2998 4663 3117 4720 illos
3138 4665 3191 4720 in
3218 4669 3415 4737 quibus

1839 4744 2089 4801 Christus
2114 4754 2169 4810 et
2211 4747 2398 4800 sedere
2438 4755 2493 4801 et
2545 4749 2828 4818 quiescere
2872 4753 3176 4824 videbatur,
3212 4775 3232 4810 ι
3266 4759 3420 4815 εοΙΙί-

1840 4838 1982 4904 sisti,
2013 4858 2031 4892 ι
2067 4838 2122 4893 id
2143 4847 2246 4903 est,
2277 4839 2555 4908 permittes
2585 4842 2787 4898 destrui
2814 4865 2825 4898 :
2859 4846 3004 4916 ipsos
3038 4849 3255 4909 coliisos
3287 4856 3409 4911 dico

1841 4927 2110 4998 projectos
2135 4947 2153 4979 ‹
2186 4929 2240 4983 in
2267 4937 2463 4993 terra”
2496 4929 2548 4984 id
2568 4940 2670 4997 est,
2701 4929 3019 5005 iufappetitu
3049 4946 3407 4997 terrenarum.

1918 5039 1936 5072 ι
1974 5021 2252 5076 Minorasti
2281 5040 2300 5091 ι
2343 5022 2504 5076 etiam
2540 5043 2558 5074 ι
2596 5023 2711 5080 dies
2741 5029 2997 5096 temporis
3025 5030 3162 5098 ejus,
3196 5050 3212 5083 ι
3248 5033 3334 5089 vel
3359 5035 3415 5090 in

1842 5109 2100 5165 membris
2137 5109 2287 5178 ejus:
2320 5111 2533 5180 quando
2557 5115 2700 5169 enim
2729 5117 2924 5186 aliquis
2955 5119 3164 5174 videtur
3190 5123 3335 5180 utilis
3359 5127 3411 5180 in

1841 5198 2083 5253 Ecclesia
2131 5208 2186 5253 et
2214 5217 2242 5253 a
2289 5201 2397 5267 Deo
2437 5207 2868 5271 conservandus,
2918 5209 3026 5264 cito
3076 5215 3303 5270 moritur
3354 5228 3418 5282 et,

1843 5289 2106 5344 aufertur.
2139 5291 2204 5344 Et
2233 5292 2360 5360 quid
2396 5293 2549 5363 plura
2577 5293 2796 5350 dicam?
2823 5315 2840 5346 ι
2882 5314 3025 5363 ευιη,
3059 5321 3078 5353 ι
3109 5303 3401 5371 Christum,

1847 5400 1866 5432 ι
1901 5379 2182 5450 perfudisti
2213 5383 2543 5440 confusione.
2584 5406 2602 5438 ι
2651 5385 3058 5446 Confundcntur
3085 5395 3227 5449 enim
3251 5395 3404 5465 justi,

1838 5472 1922 5528 vel
1943 5473 2006 5527 de
2018 5476 2255 5543 peccatis
2275 5477 2386 5531 suis
2399 5478 2703 5547 praeteritis,
2717 5479 2802 5535 vel
2821 5482 2890 5537 de
2906 5485 3080 5552 pmnis
3100 5487 3201 5542 sibi
3222 5489 3407 5548 illatis.

1913 5573 2219 5644 Usquequo,
2250 5594 2266 5626 ι
2303 5576 2561 5633 Domine?
2593 5597 2612 5630 ι
2639 5578 2773 5635 Pars
2789 5583 2995 5650 quinta.
3025 5585 3128 5640 Per
3152 5587 3267 5646 lucc
3289 5607 3405 5648 om-

1841 5665 1926 5718 nia
1952 5667 2149 5722 videris
2173 5678 2222 5722 te
2255 5671 2516 5724 avertisse
2531 5671 2598 5724 ab
2621 5670 2726 5726 illis
2751 5662 3026 5744 membris,
3045 5679 3138 5733 sed
3168 5699 3186 5731 ι
3218 5698 3410 5756 usque-

1841 5775 1965 5827 quo,
1995 5760 2234 5830 Domine,
2265 5763 2463 5817 avertis
2493 5782 2511 5813 θ
2549 5763 2615 5817 ab
2645 5763 2858 5823 illis?id
2886 5777 2986 5836 est,
3020 5774 3286 5840 permittis
3311 5793 3406 5835 cos
