3940 6474
522 393 626 448 505

523 603 639 656 est,
679 592 994 648 omnimode
1019 608 1033 645 :
1057 604 1392 657 nequaquam
1424 589 1518 641 ﬁat
1561 587 1691 652 hoc,
1724 586 1950 641 Domine
1989 597 2004 636 :
2044 590 2100 638 et

523 699 823 756 usquequo,
866 681 1112 745 Domine,
1141 700 1160 731 ε
1196 681 1277 733 ira
1322 687 1412 733 tua
1445 699 1464 731 ι
1495 680 1546 733 id
1581 688 1666 734 est
1697 678 1934 732 vindicta
1983 685 2095 740 tua,

529 792 650 845 quae
698 794 717 827 α
753 775 893 829 sicut
926 772 1063 842 ignis
1091 770 1410 825 exardescet
1431 810 1445 834 ,
1481 789 1499 821 ι
1537 770 1588 824 id
1620 777 1706 823 est
1733 765 2098 838 perseverabit

524 868 612 923 vel
639 868 732 923 fiet
757 868 859 922 hoc
884 879 1052 933 usque
1077 863 1129 916 in
1156 861 1353 916 ﬁnem?
1398 860 1513 915 Non
1540 860 1630 925 sit,
1666 859 1909 913 Domine.
1959 857 2096 910 Iram

527 960 620 1015 Dei
644 966 919 1027 comparat
947 955 1088 1026 igni;
1116 955 1242 1023 quia
1266 956 1404 1008 sicut
1431 953 1570 1023 ignis
1596 951 1867 1015 comburit
1894 949 2095 1013 mollia,

531 1057 586 1100 et
613 1047 780 1101 solida
805 1046 1018 1116 probat,
1048 1044 1124 1098 ita
1153 1043 1393 1097 vindicta
1441 1042 1534 1096 Dei
1579 1039 1850 1096 comburit
1886 1037 2096 1102 molles,

523 1139 691 1195 fortes
717 1138 972 1208 probatos
997 1136 1190 1192 reddit.

594 1229 672 1283 Nc
720 1237 957 1292 avertas,
981 1227 1229 1290 Domine,
1255 1227 1348 1279 sed
1377 1223 1556 1294 potius
1595 1242 1613 1274 ι
1652 1236 1953 1278 memorare
1979 1235 2100 1289 qua:

519 1337 645 1377 mea
676 1329 760 1376 est
789 1319 1114 1382 substantia,
1152 1337 1170 1369 ι
1205 1318 1258 1372 id
1285 1325 1398 1380 est,
1432 1330 1592 1384 quam
1629 1313 1836 1384 fragilis
1866 1313 2100 1366 humana

523 1420 718 1466 natura
741 1417 825 1465 est
850 1427 862 1462 :
885 1408 1154 1478 quia;nisi
1181 1413 1512 1461 memoratus
1543 1403 1726 1465 fueris,
1763 1423 1781 1453 ε
1815 1416 1951 1457 vane
1975 1415 2101 1455 con-

529 1503 755 1558 stituisti
782 1516 973 1558 omnes
998 1501 1138 1555 filios
1155 1500 1494 1562 hominumn
1523 1497 1648 1566 quia
1669 1511 1773 1550 non
1797 1495 2102 1549 liberabun-

526 1607 614 1650 tur
641 1611 672 1649 a
702 1603 970 1664 potestate
1009 1591 1228 1646 diaboli.
1272 1589 1379 1644 Sed
1413 1609 1430 1638 ‹
1461 1586 1700 1656 nunquid
1733 1605 1753 1636 ι
1777 1582 2102 1642 constituisti

523 1701 714 1741 omnes
737 1679 878 1740 lilios
904 1683 1208 1748 hominum,
1226 1689 1287 1737 ut
1319 1680 1524 1736 habeas
1553 1677 1677 1733 inde
1703 1677 1938 1740 debitam
1983 1674 2102 1728 lau-

525 1775 690 1829 dem?
717 1774 890 1839 Absit,
921 1773 1166 1828 Domine.

597 1864 720 1919 ideo
749 1865 870 1919 dico
894 1863 988 1918 tibi
1015 1872 1074 1917 ut
1102 1876 1392 1927 memores,
1431 1862 1556 1932 quia
1586 1861 1723 1917 alius
1768 1875 1872 1916 non
1897 1867 1980 1914 est
2011 1857 2102 1926 qui

523 1957 695 2026 possit
724 1957 1012 2026 adjuvare;
1041 1956 1184 2010 unde
1226 1955 1396 2010 dicit:
1429 1973 1448 2005 ‹
1489 1953 1621 2021 Quis
1658 1961 1740 2008 est
1792 1953 1955 2006 homo
2009 1951 2100 2020 qui

523 2049 689 2112 vivet,
713 2055 768 2102 et
790 2062 898 2101 non
920 2046 1425 2103 videbitmortem?
1479 2065 1497 2097 ι
1547 2044 1737 2098 Nullus
1784 2044 1986 2110 utique.
2037 2041 2102 2095 Et

524 2139 630 2193 hoc
652 2138 820 2192 dicit:
851 2137 975 2206 quis
1008 2157 1026 2187 ‹
1065 2145 1218 2201 eruet
1247 2137 1482 2191 animam
1517 2151 1670 2190 suam
1700 2135 1766 2189 de
1809 2149 1972 2188 manu
2016 2133 2100 2186 in-

427 2263 430 2266 ~
523 2229 649 2293 feri,
687 2249 705 2280 ι
739 2229 793 2284 id
818 2238 917 2291 est,
951 2228 1018 2284 de
1045 2237 1307 2299 potestate
1327 2226 1521 2282 inferi?
1547 2226 1754 2280 Nullus.

595 2319 720 2374 ldeo
749 2319 912 2375 etiam
957 2318 1077 2373 dico
1103 2337 1121 2369 ι
1157 2333 1494 2384 memorare,
1531 2336 1548 2369 ›
1588 2318 1715 2388 quia
1757 2317 1830 2371 ita
1877 2331 2106 2371 consue-

522 2414 647 2468 visti
671 2413 908 2483 antiquis
929 2412 1174 2481 patribus
1198 2412 1601 2466 misericordias
1627 2411 1828 2476 facere,
1857 2420 1912 2466 et
1949 2412 2028 2466 sic
2053 2420 2104 2465 te

521 2504 793 2559 facturum
845 2503 1065 2572 jurasti,
1093 2512 1148 2557 et
1192 2504 1296 2558 hoc
1331 2511 1447 2567 est,
1475 2503 1619 2571 quod
1666 2503 1766 2556 sub
1805 2503 2104 2571 interroga-

523 2599 670 2653 tione
690 2597 842 2668 ponit
875 2615 888 2650 :
918 2616 938 2647 ‹
974 2594 1076 2652 Ubi
1108 2606 1252 2656 sunt,
1291 2595 1536 2658 Domine,
1570 2593 1956 2648 misericordiae
2001 2603 2104 2648 tua:

522 2689 778 2757 antiqum,
819 2705 836 2738 ι
872 2686 926 2740 id
950 2693 1056 2750 est,
1083 2700 1218 2754 quas
1243 2682 1480 2750 antiquis
1503 2681 1746 2751 patribus
1778 2683 2106 2736 consucvisti

523 2779 806 2832 exhibere.
858 2775 1242 2832 Misericordiae
1296 2773 1418 2827 dico
1465 2772 1836 2840 complendas,
1889 2791 1908 2821 ‹
1964 2771 2105 2827 sicut

516 2871 714 2944 iurasti
746 2873 933 2939 David,
971 2892 989 2924 ι
1030 2872 1083 2926 id
1109 2881 1212 2936 est,
1241 2871 1455 2926 Christo
1482 2869 1619 2925 Filio
1651 2878 1759 2934 tuo,
1784 2883 2107 2949 permanens

530 2987 548 3019 ε
588 2969 639 3022 in
681 2969 909 3034 veritate
940 2977 1054 3033 tua,
1089 2987 1106 3019 ›
1139 2969 1265 3038 quia
1307 2954 1520 3037 semper
1565 2964 1803 3033 comples
1848 2976 2104 3031 quaecun-

524 3075 630 3130 que
650 3061 940 3130 promittis.
975 3059 1188 3135 Juravit
1219 3061 1360 3115 Deus
1385 3060 1526 3114 sicut
1554 3072 1716 3128 supra
1755 3056 1957 3110 dictum
1997 3062 2102 3118 est,

531 3164 715 3204 semen
738 3149 853 3218 ejus
882 3151 936 3204 in
955 3159 1216 3205 internum
1245 3150 1502 3205 manebit.

596 3241 664 3294 Et
684 3242 1115 3312 quandoquidem
1138 3241 1355 3310 iurasti,
1393 3263 1411 3293 ε
1451 3257 1658 3297 memor
1683 3248 1800 3296 esto
1827 3236 2105 3310 opprobrii

526 3347 803 3388 servorum
828 3341 1064 3397 tuorum,
1100 3352 1118 3384 ›
1153 3333 1204 3387 id
1231 3345 1330 3396 est,
1363 3333 1503 3407 quod
1527 3333 1796 3387 sustinent
1815 3330 1960 3386 servi
1985 3327 2060 3383 tui
2093 3346 2106 3381 :

524 3422 876 3492 opprobrium
906 3424 1028 3478 dico
1062 3444 1078 3474 ι
1111 3423 1403 3478 multarum
1436 3424 1701 3494 gentium,
1749 3441 1765 3472 ι
1809 3422 1860 3475 id
1909 3429 2014 3485 est,
2077 3433 2104 3472 θ

527 3514 712 3568 multis
736 3514 986 3583 gentibus
1009 3515 1180 3570 servis
1207 3515 1314 3568 tuis
1341 3515 1546 3568 illatum
1573 3531 1586 3565 :
1620 3534 1638 3564 ‹
1678 3511 1820 3582 quod
1853 3529 1870 3559 ι
1915 3525 2111 3580 oppro-

524 3601 706 3658 brium
729 3619 828 3674 ego
862 3623 881 3655 ‹
923 3604 1158 3675 continui
1183 3605 1235 3658 in
1265 3605 1383 3659 sinu
1412 3619 1552 3668 meo,
1588 3623 1605 3655 ι
1634 3603 1686 3658 id
1717 3613 1818 3667 est,
1857 3603 1909 3656 in
1932 3603 2110 3678 anima

526 3708 668 3758 mea,
699 3695 751 3748 in
783 3709 888 3763 qua
941 3709 1041 3764 ego
1070 3695 1355 3765 opprobria
1385 3695 1656 3759 continui,
1689 3695 1813 3764 quia
1862 3709 1925 3749 ea
1957 3695 2111 3748 utilia

525 3783 659 3838 mihi
691 3783 804 3838 fore
830 3785 1033 3855 putavi.

606 3894 624 3923 ι
661 3875 814 3941 Quod
855 3895 873 3925 ι
900 3877 1296 3946 opprobrium:
1339 3880 1821 3946 exprobrat/erunt,
1865 3897 1883 3928 ι
1929 3876 1980 3930 id
2003 3884 2109 3940 est,

527 3964 863 4032 objecerunt,
918 3984 936 4016 ι
1003 3965 1206 4018 inimici
1250 3967 1346 4028 tui,
1407 3968 1676 4021 Domine:
1731 3967 1873 4035 quod
1917 3981 2113 4036 expro-

530 4051 872 4107 braverunt:
929 4073 946 4103 ι
989 4054 1336 4122 opprobrium
1385 4056 1506 4109 dico
1553 4071 1660 4110 non
1714 4057 1892 4124 aliqua
1945 4072 2109 4111 causa

531 4143 755 4208 Christi,
787 4143 872 4198 vel
904 4159 1147 4209 suorum,
1186 4145 1278 4198 sed
1329 4165 1346 4193 ε
1381 4147 1858 4200 commutationem
1911 4147 2111 4202 Christi

529 4236 626 4295 tui,
679 4256 694 4285 ι
722 4235 929 4289 scilicet
953 4235 1080 4290 illud
1110 4235 1249 4305 quod
1298 4235 1547 4290 Christus
1590 4245 1645 4290 et
1695 4237 1775 4290 sui
1819 4236 2109 4307 faciebant,

529 4340 692 4380 causa
723 4326 1100 4380 mutandarum
1133 4327 1408 4380 hominum
1439 4327 1506 4381 de
1537 4327 1866 4382 mortalitate
1903 4328 1972 4382 ad
2011 4329 2110 4381 im-

527 4416 936 4471 mortalitatem.
1000 4417 1443 4486 lmproperabant
1511 4418 1657 4475 enim
1707 4417 1782 4472 illi
1831 4419 2107 4474 Christum

528 4507 873 4571 crucifixum,
911 4523 1037 4561 suos
1065 4508 1229 4562 fuisse
1277 4523 1548 4577 pannosos
1601 4517 1656 4564 et
1708 4509 1967 4577 abiectos,
1995 4519 2102 4566 etc.

525 4599 616 4654 Bis
643 4600 908 4668 ponendo,
929 4619 948 4650 ι
985 4601 1468 4669 exprobraverunt,
1501 4620 1520 4652 ι
1552 4609 1703 4656 notat
1727 4602 2107 4666 assiduitatem

526 4690 982 4757 exprobrationis.
1753 4681 1755 4683 ’

599 4781 704 4849 lpsi
759 4782 1242 4852 exprobraveru'nt,
1295 4784 1387 4838 sed
1441 4799 1550 4838 non
1592 4783 2018 4853 przevaluerunt;
2055 4794 2110 4840 et

527 4871 633 4928 hoc
661 4881 746 4927 est
775 4886 790 4924 :
827 4890 845 4923 ε
883 4872 1198 4928 benedictus
1227 4873 1485 4930 Dominus
1509 4875 1564 4929 in
1595 4883 1880 4941 aeternum,
1930 4893 1948 4926 ι
1980 4876 2107 4944 quia

528 4963 599 5015 ab
650 4961 900 5015 omnibus
943 4961 1378 5018 tribulationibus
1426 4979 1526 5018 nos
1570 4963 1839 5019 liberavit.
1894 4983 1913 5016 ‹
1952 4964 2106 5030 Fiat,

527 5053 641 5108 fiat.
684 5074 700 5104 ο
743 5054 799 5107 In
836 5054 941 5108 hac
979 5053 1341 5124 geminatione
1396 5070 1647 5127 magnam
1694 5054 2104 5112 allirmationem

527 5143 783 5201 insinuat.
818 5147 915 5202 Hic
960 5148 1196 5202 ostendit
1245 5147 1390 5216 quod
1436 5149 1709 5222 praedicta:
1757 5151 2109 5217 adversitates

531 5238 914 5308 promissiones
938 5239 1038 5292 Dei
1062 5254 1175 5311 non
1191 5237 1497 5293 destruunt.

944 5371 1010 5425 IN
1038 5371 1370 5444 PSALMUM
1408 5370 1700 5442 LXXXIX.

777 5485 1036 5541 Tn'uws.
1065 5485 1251 5541 Oratio
1294 5486 1489 5557 Moysi,
1512 5486 1738 5540 hominis
1780 5486 1897 5541 Dei.

607 5614 627 5646 ‹
659 5596 900 5660 Dnm’ine,
931 5597 1218 5670 refugium.
1255 5618 1273 5650 ι
1300 5597 1531 5652 Attende
1552 5598 1693 5666 quod
1722 5612 1828 5652 non
1858 5617 1875 5646 ε
1900 5598 2064 5668 Moysi
2090 5619 2107 5649 ›

535 5685 655 5742 ideo
673 5688 815 5756 quod
844 5689 1050 5758 Moyses
1072 5692 1217 5745 hunc
1241 5689 1509 5760 psalmum
1534 5688 1675 5743 inter
1693 5687 1965 5744 orationes
1987 5705 2111 5745 suas

535 5781 946 5852 composuisset,
978 5791 1037 5837 ut
1075 5781 1162 5836 alii
1192 5780 1399 5846 volunt,
1427 5781 1551 5851 quia
1594 5781 1646 5836 in
1677 5779 1824 5837 nullo
1849 5781 1915 5836 de
1961 5780 2109 5837 libris

992 387 1347 444 llAYMONlS
1383 384 1858 442 HALBERSTAT.
1906 381 2121 439 EPISC.
2161 382 2310 438 OPP.
2352 385 2530 441 PARS
2565 384 2607 442 Ι.
2645 418 2714 429 —
2749 386 3106 446 COMMENT.
3143 387 3312 442 BIBL.

527 519 556 555 a
587 511 640 556 te
671 499 838 556 videri
866 513 1127 554 aversos:
1157 499 1261 553 erit
1290 499 1392 552 hoc
1416 511 1586 566 usque
1619 514 1638 547 ε
1672 495 1726 550 in
1767 495 1932 549 finem
1975 512 1993 544 ι
2041 491 2097 547 id
2121 491 2175 554 Α
2200 491 2366 562 Moysi
2401 495 2514 550 haec
2541 496 2717 550 oratio
2768 495 3064 561 invenitur,
3111 495 3204 551 sed
3250 510 3371 551 cum
3418 496 3591 550 David
3639 498 3763 556 hunc

2129 1838 2178 1898 Β
2207 1881 2328 1922 nem
2355 1838 2608 1921 ostendit.
2637 1866 2762 1920 ldeo
2787 1865 3010 1937 apponit
3058 1884 3077 1916 ί
3098 1838 3113 1846 ⁷
3138 1838 3256 1928 Dei,
3307 1884 3324 1916 ι
3372 1838 3504 1936 quia
3571 1868 3757 1920 ostendit

2133 3183 2180 3247 C

3673 385 3764 443 504

2198 585 2463 652 psalmum
2485 587 2625 640 sicut
2651 594 2706 641 et
2729 595 2958 642 caeteros
2978 587 3214 651 fecisset,
3245 595 3422 643 tamen
3471 588 3764 661 intelligens

2197 674 2400 732 Esdras
2425 674 2594 730 David
2616 675 2946 745 Prophetam
2978 678 3030 731 in
3054 678 3155 732 hoc
3171 678 3376 746 psalmo
3397 679 3575 733 Deum
3601 695 3765 739 orasse

2196 781 2296 835 pro
2322 766 2638 848 liberatione
2666 767 2847 837 populi
2889 769 3080 831 fidelis,
3111 771 3434 839 exponendo
3479 771 3762 827 humanum

2198 858 2489 922 defectum,
2513 874 2620 929 quo
2646 873 2842 930 genere
2865 861 3126 914 orationis
3151 860 3361 932 Moyses
3401 861 3582 916 Deum
3630 878 3762 921 orare

2199 955 2570 1012 consueverat,
2585 950 2796 1003 vocavit
2811 949 2953 1004 hunc
2973 950 3235 1018 psalmum
3257 952 3576 1006 orationem
3601 951 3760 1023 Moysi,
3785 971 3789 973 ·

2200 1039 2408 1094 scilicet
2446 1040 2680 1094 similem
2705 1040 3045 1095 orationibus
3070 1057 3208 1110 quas
3265 1041 3502 1097 faciebat
3557 1041 3760 1112 Moyses.

2197 1129 2320 1185 Ideo
2341 1130 2578 1199 psalmus
2597 1131 2700 1186 iste
2725 1139 2948 1186 vocatur
2966 1133 3162 1196 oratio,
3189 1134 3317 1202 quia
3353 1135 3503 1203 quod
3555 1138 3762 1190 continet

2198 1220 2283 1274 vel
2311 1222 2486 1277 oratio
2535 1231 2622 1276 est
2665 1238 2762 1292 pro
2816 1231 3004 1278 nostra
3046 1225 3439 1292 redemptione,
3483 1225 3583 1280 vel
3623 1243 3762 1282 causa

2201 1320 2325 1365 sunt
2355 1325 2524 1380 quare
2562 1328 2663 1382 pro
2714 1315 3023 1369 hominibus
3068 1315 3140 1369 sit
3188 1316 3481 1370 orandum.
3535 1334 3560 1367 ι
3614 1317 3763 1372 Oratio

2201 1402 2389 1473 Moysi,
2423 1405 2564 1469 dico,
2601 1405 2835 1460 hominis
2856 1406 2950 1460 Dei
2985 1425 2998 1459 :
3045 1425 3064 1456 ι
3097 1408 3200 1460 hoc
3229 1408 3360 1461 dicit
3410 1409 3483 1463 ad
3538 1407 3762 1465 didere»

2204 1497 2334 1550 tiam
2357 1495 2584 1550 aliorum
2613 1499 2705 1566 qui
2745 1497 2956 1568 Moyses
2994 1507 3290 1564 vocantur;
3341 1500 3429 1554 vel
3482 1499 3620 1555 ideo
3667 1503 3763 1556 dicit

2208 1606 2228 1638 ι
2266 1589 2521 1654 hominis,
2563 1608 2580 1640 ι
2608 1589 2734 1658 quia
2762 1604 2862 1659 per
2881 1588 3156 1644 defectum
3184 1591 3488 1644 humanum
3534 1606 3689 1660 quem
3724 1593 3760 1646 in

2204 1680 2258 1734 in
2288 1680 2496 1749 psalmo
2525 1681 2815 1749 describit,
2847 1682 2937 1751 qui
2982 1689 3068 1737 est
3108 1683 3414 1736 communis
3469 1699 3609 1738 cum
3654 1689 3758 1738 θωπί

2206 1775 2445 1840 homine,
2473 1776 2710 1831 ostendit
2729 1784 2978 1831 naturam
3012 1775 3197 1846 Moysi,
3224 1791 3382 1845 quem
3414 1777 3610 1844 ipsum
3634 1778 3759 1831 horni-

2205 1967 2392 2014 contra
2429 1958 3019 2014 humanum’defectum
3053 1957 3400 2012 liberatorem
3446 1957 3647 2020 Deum,
3685 1969 3755 2011 tam

2206 2048 2374 2117 Moysi
2397 2064 2558 2118 quam
2588 2049 2819 2103 aliorum
2857 2049 3086 2103 filiorum
3117 2049 3235 2103 Dei.
3265 2047 3496 2102 Materia
3527 2056 3623 2102 est
3663 2049 3754 2103 libe-

2205 2140 2365 2204 ratio,
2392 2148 2445 2194 et
2467 2147 2654 2194 contra
2680 2140 2944 2194 humanos
2971 2139 3229 2194 defectus.
3267 2139 3459 2192 Modus
3495 2157 3510 2190 :
3540 2138 3606 2192 In
3635 2141 3752 2209 prima

2207 2240 2384 2300 parte,
2409 2231 2649 2286 ostendit
2679 2239 2954 2300 potentem
2978 2230 3146 2286 Deum
3166 2271 3180 2292 ,
3205 2231 3293 2299 qui
3323 2231 3504 2299 possit
3524 2231 3756 2284 homines

2207 2319 2441 2374 liberare
2472 2335 2502 2374 a
2531 2330 2950 2390 quantocunque
2985 2319 3216 2375 defectu.
3249 2321 3306 2374 In
3335 2322 3594 2376 secunda
3619 2329 3753 2391 parte,

2208 2426 2330 2481 quae
2359 2412 2584 2482 incipit:
2619 2431 2637 2464 «
2670 2411 2747 2467 Ne
2775 2422 2988 2486 avertas
3013 2413 3306 2477 hominem,
3345 2433 3372 2486 DV
3397 2424 3664 2484 precatur
3694 2415 3755 2469 tu

2206 2481 2606 2567 liberationem,
2633 2513 2688 2557 et
2711 2513 2898 2558 contra
2943 2481 3201 2558 describit
3251 2481 3496 2558 hominis
3551 2504 3754 2572 multipli-

2209 2611 2329 2650 cem
2349 2595 2636 2649 defectum.
2661 2597 2717 2649 In
2752 2597 2909 2650 tertia
2940 2605 3117 2666 parte,
3133 2611 3253 2665 quae.
3276 2597 3472 2666 incipit
3507 2615 3522 2650 :
3555 2616 3578 2648 ι
3615 2599 3756 2651 Deile-

2209 2702 2324 2740 ram
2344 2695 2490 2740 tuam
2507 2687 2584 2742 sic
2600 2697 2779 2741 notam
2804 2687 2904 2751 fac,
2933 2707 2950 2738 ι
2974 2696 3228 2757 precatur
3250 2688 3552 2743 adventum
3579 2689 3754 2746 Christi.

2208 2795 2307 2849 per
2332 2793 2492 2848 quem
2514 2779 2765 2848 intelligit
2781 2795 2996 2835 omnem
3018 2781 3254 2836 futuram
3277 2797 3400 2837 esse
3423 2782 3754 2836 liberationem

2211 2867 2434 2922 humani
2467 2869 2698 2937 generis.
2749 2869 2980 2923 Intentio
3027 2879 3110 2924 est
3153 2870 3310 2926 nobis
3355 2872 3752 2941 desperationem

2211 2948 2418 3023 tollere,
2452 2967 2506 3012 ut
2537 2959 2663 3019 licet
2709 2946 3055 3030 multiplicem
3104 2977 3509 3032 cognoscamus
3557 2972 3757 3016 nostrum

2212 3048 2502 3114 defectum,
2531 3057 2709 3103 tamen
2738 3051 3077 3105 attendentes
3100 3053 3270 3106 Deum
3306 3052 3653 3106 liberatorem
3683 3066 3755 3103 no.

2215 3147 2410 3203 strum,
2429 3138 2541 3207 jam
2573 3155 2680 3194 non
2703 3141 3052 3209 desperemus
3076 3143 3144 3197 de
3167 3143 3362 3198 salute.

2286 3229 2451 3295 Quasi
2498 3231 2573 3283 ita
2612 3231 2816 3286 diceret
2843 3231 3144 3302 Propheta,
3185 3234 3278 3303 qui
3325 3231 3754 3304 loquiturdam.

2216 3319 2433 3385 fratres,
2460 3337 2565 3374 non
2603 3323 2970 3392 desperemus,
3003 3326 3259 3393 quoniam
3293 3327 3470 3380 Deum
3519 3326 3742 3382 habemus.

2216 3413 2284 3467 ad
2314 3427 2475 3480 quem
2506 3413 2855 3483 refugiamus,
2876 3424 2929 3469 et
2949 3415 3050 3471 hoc
3072 3417 3203 3471 dicit
3231 3436 3244 3470 :
3283 3438 3301 3469 ‹
3338 3417 3561 3472 Domine
3587 3437 3601 3467 ι
3627 3414 3750 3467 Deus

2216 3505 2307 3576 qui
2339 3505 2489 3573 prius
2510 3504 2680 3559 iratus
2709 3505 2854 3560 fuisti
2892 3508 3047 3562 nobis
3068 3550 3082 3574 ,
3115 3509 3331 3578 quando
3373 3526 3478 3580 per
3519 3515 3758 3578 pacatum

2214 3596 2375 3667 primi
2412 3596 2654 3665 parentis
2702 3595 2934 3667 fugimus
2980 3613 3010 3651 a
3059 3608 3130 3662 te,
3164 3599 3323 3654 modo
3372 3609 3424 3653 tu
3459 3620 3479 3650 ‹
3525 3599 3685 3653 factus
3719 3613 3765 3651 es

2216 3689 2371 3743 nobis
2395 3687 2681 3759 refugium,
2723 3681 2742 3740 ἱ
2773 3689 2838 3742 ad
2877 3704 3037 3757 quem
3067 3690 3120 3743 in
3171 3691 3315 3745 omni
3368 3691 3601 3760 periculo
3646 3690 3771 3744 refu—

2216 3781 2441 3852 gientes,
2469 3781 2816 3835 securitatem
2850 3780 3152 3835 invenimus
3190 3789 3375 3835 contra
3412 3783 3608 3834 hostes.
3658 3779 3780 3833 Erat

2217 3873 2296 3927 eis
2328 3875 2469 3927 Deus
2501 3871 2762 3942 refugium
2793 3887 2890 3940 per
2915 3887 3064 3942 spem
3096 3872 3262 3926 futuri
3301 3872 3574 3927 Salvatoris
3612 3887 3779 3940 quam

2219 3965 2510 4018 habebant.
2541 3962 2670 4018 Dico
2696 3984 2713 4013 α
2756 3964 2929 4020 factus
2963 3980 3022 4018 es
3063 3963 3351 4035 refugium,
3384 3983 3401 4014 ι
3423 3972 3473 4018 et
3513 3963 3625 4017 hoc
3673 3978 3782 4017 non

2215 4056 2420 4124 paucis,
2459 4073 2478 4104 ι
2508 4069 2538 4106 a
2569 4074 2586 4105 ι
2618 4055 2790 4123 prima
2813 4054 3158 4125 generatione
3195 4073 3213 4106 ι
3243 4054 3543 4124 justorum,
3567 4062 3782 4122 proten-

2218 4145 2392 4198 dendo
2439 4161 2608 4214 usque
2639 4164 2657 4195 ‹
2693 4146 2744 4198 in
2784 4165 2800 4195 ι
2840 4141 3196 4200 novissimam
3237 4165 3256 4195 ι
3314 4146 3780 4215 generationem.»

2216 4239 2349 4293 Cum
2381 4237 2515 4292 dicit
2553 4239 2719 4292 Deum
2749 4237 2946 4292 factum
2975 4254 3095 4292 esse
3126 4238 3388 4308 refugium
3414 4237 3577 4291 nobis
3598 4278 3612 4302 ,
3635 4237 3783 4290 innuit

2217 4343 2341 4381 eum
2362 4328 2499 4383 velle
2524 4337 2764 4383 nostram
2810 4328 3214 4394 liberationem;
3270 4344 3393 4382 cum
3442 4343 3584 4383 vero
3635 4325 3786 4383 subdit

2219 4434 2341 4473 eum
2403 4428 2664 4474 aeternum
2706 4433 2849 4484 esse,
2876 4418 3114 4473 ostendit
3156 4417 3318 4472 talem
3366 4417 3461 4489 qui
3502 4433 3610 4473 nos
3646 4416 3785 4488 possit

2218 4509 2468 4564 liberare.
3069 4495 3071 4497 1

2289 4623 2307 4652 ‹
2356 4604 2487 4658 Dico
2522 4603 2694 4659 factus
2721 4619 2779 4659 es
2805 4604 2959 4659 nobis
2985 4583 3250 4672 refugium
3272 4645 3285 4667 ,
3317 4619 3418 4659 nec
3449 4611 3692 4673 propter
3711 4603 3787 4656 hor

2214 4694 2333 4747 dico
2383 4702 2438 4748 te
2483 4709 2549 4747 ex
2601 4701 2840 4764 tempore
2899 4709 3045 4758 esse,
3089 4695 3181 4747 sed
3213 4695 3390 4763 potius
3427 4712 3446 4744 ι
3485 4694 3790 4762 priusquam

2215 4791 2445 4848 montes,
2479 4803 2496 4833 ›
2527 4784 2578 4838 id
2626 4791 2729 4847 est,
2777 4783 3032 4853 angelicae
3077 4792 3361 4847 creatum,
3398 4802 3417 4833 ι
3462 4785 3700 4849 ﬁerent,
3727 4789 3793 4836 aut

2217 4882 2360 4926 terra
2387 4894 2405 4925 ι
2439 4889 2600 4942 quam
2633 4874 2901 4938 videmus,
2933 4892 2951 4923 ‹
2981 4882 3035 4928 et
3063 4873 3233 4939 orbis,
3267 4873 3319 4926 id
3347 4881 3449 4936 cst,
3492 4874 3692 4944 ipsum
3725 4872 3794 4928 tit-

2219 4949 2572 5029 mamentum,
2605 4981 2726 5020 cum
2772 4965 3024 5020 omnibus
3065 4980 3184 5033 qum
3232 4964 3506 5030 continet,
3541 4985 3562 5016 ί
3605 4976 3667 5020 ιιι
3702 4980 3795 5020 εξ»

2220 5056 2271 5111 id
2311 5065 2411 5118 est,
2443 5071 2628 5111 verum
2662 5071 2783 5111 esse
2808 5057 3003 5121 habes;
3054 5056 3196 5110 unde
3230 5053 3428 5109 dicitur
3481 5055 3543 5109 in
3599 5056 3800 5128 Moysr:

2222 5169 2240 5200 ‹
2277 5149 2377 5215 Qui
2414 5156 2514 5212 est,
2546 5150 2693 5204 misit
2722 5165 2809 5204 me
2833 5149 2899 5203 ad
2927 5163 3023 5203 vos
3052 5147 3248 5217 (Exod.
3282 5147 3398 5217 lli);
3437 5167 3455 5197 ι
3497 5157 3561 5202 et
3586 5163 3722 5203 vere
3743 5162 3803 5205 es.

2217 5241 2342 5308 quia
2383 5258 2400 5290 ί
2435 5238 2598 5293 Deus.
2637 5258 2654 5291 ι
2700 5238 2766 5292 Ει
2791 5238 2920 5292 licet
2946 5237 3272 5302 ostendisset
3296 5250 3421 5291 eum
3461 5235 3660 5304 fuisse
3706 5245 3806 5292 ante

2216 5346 2405 5386 omnes
2433 5339 2730 5393 creaturas,
2759 5339 2939 5386 tamen
2971 5329 3098 5399 quia
3124 5337 3309 5397 posset
3351 5329 3638 5386 habuisse
3682 5331 3813 5400 pria-

2217 5421 2416 5491 cipium
2458 5429 2513 5476 et
2540 5421 2698 5476 finem
2721 5412 3055 5490 exspectare,
3086 5431 3144 5473 ut
3171 5421 3287 5476 haec
3316 5434 3640 5488 removeat,
3660 5423 3813 5480 addit,

2221 5530 2239 5561 ἰ
2272 5527 2302 5564 a
2345 5512 2537 5566 szeculo
2564 5520 2619 5566 et
2662 5511 2718 5565 in
2761 5511 3036 5576 saeculum,
3076 5529 3095 5562 ι
3142 5510 3325 5575 idest,
3354 5509 3480 5564 sine
3516 5515 3817 5584 principia.

2214 5600 2332 5654 Alia
2357 5599 2635 5654 translatio
2662 5599 2840 5662 habet,
2870 5617 2893 5651 α
2920 5600 2987 5654 ab
3015 5607 3256 5655 aeterno:
3295 5618 3313 5651 ι
3351 5608 3404 5653 et
3459 5617 3483 5650 ε
3532 5602 3599 5656 in
3659 5619 3818 5658 διερει-

2215 5692 2323 5745 lum
2355 5691 2562 5756 saeculi,
2603 5711 2620 5742 ι
2666 5691 2718 5746 id
2747 5699 2850 5755 cst,
2885 5691 3003 5746 sine
3025 5689 3132 5745 fine
3164 5697 3218 5745 tu
3246 5704 3326 5744 es.
3369 5688 3492 5745 Alia
3527 5694 3827 5750 translatis

2215 5783 2391 5848 habet,
2435 5803 2451 5832 ι
2480 5782 2532 5836 in
2565 5789 2846 5838 aeternum.
2883 5802 2898 5833 ι
