3940 6458
136 386 247 444 505

1286 383 1375 439 EX
1384 383 1727 440 PLANATIO
1764 381 1831 449 IN
1870 381 2210 441 PSALMOS.

3281 385 3387 443 506

218 518 239 552 ι
275 495 352 554 Νε
375 504 611 553 avertas.
649 514 668 548 ι
703 494 835 555 Pars
860 495 1115 551 secunda.
1140 492 1272 561 Qute
1307 494 1469 550 dicit:
1487 493 1620 562 Quia
1637 534 1653 558 ,
1683 509 1717 550 o
1743 495 1791 555 A
1818 503 2059 564 peccata,
2087 495 2161 550 ita
2189 494 2389 550 dicitur
2414 496 2675 567 aspicere,
2704 501 2918 569 quando
2943 501 3096 567 punit
3124 508 3342 571 peccata
3367 517 3381 556 :

139 591 390 656 Domine,
425 588 549 646 talis
575 604 658 653 es,
688 589 809 644 ideo
856 607 876 646 ς
909 604 977 644 ne
1020 595 1235 642 avertas
1268 604 1287 639 ι
1321 602 1353 641 a
1388 596 1460 652 te,
1491 594 1550 641 ut
1593 600 1716 655 per-

141 684 331 739 mittas
358 680 590 736 terrenis
611 679 888 736 adhaerere
921 698 941 733 ι
980 678 1253 734 hominem
1288 696 1308 730 ι
1340 678 1575 749 positum
1612 696 1630 729 ι
1660 677 1717 731 in

139 770 470 835 humilitate,
510 792 528 821 ι
566 769 619 823 id
645 778 750 849 est,
782 769 836 822 in
864 768 1165 838 dejectione
1195 775 1251 823 et
1281 766 1515 822 miseriis
1558 764 1718 833 hujus

137 861 265 916 vita:
289 878 302 915 :
327 857 414 925 vel,
440 852 745 925 tendentem
767 858 824 923 in
853 858 1235 924 humilitatem,
1264 858 1380 912 haec
1400 854 1625 911 humilia
1662 861 1719 909 et

140 954 343 1019 caduca
372 952 692 1022 appetendo,
720 952 846 1020 quia
880 952 937 1006 in
971 951 1273 1007 humilitate
1291 960 1375 1005 est
1399 950 1583 1015 homo,
1608 963 1715 1005 non

139 1047 307 1103 debes
326 1053 599 1110 avertere,
641 1064 659 1098 ι
689 1053 746 1099 ει
778 1065 796 1096 ι
827 1046 958 1102 item
985 1045 1107 1102 ideo
1133 1046 1259 1116 quia
1292 1063 1310 1096 ι
1344 1045 1529 1100 dixisti
1565 1064 1585 1097 ι
1620 1060 1721 1115 per

137 1139 339 1203 multos
363 1138 757 1207 Prophetarum
775 1177 790 1203 ,
813 1148 869 1193 et
898 1138 944 1193 si
972 1138 1110 1192 alius
1133 1153 1241 1201 non
1266 1136 1511 1200 dixisset,
1537 1144 1718 1191 tamen

136 1229 337 1284 sufﬁcit
364 1229 521 1282 nobis
543 1230 686 1296 quod
706 1228 971 1298 Propheta
995 1229 1097 1283 iste
1123 1229 1264 1283 dixit
1289 1228 1444 1283 nobis
1474 1244 1489 1281 :
1529 1243 1549 1293 ς
1582 1226 1721 1283 Gon-

138 1316 548 1381 vertimini,lilii
578 1317 854 1371 hominum
882 1336 900 1368 ι
930 1317 1055 1385 quia
1088 1316 1138 1371 si
1178 1334 1197 1367 ι
1233 1316 1609 1372 convertimini
1651 1315 1720 1371 ad

136 1422 250 1471 me,
280 1415 334 1461 ct
362 1414 651 1461 convertar
671 1406 739 1462 ad
764 1421 878 1461 vos.
917 1425 937 1459 ι

221 1516 237 1545 ι
266 1495 530 1563 Quoniam
555 1496 943 1555 misericordia.
973 1516 992 1547 ι
1026 1495 1275 1555 Ostendit
1298 1497 1514 1553 modum
1537 1497 1719 1553 humi-

136 1584 312 1643 litatis
342 1595 397 1640 et
421 1585 738 1655 dejectionis
771 1587 1035 1652 hominis,
1072 1588 1141 1644 ad
1173 1588 1277 1644 hoc
1320 1589 1670 1644 continuatur
1701 1605 1718 1643 :

142 1679 295 1751 Opus
323 1689 408 1736 est
433 1695 499 1734 ne
521 1687 759 1743 avertas,
789 1698 809 1731 ι
845 1680 1098 1749 quoniam
1132 1699 1152 1731 ι
1188 1680 1327 1734 inter
1356 1688 1550 1745 uetera
1583 1679 1720 1734 mala

134 1786 263 1840 quae
302 1771 533 1835 sustinet
560 1770 741 1831 homo.
772 1770 935 1826 habet
974 1771 1117 1839 quod
1142 1772 1253 1824 vita
1277 1785 1395 1833 sua,
1426 1778 1719 1841 quantum-

1802 590 1873 641 ἐι
1904 585 2070 641 etiam
2100 603 2121 638 ι
2157 587 2412 642 saeculum
2444 598 2709 655 nostrum,
2748 610 2767 642 ι
2802 591 2855 645 id
2884 600 2988 656 est,
3022 601 3188 647 totam
3222 594 3386 650 vitam

1816 685 2057 730 nostram
2095 676 2324 747 posuisti
2356 695 2376 729 t
2411 679 2465 734 in
2506 680 2898 738 illuminatione
2924 683 3102 739 vultus
3128 685 3228 751 tui,
3263 703 3283 738 ι
3331 684 3387 742 id

1818 778 1920 836 est,
1952 770 2250 827 clarissime
2276 772 2476 838 vidisti,
2511 776 2579 829 ad
2592 784 2816 845 peccata
2848 778 3053 849 singula
3084 779 3387 849 punienda:

1818 861 1945 931 quia
1971 877 2071 917 nec
2090 863 2253 917 etiam
2275 862 2527 933 cogitatio
2555 863 2741 920 latebit
2762 867 2969 921 vultum
3000 875 3173 922 tuum.

1894 972 1914 1007 ι
1946 954 2230 1022 Quoniam.
2274 974 2293 1007 ι
2328 955 2473 1010 Bene
2493 957 2613 1012 dico
2641 958 2783 1026 quod
2815 958 3129 1029 iniquitates
3174 960 3228 1014 in
3257 975 3387 1015 con-

1819 1059 2005 1117 spectu
2034 1046 2284 1118 posuisti,
2318 1047 2459 1116 quod
2499 1057 2721 1117 apparet
2745 1049 2799 1103 in
2828 1049 3043 1115 effectu,
3080 1070 3097 1101 c
3131 1050 3387 1120 quoniam

1819 1152 2012 1195 omnes
2036 1137 2152 1192 dies
2173 1137 2346 1192 nostri
2372 1137 2705 1203 defecerunt,
2740 1158 2760 1192 ι
2792 1139 2847 1194 id
2874 1148 2980 1204 est,
3011 1140 3121 1194 vita
3152 1140 3390 1195 humana

1819 1228 2003 1283 brevis
2031 1227 2172 1283 facta
2195 1235 2308 1291 est,
2348 1235 2403 1281 et
2429 1230 2556 1282 dum
2597 1228 2848 1293 vivimus,
2873 1229 2927 1283 in
2961 1229 3181 1284 miseria
3225 1238 3279 1285 et
3315 1230 3394 1285 la-

1820 1318 1952 1373 bore
1973 1317 2222 1381 vivimus,
2254 1324 2311 1371 et
2337 1316 2440 1370 hoc
2465 1324 2550 1371 est
2580 1334 2599 1367 ι
2628 1325 2684 1370 ει
2711 1316 2765 1371 in
2794 1317 2872 1372 ira
2897 1326 2987 1371 tua
3029 1318 3327 1375 defecimus
3366 1339 3385 1369 ι

1897 1425 1919 1459 ι
1954 1407 2093 1460 Anni
2113 1406 2303 1462 nostri.
2337 1424 2355 1457 ι
2382 1406 2519 1461 Ecce
2549 1408 2816 1476 quomodo
2841 1406 3158 1483 defecimus,
3188 1409 3396 1463 scilicet

1830 1514 1849 1547 ι
1890 1497 2020 1552 anui
2063 1496 2235 1552 nostri
2264 1496 2690 1560 meditahuntur,
2726 1516 2745 1548 ι
2777 1496 2829 1550 id
2868 1504 2971 1561 est,
2999 1511 3098 1551 nos
3140 1498 3196 1551 in
3242 1499 3398 1553 annis

1823 1588 2027 1643 nostris
2064 1587 2476 1644 meditabimur:
2508 1588 2764 1642 meditari
2787 1587 2939 1651 dicit,
2976 1586 3103 1657 quia
3131 1589 3293 1645 homo
3340 1590 3397 1645 in

1823 1679 2128 1749 hujusmodi
2164 1679 2420 1748 operibus
2454 1693 2728 1747 nunquam
2761 1678 2828 1732 ad
2877 1676 3262 1747 perfectionem
3303 1695 3398 1734 ve-

1824 1768 1904 1824 nit
1936 1785 1953 1832 ;
1989 1787 2008 1819 ι
2047 1768 2189 1823 sicut
2219 1782 2442 1832 aranea,
2477 1785 2495 1818 ι
2528 1782 2649 1837 quas
2672 1767 2833 1824 inane
2861 1776 2915 1823 et
2932 1768 3040 1824 vile
3070 1767 3200 1823 facit
3239 1784 3397 1838 opus,

132 1877 354 1931 cunque
375 1861 603 1930 prolixa,
622 1859 755 1927 nihil
774 1867 1083 1930 reputatur:
1109 1860 1278 1915 ethoc
1302 1878 1321 1910 ι
1353 1840 1500 1916 mille
1522 1859 1673 1924 anni,
1697 1877 1717 1911 ι
1750 1840 1798 1899 Β
1827 1870 1885 1915 ut
1915 1860 2075 1915 vilem
2105 1859 2284 1929 capiat
2321 1858 2581 1928 prmdam,
2606 1859 2811 1914 scilicet
2850 1875 3086 1925 muscas,
3116 1867 3170 1915 et
3211 1861 3264 1914 in
3294 1860 3399 1915 hoc

26 2000 31 2019 ,
134 1951 196 2019 id
218 1952 451 2037 est.vi.ta
472 1950 708 2006 hominis
737 1958 1213 2021 quantumcunque
1250 1950 1722 2022 prolixa.compa-

135 2051 264 2096 rata
288 2041 415 2119 vitae
431 2055 548 2109 qua:
572 2048 654 2094 est
679 2057 697 2089 ι
717 2046 844 2094 ante
866 2038 1052 2094 oculos
1064 2050 1204 2103 tuos,
1225 2056 1244 2090 ι
1277 2037 1329 2101 id
1342 2045 1441 2099 εει,
1458 2038 1728 2096 aeternita-

135 2131 207 2196 ti,
238 2139 322 2186 est
355 2149 374 2182 ι
421 2139 668 2201 tanquam
699 2130 816 2185 dies
845 2129 1095 2184 hesterna
1125 2147 1138 2181 :
1175 2148 1193 2180 ι
1227 2137 1284 2183 ει
1318 2129 1373 2182 in
1406 2127 1589 2196 aliquo
1618 2143 1725 2184 non

132 2230 493 2293 comparatur
523 2223 791 2285 hesternae
820 2221 946 2286 diei,
980 2221 1085 2276 nisi
1114 2220 1408 2283 secundum
1438 2220 1539 2276 hoc
1582 2221 1726 2289 quod

24 2368 29 2381 ,
131 2314 447 2384 prmterita;
477 2321 531 2368 et
560 2314 664 2368 hoc
691 2320 777 2385 est
800 2312 944 2383 quod
972 2311 1105 2366 dicit
1132 2329 1144 2363 :
1184 2328 1202 2361 ι
1239 2324 1360 2379 quae
1387 2309 1668 2379 praeteriit,
1703 2326 1724 2360 ι

24 2394 33 2481 μ
133 2405 196 2460 id
227 2415 333 2470 est,
357 2405 497 2458 sicut
520 2402 637 2458 dies
663 2403 937 2476 prieterita
978 2399 1112 2456 nihil
1141 2408 1444 2470 reputatur,
1466 2399 1546 2462 sic
1564 2413 1729 2468 quau-

136 2504 475 2565 tumcuuquc
506 2494 615 2548 vita
638 2493 871 2555 hominis
897 2484 1105 2562 pt‘Blixa
1132 2510 1147 2546 :
1174 2507 1273 2546 nec
1305 2490 1501 2560 legitur
1529 2488 1728 2557 aliquis

133 2586 348 2641 vixisse
373 2585 518 2641 mille
551 2601 743 2651 annos,
763 2586 861 2651 sed
883 2585 1096 2649 etiamsi
1126 2592 1332 2639 tantum
1359 2583 1587 2649 viveret,
1619 2582 1730 2643 vita

137 2678 239 2735 illa
264 2692 364 2748 pro
387 2678 559 2733 nihilo
594 2678 890 2748 reputando
919 2685 1082 2732 esset.

222 2768 352 2823 Dico
393 2768 540 2823 mille
598 2767 729 2822 anni
768 2776 895 2823 sunt
943 2777 1204 2836 tanquam
1250 2766 1366 2833 dics
1415 2766 1729 2836 prteterita,

132 2868 170 2910 ἰ
216 2865 272 2914 ει
302 2876 319 2910 t
369 2867 625 2929 tanquam
658 2877 676 2909 ι
704 2842 1036 2934 custodiam
1066 2866 1246 2921 nocte,
1284 2876 1303 2908 ι
1347 2857 1401 2911 id
1444 2864 1549 2920 est,
1579 2864 1734 2921 actus

136 2946 205 3006 in
245 2951 429 3006 labore
455 2960 510 3006 et
539 2952 800 3022 caecitate.
835 2949 1092 3005 Custodia
1115 2949 1262 3004 enim
1289 2962 1505 3017 semper
1532 2947 1587 3002 in
1617 2946 1731 3007 sol-

138 3043 428 3098 licitudiue
456 3053 559 3099 est.
584 3043 686 3105 Per
720 3054 932 3111 noctem
958 3042 1305 3113 intelligimus
1328 3042 1647 3115 cascitatem,
1677 3040 1733 3094 in

24 3112 35 3145 τ
137 3148 257 3204 qua
285 3134 378 3188 filii
406 3133 584 3203 saeculi
606 3134 947 3204 detinentur:
974 3142 1029 3187 et
1053 3142 1113 3187 ut
1128 3112 1246 3202 plus
1265 3132 1463 3195 dicam,
1500 3148 1519 3182 ι
1550 3112 1679 3185 anni
1706 3150 1726 3183 ι

21 3298 39 3349 F

22 3392 38 3429 ω

21 3486 41 3523 Ι

21 3578 39 3633 ι

21 3668 31 3709 ι

21 3762 36 3801 l

140 3227 429 3282 hominum
461 3244 480 3277 ι
518 3241 705 3291 eorum
731 3235 911 3293 erunt,
945 3246 962 3276 ι
999 3225 1049 3279 id
1070 3234 1173 3289 est,
1197 3224 1265 3279 de
1289 3238 1516 3278 numero
1539 3238 1727 3282 earum
1758 3197 1804 3260 (ἶ

143 3327 332 3372 rerum
369 3331 389 3365 ι
427 3330 547 3384 qua:
594 3330 693 3384 pro
722 3315 901 3379 nihilo
924 3316 1211 3383 habentur,
1250 3332 1272 3377 ι⁴
1301 3312 1466 3369 veluti
1511 3326 1576 3375 ea
1613 3326 1738 3381 qua:

144 3414 363 3461 tantum
388 3422 492 3475 per.
510 3406 778 3461 somnium
807 3405 1171 3473 possidentur.

228 3514 248 3548 ι
284 3495 462 3559 Mane.
503 3513 523 3546 ι
560 3494 852 3564 Enumerat
878 3493 1015 3547 alios
1033 3491 1267 3547 hominis
1281 3489 1561 3559 defectus:
1590 3491 1735 3558 dico,

92 3658 97 3661 _
146 3602 259 3657 pro
284 3585 453 3640 nihilo
481 3586 607 3639 anni
641 3585 927 3649 habentur,
945 3595 1000 3640 et
1025 3587 1101 3640 ita
1134 3586 1248 3650 ﬁat,
1276 3586 1531 3651 Domine;
1561 3587 1740 3642 ethoc

152 3688 278 3735 est:
306 3698 327 3731 ι
364 3694 527 3733 mane
556 3697 575 3731 ι
611 3678 870 3754 hominis,
897 3679 950 3733 id
976 3687 1077 3742 est,
1103 3677 1327 3732 infantia
1364 3696 1383 3729 ι
1419 3686 1677 3741 transeat,
1712 3696 1731 3729 ι

150 3768 208 3821 id
237 3775 343 3832 est,
374 3767 484 3823 cito
513 3775 719 3838 pereat,
761 3785 781 3820 ‹
818 3767 958 3823 sicut
987 3768 1154 3822 herba
1190 3786 1209 3819 ι
1240 3783 1363 3837 qua:
1402 3767 1590 3824 leviter
1612 3783 1736 3837 per-

148 3857 195 3912 it
236 3876 250 3911 :
283 3876 304 3909 ‹
337 3872 515 3926 mane,
554 3877 580 3924 ι
632 3858 685 3912 id
720 3866 824 3923 est,
843 3856 1123 3926 juventus,
1163 3871 1293 3927 quae.
1333 3858 1537 3917 dicitur
1579 3874 1739 3914 mane

146 3949 278 4016 quia
306 3947 482 4001 adhuc
509 3948 708 4011 crescit
734 3948 896 4008 homo
929 3966 943 4002 :
986 3966 1005 3999 ι
1040 3946 1258 4014 floreat,
1293 3968 1318 4017 ι,
1350 3948 1403 4002 id
1431 3955 1532 4014 est,
1556 3949 1737 4020 vigeat

144 4040 471 4098 fortitudine
490 4040 754 4111 corporis,
779 4028 1027 4106 scientia,
1056 4040 1285 4110 aliisque
1322 4040 1735 4110 quibuscunque

142 4133 330 4188 modis
358 4150 372 4186 :
406 4150 427 4184 ι
462 4140 520 4187 ει
552 4140 789 4201 transeat
817 4136 1061 4203 vespere,
1095 4152 1114 4185 ι
1144 4132 1196 4187 id
1221 4140 1335 4197 est,
1362 4132 1592 4197 senium,
1627 4133 1732 4188 hoc

143 4232 261 4288 est,
290 4223 453 4279 homo
481 4222 536 4279 in
584 4222 857 4294 decrepita
905 4232 1083 4285 aetate,
1115 4242 1134 4275 ι
1169 4224 1384 4283 decidat
1434 4244 1453 4276 θ
1484 4224 1553 4279 ab
1581 4224 1734 4283 omni

139 4316 343 4384 vigore
360 4313 626 4384 corporis,
655 4322 1005 4384 consumptus
1032 4314 1217 4369 labore
1246 4321 1302 4374 et
1328 4314 1514 4371 dolore
1542 4331 1563 4379 ;
1593 4335 1613 4367 ι
1652 4316 1736 4370 in-

141 4406 317 4461 dnrct
354 4424 371 4455 ι
401 4405 455 4459 in
478 4404 730 4471 cadaver,
766 4423 785 4457 ι
814 4414 870 4460 ει
896 4414 1111 4460 arescat
1143 4424 1164 4458 ι
1196 4405 1253 4460 in
1292 4406 1571 4475 pulverem
1610 4407 1730 4462 red-

22 4497 57 4559 :i‘
138 4504 331 4553 actus.
355 4495 539 4551 Potest
561 4502 617 4550 et
636 4496 710 4551 ita
736 4496 1038 4564 continuari
1059 4495 1287 4552 :Preeor
1312 4512 1380 4551 ne
1401 4506 1614 4552 avertas
1639 4497 1735 4554 ho-

137 4589 382 4652 minem,
408 4587 512 4643 hoc
559 4595 739 4643 tamen
766 4602 873 4642 non
920 4602 1018 4643 oro
1050 4587 1180 4656 quin
1225 4587 1547 4657 temporales
1587 4586 1736 4643 defe-

28 4682 63 4723 v“
139 4688 278 4735 ctus
303 4689 357 4732 et
382 4692 598 4748 poenam
627 4678 896 4733 sustineat
915 4677 1145 4746 peccati.

223 4768 352 4822 Ideo
371 4767 607 4823 concedo
637 4767 920 4832 decidant,
947 4774 1254 4832 transeant,
1284 4776 1343 4823 et
1362 4766 1582 4832 similia,
1608 4768 1737 4838 quia

28 4856 69 4907 ιζ’
142 4860 316 4919 video
346 4859 505 4914 aliter
548 4874 667 4914 esse
696 4873 802 4914 non
849 4873 1025 4929 posse,
1055 4876 1075 4910 ε
1124 4860 1253 4928 quia
1289 4879 1307 4912 ι
1342 4875 1442 4915 nos
1472 4878 1490 4921 ς
1525 4858 1735 4916 defeci-

139 4967 304 5016 mus,
336 4971 351 5001 ι
384 4951 437 5005 id
476 4959 561 5006 est
586 4950 782 5006 multos
826 4949 1069 5005 defectus
1097 4951 1354 5020 patimur.
1387 4959 1443 5009 et
1490 4953 1592 5008 hoc
1620 4971 1642 5006 ι
1677 4952 1734 5008 in

22 5060 51 5099 Τι’

142 5042 243 5103 ira
288 5048 403 5107 tua,
440 5058 459 5092 ι
510 5040 565 5095 id
591 5048 694 5106 est,
726 5040 781 5095 in
840 5040 1079 5096 vindicta
1107 5058 1272 5112 quam
1316 5051 1373 5098 tu
1418 5044 1590 5099 sumis
1633 5057 1734 5113 pro

62 5144 67 5151 '
145 5143 385 5206 peccato
423 5132 584 5207 primi
617 5133 899 5202 parentis;
942 5142 997 5188 et
1042 5144 1239 5206 praeter
1268 5135 1408 5193 mala
1454 5151 1577 5205 qua:
1616 5136 1732 5207 jam

22 5234 69 5289 μ’
148 5226 690 5292 sustinemus,etiam
716 5245 735 5276 ι
774 5226 975 5282 turbati
1000 5244 1187 5284 sumus
1221 5247 1241 5280 ι
1278 5228 1521 5286 interiori
1542 5237 1732 5285 nostro

22 5326 79 5377 εξ

28 5424 81 5469 ei?

22 5512 84 5569 pi“

22 5598 87 5658 ω..

22 5694 83 5749 ίσί

155 5341 177 5373 ι
212 5320 271 5384 in
304 5318 486 5377 furore
523 5328 637 5385 tuo,
667 5338 685 5370 ι
718 5319 771 5374 id
800 5328 908 5385 est,
938 5320 991 5376 in
1039 5321 1471 5378 consideratione
1515 5320 1732 5377 venturi

141 5410 346 5486 judicii
375 5410 427 5464 in
450 5425 559 5479 quo
579 5408 815 5465 furorem
843 5418 995 5471 tuum
1024 5412 1320 5476 exercebis.

230 5502 360 5557 Ideo
380 5502 499 5557 dico
520 5515 615 5556 nos
632 5498 781 5568 infira
808 5500 1060 5566 deficere,
1079 5503 1205 5571 quia
1230 5511 1310 5568 tu,
1336 5502 1497 5567 Deus,
1520 5517 1541 5554 ι
1562 5500 1740 5572 posui-

151 5590 231 5647 sti
280 5589 594 5658 iniquitates
635 5596 849 5644 nostras
895 5589 948 5646 in
992 5598 1280 5660 conspectu
1331 5599 1442 5656 tuo,
1480 5610 1500 5644 ι
1535 5590 1591 5647 id
1632 5598 1737 5654 est.

152 5695 380 5751 poenam
405 5678 596 5734 dedisti
627 5694 724 5749 pro
750 5678 987 5749 peccatis
1012 5680 1229 5735 nostris.
1261 5680 1413 5736 Sicut
1434 5681 1578 5738 enim
1603 5681 1741 5736 dici-

22 5778 89 5845 te!
157 5782 254 5827 tur
291 5771 433 5825 Dens
478 5777 695 5842 peccata
742 5785 848 5826 non
895 5770 1159 5841 aspicere,
1205 5772 1419 5842 quando
1469 5774 1737 5827 eondonat

1828 1958 1996 2008 totam
2014 1964 2075 2004 se
2091 1947 2375 2004 eviscerat.
2408 1946 2672 2003 Similiter
2692 1949 2940 2004 homines
2960 1950 3142 2004 inania
3168 1948 3395 2012 faciunt,

1825 2049 1880 2095 et
1911 2054 2136 2109 magnos
2165 2038 2377 2093 labores
2397 2046 2743 2103 consumunt,
2773 2039 2843 2094 ad
2863 2040 2964 2095 hoc
2989 2052 3053 2093 ut
3090 2039 3400 2109 adipiscan-

1828 2138 1918 2184 tur
1946 2144 2067 2199 qua:
2093 2127 2220 2182 vilia
2249 2138 2375 2183 sunt
2401 2136 2456 2183 et
2491 2129 2722 2195 caduca;
2754 2138 2810 2184 et
2848 2130 2903 2183 in
2943 2131 3043 2184 hoc
3067 2145 3162 2184 sua
3197 2130 3402 2183 viscera

1828 2227 2175 2283 consumunt,
2200 2219 2325 2287 quia
2370 2234 2567 2289 corpus
2609 2228 2667 2273 et
2708 2220 2946 2273 animam
2977 2220 3228 2275 similiter
3271 2234 3401 2290 per-

1830 2313 1992 2375 dunt;
2035 2318 2092 2365 et
2131 2310 2260 2379 quia
2290 2311 2343 2365 in
2390 2312 2547 2365 anuis
2583 2311 2869 2380 aliquando
2914 2311 3072 2377 bene,
3115 2310 3402 2381 aliquando

1830 2400 1970 2457 male
1994 2441 2008 2463 ,
2044 2413 2326 2470 possemus
2354 2399 2599 2455 meditari
2627 2440 2641 2464 ,
2671 2399 2822 2455 addit
2855 2417 2873 2454 :
2907 2417 2929 2451 ‹
2970 2399 3091 2477 dies
3135 2413 3400 2453 annorum

1828 2500 2135 2548 nostrorum
2174 2510 2191 2543 ς
2240 2490 2648 2547 meditabuntur
2691 2490 2836 2546 sicut
2880 2502 3104 2556 aranea,
3139 2490 3265 2560 quia
3301 2504 3401 2545 nec

1829 2596 1936 2637 una
1961 2581 2047 2637 die
2066 2574 2365 2637 cessamus
2391 2580 2460 2634 ab
2487 2580 2633 2634 inani
2658 2580 3045 2645 meditatione;
3073 2579 3217 2635 unde
3254 2579 3406 2634 Salo-

1831 2692 1957 2732 mon
1984 2677 2040 2732 in
2069 2675 2478 2740 Ecclesiastico:
2497 2674 2635 2742 Quid
2661 2675 2928 2744 superbis,
2948 2673 3122 2743 pulvis
3149 2683 3204 2728 et
3230 2673 3406 2728 cinis?

1830 2771 1888 2827 In
1916 2772 2025 2826 vita
2061 2782 2151 2826 tua
2194 2769 2413 2841 projicis
2438 2769 2626 2824 intima
2654 2776 2765 2823 tua.
2804 2768 2871 2822 Et
2903 2766 3040 2822 bene
3066 2765 3206 2831 dico,
3239 2782 3259 2817 ‹
3290 2766 3407 2820 dies

1834 2863 2003 2917 nostri
2040 2860 2376 2926 defecerunt,
2414 2879 2433 2911 ι
2464 2859 2589 2930 quia
2623 2876 2642 2909 α
2670 2858 2725 2912 in
2753 2857 2885 2927 ipsis
2917 2876 2935 2910 ι
2966 2855 3155 2911 diebus
3181 2854 3402 2918 nostris,

1835 2963 1897 3009 ut
1925 2952 2154 3008 multum
2175 2942 2376 3015 dicam,
2401 2936 2942 3005 secundum'mtaiem
2969 2931 3248 3001 hominum
3279 2952 3406 2998 sunt

1841 3064 1861 3098 ι
1897 3043 2233 3116 septuaginta
2259 3042 2408 3108 anni,
2447 3059 2465 3092 ι
2500 3039 2555 3095 id
2580 3045 2684 3104 est,
2702 3039 2749 3094 si
2774 3038 2968 3107 aliquis
2995 3036 3223 3091 multum
3245 3034 3399 3098 vivit,

1836 3135 2179 3206 septuaginta
2201 3133 2360 3189 annis
2376 3131 2530 3187 vivit.
2554 3128 2651 3185 Vel
2671 3129 2869 3200 legant,
2892 3147 2911 3180 ι
2946 3127 3351 3209 meditabantur
3382 3142 3400 3175 ι

1837 3229 2073 3300 passive,
2104 3226 2200 3287 sic,
2230 3226 2356 3280 anni
2401 3224 2611 3288 nostri,
2642 3223 2696 3278 id
2744 3230 2849 3286 est,
2877 3228 2990 3275 tota
3033 3220 3143 3275 vita
3192 3227 3402 3281 nostra,

1837 3317 2264 3378 meditabuntur,
2296 3314 2350 3369 id
2396 3321 2513 3377 est,
2557 3311 2951 3389 reputabuntur
2992 3324 3022 3363 a
3065 3307 3405 3383 sapientibus

1838 3405 1982 3462 sicut
2010 3418 2231 3459 aranea.

1914 3514 1933 3546 ι
1972 3495 2030 3549 Si
2062 3502 2263 3549 autem.
2317 3511 2336 3544 ι
2364 3490 2498 3545 Dico
2545 3489 2783 3545 hominis
2835 3486 3173 3558 septuaginta
3221 3485 3395 3541 anni:

1844 3603 1863 3637 ‹
1899 3585 1945 3639 si
1976 3591 2159 3638 autem
2200 3601 2218 3632 ι
2250 3592 2335 3635 εει
2358 3600 2377 3632 ι
2417 3581 2471 3633 in
2511 3579 2901 3647 potentatibus,
2938 3597 2958 3627 ι
3005 3577 3214 3631 scilicet
3263 3575 3407 3646 quod

1837 3672 1999 3727 homo
2039 3672 2186 3725 vivat
2236 3669 2288 3723 in
2339 3668 2652 3724 fortitudine
2696 3667 2957 3736 corporis,
2984 3675 3045 3719 ut
3077 3667 3258 3735 plures
3299 3668 3409 3720 sint

1845 3782 1867 3825 c
1898 3762 2174 3833 octoginta
2202 3760 2354 3824 anni,
2385 3768 2442 3814 et
2466 3757 2697 3827 amplius
2725 3771 2933 3820 eorum,
2972 3775 2992 3807 ι
3018 3756 3071 3809 id
3092 3763 3196 3817 est,
3222 3755 3267 3808 si
3294 3770 3409 3808 am-

1838 3856 1982 3926 plius
2005 3855 2208 3917 vivant,
2235 3853 2341 3907 vita
2371 3865 2559 3906 eorum
2585 3856 2669 3904 est
2690 3867 2712 3900 ς
2742 3847 2895 3903 labor
2927 3865 2946 3898 ι
2972 3846 3051 3901 eis
3078 3846 3131 3900 in
3160 3859 3407 3913 corpore,

1843 3966 1865 4001 ι
1903 3954 1957 4002 ει
1978 3945 2131 4001 dolor
2160 3964 2178 3995 ι
2214 3943 2267 3999 in
2293 3950 2494 3998 mente.
2521 3940 2620 3996 Vel
2645 3952 2931 4011 possumus
2958 3952 3056 4007 per
3074 3936 3410 4007 septuaginta

1836 4044 1892 4091 et
1918 4035 2192 4106 octoginta
2238 4032 2555 4103 allegoriam
2601 4030 2922 4100 intelligere,
2950 4037 3013 4082 ut
3055 4040 3151 4096 per
3193 4036 3415 4097 septua-

1837 4127 1986 4198 ginta
2017 4124 2383 4196 intelligamus
2411 4120 2582 4176 Vetus
2614 4117 3050 4181 Testamentum,
3084 4117 3228 4186 quod
3264 4116 3413 4171 etde

1840 4215 2224 4287 temporalibus
2246 4214 2586 4284 loquebatur,
2610 4220 2666 4267 et
2692 4211 2805 4266 sola
2835 4208 3148 4280 temporalia
3187 4209 3412 4277 promit-

1837 4309 2007 4372 tebat,
2037 4308 2183 4363 sicut
2201 4305 2275 4361 ibi
2302 4306 2525 4376 legitur:
2543 4304 2601 4359 Si
2625 4302 2904 4359 volueritis
2926 4308 2982 4354 et
3007 4299 3286 4354 audieritis
3300 4313 3410 4364 me,

1835 4400 1975 4455 bona
2008 4407 2166 4452 terra:
2192 4396 2503 4452 comedetis.
2531 4394 2637 4449 Per
2664 4402 2875 4462 septem
2900 4390 3015 4445 dies
3043 4390 3206 4445 etiam
3236 4389 3411 4445 volvi-

1842 4499 1930 4546 tur
1951 4491 2067 4545 htec
2094 4496 2206 4543 tota
2222 4488 2353 4554 vita,|
2368 4484 2423 4538 in
2449 4484 2647 4553 quibus
2670 4482 2870 4537 utimur
2892 4480 2978 4535 his
2999 4478 3406 4548 temporalibus.

1765 4540 1815 4600 Β
1842 4540 2238 4650 εἷτῖἐῖοέέέίω
2265 4540 2631 4643 intelligamus
2654 4570 2861 4626 Novum
2887 4540 3320 4650 Testamentum,
3354 4569 3409 4622 in

1842 4687 1950 4742 quo
2001 4644 2316 4740 postpositis
2358 4662 2764 4734 temporalibus,
2808 4644 2929 4715 sola.
2962 4659 3205 4715 ctelestia
3246 4658 3409 4714 doce-

1840 4777 1966 4822 mur
1984 4768 2255 4832 appetere,
2281 4756 2406 4827 quia
2441 4754 2680 4823 requiem
2701 4761 2958 4806 tuternam
2980 4760 3232 4821 appetere
3251 4751 3412 4805 dooe-

1840 4870 1984 4920 mur,
2004 4867 2124 4924 quae
2153 4850 2368 4919 requies
2390 4846 2630 4902 succedit
2654 4844 2821 4898 finitis
2861 4853 3068 4912 septem
3095 4843 3287 4899 diebus
3311 4842 3410 4897 bu—

1834 4946 1925 5017 jus
1964 4945 2109 5007 vitm,
2140 4956 2301 5011 quam
2342 4938 2583 5008 requiem
2611 4935 2723 5005 jam
2753 4934 2962 5004 accepit
2988 4941 3172 4989 nostra
3214 4939 3409 4987 natura

1844 5034 1900 5091 in
1926 5032 2143 5089 Christo
2161 5032 2216 5086 in
2241 5028 2656 5091 resurrectione,
2690 5026 2830 5083 facta
2856 5026 2909 5080 in
2925 5033 3114 5081 octava
3143 5024 3231 5079 die
3256 5022 3411 5093 cujus

1844 5124 2048 5196 requiei
2072 5124 2284 5195 signum
2322 5128 2459 5185 erat,
2493 5119 2705 5188 requies
2742 5133 2905 5187 quam
2932 5115 3204 5177 faciebant
3238 5111 3410 5169 Judaei

1843 5218 1900 5275 in
1927 5217 2154 5286 septima
2173 5214 2278 5271 die.
2304 5213 2608 5269 Secundum
2631 5213 2769 5267 hanc
2787 5209 3108 5267 sententiam
3130 5207 3307 5264 littera
3331 5208 3414 5262 sic

1844 5310 2054 5381 legatur
2088 5326 2102 5362 :
2138 5306 2308 5362 «Anni
2338 5305 2509 5361 nostri
2545 5305 2688 5360 sicut
2712 5318 2912 5358 aranea
2941 5301 3405 5362 meditabantur,»

1843 5410 1906 5457 ut
1941 5414 2122 5471 supra,
2164 5398 2258 5454 sed
2299 5406 2478 5453 tamen
2505 5405 2666 5451 erunt
2697 5393 2834 5459 dies,
2883 5392 2936 5447 id
2979 5400 3101 5457 est,
3147 5390 3414 5445 illumina-

1845 5491 2020 5546 tiones
2054 5503 2314 5544 annorum
2345 5495 2651 5544 nostrorum
2676 5524 2691 5549 ,
2739 5493 2796 5539 et
2836 5483 2890 5538 in
2923 5483 3054 5553 ipsis
3087 5479 3306 5546 diebus,
3358 5481 3413 5535 id

1844 5591 1957 5648 est,
1996 5580 2490 5646 illuminationibus,
2529 5584 2690 5634 erunt
2733 5596 2752 5629 ι
2790 5574 3128 5646 septuaginta
3155 5574 3340 5628 anni.»
3380 5590 3413 5629 a

1847 5675 1975 5739 vita,
1999 5683 2120 5731 acta
2141 5673 2432 5731 secundum
2461 5670 2626 5726 Vetus
2647 5668 3071 5723 Testamentum.
3103 5663 3277 5719 Habet
3306 5665 3411 5719 alia

1848 5767 2162 5833 translatio,
2201 5785 2220 5817 α
2258 5763 2591 5834 septuaginta
2624 5760 2814 5827 annis,
2852 5778 2872 5811 ι
2908 5759 3050 5828 quod
3069 5758 3146 5816 sic.
3169 5756 3365 5828 legitur
3398 5769 3410 5809 τ
