3940 6524
473 399 581 458 507

936 391 1296 452 IlAYMONlS
1336 383 1818 445 HALBERSTAT.
1862 380 2076 438 EPISC.
2117 378 2269 434 OPP.
2309 374 2490 430 PARS
2523 373 2564 428 l.
2604 403 2672 413 —
2708 369 3061 428 COMMENT.
3104 368 3270 423 BIBL.

3649 361 3745 422 508

481 532 498 564 ε
534 507 677 567 Anni
707 507 878 564 nostri
903 507 1043 562 sicut
1067 518 1264 558 aranea
1287 497 1712 559 meditabuntur,
1751 513 1768 546 ι
1803 494 1898 549 sed
1931 493 2046 547 dies
2073 494 2123 554 Α
2148 486 2368 549 cordiae,
2407 505 2424 535 ι
2453 493 2508 539 ει
2539 503 2556 536 ι
2589 483 2750 538 etiam
2783 500 2800 532 ι
2839 481 3091 536 delectati
3130 476 3312 534 sumus
3343 497 3361 530 ι
3397 478 3554 531 inter
3583 478 3746 532 multa

477 613 742 655 annorum
773 606 1100 657 nostrorum,
1135 594 1184 646 id
1227 598 1330 651 est,
1371 586 1792 642 illuminationes
1827 597 1962 652 quas
1992 581 2047 635 in

477 688 634 744 annis
673 688 874 743 nostris
912 686 1191 748 habemus,
1222 689 1346 737 sunt
1378 680 1432 734 in
1477 677 1814 746 septuaginta
1866 675 2046 729 annis.

481 798 502 831 ι
553 778 689 848 Ipsis
723 798 742 830 ›
777 793 881 832 non
928 785 1010 830 est
1049 774 1333 828 relativum
1360 812 1374 836 ,
1403 771 1496 826 sed
1545 767 2046 823 demonstrativum.

478 869 619 924 Anni
672 869 885 937 quidem
917 867 1021 919 acti
1054 861 1349 919 secundum
1402 859 1571 916 Vetus
1621 859 2048 920 Testamentum,

479 975 588 1014 non
624 966 781 1014 erant
819 957 871 1009 in
915 953 1305 1025 potentatibus,
1329 951 1454 1021 quia
1502 948 1679 1004 nullus
1721 947 1820 1002 sub
1870 945 2051 1000 Veteri

477 1052 819 1104 Testamento
847 1054 1321 1113 quantumcunque
1351 1047 1591 1102 sanctus,
1623 1037 1715 1107 qui
1750 1044 1933 1090 tamen
1967 1036 2051 1090 di-

476 1144 674 1192 cuntur
701 1136 948 1195 homines
993 1132 1126 1187 Novi
1157 1129 1517 1193 Testamenti,
1544 1127 1720 1197 potuit
1766 1125 2054 1194 pervenire

479 1235 606 1281 ante
658 1233 888 1281 mortem
923 1223 1125 1278 Christi
1161 1222 1229 1276 ad
1267 1229 1520 1275 octavum
1560 1219 1726 1281 diem,
1760 1218 1814 1271 id
1852 1225 1955 1280 εει,
1986 1216 2054 1270 ad

479 1317 719 1387 requiem
742 1315 1100 1386 significatam
1127 1329 1224 1384 per
1250 1313 1494 1382 requiem
1525 1310 1860 1369 celebratam.
1892 1310 1946 1363 in
1975 1324 2055 1364 se-

475 1408 643 1478 ptima
668 1408 776 1472 die,
801 1415 855 1464 et
877 1407 1213 1477 designatam
1236 1421 1332 1475 per
1359 1412 1606 1459 octavam
1643 1403 1804 1457 diem.
1856 1401 1914 1456 Si
1956 1417 2053 1456 au-

479 1510 590 1555 tem
621 1518 640 1550 (
682 1499 738 1554 in
776 1499 1144 1568 potentatibus
1176 1517 1194 1548 ι
1225 1504 1352 1551 sunt
1395 1495 1510 1549 dies
1545 1494 1745 1559 nostri,
1768 1502 1896 1547 tunc
1931 1502 2058 1547 sunt

479 1592 752 1662 octoginta
793 1590 942 1654 anni,
972 1590 1024 1650 id
1063 1598 1170 1654 est,
1199 1589 1307 1642 vita
1349 1595 1470 1642 acta
1513 1586 1805 1642 secundum
1847 1584 2057 1638 Novum

481 1684 906 1743 Testamentum,
934 1683 1276 1752 quaedicitur
1305 1695 1426 1736 esse
1459 1699 1478 1732 ‹
1525 1681 1578 1734 in
1607 1679 1996 1750 potentatibus,
2033 1697 2052 1730 ι

483 1775 612 1844 quia
642 1774 832 1829 fideles
854 1771 984 1831 Novi
1015 1771 1348 1826 Testamenti
1376 1779 1499 1840 post
1530 1778 1761 1826 mortem
1787 1770 1972 1824 statim
2001 1769 2072 1825 in.

481 1837 724 1932 requiem
768 1861 1154 1931 perducuntur.
1199 1861 1265 1914 Et
1311 1837 1555 1929 amplius-
1584 1874 1772 1914 eorum
1815 1859 1973 1922 labor
2002 1869 2058 1913 et
2084 1837 2147 1898 Β·

480 1953 651 2017 dolor,
679 1952 731 2007 id
759 1959 863 2015 est,
891 1952 1152 2024 quidquid
1179 1961 1331 2004 extra
1361 1950 1527 2005 Vetus
1547 1960 1601 2005 et
1627 1950 1836 2005 Novum
1867 1951 2056 2005 Testa-

480 2049 720 2097 mentum
757 2041 1132 2112 agitur,labor
1153 2049 1208 2094 et
1237 2041 1391 2094 dolor
1411 2049 1514 2105 est,
1545 2041 1670 2109 quia
1697 2040 1742 2094 si
1774 2041 1896 2109 quis
1943 2042 2061 2095 sine

480 2130 600 2186 istis
624 2130 772 2195 vivit,
802 2130 1012 2197 labores
1034 2129 1316 2185 etdelores
1341 2129 1394 2182 in
1425 2130 1643 2185 aeternis
1672 2130 1907 2184 miseriis
1933 2145 2061 2185 con-

480 2229 754 2292 sequetur.

557 2333 574 2366 ι
621 2314 904 2380 Quoniam.
944 2333 976 2366 ι.
1004 2313 1128 2368 Ideo
1151 2313 1293 2369 Deus
1320 2313 1812 2383 vitamabreviavit
1835 2322 1890 2366 et
1915 2313 2084 2372 labo-.

483 2421 568 2460 res
595 2414 652 2460 et
683 2405 897 2461 dolores
926 2405 1176 2471 contulit,
1212 2425 1230 2457 ‹
1271 2407 1531 2476 quoniam
1560 2407 1877 2476 supervenit
1903 2422 2058 2460 man-

481 2495 724 2560 suetudo,
773 2516 799 2554 ι,
831 2494 1018 2559 idest,
1047 2495 1418 2552 misericordia
1445 2497 1542 2551 Dei
1585 2497 1902 2570 supervenit
1942 2497 2057 2560 irae,
2089 2568 2093 2572 .

479 2597 535 2642 et
561 2587 734 2658 ipsam
761 2587 898 2652 iram
929 2588 1375 2656 contemperavit,
1398 2595 1459 2640 ut
1503 2587 1581 2641 ira
1606 2587 1698 2640 Dei
1719 2573 1833 2653 jam
1859 2602 1964 2642 non
1993 2588 2061 2641 sit

482 2677 638 2732 nobis
659 2677 728 2732 ad
754 2678 1176 2743 damnationem,
1205 2678 1298 2733 sed
1339 2677 1405 2731 ad
1451 2677 1848 2747 purgationem,
1891 2695 1909 2727 ‹
1943 2685 1999 2730 ει
2035 2696 2054 2727 ι

482 2779 582 2832 per
602 2765 746 2819 illam
773 2765 867 2830 Dei
890 2767 1372 2826 mansuetudinem,
1391 2785 1416 2818 ι.
1441 2765 1796 2836 corripiemur
1827 2785 1844 2817 ι
1877 2781 1907 2818 a
1938 2781 2058 2836 pcc-

486 2857 621 2912 catis
651 2857 872 2913 nostris.

559 2960 578 2993 ι
617 2941 768 3010 Quis.
811 2961 830 2993 ι
881 2941 1319 3012 Quandoquidem
1366 2943 1508 2998 Deus
1537 2942 1672 2998 iram
1719 2958 1870 3008 suam
1902 2958 2057 2997 matt-

489 3042 700 3096 suetam
721 3035 869 3101 facit,
885 3052 994 3091 non
1020 3045 1198 3091 tamen
1217 3046 1274 3090 ut
1302 3051 1399 3091 nos
1425 3052 1528 3090 non
1543 3037 1751 3105 puniat,
1777 3038 1870 3092 sed
1894 3037 2059 3091 etiam

486 3136 546 3180 ut
569 3141 668 3182 nos
687 3127 949 3199 corrigat,
970 3143 1097 3203 ergo
1114 3147 1130 3179 ι
1156 3129 1280 3197 quis
1293 3129 1444 3189 novit
1465 3137 1812 3198 potestatem,
1838 3150 1857 3179 ι
1879 3129 1929 3183 id
1951 3137 2056 3193 est,

2150 577 2290 633 mala
2329 574 2487 644 hujus
2523 575 2679 628 vitae:
2711 581 2765 628 et
2807 574 2910 626 hoc
2955 580 3056 635 est,
3092 590 3111 621 ‹
3155 571 3208 625 in
3247 569 3512 624 omnibus
3560 567 3747 625 diebus

2150 667 2352 722 nostris
2379 686 2398 718 ι
2434 667 2500 720 de
2525 665 2720 734 quibus
2763 671 2996 728 constat,
3028 663 3120 732 qui
3170 675 3453 730 nunquam
3515 670 3744 731 aguntur

2150 761 2268 814 sine
2299 758 2540 813 miseria.

2227 873 2247 905 ι
2289 853 2357 907 Ει
2402 868 2510 907 ηοη
2554 859 2760 906 tantum
2805 849 2970 906 laetati
3026 863 3211 904 sumus
3258 847 3400 901 inter
3445 845 3623 909 mala,
3662 846 3742 900 sed

2152 945 2316 1002 etiam
2354 944 2467 1013 ipsa
2507 942 2644 996 mala
2676 941 2880 994 faciunt
2909 955 3008 994 nos
3031 939 3221 1002 laetari,
3251 945 3306 993 ct
3328 938 3435 992 hoc
3465 945 3585 1002 est,
3609 954 3637 1006 _r
3667 937 3740 992 lae

2153 1039 2250 1092 tati
2281 1051 2471 1092 sumus
2504 1050 2606 1105 pro
2643 1034 2850 1096 diebus,
2879 1033 3076 1101 quibus
3123 1045 3224 1085 nos
3270 1029 3611 1093 humiliasti,
3649 1049 3669 1080 υ
3695 1041 3738 1084 et

2153 1145 2261 1184 non
2302 1137 2509 1182 tantum
2535 1127 2658 1181 dico
2685 1141 2782 1195 pro
2809 1125 3023 1189 diebus,
3054 1123 3147 1178 sed
3172 1123 3340 1178 etiam
3365 1135 3473 1190 pro
3506 1140 3525 1170 ι
3558 1123 3733 1176 annis:

2155 1221 2209 1274 in
2245 1239 2263 1271 ‹
2299 1218 2496 1288 quibus
2537 1236 2556 1268 ι
2595 1215 3004 1284 multipliciores
3047 1221 3273 1282 possunt
3316 1202 3443 1266 esse
3497 1211 3734 1274 miseriae,

2156 1327 2319 1381 quam
2373 1312 2426 1364 in
2476 1310 2685 1373 diebus,
2713 1309 2910 1377 quibus
2965 1306 3122 1359 annis
3157 1325 3176 1356 ί
3211 1304 3455 1359 vidimus
3485 1322 3508 1355 ι
3544 1303 3599 1356 in
3641 1305 3734 1373 ipsa

2156 1401 2490 1471 experientia
2516 1419 2534 1450 ι
2571 1398 2727 1460 mala,
2763 1417 2780 1449 ι
2818 1397 3002 1459 idest,
3035 1395 3202 1449 multa
3243 1395 3481 1449 adversa
3515 1393 3664 1447 nobis
3686 1393 3734 1446 il-

2157 1491 2302 1545 lata':
2354 1489 2758 1560 considerantes
2790 1485 2934 1540 enim
2971 1486 3088 1539 hazc
3122 1482 3261 1538 mala
3289 1481 3453 1536 nobis
3504 1481 3732 1550 prodesse

2159 1581 2226 1635 ad
2262 1579 2431 1634 vitam
2460 1587 2742 1640 aeternam,
2772 1591 2867 1646 spe
2894 1574 3055 1629 illlius
3079 1574 3205 1629 vitae
3233 1574 3288 1626 in
3313 1571 3486 1627 nobis
3509 1584 3730 1640 magnam

2158 1671 2404 1735 laetitiam
2433 1675 2714 1740 generant.

2237 1779 2256 1810 (
2298 1759 2626 1816 Convertere
2657 1778 2674 1808 ι
2717 1757 2857 1819 dico,
2884 1763 2997 1816 etc
3041 1753 3251 1824 respice
3293 1771 3318 1804 ι.
3346 1751 3522 1807 oculo
3554 1750 3724 1807 miseri-

2160 1855 2357 1910 cordia:
2390 1874 2408 1903 ι
2454 1854 2504 1907 in
2550 1868 2738 1907 servos
2784 1861 2922 1915 tuos,
2960 1859 3016 1905 et
3049 1850 3101 1903 in
3137 1864 3303 1918 opera
3336 1857 3457 1912 tua,
3495 1868 3517 1899 ι
3561 1849 3726 1902 scilicet

2162 1954 2274 2000 tum
2314 1947 2440 2014 quia
2476 1944 2618 1998 servi
2660 1943 2736 1997 tui
2769 1951 2910 2002 sunt,
2945 1951 3057 1995 tum
3103 1941 3228 2009 quia
3264 1954 3363 1994 eos
3394 1938 3611 1993 fecisti:
3638 1960 3652 1989 Ι
3688 1947 3726 1993 et

2160 2036 2333 2106 dirige
2361 2034 2500 2089 filios
2547 2048 2735 2090 eorum
2765 2053 2784 2084 ι
2819 2033 2888 2098 in,
2920 2032 3314 2102 constantiam;
3358 2030 3537 2092 filios,
3575 2030 3623 2084 id
3649 2040 3724 2092 est.

2161 2126 2486 2180 imitatores.

2232 2218 2363 2274 Dico
2388 2236 2408 2269 ‹
2437 2217 2668 2286 respice,
2703 2235 2721 2266 ι
2759 2234 2776 2266 ι
2808 2224 2906 2270 ει.»
2949 2216 3028 2270 sic
3062 2235 3080 2266 ‹
3121 2216 3192 2269 sit
3237 2214 3511 2284 splendor
3555 2214 3722 2268 Domiai

2162 2311 2254 2366 Dei
2284 2311 2477 2376 nostri,
2515 2330 2532 2361 ι
2564 2311 2615 2364 id
2645 2318 2750 2375 est,
2783 2309 3098 2362 illuminatio
3120 2308 3359 2376 Spiritus
3397 2309 3579 2361 sancti
3615 2326 3631 2356 ι
3663 2323 3724 2359 sa-

2161 2417 2258 2470 pcr
2283 2417 2402 2455 nos.
2439 2421 2456 2451 ι
2488 2401 2603 2463 Vel,
2633 2400 2980 2470 splendorkid
3007 2409 3110 2462 est,
3134 2415 3266 2452 crux
3301 2400 3540 2460 Christi,
3565 2399 3725 2452 scilicet

2161 2501 2242 2552 ut,
2275 2490 2633 2562 intelligamus
2661 2465 2940 2545 victoriam
2977 2490 3176 2545 Christi
3223 2491 3435 2545 factam
3495 2491 3550 2543 in
3582 2504 3721 2546 cruce.

2163 2583 2352 2652 inqua
2382 2582 2653 2637 diabolum
2683 2589 2952 2652 potestate
2993 2581 3245 2650 privavit,
3290 2591 3346 2635 et
3391 2580 3556 2634 nobis
3591 2580 3718 2632 vitam

2162 2673 2432 2728 restituit:
2467 2692 2488 2726 ι
2516 2680 2570 2734 ει
2601 2693 2618 2724 ι
2653 2687 2751 2741 per
2774 2671 2922 2726 illum
2961 2671 3307 2745 splendorem
3335 2689 3354 2720 ι
3391 2671 3573 2741 dirige
3596 2683 3720 2738 (φεῦ

2161 2782 2420 2840 manuum
2471 2775 2802 2830 nostrarum,
2845 2787 2864 2819 ι
2913 2767 3118 2822 scilicet
3169 2782 3518 2837 quzccunque
3569 2781 3722 2834 open;

2163 2866 2217 2927 et
2256 2857 2327 2911 sit
2368 2855 2534 2911 etiam
2570 2855 2824 2926 splendor
2857 2856 2951 2911 Dei
2999 2875 3019 2907 ι
3061 2871 3224 2925 super
3249 2870 3371 2920 nos,
3413 2875 3434 2907 ι
3469 2855 3524 2909 id
3558 2865 3644 2913 est.
3684 2855 3724 2906 in

2163 2946 2343 3007 anima
2367 2953 2586 3010 nostra,
2621 2961 2741 3016 quae
2772 2953 2854 3003 est
2878 2961 3005 3015 pars
3030 2945 3310 3015 superior:
3349 2963 3367 2996 ε
3420 2954 3478 3000 ει
3506 2964 3527 2996 ι
3572 2959 3655 3014 per
3679 2943 3724 2995 il-

2163 3035 2274 3090 lum
2303 3035 2646 3106 splendorem
2670 3056 2688 3086 ‹
2717 3036 2897 3107 dirige.
2921 3051 3057 3106 opus
3087 3051 3344 3089 manuum
3375 3044 3719 3097 nostrarum:

2167 3129 2377 3193 scilicet
2407 3130 2750 3192 charitatem,
2785 3143 2906 3202 qua:
2955 3136 3036 3182 est
3072 3127 3307 3198 speciale
3351 3143 3516 3197 opus.
3541 3125 3641 3200 Vel
3671 3127 3724 3180 ita

489 3215 784 3283 efﬁcaciam
821 3237 838 3270 ι
878 3202 1112 3283 ἰτίειυςε,
1151 3239 1168 3270 ι
1200 3220 1252 3274 id
1289 3232 1391 3284 est,
1421 3222 1546 3289 quis
1573 3221 1888 3278 considerat
1919 3220 2060 3276 iram
2087 3202 2130 3265 Ο
2163 3222 2263 3282 sub
2287 3237 2390 3275 una
2419 3221 2766 3285 distinctione
2793 3221 3068 3277 dicamus:
3096 3218 3279 3289 Dirige
3301 3233 3473 3288 opera
3504 3234 3724 3272 manuum

491 3314 638 3375 tuam
658 3322 788 3368 esse,
802 3309 981 3364 datam
1004 3310 1073 3364 ad
1093 3312 1528 3366 correctionem?
1559 3330 1576 3362 ‹
1609 3320 1665 3376 et
1695 3332 1713 3362 ι
1751 3312 1874 3382 quis
1906 3313 2058 3367 novit

492 3416 511 3448 ι
544 3397 885 3463 dinumerare
914 3398 1050 3452 iram
1083 3409 1250 3465 tuam,
1288 3421 1305 3451 ι
1340 3401 1547 3456 scilicet
1570 3409 1628 3455 ut
1657 3402 1728 3456 ita
1751 3404 2060 3458 consideret

487 3490 544 3543 itt
569 3489 805 3550 vindicta
832 3499 922 3556 tua
949 3505 1069 3550 esse
1101 3494 1510 3562 prosperitates,
1541 3494 1684 3559 sicut
1711 3503 1841 3547 sunt
1868 3495 2060 3549 adver-

487 3582 711 3638 sitates?
732 3581 873 3641 Iram
898 3583 1018 3638 dico
1039 3584 1243 3653 illatam
1279 3605 1298 3636 ι
1329 3599 1439 3656 prm
1465 3586 1662 3645 timore
1687 3593 1799 3648 tuo,
1838 3604 1856 3637 ι
1878 3585 1930 3639 id
1955 3594 2058 3651 est,

489 3680 550 3726 ut
578 3673 739 3730 homo
764 3683 814 3730 te
838 3673 1041 3730 timeat.

562 3783 582 3816 ι
614 3765 922 3824 Dexteram.
953 3787 972 3819 ι
1026 3766 1175 3825 Pars.
1205 3770 1383 3825 tertia.
1435 3771 1681 3835 Domine,
1733 3771 1874 3826 sicut
1925 3773 2097 3834 iram,

486 3857 780 3924 contulisti,
819 3877 839 3911 ι
883 3861 982 3926 sic,
1017 3880 1035 3912 ι
1085 3861 1327 3928 Domine,
1362 3883 1380 3915 ι
1425 3864 1702 3918 dexteram
1752 3873 1923 3928 tuam,
1961 3885 1979 3916 ι
2009 3866 2065 3922 id

487 3958 589 4013 est,
631 3950 826 4006 Filium
855 3961 1025 4016 tuum,
1054 3968 1150 4021 per
1177 3969 1336 4022 quem
1366 3955 1742 4012 liberationem
1774 3955 1942 4012 facias
1965 3959 2066 4012 lin-

489 4040 636 4094 mani
674 4043 909 4110 generis,
943 4061 961 4093 t
994 4041 1082 4097 fac
1115 4053 1321 4109 notam,
1359 4065 1378 4095 ι
1412 4047 1620 4101 scilicet
1641 4055 1708 4115 ut
1747 4049 1850 4103 fide
1884 4059 1938 4103 et
1981 4051 2064 4105 di-

489 4129 721 4184 lectione
759 4131 1084 4200 recipiamus
1109 4147 1265 4186 eum:
1304 4153 1322 4185 ‹
1353 4142 1408 4188 ει
1441 4155 1459 4188 ι
1510 4135 1596 4192 fac
1626 4153 1726 4192 nos
1768 4157 1788 4189 ι
1830 4139 2069 4195 eruditos

490 4220 655 4274 corde
689 4241 708 4272 ι
743 4236 849 4275 non
886 4222 938 4276 in
965 4223 1296 4290 carnalibus,
1329 4225 1423 4280 sed
1457 4245 1474 4277 ι
1513 4227 1564 4282 in
1593 4229 1875 4298 sapientia,
1907 4251 1926 4284 ι
1966 4232 2068 4287 sci-

493 4310 618 4364 licet
658 4318 717 4365 ut
755 4311 808 4366 in
847 4312 964 4382 ipso
1000 4313 1217 4369 Christo
1261 4324 1406 4370 tuam
1452 4319 1764 4388 dignitatem
1797 4322 2064 4394 intelliga-

493 4415 636 4455 mus.
675 4399 792 4468 Vel,
823 4403 898 4457 ita
935 4404 1125 4460 dedisti
1156 4405 1314 4472 iram,
1346 4416 1400 4463 et
1438 4408 1539 4475 sic,
1568 4409 1623 4464 id
1657 4420 1759 4478 est,
1798 4427 1896 4482 per
1923 4415 2068 4469 illam

493 4491 666 4558 iram,
701 4491 788 4548 fac
841 4503 1024 4550 notam
1067 4496 1345 4552 dexteram
1396 4507 1580 4566 tuam,
1625 4501 1677 4557 id
1707 4512 1826 4569 est,
1870 4505 2066 4561 Filium

493 4590 668 4649 tuum,
699 4592 759 4638 ut
777 4587 1114 4642 attendentes
1147 4589 1398 4644 miserias
1429 4592 1585 4648 nobis
1615 4593 1788 4649 illatas
1816 4611 1913 4664 pro
1939 4612 2064 4666 pec-

492 4675 652 4739 catis,
690 4676 965 4733 Christum
995 4689 1236 4739 nostrum
1267 4681 1612 4739 liberatorem
1652 4702 2062 4757 cognoscamus.

569 4786 589 4818 ι
635 4769 924 4829 Dexteram
963 4783 1112 4830 tuam
1139 4785 1322 4830 notam
1348 4776 1451 4840 fac,
1490 4797 1508 4830 ι
1537 4790 1594 4833 ει
1617 4793 1716 4848 per
1743 4780 1914 4850 ipsam
1945 4781 2067 4836 dex-

494 4877 667 4924 teram
695 4887 712 4919 t
743 4875 1056 4922 convertere
1089 4887 1106 4919 ι
1138 4868 1204 4921 ad
1235 4883 1350 4932 nos,
1385 4869 1674 4935 «Domine,
1720 4889 1737 4920 ι
1779 4885 2068 4925 conversos

497 4979 516 5011 ι
559 4973 859 5030 usquequo,
893 4977 912 5009 ι
957 4957 1008 5012 id
1047 4966 1152 5023 est,
1202 4974 1371 5029 usque
1407 4961 1474 5014 ad
1507 4960 1665 5014 aliam
1690 4969 1895 5030 partem
1941 4977 2068 5016 con-

491 5051 776 5115 versionis,
817 5050 1023 5106 scilicet
1045 5060 1103 5105 ut
1132 5061 1350 5120 peccata
1379 5053 1640 5107 dimittas.
1685 5053 1801 5107 Alia
1835 5055 2062 5108 transla-

492 5140 571 5193 tio
618 5141 799 5206 habet,
845 5158 864 5191 ι
893 5140 1302 5210 aliquantulum,
1357 5162 1374 5194 ι
1413 5163 1431 5194 ι
1476 5153 1533 5199 ει
1566 5145 1920 5214 deprecabilis
1947 5153 2065 5201 esto

493 5245 656 5300 super
697 5244 884 5286 servos
911 5239 1050 5288 tuos.
1089 5251 1108 5284 ι

568 5337 590 5372 ι
623 5318 746 5375 Jam
781 5328 908 5391 peto
952 5329 1015 5376 ut
1055 5324 1404 5387 convertaris,
1460 5331 1521 5377 ut
1566 5323 1642 5379 sis
1689 5323 2063 5395 deprecabilis,

492 5411 618 5482 quia
643 5411 776 5482 jam,
807 5413 1052 5480 Domine,
1089 5433 1106 5466 ι
1137 5415 1324 5483 repleti
1358 5429 1545 5469 sumus
1573 5428 1730 5468 mane
1763 5416 2068 5471 miscricor-

494 5502 581 5554 dia
632 5510 742 5568 tua,
795 5521 815 5557 ι
856 5518 948 5574 spe
992 5519 1091 5575 per
1132 5505 1586 5560 resurrectionem
1631 5504 1849 5570 Christi,
1901 5523 2064 5577 quam

495 5593 763 5649 credimus
792 5598 1024 5649 futuram
1054 5595 1107 5648 in
1139 5611 1298 5650 mane
1333 5610 1431 5663 per
1473 5593 1914 5651 illuminationem
1958 5597 2070 5650 vir-

497 5690 701 5746 tutum;
735 5691 790 5738 et
821 5698 928 5739 non
963 5692 1168 5739 tantum
1214 5685 1401 5755 repleti
1445 5699 1629 5740 sumus
1673 5685 2062 5751 misericordia,

495 5775 589 5829 sed
611 5776 770 5830 etiam
805 5794 823 5828 ι
862 5776 1266 5845 exsultavimus,
1297 5797 1314 5828 ι
1343 5776 1546 5833 scilicet
1578 5791 1672 5848 spe
1701 5777 1843 5832 illius
1867 5779 2069 5834 miscri-

2162 3320 2472 3367 nostrarum
2510 3327 2675 3381 super
2703 3325 2822 3374 nos,
2864 3310 2918 3367 id
2956 3319 3060 3375 est,
3095 3318 3156 3362 ut
3195 3310 3311 3378 ipsa
3343 3324 3512 3379 opera
3561 3310 3731 3361 ducant

2162 3418 2261 3458 nos
2292 3403 2360 3457 ad
2387 3402 2646 3472 majorem
2681 3401 3020 3455 altitudinem
3052 3416 3214 3470 quam
3250 3415 3350 3454 nos
3386 3401 3552 3454 simus
3570 3399 3721 3468 digni.

2164 3491 2280 3554 νει,
2315 3505 2478 3559 super
2506 3506 2623 3556 nos,
2655 3491 2706 3546 id
2745 3499 2847 3556 est,
2886 3505 2987 3561 pro
3023 3492 3292 3562 supernis,
3331 3507 3443 3546 non
3484 3505 3574 3561 pro
3611 3500 3730 3544 tem-

2163 3583 2454 3657 poralibus,
2489 3583 2628 3638 bene
2653 3598 2959 3654 operemur.

2662 3715 2729 3772 IN
2765 3716 3097 3775 PSALMUM
3132 3704 3256 3774 XC.

2410 3850 2666 3908 Trruws.
2717 3850 2859 3906 Laus
2911 3853 3101 3907 cantici
3152 3854 3254 3923 ipsi
3300 3852 3478 3908 David.

2243 3977 2262 4009 t
2305 3958 2406 4026 Qui
2442 3959 2666 4014 habitat.
2706 3981 2724 4012 ι
2764 3960 3010 4015 Psalmus
3059 3961 3162 4016 iste
3206 3963 3460 4017 canticum
3513 3961 3738 4025 dicitur,

2165 4050 2289 4118 quia
2319 4064 2431 4105 rem
2463 4051 2618 4105 nobis
2644 4053 2909 4121 proponit,
2944 4053 3085 4107 unde
3125 4054 3280 4107 nobis
3306 4054 3534 4106 maxime
3563 4051 3737 4106 exsul-

2168 4139 2389 4193 tandum
2439 4146 2550 4200 cst:
2603 4141 2838 4195 ostendit
2879 4143 3042 4195 etiam
3083 4142 3240 4198 nobis
3285 4143 3554 4212 quomodo
3613 4143 3736 4197 Deus

2167 4244 2355 4284 omnes
2397 4229 2582 4285 fideles
2633 4245 2758 4285 suos
2801 4246 2831 4284 a
2867 4231 3105 4300 quolibet
3150 4248 3347 4303 genere
3395 4234 3732 4286 tentationum

2167 4320 2388 4390 eripiat,
2447 4320 2500 4373 in
2555 4335 2664 4389 quo
2719 4320 2836 4391 ipse
2888 4314 3146 4376 liberator
3200 4321 3488 4376 laudabilis
3536 4329 3736 4392 apparet

2170 4414 2448 4468 omnibus:
2477 4421 2533 4467 et
2571 4414 2690 4469 ideo
2721 4415 3109 4469 convenienter
3143 4414 3342 4469 dicitur
3389 4434 3406 4465 ‹
3449 4415 3573 4468 laus
3629 4430 3736 4468 can-

2173 4504 2287 4569 tici,
2323 4523 2340 4554 ι
2383 4505 2536 4573 quasi
2581 4504 2848 4560 laudabile
2897 4505 3190 4567 canticum,
3243 4505 3386 4574 quod
3443 4506 3740 4559 attribuitur

2175 4595 2342 4650 David
2378 4595 2679 4669 Proplieue,
2726 4597 2816 4666 qui
2853 4597 3108 4676 loquitur.
3162 4595 3384 4661 Materia
3435 4608 3527 4650 est
3560 4595 3742 4663 ereptis

2174 4688 2292 4752 Dei,
2320 4704 2480 4758 quam
2517 4687 2644 4742 facit
2669 4689 2920 4744 universo
2953 4689 3226 4758 iustorum
3264 4691 3480 4755 corpori
3527 4689 3597 4741 ab
3619 4683 3741 4741 omni

2173 4777 2531 4832 tentationum
2570 4792 2766 4846 genere
2803 4794 2815 4830 :
2868 4785 2923 4831 et
2957 4793 3055 4847 per
3094 4777 3419 4847 oppositum,
3479 4778 3616 4844 ipsa:
3653 4788 3744 4829 ten-

2173 4866 2403 4920 tationes
2437 4866 2684 4935 aquibus
2715 4867 2846 4936 justi
2886 4865 3200 4920 liberantur.
3234 4865 3452 4919 Modus:
3499 4867 3558 4920 ln
3594 4869 3746 4936 prima

2173 4967 2347 5030 parte,
2380 4959 2685 5013 ostenditur
2717 4959 2892 5029 qualis
2923 4958 2993 5012 sit
3032 4959 3122 5012 ille
3154 4959 3244 5028 qni
3271 4975 3299 5012 a
3325 4958 3435 5011 Deo
3471 4960 3748 5021 liberatur.

2168 5050 2372 5105 scilicet
2418 5064 2645 5118 sperans
2690 5050 2911 5122 omnino
2952 5051 3004 5103 in
3047 5049 3293 5104 Domino.
3337 5048 3669 5104 Ostenditur
3708 5051 3753 5102 in

2167 5142 2354 5198 eadem
2392 5150 2545 5212 parte
2596 5141 2772 5211 qualis
2811 5141 2883 5195 sit
2930 5142 3196 5211 protectio
3225 5141 3337 5207 Dei,
3372 5151 3424 5196 et
3461 5158 3495 5195 a
3545 5140 3755 5211 quantis

2168 5232 2442 5302 periculis,
2487 5241 2541 5287 et
2582 5248 2743 5302 quam
2791 5231 3017 5287 infinitis
3061 5231 3158 5286 fiat
3195 5232 3282 5286 illa
3325 5232 3418 5287 Dei
3465 5233 3755 5307 protectio.

2167 5325 2226 5378 In
2269 5325 2500 5380 secunda
2551 5333 2724 5395 parte,
2772 5340 2892 5394 qum
2944 5325 3160 5394 incipit:
3209 5344 3226 5376 ε
3277 5323 3488 5380 Cadent
3518 5342 3550 5378 a
3596 5324 3759 5379 latere

2168 5422 2281 5479 tuo,
2323 5435 2342 5467 ι
2373 5415 2606 5470 ostendit
2651 5416 2792 5485 quod
2839 5415 3090 5469 Christus
3133 5414 3325 5479 malos,
3369 5413 3458 5484 qui
3507 5431 3648 5471 suos
3679 5415 3760 5470 hic

2169 5505 2352 5560 multis
2382 5506 2767 5561 tentationibus
2795 5514 3212 5575 persequuntur,
3260 5505 3478 5560 tandem
3533 5509 3758 5560 damna—

2167 5595 2264 5658 bit,
2306 5592 2360 5649 ct
2406 5609 2533 5649 suos
2578 5595 2962 5648 remunerabit.
3011 5595 3065 5648 ln
3107 5595 3265 5648 tertia
3313 5603 3489 5662 parte,
3520 5610 3655 5665 qum.
3685 5597 3758 5648 iu-

2168 5688 2322 5757 cipit:
2363 5707 2380 5737 ‹
2417 5687 2680 5753 Quoniam
2705 5687 2756 5740 in
2780 5701 2865 5740 me
2892 5686 3145 5755 speravit,
3193 5706 3208 5736 ι
3246 5685 3448 5739 inducit
3477 5684 3754 5756 Propheta

2170 5782 2335 5838 Deum
2369 5781 2767 5852 promittentem
2806 5782 3062 5836 membris
3091 5779 3312 5846 Christi,
3340 5791 3392 5834 et
3430 5781 3480 5833 in
3509 5781 3621 5835 hac
3650 5779 3755 5831 vita
