3940 6450
116 372 228 429 509

1289 368 1724 426 EXPLANATIO
1759 366 1828 421 IN
1866 366 2200 427 PSALMOS.

3270 375 3373 437 510

119 478 540 553 protectionem,
570 486 623 537 et
645 488 769 555 post
790 480 929 535 hanc
956 493 1015 535 se
1040 480 1292 535 daturum
1318 481 1693 535 aeternitatem.
1723 483 1778 543 Α
1801 479 1856 533 id
1881 487 1981 541 est,
2010 495 2042 535 a
2072 479 2175 535 levi
2211 478 2503 537 teutatione
2538 489 2595 536 et
2636 480 2942 550 manifesta,
2966 468 3022 540 et
3063 485 3224 541 etiam
3269 502 3376 543 non

120 573 356 628 Intentio
398 580 482 629 est
510 587 610 626 nos
636 572 901 626 instruere
946 579 1132 625 contra
1165 571 1508 634 tentationes,
1530 568 1697 626 'scili-

122 672 216 721 cet
236 670 296 720 ut
317 673 568 735 putemus
602 677 873 731 nunquam
898 676 995 731 per
1022 670 1236 715 nostras
1261 662 1406 715 vires
1428 676 1524 715 nos
1542 673 1700 730 posse

127 755 515 813 tentationibus
562 754 835 818 resistere,
870 753 965 807 sed
1012 768 1227 821 semper
1253 753 1319 807 ad
1348 752 1518 806 Deum
1554 750 1699 807 refu-

122 852 357 923 giamus,
378 857 433 904 et
455 848 524 903 ah
545 848 661 917 ipso
686 846 905 900 liberari
933 855 1324 916 exspectemus.

204 962 222 993 ι
256 939 335 995 Ac
356 940 400 994 si
426 940 497 993 ita
523 939 725 992 diceret
746 936 1009 1006 Propheta
1037 956 1050 991 ε
1081 938 1185 991 Vos
1208 936 1338 1006 justi
1371 936 1698 1007 quicunque,

122 1044 234 1085 non
267 1026 609 1099 praesumetis
636 1027 702 1080 de
728 1026 912 1091 vobis,
949 1026 1043 1081 sed
1086 1025 1388 1079 universam
1421 1039 1569 1093 spem
1607 1039 1699 1079 ve-

122 1128 297 1179 stram
310 1117 555 1195 projicite
572 1116 625 1178 iu
646 1115 1158 1187 Domino,quoniam
1190 1135 1207 1166 ι
1228 1115 1317 1184 qui
1341 1114 1568 1178 habitat,
1598 1133 1616 1165 ι
1643 1112 1699 1168 id

121 1217 230 1274 est,
261 1215 591 1281 perseverat,
630 1225 649 1256 ‹
681 1206 733 1260 in
781 1204 1066 1274 adjutorio,
1097 1225 1115 1256 ι
1150 1206 1203 1260 id
1235 1213 1337 1269 est,
1380 1212 1441 1257 ut
1484 1202 1697 1258 aliunde

122 1297 330 1354 nullum
361 1304 513 1367 putet
557 1296 659 1351 sibi
703 1309 825 1350 esse
874 1294 1133 1349 auxilium
1178 1294 1232 1348 in
1271 1308 1380 1365 quo
1424 1294 1561 1349 bene
1601 1294 1699 1348 ba-

120 1388 406 1445 bitandum
444 1396 545 1453 cst,
575 1385 827 1461 quoniam
869 1386 982 1457 ipse
1011 1384 1318 1440 Altissimus
1345 1394 1467 1440 est:
1500 1394 1553 1439 et
1596 1385 1698 1439 hoc

121 1489 231 1545 est,
266 1498 284 1531 ι
310 1477 567 1535 Altissimi
602 1495 659 1535 ιι
686 1477 777 1547 qui
807 1477 878 1531 ita
905 1477 1131 1542 habitat,
1163 1494 1181 1530 ‹
1201 1476 1621 1533 commorabitur
1641 1477 1698 1541 in

121 1572 460 1642 protectioue
492 1570 605 1633 Dei.
638 1589 656 1621 ι
686 1570 741 1624 id
772 1577 876 1636 est,
920 1570 1133 1626 assidue
1170 1570 1471 1641 protegitur
1493 1585 1525 1624 a
1563 1569 1693 1635 Deo,

122 1663 227 1718 Dei
256 1662 376 1717 dico
409 1682 431 1715 ι
457 1661 578 1716 caeli
612 1681 630 1713 ι
668 1661 722 1714 in
767 1675 873 1730 quo
901 1660 1042 1729 quod
1090 1660 1265 1715 valida
1296 1668 1354 1715 et
1399 1675 1592 1731 magna
1626 1660 1696 1715 sit

119 1753 395 1823 protectio
412 1753 529 1823 ejus
567 1753 875 1808 denotatur.
916 1749 975 1806 ln
1004 1753 1107 1806 hoc
1130 1752 1306 1822 primo
1332 1765 1514 1818 versu,
1540 1760 1695 1807 nota-

1803 570 2016 625 timebis
2047 589 2067 622 ί
2096 586 2128 624 a
2179 572 2393 642 negotio
2443 572 2849 641 perambulante
2894 574 2948 627 in
2988 577 3242 643 tenebris,
3278 598 3295 629 ι
3324 578 3377 633 id

1800 670 1902 728 est,
1928 664 1998 718 ab
2021 663 2199 733 aliqua
2224 665 2373 735 gravi
2399 665 2694 721 tentatione
2718 676 2774 722 et
2800 668 3034 734 occulta,
3063 670 3240 739 qualis
3277 670 3378 727 fuit

1799 751 2015 808 Christo
2042 754 2370 809 machinatio
2412 756 2626 821 mortis,
2676 771 2838 826 quam
2867 758 2916 812 ei
2945 758 3175 814 latenter
3211 776 3371 831 para-

1796 850 1991 896 verunt
2017 840 2207 898 Judaei.
2237 842 2340 899 Per
2369 846 2675 915 negotium,
2705 846 3000 915 accipimus
3027 862 3376 918 quoscunque

1796 934 2144 1004 gravissimos
2186 944 2339 991 actus
2377 938 2445 991 ad
2484 936 2711 1006 alicujus
2759 939 3147 1007 seductionem,
3177 950 3238 996 ut
3266 943 3376 997 hae-

1797 1022 1950 1076 retici
1972 1024 2207 1092 graviter
2234 1024 2481 1079 laborant
2512 1035 2570 1079 ut
2594 1026 2827 1095 aliquem
2845 1028 3052 1098 justum
3076 1030 3371 1101 decipiant.

1798 1111 1951 1179 Quod
1979 1114 2128 1180 dicit,
2162 1132 2181 1166 ι
2212 1115 2636 1186 perambulante,
2671 1134 2691 1168 ι
2724 1118 2985 1175 habemus
3009 1136 3368 1191 perseveran-

1796 1205 1928 1258 tiam
1955 1204 2011 1259 in
2042 1204 2146 1263 illis
2189 1206 2430 1272 actibus;
2459 1222 2557 1277 per
2587 1207 2689 1264 hoc
2717 1210 2860 1278 quod
2902 1211 3054 1276 dicit,
3087 1230 3107 1262 ι
3139 1212 3192 1267 in
3222 1221 3373 1268 teneo

1795 1294 1929 1361 bris,
1963 1312 1983 1345 ι
2010 1294 2269 1351 habemus
2292 1297 2559 1352 occultam
2589 1298 2959 1361 tentationem.
2986 1285 3054 1355 Et
3080 1302 3243 1356 etiam
3264 1316 3374 1358 non

1796 1385 2016 1442 timebis
2042 1404 2060 1436 ι
2094 1384 2162 1440 ah
2188 1386 2407 1442 incursu
2440 1395 2496 1442 et
2540 1389 2801 1445 dzemonio
2823 1390 3121 1455 meridiano
3146 1410 3165 1443 ι
3193 1393 3247 1446 id
3267 1399 3375 1456 est,

1796 1475 1865 1539 ab
1892 1476 2109 1531 incursu
2147 1476 2398 1532 daemonii
2446 1478 2753 1545 meridiani,
2790 1479 2845 1534 id
2874 1487 2975 1544 est,
2997 1495 3113 1546 ,non
3155 1480 3375 1535 timebi—

1795 1579 1916 1619 mus
1958 1579 1988 1618 a
2025 1565 2347 1635 gravissima
2396 1568 2774 1638 persecutione
2824 1568 3135 1636 manifesta,
3195 1569 3374 1639 qualis

1793 1663 1940 1709 esset
1961 1655 2285 1724 persecutio,
2317 1656 2364 1710 si
2392 1655 2584 1727 aliquis
2628 1656 2895 1715 nefandus
2919 1660 3204 1730 episcOpus
3230 1674 3371 1730 prae-

1795 1743 1999 1799 dicaret
2026 1752 2082 1799 et
2115 1746 2431 1815 praeciperet
2480 1745 2891 1811 fornicationem
2931 1749 3016 1805 vel
3062 1750 3372 1816 simoniam,

121 1852 218 1899 tur
244 1850 354 1902 tota
385 1857 594 1899 summa
628 1841 787 1912 hujus
819 1842 1008 1912 prima:
1027 1842 1217 1911 partis,
1248 1842 1497 1912 quamvis
1523 1842 1695 1896 brevi-
1720 1828 1767 1888 B
1794 1834 1933 1893 sicut
1978 1833 2268 1891 Guibertus
2321 1837 2561 1897 demens,
2610 1838 2714 1893 Per
2741 1839 2845 1894 hoc
2870 1840 3013 1910 quod
3052 1840 3202 1907 dicit,
3241 1859 3260 1892 ι
3292 1840 3375 1895 in-

119 1942 212 1989 ter
231 1933 554 1998 continetur,
590 1933 681 1987 ubi
707 1933 850 1989 enim
873 1934 1022 1998 dicit,
1067 1952 1085 1984 ‹
1115 1934 1208 2005 qui
1238 1934 1467 1999 habitat,
1498 1953 1519 1987 ι
1544 1933 1697 2004 ponit

116 2024 279 2080 illum
308 2025 399 2094 qui
435 2024 707 2079 liberetur.
760 2024 893 2081 Cum
921 2024 1054 2080 dicit
1094 2025 1150 2079 in
1188 2024 1524 2094 protectione
1577 2024 1694 2092 Dei,

114 2114 280 2185 [υηίι
312 2121 702 2185 protectorem,
736 2122 792 2168 et
827 2114 919 2170 dat
950 2114 1280 2170 intellectum
1321 2113 1477 2169 nobis
1511 2128 1702 2169 eorum

115 2221 149 2265 ει
188 2205 388 2277 quibus
426 2206 497 2259 sit
537 2205 624 2259 illa
645 2205 928 2274 protectio,
959 2205 1165 2261 scilicet
1196 2220 1227 2259 a
1265 2203 1675 2269 tentationibus.

201 2330 222 2364 ι
258 2312 427 2368 Dicet.
457 2331 476 2363 ι
508 2310 752 2368 Ostendit
797 2312 971 2383 qualis
1019 2313 1090 2368 sit
1120 2312 1207 2367 ille
1256 2312 1348 2379 qui
1397 2311 1605 2367 habitat
1641 2312 1701 2371 in

112 2401 412 2472 adiutorio,
467 2402 675 2469 scilicet
718 2402 808 2458 ille
856 2420 876 2453 ι
926 2402 1070 2458 dicet
1110 2403 1335 2458 Domino
1365 2419 1380 2455 :
1406 2400 1700 2472 Susceptor

116 2508 280 2548 meus
300 2508 359 2548 es
393 2502 473 2557 tu,
512 2511 532 2544 ι
560 2492 684 2562 quia
708 2507 770 2547 ex
799 2492 1001 2546 vilitate
1028 2492 1234 2572 peccati
1262 2492 1330 2547 ad
1357 2490 1695 2561 altitudinem

115 2584 345 2657 iustitia:
366 2599 452 2639 me
475 2584 776 2663 suscepisti,
799 2583 867 2639 ad
885 2599 1045 2654 quam
1074 2598 1177 2653 per
1202 2598 1352 2639 meas
1378 2583 1525 2639 vires
1552 2581 1697 2637 nullo

115 2676 286 2733 modo
303 2685 543 2747 poteram
563 2676 866 2746 pervenire,
882 2676 935 2730 in
957 2691 1061 2745 quo
1074 2676 1300 2746 positus,
1319 2691 1438 2739 cum
1460 2673 1699 2745 pericula

116 2768 490 2832 imminerent,
526 2783 632 2823 non
667 2766 878 2824 confido
907 2767 963 2823 in
990 2767 1127 2822 meis
1156 2766 1383 2831 viribus,
1414 2766 1508 2820 sed
1538 2773 1593 2819 tu
1613 2779 1696 2830 es,

114 2858 297 2923 Deus,
320 2875 342 2909 ι
364 2856 627 2928 refugium
647 2872 829 2913 meum
849 2876 869 2909 ι
890 2858 957 2911 ad
979 2871 1139 2925 quem
1171 2855 1399 2927 refugio,
1420 2862 1478 2909 ut
1497 2854 1699 2923 possim

113 2947 347 3003 liberari
375 2947 444 3002 ab
476 2947 622 3003 omni
662 2948 920 3002 instantia
962 2945 1345 3017 periculorum,
1375 2952 1433 3000 et
1459 2960 1695 3015 semper,

111 3041 254 3112 quia
297 3060 316 3094 ι
353 3041 501 3099 Deus
522 3056 674 3107 meus
700 3050 803 3107 est,
842 3042 1069 3113 sperabo
1097 3041 1153 3107 in
1177 3056 1329 3110 eum,
1359 3059 1378 3091 ι
1410 3040 1539 3110 quia
1564 3055 1700 3096 nun-

1797 1941 1978 1993 cursu,
2011 1946 2030 1979 ι
2074 1928 2337 1984 habemus
2363 1931 2756 1995 vehementem,
2789 1940 2845 1986 et
2870 1932 3219 2003 impetuosam
3262 1940 3375 1989 ten-

1797 2018 2085 2085 tationem;
2112 2032 2210 2088 per
2231 2019 2334 2074 hoc
2357 2021 2501 2089 quod
2528 2021 2676 2085 dicit,
2703 2035 2734 2074 a
2768 2039 2787 2071 ι
2809 2020 3073 2077 daemonio
3094 2041 3113 2073 ι
3146 2021 3370 2086 illatam,

1797 2110 2059 2166 habemus
2105 2112 2485 2182 gravissimum
2529 2121 2585 2168 et
2630 2112 3014 2184 infatigabilem
3061 2123 3373 2183 persecute-2

1799 2215 1912 2255 rem
1928 2216 1949 2269 ;j
1978 2200 2127 2269 quod
2158 2200 2315 2271 dicit,
2358 2220 2376 2253 ‹
2410 2201 2732 2269 meridiano,
2761 2221 2781 2253 ι
2833 2201 3092 2267 habemus
3144 2199 3371 2256 manife-

1796 2300 1959 2347 stum.
1990 2290 2349 2362 Hieronymus
2373 2292 2428 2345 in
2462 2291 2745 2362 Origenem
2768 2291 3092 2349 daemonium
3116 2290 3370 2345 meridia-

1796 2398 1927 2438 num
1965 2382 2199 2453 appellat
2246 2383 2513 2437 haareseos
2547 2382 2978 2452 protervitatem.
3026 2381 3125 2438 Hic
3165 2382 3372 2435 notavit

1797 2482 2026 2545 quatuor
2049 2489 2245 2545 genera
2278 2474 2635 2530 tentationum
2671 2492 2684 2528 :
2719 2474 2861 2532 duas~
2892 2473 3057 2538 leves,
3082 2488 3246 2527 unam
3282 2487 3375 2527 oc-

1796 2564 2019 2631 cultam,
2043 2579 2141 2635 per
2167 2565 2414 2619 timorem
2444 2572 2797 2628 nocturnum;
2829 2563 2988 2619 aliam
3010 2562 3371 2629 manifestam,

1795 2668 1896 2726 per
1942 2655 2193 2726 sagittam
2222 2652 2490 2729 volantem
2518 2655 2571 2708 in
2601 2654 2704 2708 die.
2748 2651 2949 2707 lterum
2974 2652 3106 2708 duas
3148 2666 3369 2729 graves:

1797 2761 1959 2800 unam
1986 2745 2274 2813 occultam,
2300 2761 2398 2816 per
2421 2745 2692 2815 negotium
2725 2743 3007 2800 ambulans
3028 2743 3077 2798 in
3103 2743 3340 2798 tenebris
3356 2784 3370 2797 .

1796 2834 1957 2889 aliam
1982 2833 2341 2899 manifestam,
2369 2848 2463 2905 per
2488 2834 2761 2888 incursum
2785 2831 3033 2901 daemonii
3064 2831 3370 2887 meridiani.

1871 2983 1894 3017 ι
1921 2962 2127 3019 Cadent
2145 2978 2177 3017 a
2202 2962 2386 3018 latere.
2426 2982 2446 3016 ι
2476 2962 2607 3033 Pars
2634 2961 2890 3018 secunda.
2924 2961 3073 3027 Dico,
3107 2971 3188 3029 tu,
3216 2961 3372 3017 Chri-

1797 3061 1903 3119 ste,
1932 3068 2054 3109 cum
2081 3053 2187 3108 tuis
2208 3067 2314 3108 non
2342 3052 2556 3108 timebis
2578 3053 2644 3106 ab
2660 3052 2841 3122 aliquo
2871 3052 3371 3117 timorenocturno,

116 3149 295 3206 quam
345 3134 411 3190 de
456 3149 541 3189 me
580 3134 636 3189 in
665 3133 846 3203 aliquo
887 3148 1230 3203 przesumam,
1259 3132 1355 3188 sed
1385 3145 1599 3201 semper
1626 3130 1697 3186 ad

1802 3146 1887 3203 vel
1933 3146 2003 3201 ab
2028 3144 2208 3215 aliquo
2237 3158 2436 3215 genere
2484 3144 2860 3210 tentationum,
2895 3144 2988 3199 sed
3015 3144 3195 3214 potius
3222 3143 3374 3199 dam-

114 3242 250 3284 eum
277 3228 331 3282 in
356 3226 512 3282 omni
532 3226 855 3281 necessitate
877 3239 1172 3281 recurram.

194 3317 390 3376 Merito
420 3318 679 3391 sperabo,
715 3337 734 3369 ι
761 3318 1017 3387 quoniam
1065 3316 1180 3384 ipse
1220 3314 1470 3369 liberabit
1505 3328 1593 3368 me
1629 3313 1703 3369 de

115 3411 324 3481 laqueo
362 3429 383 3463 ι
410 3410 465 3465 id
494 3418 601 3474 est,
637 3410 704 3464 de
743 3405 1042 3462 malefactis
1071 3424 1089 3456 ι
1115 3403 1450 3469 venantium,
1484 3421 1507 3456 ι
1537 3402 1591 3458 id
1615 3410 1702 3466 est

116 3500 437 3555 damonum
465 3507 521 3554 et
548 3497 811 3554 malorum
839 3496 1137 3560 hominum,
1165 3493 1260 3563 qui
1285 3500 1550 3549 venantur
1601 3494 1707 3553 ho-.

118 3589 309 3644 mines
334 3588 474 3644 sicut
504 3595 790 3642 venatores
834 3585 1025 3647 feram,
1053 3598 1085 3639 a
1114 3598 1344 3653 quorum
1372 3581 1530 3639 factis
1565 3582 1703 3639 libew

123 3686 311 3735 ratum
356 3691 416 3733 se
449 3676 579 3733 dicit
607 3674 787 3745 justus
819 3676 941 3741 iste,
973 3675 1100 3745 quia
1146 3674 1308 3729 nullis
1347 3675 1508 3730 factis
1552 3674 1705 3730 illum

118 3775 357 3838 possunt
380 3754 481 3829 sibi
514 3766 875 3831 eonformare,
910 3784 934 3823 ι
969 3774 1025 3822 ει
1055 3785 1074 3819 ι
1109 3766 1277 3820 etiam
1321 3765 1568 3826 liberavit
1616 3779 1705 3823 me

124 3876 147 3910 ι
183 3873 221 3913 a
245 3857 409 3913 verbo
437 3872 650 3931 aspero.
684 3877 704 3911 ι
734 3858 966 3913 Verbum
995 3871 1251 3927 asperum
1275 3864 1487 3926 reputat
1499 3854 1700 3924 justus,

116 3947 214 4004 vel
245 3948 458 4018 quando
482 3947 821 4004 contumeliis
847 3945 1098 4011 afﬁcitur,
1141 3944 1224 4000 vel
1250 3945 1465 4016 quando
1491 3945 1706 4005 blandis

117 4038 309 4094 verbis
331 4038 494 4097 etiam
520 4038 589 4093 ad
614 4037 987 4108 decipiendum
1014 4042 1273 4091 tentatur.

200 4146 225 4181 ι
261 4125 525 4198 Scapulis.
561 4146 584 4182 ι
616 4127 846 4184 Ostenso
887 4125 1062 4197 qualis
1092 4124 1165 4180 sit
1200 4123 1287 4178 ille
1330 4122 1421 4193 qui
1467 4123 1704 4179 liberan-

116 4220 232 4274 dus
257 4225 362 4284 est,
385 4215 625 4278 ostendit
646 4215 824 4287 qualis
849 4215 921 4271 sit
944 4213 1208 4270 liberatio.
1237 4211 1601 4271 Continuatio.
1630 4212 1702 4267 Et

118 4308 399 4385 convertit
443 4322 504 4362 se
529 4306 798 4377 Propheta
828 4305 907 4361 ad-
943 4320 1067 4360 eum
1115 4303 1206 4373 qui
1252 4303 1559 4362 liberandus
1585 4311 1698 4358 est:

115 4402 209 4458 Tu
232 4400 387 4466 dicis,
405 4418 429 4461 ιΔ
451 4398 691 4469 Sperabo
712 4399 766 4454 in
782 4412 961 4464 eumn
991 4404 1047 4453 et
1067 4397 1179 4467 ipse
1198 4397 1340 4451 Deus
1364 4415 1382 4447 ι
1412 4395 1702 4467 obumbra-

1802 3239 1958 3295 nahis
1986 3238 2156 3293 malos
2181 3238 2299 3293 illos
2317 3238 2407 3307 qui
2431 3237 2669 3295 inferunt
2690 3238 3014 3294 tentationes
3039 3239 3134 3293 tibi
3155 3248 3213 3293 et
3232 3238 3369 3303 tuis;

1800 3331 1943 3385 unde
1965 3331 2127 3385 dicit:
2153 3329 2449 3399 0Christe,_
2472 3348 2492 3381 ι
2513 3330 2678 3395 mille,
2700 3350 2718 3382 ι
2739 3331 2788 3385 id
2803 3338 2903 3395 est,
2920 3331 3116 3386 infiniti
3129 3331 3220 3401 qui
3234 3345 3385 3401 prae--

1799 3428 2017 3476 sumunt
2046 3435 2107 3475 se
2138 3419 2346 3474 futuros
2387 3419 2443 3473 in
2471 3419 2639 3474 latere
2674 3428 2788 3485 tuo,
2816 3428 2871 3474 et
2897 3427 3075 3475 tecum
3105 3418 3373 3489 judicatu-

1798 3520 1919 3574 ros;
1954 3528 1974 3560 ‹
2010 3509 2203 3563 cadent
2236 3523 2266 3561 a
2294 3507 2469 3562 latere
2496 3515 2609 3573 tuo,
2646 3527 2666 3560 ›
2693 3508 2747 3562 id
2770 3515 2878 3574 est,
2905 3523 3013 3563 non
3045 3508 3370 3579 reputabun-

1800 3607 1890 3655 tur
1915 3616 2037 3654 cum
2068 3600 2171 3653 illis
2196 3600 2287 3670 qui
2314 3601 2603 3655 consiliarii
2633 3610 2689 3656 et
2732 3600 2946 3670 iudices
2974 3610 3150 3657 tecum
3178 3609 3370 3665 erunt;

1806 3706 1829 3743 ι
1867 3698 1923 3745 ει
1951 3689 2139 3744 decem
2184 3689 2350 3743 millia
2388 3710 2406 3742 ι
2441 3690 2618 3755 idest,
2664 3691 2862 3745 infiniti
2904 3692 2998 3761 qui
3041 3698 3374 3760 praesumunt

1800 3793 1861 3834 se
1889 3778 2164 3848 ponendos
2200 3778 2529 3845 in'dexteris,
2558 3780 2611 3834 id
2638 3788 2741 3846 est,
2772 3780 2912 3835 inter
2951 3780 3255 3845 salvandos,
3283 3796 3373 3835 ca-

1800 3868 1932 3929 dent
1969 3885 1989 3918 ι
2023 3883 2056 3922 a
2097 3867 2333 3925 dexteris
2361 3868 2488 3935 tuis,
2525 3888 2545 3922 ι
2585 3868 2710 3939 quia
2745 3883 2778 3923 a
2809 3868 3045 3925 sinistris
3082 3877 3370 3939 ponentur.

1801 3957 1944 4013 Mille
1992 3958 2123 4013 dicit
2164 3974 2197 4013 a
2228 3957 2399 4014 latere
2455 3959 2670 4025 cadere,
2723 3967 2781 4015 et
2820 3960 3003 4030 plures
3050 3975 3080 4014 a
3115 3959 3373 4025 dexteris,

1801 4048 1929 4118 quia
1974 4042 2159 4118 plures
2208 4056 2335 4103 sunt
2367 4048 2442 4103 illi
2490 4049 2580 4118 qui
2622 4057 2954 4120 praesumunt
2996 4062 3056 4105 se
3089 4049 3376 4105 salvandos
3438 4072 3439 4075 η

1800 4152 1963 4207 quam
1997 4137 2091 4207 qui
2131 4148 2463 4208 praesumunt
2493 4154 2553 4195 se
2599 4156 2722 4195 cum
2751 4140 2967 4197 Christo
3006 4141 3374 4212 iudicaturos:

1806 4229 1885 4286 illi
1940 4229 2157 4295 cadent,
2191 4249 2210 4281 ‹
2244 4231 2313 4285 ad
2368 4239 2422 4287 te
2464 4241 2643 4287 autem
2696 4231 2875 4287 nullus
2906 4251 2926 4285 ι
2954 4231 3142 4286 talium
3198 4232 3380 4301 aliquo

1798 4319 1960 4375 modo
1994 4337 2015 4371 ι
2047 4321 2515 4394 appropinquabit,
2554 4340 2573 4372 ι
2604 4321 2699 4376 sed
2750 4321 2928 4392 potius
2964 4322 3378 4391 prazcipitabun-

1801 4419 1891 4467 tur
1931 4412 1989 4468 in
2016 4410 2307 4476 infernum,
2341 4427 2464 4466 cum
2501 4412 2649 4467 dices
2683 4412 2796 4467 eis:
2832 4429 2854 4464 ‹
2911 4410 3181 4468 Discedite
3209 4427 3240 4466 a
3265 4426 3372 4477 me,

113 4492 207 4548 bit
251 4491 383 4558 tibi,
426 4510 446 4544 ι
499 4490 706 4546 scilicet
752 4490 831 4549 sic
862 4497 915 4544 te
958 4496 1225 4559 proteget,
1267 4496 1335 4580 ut
1372 4496 1561 4580 aestum
1592 4504 1699 4544 non
1729 4520 1783 4580 Β
1808 4499 2102 4565 maledicti,
2132 4500 2187 4555 in
2215 4500 2392 4571 ignem
2417 4508 2698 4556 mter-num.
2735 4519 2755 4553 ι

114 4580 352 4646 sentias,
384 4598 403 4634 ι
435 4579 670 4651 scapulis
691 4578 829 4642 suis,
865 4597 889 4630 ι
918 4577 970 4632 id
1000 4584 1102 4639 est,
1134 4576 1375 4645 potentia
1398 4585 1453 4631 et
1491 4573 1705 4631 fortitu-

115 4670 255 4724 dine
278 4684 395 4736 sua,
422 4684 545 4740 qua:
564 4682 661 4738 per
690 4665 945 4737 scapulas
963 4663 1302 4737 intelligitur,
1330 4664 1457 4741 quia
1485 4664 1601 4721 haec
1621 4673 1707 4720 est

117 4759 322 4816 fortior
352 4775 480 4833 pars
508 4760 560 4813 in
583 4757 682 4819 alis
711 4757 890 4812 avium
916 4772 929 4811 :
964 4774 983 4807 ι
1012 4763 1067 4810 ει
1100 4753 1199 4809 sub
1221 4752 1416 4827 pennis
1444 4752 1562 4823 ejus
1599 4773 1618 4804 ι
1650 4753 1706 4809 id

116 4856 235 4913 est,
271 4847 371 4903 sub
414 4845 778 4902 misericordia
828 4843 964 4912 ejus,
995 4842 1078 4897 vel
1121 4842 1402 4913 praeceptis
1431 4842 1549 4911 ejus
1583 4840 1702 4909 Dei,

119 4937 329 5010 quibus
354 4936 603 4993 homines
627 4936 694 4990 ad
722 4935 917 4991 ccelum
952 4935 1155 5000 volant,
1190 4952 1209 4984 ι
1238 4932 1499 5005 Sperabis.
1535 4953 1554 4986 ι

201 5029 275 5084 Ει
320 5029 367 5085 si
411 5029 707 5106 periculum
750 5026 1047 5090 immineat,
1102 5045 1121 5078 ι
1165 5033 1319 5087 scuto
1348 5025 1703 5081 circumdabit

121 5130 182 5177 te
217 5140 240 5176 ι
267 5134 335 5175 ne
353 5120 562 5192 possint
602 5127 655 5175 te
683 5117 888 5174 inimici
929 5117 1141 5187 hedera,
1179 5136 1197 5168 ι
1226 5116 1428 5172 veritas
1451 5117 1566 5187 ejus
1601 5137 1620 5169 ι
1645 5118 1700 5173 id

120 5223 239 5280 est,
266 5214 400 5285 ipse,
429 5220 490 5268 ut
514 5226 611 5282 per
639 5212 741 5266 hoc
774 5225 938 5269 verax
973 5216 1245 5280 appareat.
1277 5207 1387 5263 Nisi
1411 5209 1551 5263 enim
1575 5224 1702 5279 pro-

126 5315 341 5379 tegeret
380 5320 528 5371 suos,
572 5304 781 5359 falleret
822 5303 878 5357 in
923 5302 1223 5372 promissis,
1255 5312 1311 5356 et
1347 5316 1472 5357 ecce
1492 5302 1699 5372 penita

125 5396 352 5470 quantis
380 5392 767 5453 tentationibus
790 5392 977 5448 liberet
995 5392 1136 5448 Deus
1167 5391 1457 5445 hominem.
1485 5390 1552 5444 Et
1572 5390 1701 5459 quia

126 5485 487 5544 circumdabit
526 5493 596 5548 te,
643 5484 764 5539 ideo
794 5501 813 5534 ι
848 5497 956 5537 non
1013 5481 1225 5536 timebis
1287 5496 1319 5534 a
1362 5481 1551 5536 timore
1604 5496 1702 5535 no-

127 5587 349 5642 cturno,
383 5595 401 5627 ι
431 5592 467 5633 o
520 5574 758 5639 Christe,
812 5587 935 5627 cum
987 5571 1233 5626 omnibus
1285 5571 1541 5626 membris
1572 5571 1697 5637 tuis,

131 5667 342 5724 scilicet
374 5682 405 5721 a
434 5666 537 5722 levi
563 5672 620 5720 et
639 5663 846 5719 occulta
882 5662 1191 5717 tentationc.

204 5757 273 5813 Et
302 5758 463 5813 etiam
506 5771 611 5813 non
640 5753 852 5810 timebis
890 5772 906 5804 ι
942 5770 970 5808 a
1006 5752 1193 5823 sagitta
1226 5751 1436 5808 volante
1463 5753 1513 5807 in
1540 5754 1641 5821 die,
1677 5775 1694 5807 ι

1898 4626 2048 4691 Dico,
2091 4643 2110 4678 α
2145 4641 2252 4682 non
2304 4627 2775 4698 appropinquabit,
2813 4648 2832 4680 ι
2878 4646 2898 4680 ι
2933 4636 3309 4684 verumtamen
3348 4646 3367 4680 ι

1803 4716 1982 4787 potius
2010 4716 2313 4786 oppositum
2353 4717 2474 4771 fiet:
2516 4719 2638 4787 quia
2682 4726 2759 4784 tu,
2804 4717 3039 4785 Christe,
3076 4738 3094 4770 ι
3128 4718 3377 4774 conside-

1807 4804 1976 4870 rabis,
2016 4825 2034 4857 ι
2070 4805 2505 4871 omnia,scilicet
2548 4815 2768 4877 peccata
2812 4807 3111 4874 hominum,
3158 4827 3176 4859 ι
3208 4807 3380 4865 oculis

1804 4897 1933 4961 tuis,
1971 4915 1990 4949 ι
2023 4911 2161 4968 quos
2188 4911 2289 4951 nec
2328 4894 2748 4965 profundissima
2785 4898 3042 4967 cogitatio
3072 4898 3240 4953 latere
3280 4911 3371 4966 po-

1803 4995 1937 5043 test:
1981 5006 1999 5038 (
2034 4994 2089 5042 ει
2115 5006 2134 5038 ι
2177 4994 2304 5041 tunc
2337 5005 2356 5038 ‹
2388 4985 2615 5053 videbis,
2656 5007 2674 5039 ι
2710 4988 2762 5042 id
2791 4999 2894 5053 est,
2922 4988 3093 5042 videri
3129 4986 3292 5040 facies
3321 4992 3377 5040 et

1802 5086 1983 5134 notam
2027 5076 2276 5133 omnibus
2337 5097 2356 5129 ι
2387 5079 2791 5135 retributionem
2813 5122 2828 5146 ,
2861 5100 2880 5134 ι
2940 5081 2994 5135 id
3033 5087 3144 5146 est,
3173 5079 3371 5151 justam

1802 5171 2197 5227 damnationem
2252 5188 2270 5220 ι
2293 5179 2653 5239 peccatorum.
2678 5191 2695 5225 ι

1878 5319 1897 5352 ι
1938 5300 2223 5368 Quoniam.
2270 5321 2290 5354 ι
2335 5304 2476 5360 Bene
2525 5305 2666 5371 dico,
2717 5313 3030 5377 peccatores
3076 5307 3374 5372 damnabit.

1806 5389 2058 5461 quoniam
2086 5404 2173 5445 me
2200 5398 2255 5446 ει
2296 5391 2432 5448 alios
2469 5392 2665 5462 justos,
2691 5403 2747 5451 et
2777 5395 2879 5451 hoc
2908 5395 3040 5451 dicit
3077 5415 3096 5448 ι
3121 5396 3375 5465 quoniam

1803 5487 1864 5533 tu
1893 5492 1986 5543 es,
2012 5478 2235 5536 Domine
2261 5501 2280 5534 ι
2310 5481 2521 5539 Christe
2552 5503 2571 5534 ι
2604 5499 2726 5554 spes
2762 5501 2902 5552 mea,
2939 5507 2958 5538 ι
2989 5487 3044 5541 in
3082 5502 3189 5556 quo
3241 5487 3377 5541 bene

1806 5572 1977 5627 debeo
2010 5586 2265 5641 sperare,
2297 5576 2423 5643 quia
2469 5586 2522 5631 tu
2558 5597 2576 5627 ε
2615 5578 2841 5646 posuisti
2879 5579 3237 5643 Altissimum,
3269 5597 3288 5630 ι
3324 5577 3379 5634 id

1807 5671 1911 5727 est,
1952 5662 2138 5728 Deum,
2180 5680 2199 5713 α
2241 5664 2502 5735 refugium
2558 5677 2728 5733 tuum,
2762 5688 2778 5719 ι
2806 5669 3012 5724 scilicet
3048 5667 3245 5724 nullam
3285 5684 3377 5725 se-

1810 5756 2088 5810 curitatem
2140 5756 2362 5825 posuisti
2417 5758 2509 5814 tibi
2562 5759 2615 5812 iu
2667 5760 2915 5829 homine,
2965 5760 3050 5817 vel
3095 5761 3150 5816 in
3199 5759 3378 5830 aliqua
