3940 6442
587 379 684 434 5H

1057 375 1412 434 HAYMONIS
1451 373 1929 431 llALBERSTAT.
1976 373 2187 430 EPISC.
2229 375 2380 432 OPP.
2421 378 2598 436 PARS
2636 379 2676 435 1.
2705 412 2772 421 -
2806 381 3160 439 COMMENT.
3198 382 3368 438 BlBL.
3734 387 3812 442 5l2

587 485 860 540 mundana
897 499 978 549 re,
1003 485 1097 539 sed
1125 485 1176 537 in
1213 483 1327 538 solo
1372 482 1499 545 Deo,
1531 483 1585 537 in
1621 499 1728 553 quo
1761 483 1876 538 solo
1905 485 2169 539 securitas
2195 489 2248 546 Α
2339 487 2416 541 lla
2467 489 2674 546 scilicet
2719 493 3031 563 gloriﬁcabo
3075 511 3218 560 eum,
3253 497 3374 564 quia
3407 516 3423 547 ι
3460 496 3680 566 replebo
3715 515 3810 556 eum

585 585 763 647 potest
801 577 1049 639 inveniri,
1099 577 1222 644 quia
1254 575 1366 643 ipse
1390 574 1699 629 Altissimus
1725 582 1826 629 est.

655 669 723 723 Et
745 669 874 738 quia
905 668 958 721 in
998 666 1105 720 Deo
1140 665 1360 734 posuisti
1401 665 1497 719 tibi
1530 665 1817 736 refugium,
1846 665 1968 720 ideo
2009 684 2028 717 ι
2057 680 2162 720 non

587 766 810 820 accedet
834 766 900 819 ad
936 773 985 819 te
1011 764 1209 817 malum
1231 804 1244 827 ,
1283 783 1301 815 ι
1341 762 1576 832 aliquod,
1606 762 1812 818 scilicet
1847 769 2160 832 peccatum:

586 851 847 908 immunis
897 853 1042 907 enim
1095 851 1344 906 Christus
1379 851 1589 906 exstitit
1623 852 1691 906 ab
1737 851 1882 906 omni
1922 860 2160 925 peccato,

593 961 612 995 ι
647 951 702 998 ει
725 942 1010 1012 ﬂagellum,
1043 962 1060 993 ι
1098 941 1149 996 id
1173 951 1276 1006 est,
1301 941 1567 996 correctio
1595 940 1675 994 vel
1695 941 1902 1010 punitio
1925 956 2020 1009 pro
2042 955 2162 1013 pee-

584 1042 728 1098 cato,
763 1051 782 1083 ‹
816 1049 921 1087 non
947 1033 1400 1102 apprOpinquabit
1434 1031 1779 1085 tabernaculo
1811 1040 1902 1084 tuo
1939 1026 2033 1082 Sin
2055 1044 2163 1098 quo

582 1125 648 1179 ad
680 1133 890 1193 tempus
915 1122 1160 1177 militasti
1197 1123 1329 1176 Deo.
1361 1121 1494 1176 Cum
1517 1120 1648 1174 dicit
1671 1120 1943 1175 Christum
1987 1118 2163 1173 salva-

580 1222 718 1279 tum,
758 1215 885 1283 quia
922 1213 1090 1267 Deum
1121 1211 1248 1266 fecit
1285 1211 1387 1266 sibi
1438 1209 1728 1281 refugium,
1772 1201 1942 1288 innuit
1989 1209 2164 1264 salva-

579 1306 784 1361 tionem
819 1306 1050 1360 aliorum
1076 1305 1365 1375 justorum,
1405 1303 1532 1372 quia
1581 1301 1681 1374 ipsi
1724 1316 1873 1370 spem
1911 1315 2064 1355 suam
2108 1301 2161 1355 in

578 1395 690 1451 Deo
724 1396 1080 1451 constituunt.
1625 1393 1632 1404 ‘

652 1485 822 1540 [deet
857 1501 963 1540 non
1000 1484 1222 1539 accedet
1273 1483 1338 1538 ad
1392 1493 1445 1538 te
1493 1482 1715 1548 malum,
1763 1481 2018 1552 quoniam
2067 1497 2162 1536 an-

578 1575 715 1648 gelis
741 1577 855 1630 suis
895 1575 1170 1630 mandavit
1198 1575 1264 1630 de
1296 1583 1366 1640 te,
1405 1595 1424 1628 ι
1455 1575 1506 1629 id
1537 1583 1640 1640 est,
1682 1575 1993 1630 mandatum
2035 1574 2163 1630 fecit

579 1670 645 1724 de
666 1679 738 1734 te,
780 1668 1013 1733 Christe,
1053 1687 1071 1718 ι
1103 1676 1164 1722 ιιι
1189 1687 1207 1720 ι
1240 1687 1258 1718 t
1296 1665 1395 1737 ipsi
1425 1667 1728 1722 custodiant
1759 1674 1810 1721 te
1839 1666 1892 1720 in
1911 1667 2163 1722 omnibus

578 1759 682 1812 viis
728 1759 853 1824 tuis,
892 1778 910 1809 ι
937 1759 989 1813 id
1029 1765 1132 1820 est,
1164 1757 1218 1834 in
1247 1757 1498 1812 omnibus
1546 1752 1802 1825 cperibus
1835 1755 1965 1821 tuis,
2005 1755 2160 1825 juxta

2264 579 2595 650 longitudine
2630 585 2860 650 dierum,
2907 605 2924 635 ι
2967 586 3020 640 id
3069 595 3173 650 est,
3222 587 3546 641 aeternitate.
3583 606 3602 638 ι
3654 587 3810 647 Osten-

2264 670 2386 724 dam
2422 690 2439 721 ι
2491 671 2705 728 Christo
2749 693 2767 725 ‹
2814 674 2889 728 illi
2923 694 2941 726 ι
2986 675 3040 730 in
3087 675 3344 729 membris
3381 676 3496 730 suis
3554 695 3572 728 ι
3606 677 3808 736 salutare

2263 778 2461 828 meum,
2501 786 2519 818 ι
2556 767 2609 822 id
2631 777 2733 828 est,
2761 768 3083 835 salvatorem
3120 767 3420 838 Christum,
3455 770 3555 838 qui
3589 771 3689 824 erit
3712 788 3807 827 vera

2262 855 2371 933 vita
2405 866 2459 911 et
2497 857 2999 926 refeCtio_omnium.
3489 846 3496 854 ”

2745 987 2813 1042 ΙΝ
2850 987 3181 1061 PSALMUM
3223 988 3354 1046 XCI.

2397 1093 2660 1156 Tlruws.
2701 1099 2948 1156 Pcalmus
3001 1102 3192 1156 cantici
3244 1103 3301 1156 in
3339 1102 3425 1156 die
3471 1103 3697 1160 sabbati.

2337 1228 2355 1260 ι
2396 1208 2602 1265 Bonum
2641 1220 2727 1266 est
2766 1211 3006 1266 conﬁteri
3049 1213 3299 1268 Domino.
3346 1232 3364 1266 ι
3410 1212 3695 1270 Tractatus
3729 1217 3800 1272 iste

2260 1301 2499 1370 psalmus
2539 1295 2756 1368 dicitur,
2795 1303 2918 1373 quia
2955 1313 3140 1358 monet
3164 1320 3262 1359 nos
3295 1305 3432 1360 bene
3456 1308 3690 1375 operari,
3719 1310 3797 1362 sci-

2261 1388 2390 1444 licet
2432 1391 2676 1446 conﬁteri
2704 1401 2757 1446 et
2785 1391 3015 1462 psallere
3056 1395 3284 1449 Domino
3318 1413 3330 1449 :
3378 1414 3397 1446 ι
3429 1397 3677 1452 Psalmus
3713 1400 3797 1452 (ﬁco

2262 1481 2486 1544 cantici,
2519 1500 2537 1532 ι
2572 1482 2626 1536 id
2651 1491 2766 1548 est,
2793 1500 2999 1555 magna;
3023 1486 3400 1542 exsultationis
3431 1487 3637 1541 habita:
3669 1489 3712 1542 in
3737 1491 3793 1544 die

2263 1573 2493 1636 sabbati,
2510 1573 2561 1628 id
2584 1582 2685 1638 est,
2711 1576 2763 1630 in
2786 1564 3215 1633 consideratione
3235 1588 3454 1634 aeterna:
3475 1579 3694 1649 quietis,
3713 1597 3794 1649 qua
3895 1564 3897 1626 ε

2263 1663 2598 1749 signiﬁcatur
2631 1680 2727 1734 per
2761 1667 3079 1749 sabbatum:
3113 1660 3240 1749 quia;
3267 1671 3322 1725 in
3367 1671 3607 1726 sabbato
3643 1673 3792 1742 quierit

2266 1747 2406 1810 Deus
2433 1755 2501 1810 ab
2547 1756 2698 1810 omni
2730 1772 2892 1834 opere
2925 1747 3067 1829 quod
3099 1747 3366 1830 patravit:
3397 1772 3452 1817 et
3503 1764 3601 1816 illa
3640 1765 3791 1819 Domini

578 1850 722 1919 quod
753 1849 978 1904 dicitur:
1027 1866 1046 1900 t
1083 1848 1149 1902 Et
1179 1833 1524 1902 accesserunt
1572 1835 1839 1916 angeli'et
1889 1839 2235 1930 minis’tra-B
2263 1844 2474 1912 requies
2531 1844 2632 1900 fuit
2679 1847 2891 1928 signum
2939 1848 3080 1924 illius
3135 1851 3332 1920 quietis
3382 1867 3562 1921 quam
3616 1846 3790 1908 habituri

577 1942 708 1997 bant
741 1943 810 1998 ei.
848 1962 867 1996 ι

652 2055 670 2086 ‹
722 2035 1088 2095 Inmanihus.
1127 2052 1144 2084 ›
1187 2034 1321 2108 Dico
1364 2051 1382 2084 t
1419 2031 1623 2104 angelis
1671 2032 1784 2088 suis
1833 2032 2108 2104 mandavit
2135 2051 2154 2083 ι

575 2133 630 2179 ει
651 2127 749 2195 ipsi
777 2125 950 2196 angeli
985 2144 1002 2174 ι
1031 2127 1321 2200 portabunt
1351 2134 1422 2186 te,
1463 2144 1480 2176 ι
1519 2124 1570 2177 id
1599 2133 1701 2188 est,
1735 2122 2064 2194 adjuvabunt
2085 2133 2155 2189 te,

585 2239 603 2270 ς
626 2219 678 2273 in
716 2220 967 2274 manibus
986 2259 1000 2284 ,
1028 2239 1044 2269 ι
1078 2220 1128 2273 id
1151 2228 1255 2284 est,
1286 2219 1337 2272 in
1365 2219 1617 2289 operibus
1643 2218 1774 2284 suis,
1801 2219 2159 2273 ministrando

575 2320 631 2366 et
676 2313 1063 2378 subservieudo
1114 2313 1251 2366 tibi:
1299 2313 1419 2366 ideo
1458 2311 1745 2381 portabunt
1783 2328 1801 2362 ι
1844 2325 1913 2364 ne
1958 2310 2097 2365 forte
2133 2330 2150 2362 ›

577 2415 632 2460 tu
671 2425 689 2456 ι
734 2403 972 2481 offendas
1025 2407 1213 2475 pedem
1256 2414 1436 2470 tuum,
1497 2424 1515 2456 ι
1563 2405 1615 2459 id
1657 2411 1776 2470 est,
1821 2393 2157 2457 aﬁ‘ectionem

578 2507 746 2562 tuam,
787 2516 806 2548 ι
843 2499 909 2552 ad
942 2498 1192 2576 lapidem,
1233 2517 1251 2548 ›
1292 2497 1344 2551 id
1368 2490 1568 2576 cst,ad
1595 2487 1929 2576 legem,"qu
1955 2509 2052 2563 per
2077 2494 2155 2546 la-

573 2593 752 2663 pidem
783 2572 1134 2664 signiﬁcatur,
1172 2591 1297 2661 quia
1341 2572 1669 2660 scripta'fuit
1700 2591 1754 2644 in
1788 2589 1985 2644 tabulis
2024 2587 2156 2657 lapi-

571 2682 737 2737 deis“:
764 2684 1076 2743 oﬁ‘cndisset
1109 2681 1354 2736 Christus
1403 2681 1455 2735 in
1485 2681 1610 2760 lege
1631 2680 1676 2735 si
1706 2695 1824 2736 eam
1861 2677 2153 2733 carnaliter

577 2775 902 2846 implendam
954 2773 1324 2828 intellexisset.
1376 2773 1496 2838 Vel,
1548 2771 1720 2854 angeli
1767 2770 2062 2842 portabunt
2104 2777 2158 2850 te

572 2863 627 2918 in
663 2864 929 2929 manibus,
969 2863 1419 2932 quemadmodum
1451 2862 1505 2916 in
1530 2853 1865 2917 ascensione.

643 2953 829 3022 Augeli
869 2953 1212 3008 subserviunt
1254 2952 1373 3016 tibi,
1409 2961 1464 3006 et
1501 2959 1556 3005 tu
1605 2971 1622 3002 ι
1661 2952 1962 3006 ambulabis
1993 2966 2155 3021 super

573 3042 811 3110 aspidem
849 3050 903 3096 et
954 3041 1266 3096 basiliscum
1293 3081 1307 3104 ,
1353 3050 1408 3094 et
1451 3041 1798 3096 conculcahis
1851 3041 2057 3095 leonem
2099 3053 2158 3098 et

571 3119 879 3188 draconem.
921 3153 938 3185 ι
973 3131 1075 3188 Per
1101 3133 1216 3186 haec
1260 3139 1489 3202 quatuor
1520 3132 1762 3187 diabolus
1816 3133 2148 3204 intelligitur,

2264 1944 2390 2016 sunt
2433 1935 2613 1992 ﬁdeles
2647 1947 2769 2007 post
2804 1938 3014 1995 labores
3043 1941 3202 2009 hujus
3239 1945 3381 1999 vitae.
3418 1945 3679 2016 Prmcepit
3703 1964 3791 2016 quo-

2261 2041 2366 2096 que
2413 2029 2669 2085 Dominus
2718 2031 2771 2085 in
2816 2031 2931 2102 lege
2981 2033 3207 2089 sabbato
3244 2035 3493 2090 homines
3537 2041 3786 2106 quiescere.

2263 2120 2316 2174 in
2349 2122 2558 2192 signum
2594 2122 2836 2192 ejusdem
2863 2123 3060 2193 quietis
3090 2135 3308 2182 aeterna:
3336 2145 3348 2180 :
3373 2143 3547 2200 quam
3579 2130 3785 2200 requieta.

2260 2207 2386 2279 quia
2428 2219 2610 2264 nostra
2654 2221 2846 2266 natura
2891 2213 2943 2266 in
2986 2213 3187 2269 Christi
3242 2207 3648 2272 resurrectione
3685 2220 3786 2286 plene

2260 2298 2510 2366 obtinuit,
2571 2304 2726 2372 quasi
2769 2303 2885 2372 jam
2937 2321 3050 2360 rem
3104 2307 3470 2375 significatam
3519 2311 3788 2372 obtinentes,

2261 2405 2364 2443 non
2403 2390 2661 2444 feriatnur
2695 2393 2748 2446 in
2783 2394 3028 2448 sabbato.
3067 2393 3383 2450 Ostenditur
3410 2388 3630 2467 quippe.
3657 2397 3701 2452 in
3724 2401 3788 2452 hoc

2259 2481 2464 2549 psalmo
2511 2483 2764 2551 quoniam
2793 2482 2961 2552 justi,
3011 2484 3138 2540 licet
3167 2487 3220 2540 in
3265 2488 3369 2542 hac
3419 2488 3540 2542 vita
3574 2485 3787 2546 laborent.

2261 2580 2438 2626 tamen
2494 2574 2811 2628 obtinebunt
2858 2576 3099 2646 requiem
3157 2578 3577 2647 sempiternam,
3627 2574 3682 2634 de
3720 2595 3787 2648 quo

2259 2663 2490 2719 maxime
2505 2673 2587 2720 est
2606 2665 2984 2722 exsultantium
3005 2668 3291 2738 unicuique
3317 2668 3589 2724 ﬁdelium.
3629 2671 3788 2724 lateri:

2257 2761 2338 2807 est
2382 2753 2560 2824 justus
2597 2754 2851 2810 laborans
2898 2755 2950 2810 in
2991 2757 3094 2811 hac
3120 2758 3252 2821 vita,
3305 2759 3535 2812 tandem
3576 2769 3788 2813 assecutu-

2256 2860 2349 2900 rus
2399 2847 2637 2915 requiem
2679 2854 2897 2902 aeterna:
2942 2847 3290 2902 beatitudinis
3331 2866 3344 2902 :
3388 2857 3450 2902 et
3495 2865 3595 2920 per
3629 2849 3787 2918 opposi-

2257 2944 2372 2992 tum
2403 2937 2652 3007 injustus,
2683 2937 2966 3006 quiescens
3005 2938 3060 2992 in
3096 2940 3198 2994 hac
3246 2937 3380 3004 vita,
3423 2940 3642 2994 tandem
3685 2940 3787 2992 labe

2255 3028 2396 3082 rabit
2424 3029 2478 3082 in
2517 3029 2644 3083 alia.
2686 3028 2911 3085 Modus:
2946 3031 3002 3085 in
3033 3032 3204 3101 prima
3248 3041 3432 3101 parte,
3489 3040 3666 3087 monet
3695 3033 3789 3085 bene

2255 3121 2487 3189 operari,
2512 3128 2567 3174 et
2610 3121 2662 3176 in
2695 3121 2797 3176 hac
2833 3122 2940 3175 vita
2976 3121 3242 3186 laborare,
3272 3131 3334 3175 ut
3361 3124 3584 3178 tandem
3610 3120 3789 3176 exsulte-

571 3223 665 3278 sed
705 3221 934 3278 diversis
960 3221 1026 3276 de
1060 3221 1259 3276 causis.
1277 3190 1397 3276 Ῥεν
1441 3221 1682 3289 aspidem
1719 3236 1951 3290 namque
1986 3190 2151 3292 signi;
2180 3190 2224 3252 Ο
2258 3226 2378 3266 mus
2430 3211 2482 3265 in
2513 3219 2714 3266 aeterna
2752 3213 3120 3288 beatitudine:
3151 3223 3204 3268 et
3253 3213 3373 3267 idco
3404 3210 3608 3268 dicitur
3631 3230 3648 3262 ι
3687 3212 3795 3265 Pili

570 3315 763 3369 ﬁcatur
784 3313 1046 3378 diabolus,
1101 3314 1228 3383 quia
1263 3313 1406 3368 sicut
1427 3313 1572 3382 aspis
1605 3314 1814 3369 occulte
1854 3315 2020 3370 mittit
2064 3331 2152 3370 ve-

2261 3317 2374 3356 mus
2393 3301 2610 3367 cantici,
2633 3322 2651 3354 ι
2686 3303 2738 3357 id
2762 3312 2865 3367 est,
2893 3305 3130 3371 pendens
3155 3319 3217 3359 ex
3252 3304 3494 3360 cantico.
3533 3304 3588 3358 lu
3609 3299 3797 3357 secunda

569 3419 791 3469 nenum,
811 3409 882 3473 ita
911 3403 1156 3460 diabolus
1181 3403 1420 3458 occultas
1451 3403 1618 3458 mittit
1659 3405 2002 3471 tentationes,
2030 3408 2150 3475 qui-

2261 3401 2424 3464 parte,
2448 3410 2566 3464 quas
2590 3395 2776 3466 incipit
2801 3411 2816 3450 :
2853 3416 2870 3447 ‹
2901 3396 2996 3450 Vir
3023 3397 3296 3465 insipiens,
3329 3417 3347 3446 ι
3373 3390 3799 3460 ostendilurqttod

570 3493 672 3548 bus
715 3494 1009 3563 interﬁciat
1036 3495 1245 3554 animas
1283 3495 1555 3561 ﬁdelium;
1585 3510 1749 3565 super
1790 3512 1949 3566 quem
1996 3497 2152 3553 Chri-

570 3592 689 3638 stus
719 3583 1028 3647 ambulavit,
1064 3584 1188 3653 quia
1217 3584 1358 3637 nttlla
1385 3585 1595 3640 occulta
1627 3587 1920 3640 tentatione
1950 3587 2155 3642 diaboli

569 3673 744 3743 potuit
782 3673 1064 3743 impediri;
1113 3689 1209 3743 per
1239 3675 1569 3740 basiliscum,
1600 3676 1692 3745 qui
1725 3677 2008 3732 manifeste
2034 3678 2154 3731 mit-

569 3765 634 3818 tit
657 3781 941 3831 venenum,
968 3765 1288 3837 intelligitur,
1311 3767 1576 3830 diabolus,
1605 3769 1694 3836 qui
1723 3768 2009 3824 manifeste
2040 3779 2152 3823 ten-

570 3865 648 3910 tat
677 3855 858 3911 ﬁdeles
881 3874 895 3921 ;
931 3872 1092 3926 super
1117 3871 1279 3925 quem
1315 3857 1610 3912 ambulavit
1638 3858 1906 3924 Christus,
1933 3861 2153 3929 quando

568 3947 636 4000 ab
679 3947 800 4015 ipso.
822 3946 1038 4001 diabolo
1067 3946 1352 4006 manifeste
1394 3956 1630 4000 tentatus
1659 3948 1710 4000 in
1759 3958 1951 4012 morte,
2006 3949 2153 4004 nullo

570 4037 729 4090 modo
758 4037 826 4090 ab
857 4035 987 4104 ipsis
1017 4036 1406 4090 tentationibus
1441 4047 1524 4094 est
1550 4047 1864 4105 superatus;
1921 4055 2018 4108 per
2041 4041 2151 4094 leo-

570 4143 692 4181 nem
742 4128 986 4181 diabolus
1031 4127 1380 4196 intelligitur,
1429 4127 1722 4182 secundum
1767 4131 1910 4198 quod
1958 4132 2157 4185 violen-

572 4224 654 4269 ter
682 4216 811 4284 agit,
843 4215 1004 4270 veluti
1035 4215 1177 4286 quod
1208 4231 1371 4271 ausus
1401 4216 1500 4270 fuit
1531 4217 1582 4270 in
1625 4217 1897 4272 Christum
1928 4235 2152 4274 manum

569 4307 809 4374 mittere,
838 4316 894 4363 et
928 4325 1052 4376 eum
1089 4309 1250 4375 morti
1287 4310 1444 4373 dare;
1491 4325 1588 4378 per
1613 4311 1900 4366 draconem
1955 4313 2154 4367 intelli-

569 4399 712 4468 gitur
742 4399 1004 4466 diabolus,
1052 4400 1345 4455 secundum
1395 4402 1498 4462 hoc
1533 4403 1678 4471 quod
1725 4403 1949 4460 devorat
1980 4413 2036 4460 et
2067 4405 2150 4459 in-

2253 3484 2457 3553 injusti,
2510 3486 2701 3556 quiin
2751 3488 2852 3544 hac
2891 3488 3024 3551 vita,
3076 3487 3164 3542 ubi
3197 3487 3556 3542 laborandum
3596 3493 3692 3544 est,
3726 3483 3799 3536 ﬁo-

2254 3586 2374 3630 rent
2404 3585 2458 3631 et
2486 3579 2862 3648 requiescunt,
2886 3580 2939 3633 in
2964 3578 3065 3632 alia
3095 3579 3201 3632 vita
3231 3579 3473 3632 damnati
3502 3575 3797 3631 laborabunt.

2252 3667 2310 3721 in
2337 3669 2493 3722 tertia
2517 3677 2691 3737 parte,
2714 3684 2831 3738 quae
2855 3669 3041 3737 incipit
3075 3687 3087 3720 :
3118 3686 3135 3718 ‹
3164 3667 3350 3723 Justus
3383 3678 3437 3721 ut
3473 3667 3649 3736 palma
3673 3664 3799 3719 ﬁere-

2252 3758 2347 3821 bit,
2365 3779 2381 3810 »
2406 3761 2894 3830 ostenditrequiem
2909 3777 3070 3831 quam
3093 3761 3543 3815 habebuntsancti
3554 3769 3680 3828 post
3693 3759 3808 3850 hanc
3905 3743 3907 3850 χ

2240 3853 2437 3918 ,νίιεηπ
2474 3851 2704 3906 intentio
2741 3862 2828 3907 est
2871 3853 3141 3908 consolari
3188 3863 3369 3908 contra
3395 3851 3622 3924 .labores
3662 3849 3811 3920 hujus
3905 3853 3907 3866 ‘

2252 3942 2396 4006 vitae,
2429 3957 2527 4012 per
2561 3958 2695 4012 quos
2725 3944 2790 4000 ad
2820 3945 3177 3999 aueruitatem
3211 3945 3464 3999 ducimur.

2326 4037 2439 4090 Vox
2469 4035 2750 4104 Propheta;
2777 4037 2939 4104 quasi
2961 4037 3032 4090 ita
3064 4027 3271 4091 diceret
3299 4035 3456 4096 :V’os,
3480 4034 3636 4104 justi,
3663 4033 3809 4088 nolite

2254 4115 2539 4198 desperare
2569 4129 2620 4180 in
2652 4127 2924 4182 laboribus
2954 4126 3114 4196 ltujns
3137 4128 3280 4192 vitaz,
3313 4127 3407 4180 sed
3439 4127 3624 4194 potius
3653 4124 3804 4179 conﬁ-

2256 4201 2460 4283 tentini,
2481 4229 2534 4275 et
2557 4221 2788 4289 psallite,
2816 4222 2940 4290 quia
2979 4241 2996 4269 ‹
3040 4224 3234 4274 bonum
3260 4230 3342 4275 est
3370 4220 3626 4274 conﬁteri
3654 4220 3806 4272 Domi-

2251 4326 2343 4374 no,
2380 4330 2397 4361 ι
2447 4321 2677 4379 utroque
2715 4310 2871 4364 modo
2909 4310 3298 4374 confessionis,
3349 4309 3566 4363 scilicet
3597 4319 3652 4363 et
3690 4310 3810 4362 sed:

2251 4402 2490 4472 peccatis
2503 4401 2822 4461 accusando,
2839 4388 2892 4454 et
2909 4399 3073 4454 Deum
3098 4400 3362 4454 laudando
3379 4417 3394 4464 ;
3422 4407 3480 4453 et
3494 4409 3628 4469 post
3643 4391 3814 4454 confes

569 4499 822 4559 corporat
849 4491 950 4545 sibi
979 4505 1328 4562 quoscunque
1355 4501 1560 4562 potest:
1581 4508 1742 4562 super
1773 4509 1935 4564 quem
1965 4496 2150 4550 ambu-
2179 4532 2227 4590 Β
2253 4493 2478 4556 sionem,
2509 4492 2707 4546 bonum
2727 4499 2811 4546 est
2833 4511 2850 4542 ‹
2882 4490 3130 4571 psallere,
3169 4509 3188 4541 ι
3216 4490 3268 4544 id
3294 4482 3398 4554 est,
3424 4491 3573 4544 bene
3609 4488 3813 4559 operari.

568 4581 697 4649 lavit
754 4581 1000 4637 Christus
1050 4583 1175 4637 dum
1221 4592 1393 4638 morte
1429 4599 1525 4638 sua
1568 4584 1685 4654 ejus
1733 4586 2000 4640 destruxit
2048 4602 2147 4658 po-

568 4677 810 4732 tentiam.
1499 4683 1519 4695 '
1614 4659 1618 4662 ’

641 4784 658 4815 ‹
695 4764 979 4842 Quoniam.
1017 4788 1035 4818 ι
1070 4767 1202 4823 Pars
1233 4768 1406 4822 tertia.
1437 4767 1567 4823 Dico
1597 4767 1722 4838 quia
1755 4787 1773 4818 ‹
1807 4768 2010 4837 angelis
2037 4769 2148 4844 suis

566 4857 843 4914 mandavit
882 4857 948 4912 de
978 4868 1047 4924 te,
1085 4879 1102 4912 ι
1138 4861 1212 4914 ita
1242 4861 1427 4916 dicens
1470 4860 1568 4926 eis,
1605 4879 1629 4925 ι,
1661 4861 1926 4930 Quoniam
1974 4862 2028 4915 in
2060 4878 2148 4917 me

563 4950 822 5020 speravit,
861 4971 880 5003 ι
917 4959 1062 5006 totus
1108 4951 1380 5016 Christus,
1426 4953 1661 5007 maxime
1712 4964 1891 5010 tamen
1944 4953 2034 5008 hic
2080 4955 2154 5022 de,

564 5044 821 5099 membris
847 5043 964 5113 ejus
987 5045 1181 5114 agitur.
1215 5063 1232 5096 ι
1262 5045 1528 5103 Liberaho
1553 5062 1695 5111 eum,
1727 5067 1744 5098 ι
1776 5046 1829 5101 id
1850 5056 1953 5112 est,
1984 5062 2150 5104 mem-

563 5133 662 5187 bra
705 5132 871 5202 ipsius
915 5117 1112 5189 Christi
1149 5135 1520 5204 percutiantur
1548 5135 1665 5192 telis
1691 5135 1918 5191 inimici.
1953 5157 1971 5186 ι
2010 5135 2144 5204 Pro,-

565 5233 744 5296 tegam
771 5241 917 5291 eum,
960 5228 1215 5297 quoniam
1252 5229 1500 5298 cognovit
1537 5243 1732 5282 nomen
1761 5245 1959 5296 meum,
1998 5247 2016 5279 t
2045 5229 2147 5284 sci-

565 5316 688 5372 licet
719 5333 823 5372 non
853 5334 1005 5374 suam
1031 5320 1277 5390 quaesivit
1303 5321 1548 5391 gloriam,
1581 5322 1674 5376 sed
1699 5336 1895 5376 meam.

646 5430 664 5459 ‹
693 5409 958 5464 Clamavit
983 5411 1048 5465 ad
1085 5427 1190 5476 me,
1245 5421 1436 5481 et.ch
1483 5413 1766 5466 exaudiam
1815 5427 1961 5477 eum,
2017 5429 2140 5468 cum

563 5497 683 5572 ipso
724 5517 842 5556 sum
888 5503 940 5556 in
996 5502 1362 5566 tribulatione,
1408 5524 1424 5553 ι
1461 5503 1512 5556 id
1554 5511 1655 5566 est,
1705 5510 1831 5557 tunc
1861 5521 1880 5553 ι
1917 5503 2139 5572 eripiam

561 5606 687 5646 eum
735 5613 751 5644 ι
798 5594 939 5663 (ιυοὰ
988 5594 1216 5664 amplius
1265 5593 1406 5647 nulla
1458 5592 1732 5647 tribulatio
1786 5593 2140 5649 circumdabit

563 5696 708 5747 eum,
737 5698 854 5750 qua:
877 5684 1080 5752 ercptio
1114 5692 1192 5736 est
1226 5683 1279 5736 in
1313 5683 1416 5736 ﬁne
1442 5682 1699 5751 cujusque
1730 5671 1994 5752 ﬁdelium';
2029 5703 2045 5735 ε
2087 5693 2140 5740 ει

596 5772 875 5829 ioviﬁcabo
903 5791 1046 5839 cum,
1089 5794 1105 5825 ι
1139 5775 1193 5829 in
1227 5775 1479 5830 membris
1520 5774 1650 5830 suis.

2257 4601 2363 4640 non
2391 4586 2457 4639 ad
2487 4584 2714 4656 gloriam
2746 4568 3119 4645 inominis,Sed
3155 4601 3173 4632 ι
3207 4581 3412 4635 nomini
3444 4589 3572 4646 tuo,
3613 4601 3631 4632 ι
3664 4582 3714 4635 id
3735 4588 3812 4631 est.

2255 4677 2322 4731 ad
2351 4674 2714 4744 ampliandum
2759 4689 2951 4728 nomen
3007 4681 3179 4736 tuum,
3207 4687 3240 4726 ο
3271 4691 3290 4722 ‹
3343 4670 3684 4726 Altissime:
3722 4690 3738 4719 ι
3781 4677 3821 4719 et

2255 4761 2375 4823 ideo
2402 4781 2595 4820 nomen
2621 4775 2770 4818 tuum
2804 4765 2996 4819 merito
3022 4771 3104 4818 est
3133 4761 3532 4832 ampliandum.

2326 4865 2476 4926 Dico,
2503 4864 2705 4918 bonum
2732 4870 2815 4916 est
2836 4861 3079 4917 conﬁteri
3110 4869 3158 4914 et
3189 4860 3440 4930 psallere,
3479 4875 3502 4910 ε
3540 4858 3624 4912 ad
3649 4871 3809 4912 annua

2254 4957 2527 5018 tiandum,
2568 4975 2585 5006 ι
2632 4955 2685 5009 id
2728 4963 2831 5018 est,
2874 4963 2934 5007 ut
2971 4953 3180 5022 possint
3220 4953 3466 5007 homines
3516 4952 3828 5025 annuatim

2255 5046 2376 5100 aliis
2407 5065 2424 5095 ε
2466 5043 2890 5099 misericordiam
2923 5051 3069 5097 tuam
3119 5055 3299 5114 mane,
3341 5059 3358 5091 ι
3392 5039 3444 5094 id
3491 5049 3613 5106 est,
3645 5041 3701 5094 in
3723 5052 3829 5109 pm-

2253 5137 2510 5205 speritate
2541 5133 2924 5203 beneﬁciorum
2949 5142 3284 5196 vestrorum,
3314 5132 3416 5185 hoc
3436 5141 3527 5184 est
3557 5132 3834 5185 virtutum.

2253 5217 2312 5280 ut
2353 5227 2398 5280 si
2441 5225 2674 5279 habeant
2703 5219 2910 5294 aliquas
2935 5223 3185 5295 virtutes,
3228 5220 3566 5300 annunﬁent
3611 5222 3722 5276 hoc
3750 5234 3838 5273 non

2251 5332 2313 5372 ex
2343 5317 2529 5380 se,sed
2555 5330 2620 5370 ex
2645 5313 3009 5368 misericordia
3030 5313 3124 5367 Dei
3146 5302 3266 5367 esse
3299 5330 3312 5365 :
3349 5329 3367 5362 ι
3399 5321 3452 5366 ει
3483 5328 3505 5361 ι
3542 5313 3624 5365 ad
3648 5327 3842 5365 annuu—

2253 5410 2492 5464 tiandum
2529 5428 2547 5460 ‹
2584 5407 2864 5478 veritatem
2895 5415 3062 5470 tuam,
3098 5424 3116 5456 ι
3153 5401 3205 5459 id
3232 5411 3336 5469 est,
3360 5403 3654 5473 justitiam
3687 5413 3844 5458 tuam.

2251 5520 2270 5552 c
2314 5516 2410 5570 per
2438 5507 2672 5562 noctem,
2714 5518 2731 5549 ι
2768 5498 2820 5552 id
2849 5505 2951 5562 est,
2987 5497 3040 5550 in
3063 5492 3413 5559 adversitate,
3443 5495 3498 5548 id
3523 5505 3654 5560 est,
3683 5499 3731 5550 si
3766 5498 3848 5547 In»

2245 5593 2409 5648 beant
2437 5590 2840 5652 adversitatem,
2871 5595 3202 5657 cognoscant
3229 5586 3334 5640 hoc
3369 5578 3493 5640 esse
3516 5600 3602 5640 ex
3644 5585 3849 5655 justiti:

2247 5685 2357 5740 Dei.
2389 5682 2478 5751 qui
2501 5682 2646 5750 juste
2675 5696 2775 5750 pro
2813 5679 3118 5734 commissis
3149 5677 3260 5731 suis
3288 5677 3475 5746 puniat
3498 5690 3638 5730 eos.

2317 5772 2565 5829 Ostendit
2591 5771 2857 5840 quomodo
2884 5769 3175 5824 debeamus
3203 5765 3452 5837 psallere,
3478 5766 3723 5822 scilicet
3743 5785 3759 5814 ι
3811 5765 3858 5813 in
