3940 6470
117 457 223 512 515

1279 427 1713 486 ΕχΡιΑΝΑΤιυ
1751 427 1816 480 ιΝ
1856 425 2191 481 PSALMOS.

3251 420 3352 475 5M

119 562 395 636 psalterio,
437 557 540 640 aid
567 550 923 624 estspirituali
947 546 1277 618 operatione,
1295 545 1459 599 veluti
1481 546 1534 599 in
1551 558 1686 640 con-
1713 548 1764 607 Α
1788 549 1976 596 contra
2019 555 2127 604 me,
2160 561 2177 590 «
2217 539 2398 594 audiet
2449 536 2596 594 auris
2625 551 2745 592 mea
2784 555 2802 589 ι
2851 535 2955 635 h.oc
2980 536 3122 606 quod
3161 537 3353 606 sequi-

120 633 432 723 templativa
459 633 598 710 vita;
637 666 653 695 ι
705 639 1070 701 decachordo,
1109 656 1127 688 ι
1155 637 1207 690 id
1242 643 1356 698 est,
1393 633 1692 702 complente

120 746 308 800 decem
329 745 578 812 precepta
603 735 752 805 legis.
785 732 852 786 Et
875 732 1074 785 bonum
1097 737 1179 782 est
1206 725 1435 795 psallere
1464 725 1690 778 Domino

125 855 145 888 ι
187 835 240 889 in
261 832 491 891 cithara,
530 849 546 878 ι
577 826 626 880 id
651 834 752 886 εει,
772 824 823 876 in
841 819 1254 875 mortiﬁcatione
1277 817 1475 880 carnis,
1500 825 1553 888 et
1587 816 1689 870 hoc

121 941 227 980 non
258 922 378 977 cum
409 917 648 980 tristitia,
683 915 774 969 sed
809 931 826 964 ι
865 928 986 967 ειιιιι
1011 909 1383 964 exsultatione.
1428 926 1444 957 ι

189 1015 314 1068 Ideo
344 1011 464 1064 dico
494 1009 692 1062 bonum
725 1013 806 1058 est
831 1000 1076 1057 confiteri
1094 1008 1147 1053 et
1169 998 1418 1068 psallere,
1459 1013 1476 1045 ι
1511 995 1635 1064 quia
1665 1014 1683 1046 ι

118 1121 153 1159 o
188 1123 205 1154 ‹
243 1101 486 1160 Domine,
517 1095 792 1150 delectasti
825 1108 910 1146 me
957 1091 1011 1144 in
1045 1089 1252 1143 factura
1303 1096 1411 1150 tua,
1451 1107 1468 1136 ι
1526 1086 1578 1138 id
1607 1096 1690 1138 est

123 1213 141 1244 ι
182 1174 235 1246 in
268 1209 287 1242 ι
326 1188 482 1243 bonis
511 1205 529 1236 ί
568 1183 818 1253 operibus
854 1200 872 1230 ι
903 1194 1022 1247 quae
1046 1189 1100 1230 tu
1129 1175 1320 1229 creasti
1345 1185 1399 1227 et
1427 1172 1600 1226 fecisti
1631 1172 1683 1225 in

120 1298 242 1336 me:
274 1288 327 1334 et
350 1278 601 1342 deinceps
629 1292 646 1324 ‹
686 1269 967 1325 exsultabo
997 1287 1014 1318 ι
1051 1267 1104 1319 in
1126 1265 1372 1319 erunibus
1395 1263 1548 1316 bonis
1569 1277 1688 1330 quae

116 1381 247 1428 sunt
279 1389 298 1420 ι
335 1381 587 1424 manuum
624 1373 854 1423 tuarum,
895 1380 913 1410 ι
959 1359 1009 1412 id
1041 1366 1154 1421 est,
1203 1365 1306 1409 tua:
1335 1353 1684 1423 operationis,

116 1461 245 1530 quia
273 1457 450 1512 nullus
478 1456 612 1508 bene
641 1451 772 1521 agit,
805 1449 906 1503 nisi
944 1456 1014 1512 te,
1046 1463 1151 1500 non
1183 1445 1298 1514 ipso
1333 1453 1609 1513 operante.

191 1551 259 1604 Et
306 1548 430 1617 quia
472 1560 576 1599 non
609 1552 812 1596 tantum
843 1541 895 1594 in
925 1553 1011 1593 me
1058 1539 1194 1591 bona
1229 1535 1380 1600 facis,
1405 1536 1497 1588 sed
1523 1533 1686 1588 etiam

117 1641 173 1694 in
206 1640 332 1709 ipsis
354 1636 508 1691 bonis
533 1632 783 1703 operibus
813 1645 898 1684 me
931 1627 1188 1682 delectari
1218 1625 1374 1689 facis,
1406 1625 1526 1678 ideo
1578 1636 1686 1678 me-

115 1731 225 1784 rito
257 1734 472 1799 possum
520 1725 700 1778 dicere
742 1721 866 1790 quia
900 1739 918 1770 ι
961 1718 1300 1788 magnilicata
1353 1722 1478 1770 sunt
1521 1729 1683 1784 opera

117 1827 235 1880 tua,
263 1814 504 1875 Domine,
539 1832 556 1862 ι
589 1821 644 1865 ει
677 1829 694 1860 ι
726 1823 888 1878 quam
929 1827 946 1858 ι
979 1815 1102 1861 ειιιιι
1135 1804 1508 1875 magnilicata,
1542 1803 1682 1857 ultra

1795 642 1900 686 tur.

1866 741 1885 773 ‹
1919 721 2178 775 Plantati.
2219 740 2236 772 ›
2272 720 2404 774 Pars
2432 721 2610 774 tertia.
2657 717 2878 774 Scilicet
2921 737 2939 769 ι
2970 717 3151 788 justus
3194 716 3356 772 ﬂore-

1791 812 1885 873 bit,
1929 831 1946 862 ι
1974 813 2027 865 in
2053 811 2154 864 alia
2183 811 2314 874 vita,
2358 830 2375 860 ι
2412 819 2470 863 ιιι
2497 811 2692 878 palma.
2725 830 2743 860 ›
2776 809 2918 863 Bene
2943 809 3136 878 palmae
3154 807 3355 877 justum

1790 908 2084 967 comparat,
2121 899 2245 966 quia
2273 897 2414 950 sicut
2446 907 2666 952 truncus
2687 897 2882 966 palmae
2911 897 3082 966 turpis
3111 905 3196 950 est
3216 896 3354 950 infe-

1791 989 1919 1054 rius,
1949 990 2000 1042 in
2039 987 2300 1058 superiori
2346 1003 2474 1042 vero
2508 997 2634 1041 sunt
2661 988 2834 1052 elatae,
2879 989 3134 1057 pulchrae,
3163 987 3356 1042 ﬂoren-

1791 1086 1908 1132 tes:
1939 1080 2016 1132 sic
2035 1080 2210 1148 justus
2246 1077 2482 1131 exterius
2529 1087 2746 1146 propter
2777 1079 3149 1133 tribulationes
3173 1079 3226 1132 in
3254 1079 3355 1133 hac

1789 1167 1915 1229 vita,
1941 1182 2059 1235 qua:
2086 1166 2310 1220 inferior
2335 1175 2436 1228 est,
2474 1167 2646 1234 turpis
2674 1176 2727 1218 et
2755 1182 3046 1234 pannosus,
3076 1176 3132 1221 et
3156 1167 3360 1222 contri-

1788 1269 1873 1312 tus
1900 1272 1996 1327 per
2025 1257 2220 1310 multas
2269 1257 2664 1317 tribulationes,
2689 1255 2742 1308 in
2774 1256 2876 1309 alia
2905 1272 3034 1312 vero
3062 1259 3166 1311 vita
3193 1257 3356 1312 ﬂore-

1788 1354 1899 1399 scet
1941 1363 1960 1395 ι
1997 1354 2050 1398 ει
2095 1344 2536 1412 multiplicabitur
2577 1363 2594 1393 ι
2653 1344 2903 1398 ineffabili
2946 1346 3357 1414 gloriareternre

1788 1434 2153 1498 beatitudinis,
2182 1453 2199 1484 ι
2244 1433 2382 1487 sicut
2405 1434 2596 1488 cedrus
2624 1432 2814 1486 Libani
2851 1455 2868 1485 ›
2906 1449 3024 1502 qua:
3052 1435 3209 1488 altior
3240 1451 3360 1490 creo

1788 1524 1890 1578 scit
1919 1524 2038 1578 aliis
2063 1524 2255 1588 cedris,
2287 1534 2338 1578 et
2368 1534 2450 1578 est
2483 1525 2859 1594 imputribilis:
2911 1525 2989 1579 sic
3025 1526 3204 1594 justus
3247 1527 3353 1580 erit

1787 1615 2000 1682 quando
2022 1616 2278 1669 dilabitur
2296 1615 2574 1669 altitudine
2601 1625 2656 1670 et
2677 1616 3103 1670 immortalitate.
3131 1617 3198 1670 Et
3221 1618 3358 1674 bene

1789 1707 1985 1761 debent
2029 1707 2100 1760 ibi
2131 1705 2495 1776 multiplicari,
2532 1707 2658 1775 quia
2704 1707 2790 1760 hic
2814 1715 2940 1760 sunt
2976 1725 2992 1756 ‹
3043 1707 3264 1776 plantati
3302 1709 3358 1763 in

1789 1795 1946 1850 domo
1971 1796 2201 1862 Domini,
2241 1816 2260 1847 ι
2293 1796 2344 1850 id
2378 1807 2479 1860 est,
2517 1797 2739 1850 firmiter
2772 1797 2991 1850 radicati
3028 1797 3080 1850 in
3109 1796 3360 1867 przesenti

115 1922 280 1975 quam
304 1905 474 1975 possit
500 1901 750 1972 exprimi,
776 1908 831 1953 et
854 1919 872 1949 ‹
906 1896 1259 1967 cogitationes
1291 1903 1412 1957 tuae,
1446 1911 1464 1944 ι
1497 1893 1549 1947 id
1575 1901 1680 1957 est,
1715 1888 1758 1947 Β
1787 1886 2054 1951 Ecclesia,
2083 1896 2137 1940 et
2161 1894 2386 1956 propter
2427 1887 2529 1941 hoc
2565 1906 2582 1938 ι
2617 1887 2881 1941 ﬂorebunt
2912 1889 2965 1942 in
2995 1890 3146 1943 atriis
3169 1890 3361 1944 domus

110 1996 496 2066 dispositiones
519 2002 639 2056 tuae,
670 2005 787 2060 qme
821 1990 954 2043 ﬁunt
993 2004 1058 2042 ex
1079 1986 1397 2057 cogitatione
1425 1995 1480 2040 et
1507 1985 1683 2039 consi-

111 2089 224 2152 lio,
265 2086 427 2141 veluti
471 2085 611 2153 quod
657 2082 779 2135 boni
824 2079 1170 2140 tribulantur,
1203 2085 1257 2132 et
1295 2075 1420 2130 mali
1467 2073 1678 2139 ﬂorent,

117 2199 135 2229 ι
169 2185 302 2232 sunt
348 2175 521 2238 factae,
551 2173 706 2228 nimis
745 2170 1038 2243 profundae,
1076 2189 1096 2219 ι
1131 2168 1185 2222 id
1226 2176 1328 2231 est,
1359 2167 1682 2220 inscrutabi-

113 2270 217 2323 les.
246 2266 395 2322 Unde
426 2266 550 2320 alibi
577 2264 770 2319 dicitur
805 2281 816 2316 :
849 2259 1058 2317 Judicia
1101 2259 1197 2314 Dei
1239 2259 1464 2329 abyssus
1491 2257 1680 2312 multa.

111 2359 291 2431 (Psal.
325 2359 509 2425 xxxv.)

193 2467 213 2500 ι
256 2447 348 2501 Vir
373 2447 644 2515 insipiens.
689 2465 706 2496 ι
736 2445 869 2499 Pars
901 2442 1157 2499 secunda.
1191 2439 1558 2510 Cogitationes
1585 2437 1680 2491 Dei

109 2538 189 2592 ita
214 2545 335 2590 sunt
363 2535 652 2604 profundae,
671 2536 761 2589 sed
777 2544 955 2588 tamen
987 2552 1004 2584 ι
1037 2532 1408 2600 virinsipiens,
1445 2549 1464 2580 ι
1496 2530 1548 2584 id
1575 2538 1678 2594 εει,

107 2629 210 2698 qui
258 2627 470 2696 sapiens
517 2635 599 2680 est
648 2626 701 2679 in
746 2625 940 2680 sazculo
975 2633 1028 2678 et
1057 2632 1204 2678 caret
1233 2637 1361 2676 vera
1391 2622 1679 2692 sapientia,

113 2739 134 2771 α
174 2734 281 2773 non
311 2722 596 2788 cognoscet
616 2717 730 2770 haec
773 2736 790 2767 ι
827 2731 946 2785 quae
970 2715 1211 2769 dicturus
1235 2729 1376 2778 sum,
1414 2721 1432 2766 ι
1471 2715 1525 2768 ει
1550 2715 1684 2768 stul-

109 2819 225 2874 tus,
261 2829 280 2859 ι
313 2809 366 2862 id
389 2815 494 2881 est,
526 2807 613 2861 ille
637 2807 725 2875 qui
763 2820 862 2860 nec
892 2806 944 2858 in
984 2804 1114 2869 Deo,
1153 2819 1254 2858 nec
1281 2803 1335 2858 in
1363 2803 1559 2871 seculo
1599 2820 1681 2859 sa-

107 2900 270 2970 piens
301 2908 404 2963 est,
437 2917 456 2948 ι
492 2913 598 2952 non
629 2895 891 2966 intelliget
918 2898 1050 2952 haec.
1093 2915 1111 2947 υ

187 2990 429 3056 Scilicet,
460 3009 478 3040 ι
514 3005 639 3044 eum
687 2990 861 3044 exorti
907 2989 1105 3044 fuerint
1143 2995 1474 3059 peccatores,
1520 3009 1537 3040 ι
1587 2988 1678 3058 qui

107 3079 372 3134 dicuntur
404 3078 602 3133 exoriri
635 3090 754 3133 cum
786 3078 837 3132 in
862 3094 1081 3149 magnas
1104 3079 1318 3134 divitias
1349 3080 1432 3134 vel
1460 3095 1681 3150 magnas

106 3170 338 3223 veniunt
370 3169 659 3238 potentias,
685 3189 704 3220 ι
755 3171 892 3224 sicut
932 3169 1134 3236 fenum,
1178 3193 1195 3222 ι
1230 3171 1283 3225 id
1322 3179 1422 3235 est,
1455 3187 1677 3241 compa-

109 3259 315 3314 rabiles
343 3233 485 3323 feno,
517 3233 658 3328 quod
699 3259 822 3314 licet
869 3261 934 3314 ad
980 3233 1190 3329 tempus
1236 3233 1421 3314 ﬂoreat
1465 3270 1519 3314 et
1565 3233 1680 3330 pul-
1709 3233 1752 3294 Ο

109 3352 309 3406 chrum
338 3352 429 3414 sit,
464 3359 639 3404 tamen
671 3350 778 3403 cito
819 3351 1014 3404 arescit
1046 3368 1058 3402 :
1103 3370 1121 3398 ‹
1159 3358 1214 3403 ει
1257 3351 1621 3418 apparuerint,
1661 3370 1678 3401 ι

112 3442 173 3496 id
223 3450 326 3505 est,
359 3441 596 3510 insignes
653 3439 706 3491 in
749 3441 860 3491 suis
908 3439 1182 3506 potentiis,
1215 3449 1609 3507 cognoscentur
1654 3454 1685 3492 a

112 3531 306 3587 multis
331 3548 348 3579 ι
385 3543 575 3582 omnes
608 3528 700 3595 qui
731 3535 1026 3594 operantur
1055 3527 1412 3594 iniquitatem.
1452 3546 1470 3577 ι

191 3617 317 3670 Haec
344 3630 451 3669 non
473 3615 787 3684 intelligent,
811 3615 951 3683 quod
977 3631 1099 3667 cum
1131 3617 1206 3668 ita
1241 3634 1258 3665 ι
1300 3616 1498 3668 fuerint
1529 3631 1688 3670 exor-

117 3704 183 3769 ti,
227 3721 245 3754 i
280 3710 358 3765 ut,
383 3700 434 3756 id
457 3709 562 3765 est,
587 3701 817 3769 qualiter
850 3722 866 3750 ε
909 3701 1177 3755 intereant
1220 3703 1272 3754 in
1308 3703 1562 3756 saeculum
1589 3718 1688 3757 sse-

115 3793 247 3856 culi,
287 3811 307 3842 ›
340 3792 391 3846 id
418 3799 518 3856 est,
536 3791 588 3844 in
603 3800 900 3846 aeternum:
931 3791 1029 3860 ipsi
1048 3793 1322 3860 peribunt,
1354 3812 1371 3843 ι
1407 3803 1460 3847 ιιι
1483 3803 1684 3859 autem,

112 3883 367 3946 Domine,
406 3902 424 3932 ι
457 3882 548 3950 qui
582 3883 633 3934 in
664 3883 860 3936 mundo
889 3883 1033 3936 visus
1059 3897 1118 3938 es
1141 3883 1380 3949 humilis,
1408 3899 1689 3953 permane-

106 3975 202 4028 bis
233 3993 250 4024 ‹
283 3972 592 4026 Altissimus
621 3972 674 4024 in
701 3980 963 4026 aeternum
1005 3991 1050 4024 ι.
1129 4012 1134 4020 .

188 4064 255 4117 Ει
283 4076 406 4116 vere
429 4061 739 4124 interibunt,
763 4081 781 4112 ‹
813 4063 1094 4129 quoniam,
1132 4079 1150 4114 ι
1183 4079 1216 4118 o
1248 4081 1266 4113 ι
1303 4062 1545 4128 Domine,
1561 4079 1688 4119 ecce

113 4154 326 4210 inimici
358 4153 449 4218 tui,
490 4172 508 4203 ι
545 4153 596 4206 id
624 4160 729 4217 est,
760 4153 986 4221 gentiles
1015 4173 1032 4204 ι
1074 4154 1325 4222 peribunt
1353 4171 1367 4218 ;
1402 4172 1420 4204 ι
1454 4153 1538 4208 vel
1568 4154 1689 4208 ideo

109 4247 440 4318 geminatur,
475 4255 534 4299 ut
572 4261 685 4299 rem
717 4261 834 4315 quae
877 4249 1031 4314 quasi
1063 4247 1390 4302 incredibilis
1417 4249 1684 4313 videatur,

109 4335 428 4393 credibilem
463 4336 670 4390 reddat.
727 4355 744 4386 ε
783 4335 1041 4389 Peribunt
1097 4357 1115 4387 ι
1167 4337 1311 4401 dico,
1347 4356 1364 4386 ι
1409 4346 1464 4391 ει
1507 4358 1525 4388 ι
1586 4339 1689 4392 hoc

111 4429 280 4485 modo
313 4428 539 4493 scilicet,
577 4447 595 4478 ι
630 4428 1006 4497 dispergentur
1045 4443 1234 4484 omnes
1263 4429 1354 4498 qui
1399 4440 1692 4498 operantur

109 4518 495 4587 iniquitatem;
557 4536 574 4568 ι
622 4517 688 4570 ad
731 4518 834 4572 hoc
879 4519 1022 4586 quod
1070 4519 1230 4583 dicit,
1267 4540 1285 4571 ι
1335 4521 1606 4588 peribunt,
1667 4540 1686 4572 ι

114 4633 134 4665 ι
174 4612 574 4681 dispergentur,
617 4630 636 4660 ι
667 4611 798 4664 dicit
827 4628 946 4665 cum
979 4626 1008 4663 a
1039 4611 1194 4664 bonis
1223 4623 1576 4678 separantur:
1614 4612 1690 4666 llli

109 4701 390 4771 peribunt,
423 4719 441 4750 ι
481 4708 534 4753 ει
569 4715 735 4753 cornu
764 4714 964 4764 meum,
1006 4720 1022 4748 ι
1059 4700 1110 4753 id
1138 4709 1254 4763 est,
1294 4699 1518 4756 altitudo
1551 4717 1690 4765 mea,

110 4804 240 4860 quae
277 4797 358 4842 est
396 4807 413 4838 ι
451 4789 591 4842 sicut
630 4789 924 4847 unicornis.
969 4809 985 4838 ι
1021 4789 1145 4856 quia
1192 4789 1258 4843 ad
1288 4805 1452 4841 unttm
1503 4790 1692 4853 tendit,

113 4881 325 4936 scilicet
347 4881 412 4934 ad
448 4880 622 4949 ipsum
649 4877 850 4942 Deum;
885 4880 1024 4934 unde
1051 4881 1283 4935 dicitur:
1312 4881 1479 4936 Unam
1507 4883 1633 4951 petii
1664 4899 1694 4935 a

117 4973 370 5037 Domino,
406 4991 423 5022 ι
447 4971 805 5035 ‘exaltabitur,
845 4991 864 5022 ι
902 4973 1206 5041 recipiendo
1235 4974 1694 5028 immortalitatem

113 5075 173 5119 et
201 5063 704 5132 impassibilitatem.
735 5083 753 5114 ‹
791 5063 856 5116 Ει
878 5074 1128 5118 senectus
1151 5081 1288 5130 mea,
1326 5085 1343 5116 ›
1373 5065 1425 5120 id
1446 5074 1549 5142 est,
1573 5082 1691 5121 nica

117 5157 438 5224 novissima,
471 5157 680 5212 scilicet
699 5173 762 5212 ea
801 5175 919 5227 quae
946 5168 1242 5227 sequuntur
1281 5169 1400 5230 post
1433 5160 1573 5216 hanc
1609 5161 1691 5214 vi-

119 5256 256 5312 tam,
281 5249 386 5302 erit
417 5267 434 5294 σ
481 5249 536 5302 in
562 5249 929 5303 misericordia
959 5250 1132 5312 uberi,
1177 5269 1194 5299 ι
1224 5251 1274 5304 id
1304 5259 1416 5314 εει,
1444 5250 1496 5302 in
1523 5251 1693 5304 abun-

119 5341 270 5394 danti
300 5343 735 5396 remuneratione
764 5363 776 5396 :
807 5343 948 5397 sicut
968 5345 1272 5399 econtrario
1321 5355 1568 5400 senectus
1593 5347 1692 5400 im-

120 5433 333 5499 piorum
361 5432 466 5486 erit
496 5431 550 5486 in
588 5433 790 5486 malitia
821 5434 992 5488 uberi.
1047 5434 1178 5488 Dico
1211 5453 1227 5484 ι
1285 5443 1536 5489 senectus
1569 5452 1688 5490 mea

119 5520 294 5574 eritin
323 5521 693 5576 misericordia
709 5522 860 5577 uberi
892 5541 909 5571 ι
947 5532 1001 5576 ει
1040 5541 1058 5572 ι
1083 5522 1195 5591 jam
1231 5544 1248 5572 ι
1283 5524 1471 5579 oculus
1494 5541 1645 5580 meus
1668 5545 1685 5578 ι

123 5611 348 5666 interior
375 5631 391 5662 ‹
432 5612 676 5682 despexit
718 5612 965 5666 inimicos
991 5627 1158 5675 meos,
1198 5631 1214 5662 ι
1260 5621 1314 5666 ει
1361 5629 1692 5684 cognoscens

124 5705 288 5758 vitam
318 5703 529 5759 illorum
561 5719 679 5759 esse
723 5703 986 5768 inutilem,
1019 5712 1074 5756 ει
1116 5705 1411 5772 potentiam
1445 5707 1689 5773 brevem,

129 5815 145 5847 ι
182 5805 236 5851 ει
260 5796 328 5850 ab
355 5785 756 5866 insurgentibus
778 5794 828 5848 in
855 5809 940 5849 me
972 5794 1410 5864 malignantibus,
1452 5818 1470 5849 ι
1505 5799 1556 5854 id
1586 5809 1688 5865 est,

1784 1975 1880 2030 Dei
1919 1975 2127 2040 nostri,
2168 1995 2185 2024 ι
2227 1975 2278 2027 id
2318 1983 2424 2039 est,
2459 1975 2514 2027 in
2560 1991 2792 2044 superna
2839 1976 3169 2030 Hierusalem
3199 2015 3214 2040 ,
3244 1990 3362 2044 qua:

1781 2074 1998 2134 propter
2043 2063 2446 2132 amplitudinem
2493 2079 2588 2132 per
2627 2065 2764 2118 atria
2809 2065 3137 2133 designatur.
3180 2064 3277 2118 Vel
3304 2065 3361 2118 in

1783 2155 1922 2209 atrio
1944 2154 2133 2208 domus
2158 2155 2252 2208 Dei
2279 2155 2470 2219 nostri,
2488 2156 2538 2208 id
2567 2163 2668 2219 est,
2686 2156 2740 2208 in
2769 2154 2922 2208 initio
2944 2154 3178 2208 cwlestis
3206 2153 3366 2208 habi-

1782 2249 2021 2312 tationis,
2053 2247 2280 2312 scilicet,
2313 2247 2366 2300 in
2395 2249 2510 2316 ipso
2550 2248 2754 2316 judicio
2781 2246 3069 2301 ﬂorebunt.

1852 2339 1919 2392 Et
1969 2357 1988 2389 ι
2037 2339 2232 2401 adhuc,
2274 2358 2293 2388 ι
2333 2337 2384 2390 id
2431 2347 2534 2402 εει,
2565 2346 2758 2407 praeter
2801 2338 2916 2391 illas
2947 2336 3186 2404 justitias
3224 2351 3362 2406 quas

1782 2430 1941 2485 modo
1977 2418 2184 2484 habent
2226 2428 2392 2496 justi,
2450 2447 2467 2478 ι
2525 2427 3028 2497 multiplicabuntur
3066 2446 3084 2478 ι
3116 2426 3215 2495 ipsi
3245 2445 3262 2476 ι
3305 2426 3362 2480 in

1781 2532 1998 2575 senecta
2021 2520 2194 2584 uberi,
2236 2539 2256 2570 ι
2281 2519 2334 2573 id
2356 2527 2458 2582 est,
2483 2519 2534 2572 in
2564 2518 2890 2583 novissimis,
2919 2518 3007 2571 ubi
3032 2518 3136 2570 erit
3158 2517 3289 2570 uber
3309 2525 3363 2571 et

1781 2612 1998 2681 cepiosa
2044 2609 2411 2665 misericordia
2465 2609 2574 2669 Dei,
2627 2628 2644 2658 ι
2703 2617 2759 2663 ει
2810 2629 2828 2660 ›
2880 2609 3094 2662 interim
3132 2627 3150 2658 ‹
3205 2615 3364 2661 erunt

1784 2703 1917 2756 bene
1937 2702 2225 2770 patientes,
2259 2720 2277 2749 ι
2306 2715 2414 2754 non
2441 2699 2601 2762 male,
2635 2699 2775 2752 sicut
2803 2697 3006 2752 faciunt
3040 2698 3354 2768 hypocritte,

1787 2811 1804 2841 ι
1867 2800 1925 2844 ιιι
1975 2791 2315 2854 annuntient,
2355 2808 2372 2840 ι
2421 2789 2474 2842 id
2525 2797 2648 2853 est,
2695 2787 2843 2858 digiti
2885 2787 2993 2840 sint
3041 2786 3364 2842 annuntiare

1783 2883 1901 2938 aliis
1935 2901 1947 2936 :
1981 2883 2120 2937 istud
2151 2882 2373 2946 scilicet,
2401 2881 2527 2950 quia
2567 2879 2826 2948 Dominus
2865 2879 3007 2933 Deus
3057 2886 3242 2932 uoster
3279 2887 3364 2932 est

1784 2984 1962 3029 rectus
2005 2973 2347 3043 retribuendo
2394 2971 2588 3026 merita
2637 2971 2932 3040 cujusque,
2977 2978 3031 3023 et
3065 2969 3191 3038 quia
3241 2977 3364 3036 post

1783 3069 2079 3124 retribuere
2110 3069 2324 3129 merita,
2352 3075 2405 3119 et
2436 3079 2541 3118 non
2565 3071 2826 3134 quantum
2860 3063 3135 3132 exigerent
3171 3063 3362 3136 merita

1785 3158 2106 3227 ipsa,addit,
2143 3177 2159 3206 ι
2199 3166 2254 3211 ει
2284 3163 2490 3209 nonest
2513 3155 2769 3222 iniquitas
2792 3153 2844 3206 in
2872 3168 2955 3217 eo,
2996 3171 3013 3203 ι
3041 3152 3166 3221 quia
3197 3151 3361 3204 etiam

1787 3253 1902 3317 plus
1931 3249 2103 3302 reddit
2134 3248 2421 3316 unicuique
2447 3262 2607 3314 quam
2643 3244 3045 3312 promeruisset.
3074 3241 3170 3297 Vel
3219 3262 3236 3292 ι
3278 3254 3364 3295 re-

1788 3349 1906 3393 ctus
1946 3359 1963 3388 »
1998 3345 2082 3390 εει
2126 3337 2252 3388 dum
2285 3335 2552 3403 permittit
2597 3350 2722 3387 suos
2770 3333 3036 3396 tribulari,
3064 3340 3121 3385 ut
3168 3347 3260 3387 eos
3305 3332 3358 3385 in

1791 3428 1894 3480 alia
1924 3428 2029 3479 vita
2077 3434 2410 3490 rentuncret,
2443 3444 2459 3474 ι
2499 3434 2552 3478 ει
2581 3440 2686 3478 non
2714 3434 2799 3479 est
2829 3423 3084 3493 iniquitas
3127 3422 3182 3475 in
3210 3437 3298 3487 eo,
3337 3440 3357 3473 ι

1789 3517 1843 3570 in
1862 3519 1963 3570 hoc
1991 3518 2130 3585 quod
2156 3516 2417 3585 permittit
2439 3517 2608 3571 malos
2635 3518 2687 3570 in
2716 3519 2816 3573 hac
2852 3517 2958 3571 vita
2982 3515 3196 3582 ﬂorere,
3225 3528 3361 3585 quos

1790 3608 1844 3659 in
1873 3606 1978 3659 alia
2005 3615 2207 3660 aeterna
2239 3606 2583 3660 damnatione
2611 3607 2908 3660 damnabit.

2264 3753 2332 3806 IN
2371 3752 2700 3807 PSAIMUM
2740 3751 2892 3806 XCII.

1792 3871 2049 3925 TITUI.US.
2099 3867 2236 3920 Laus
2269 3868 2456 3920 cantici
2498 3866 2685 3928 David,
2712 3864 2765 3918 in
2800 3864 2883 3917 die
2904 3873 3023 3917 ante
3057 3862 3349 3928 sabbatum,

1891 3981 1896 3986 .
1965 3937 2175 4008 quando
2221 3937 2441 4006 fundata
2475 3947 2546 3990 est
2575 3947 2734 4000 terra,
2763 3934 2844 3988 vel
2873 3933 3183 4030 inhabitant.

1865 4091 1884 4123 ι
1938 4071 2195 4124 Dominus
2247 4068 2508 4139 regnavit,
2557 4067 2832 4120 decorem.
2891 4085 2910 4117 ι
2955 4064 3038 4119 Ad
3085 4064 3359 4118 litteram'

1792 4162 1960 4216 Terra
1989 4160 2210 4214 fundata
2232 4157 2332 4212 fuit
2356 4158 2406 4210 in
2438 4166 2590 4211 sexta
2615 4156 2770 4220 feria,
2799 4171 2905 4210 non
2926 4155 3070 4224 quod
3099 4155 3213 4224 ipsa
3238 4163 3364 4208 tunc

1792 4253 2140 4313 formaretur,
2169 4248 2261 4304 sed
2294 4250 2418 4316 quia
2449 4248 2502 4302 in
2527 4256 2678 4301 sexta
2707 4247 2842 4302 feria
2867 4246 3043 4301 factus
3068 4254 3152 4299 est
3178 4246 3363 4309 homo,

1793 4360 1899 4414 quo
1926 4343 2086 4407 facto,
2115 4352 2256 4395 terra
2298 4340 2517 4392 fundata
2543 4347 2651 4403 est,
2680 4339 2734 4392 id
2767 4346 2870 4402 est,
2901 4337 3110 4391 stabilis
3155 4343 3210 4390 et
3237 4351 3334 4404 pos
3355 4365 3372 4388 -.

1795 4450 1977 4490 sessa:
2010 4449 2129 4501 qua:
2160 4431 2338 4485 inanis
2362 4439 2507 4484 esset
2535 4439 2592 4482 et
2629 4443 2962 4498 supervacue
2987 4427 3226 4491 fundata,
3251 4426 3373 4488 nisi,

1795 4528 2018 4581 haberet
2048 4524 2318 4579 hominem
2363 4537 2750 4590 possessorem.
2803 4518 2898 4574 Vel
2943 4520 2997 4573 in
3039 4529 3192 4574 sexta
3225 4519 3363 4573 feria

1720 4591 1770 4649 D
1799 4616 2090 4669 inhabitata
2134 4622 2216 4666 est
2251 4613 2317 4665 ab
2342 4611 2556 4665 homine
2587 4612 2803 4679 quando
2830 4609 3002 4663 factus
3038 4608 3139 4662 fuit
3171 4609 3358 4671 homo,
3440 4606 3442 4608 ’

1798 4721 1900 4758 non
1929 4704 2067 4772 quod
2100 4705 2164 4757 de
2204 4703 2303 4756 hac
2329 4700 2539 4754 litterali
2570 4701 2883 4753 fundatione
2905 4715 3144 4769 agamus,
3179 4698 3274 4752 sed
3301 4698 3369 4751 de

1797 4796 2071 4866 designata
2111 4809 2206 4862 per
2250 4793 2436 4856 istam,
2465 4791 2670 4844 scilicet
2711 4791 2777 4844 de
2823 4791 3160 4845 recreatione
3194 4790 3368 4845 homi-

1799 4886 1902 4947 nis,
1942 4884 2084 4937 facta
2127 4898 2222 4951 per
2269 4881 2586 4950 sanguinem
2630 4880 2831 4935 Christi
2884 4882 2937 4935 in
2987 4889 3137 4935 sexta
3186 4888 3366 4945 aetate,

1799 4975 2005 5030 scilicet
2032 4976 2084 5028 in
2120 4983 2358 5041 tempore
2385 4972 2588 5041 gratiae,
2621 4987 2740 5041 qua:
2764 4980 2914 5026 sexta
2940 4981 3073 5026 tetas
3111 4987 3206 5040 per
3241 4986 3367 5026 sex-

1801 5078 1908 5123 tam
1951 5069 2138 5122 feriant
2185 5067 2525 5136 designatur:
2583 5067 2722 5120 sicut
2761 5074 2884 5133 post
2924 5075 3130 5119 sextam
3174 5063 3366 5118 feriam

1799 5159 2080 5214 sabbatum
2132 5158 2413 5225 sequitur,
2442 5157 2514 5210 ita
2563 5165 2682 5226 post
2723 5167 2930 5212 sextam
2975 5164 3188 5210 (etatem
3237 5171 3366 5210 vera

1800 5251 2014 5319 requies
2049 5249 2309 5316 sequitur.
2348 5248 2555 5303 Titulus
2597 5250 2675 5304 sic
2712 5249 3027 5318 exponitur:
3083 5247 3367 5301 Tractatus

1800 5343 1899 5397 iste
1931 5342 2046 5395 laus
2077 5342 2272 5396 cantici
2311 5342 2523 5406 dicitur,
2559 5343 2610 5395 id
2638 5351 2750 5405 est,
2781 5340 3043 5395 laudabile
3069 5341 3368 5395 canticum.

1799 5433 2079 5487 Canticum
2125 5431 2341 5495 dicitur,
2374 5432 2498 5501 quia
2545 5445 2656 5484 rem
2689 5431 2942 5500 proponit
2965 5429 3363 5492 exsultabilem,

1800 5524 2022 5586 scilicet,
2051 5522 2414 5577 fundationem
2437 5522 2690 5578 Ecclesia:
2715 5530 2768 5574 et
2799 5522 2934 5576 alias
2950 5521 3148 5576 Christi
3174 5529 3362 5590 poten—

1800 5616 1904 5669 tias
1931 5614 2147 5678 niultas,
2171 5613 2222 5666 in
2248 5615 2442 5683 quibus
2464 5616 2576 5682 ipse
2606 5614 2853 5669 Christus
2874 5613 3156 5668 laudabilis
3180 5623 3360 5683 patet;

1799 5710 1937 5763 unde
1979 5709 2174 5762 dicitur
2205 5727 2223 5758 ι
2269 5708 2384 5762 laus
2425 5708 2619 5762 cantici
2662 5727 2678 5756 ι
2719 5708 2974 5763 attributa
3022 5707 3188 5761 David
3232 5705 3366 5761 Pro-

1800 5803 1992 5872 phcttc,
2023 5802 2112 5872 qui
2145 5801 2230 5855 hic
2263 5801 2497 5870 loquitur
2524 5815 2538 5855 :
2572 5821 2589 5853 ι
2622 5801 2826 5858 Cantici
2858 5801 2976 5856 dico
3004 5801 3172 5856 habiti
3194 5801 3252 5858 in
3283 5800 3369 5855 die
