3940 6460
581 404 687 460 515

1045 401 1401 460 HAYMONIS
1439 398 1915 456 HALBERSTAT.
1960 399 2176 455 EPISC.
2215 398 2369 454 OPP.
2411 397 2591 455 PARS
2627 397 2669 454 1.
2700 429 2771 441 -
2802 400 3158 458 COMMENT.
3193 400 3361 458 BIBL.
3524 406 3531 413 ’
3723 405 3808 462 5'26

580 524 709 571 ante
736 512 1045 579 sabbatum,
1064 534 1101 599 ι»
1134 514 1185 568 id
1201 521 1305 577 est,
1336 512 1389 565 in
1407 510 1843 565 consideratione
1877 510 1981 564 diei
1999 508 2159 579 primi
2186 509 2236 569 Α
2261 517 2364 573 εει,
2391 508 2710 578 populorum
2731 509 3045 565 multorum.
3072 510 3359 567 Concitant
3375 512 3524 568 enim
3550 527 3693 585 sape
3726 519 3809 574 mi.

580 616 746 660 sextae
770 604 946 659 aetatis
974 618 989 657 :
1032 618 1149 672 quae
1175 602 1291 657 dies
1320 601 1442 656 ideo
1493 601 1709 665 dicitur,
1734 600 1859 669 quia
1885 601 1938 653 in
1969 614 2031 654 ea
2058 614 2151 653 ve-

579 709 696 749 ram
728 693 1174 748 illuminationem
1206 691 1537 760 recipimus;
1581 704 1701 759 qua:
1744 699 1879 745 aetas
1915 700 2001 745 est
2028 698 2154 744 ante

580 784 887 850 sabbatum,
912 784 965 838 id
985 790 1090 847 est,
1113 790 1236 836 ante
1250 781 1488 850 requiem
1513 789 1794 846 aeternam,
1822 799 1841 832 ι
1863 781 2096 849 quando,
2129 798 2149 832 ι

580 875 635 930 id
663 883 765 940 est,
798 888 903 943 qua
931 874 1038 929 die.
1064 872 1290 937 scilicet,
1332 872 1387 926 in
1426 881 1668 940 tempore
1694 871 1900 941 gratiae,
1934 870 2154 925 fundata

578 976 663 1023 est
690 974 851 1031 terra,
879 966 931 1020 id
952 976 1056 1031 est,
1084 974 1368 1035 reparatus
1403 974 1488 1019 est
1518 965 1698 1029 homo,
1723 977 1822 1033 per
1848 978 2008 1033 quem
2036 962 2158 1017 fun-

578 1060 720 1122 data,
752 1067 809 1112 et
836 1057 1045 1112 stabilis
1094 1057 1235 1111 facta
1272 1066 1357 1111 est
1398 1064 1567 1120 terra,
1592 1055 1734 1124 quod
1764 1055 1939 1109 inanis
1987 1060 2153 1119 esset,

576 1149 680 1201 nisi
722 1149 882 1202 homo
910 1155 1278 1217 repararetnr,
1316 1146 1440 1215 quia
1470 1161 1592 1199 cum
1616 1146 1798 1200 omnia
1823 1145 1889 1199 ad
1913 1144 2008 1198 Dei
2037 1144 2154 1197 lau-

576 1238 697 1291 dem
724 1239 866 1292 facta
897 1238 1024 1303 sint,
1056 1253 1088 1291 a
1114 1237 1258 1290 nulla
1284 1244 1535 1290 creatura
1565 1244 1802 1297 terrena,
1834 1234 1941 1288 nisi
1992 1234 2155 1289 homo

578 1329 803 1392 viveret,
833 1328 1161 1382 laudaretur.
1211 1326 1431 1381 Materia
1474 1333 1557 1380 est
1604 1324 1875 1388 Christus,
1903 1323 2154 1378 fundator

578 1418 851 1481 Ecclesim,
884 1418 949 1472 de
993 1433 1105 1486 qua
1142 1417 1251 1487 agit
1278 1431 1374 1485 per
1416 1416 1610 1470 multas
1638 1415 2151 1479 commendationes,

578 1515 737 1560 utens
779 1507 1205 1561 demonstrativo
1265 1521 1480 1575 genere.
1533 1504 1840 1559 Prmvidens
1887 1503 2156 1574 Propheta

578 1593 853 1651 Christum
879 1609 999 1651 esse
1037 1602 1319 1650 venturum
1366 1594 1420 1648 in
1468 1593 1793 1656 humilitate,
1824 1601 1879 1647 et
1924 1599 2153 1661 propter

580 1680 683 1744 hoc
703 1689 1157 1744 contemnendum
1178 1702 1298 1743 esse
1318 1703 1349 1741 a
1379 1686 1600 1751 Judaeis,
1624 1686 1994 1756 multipliciter
2007 1700 2155 1740 com-

581 1781 796 1834 mendat
816 1794 959 1843 eum,
981 1787 1062 1843 ut,
1084 1792 1207 1833 cum
1230 1778 1461 1840 venerit,
1487 1791 1593 1830 non
1619 1776 1669 1829 ei
1696 1775 2039 1844 derogemus,
2060 1773 2154 1829 sed

2253 616 2415 656 nores
2447 601 2700 656 fortiores
2727 603 2794 655 ad
2823 604 3259 671 persecutionem
3282 604 3559 661 Ecclesiae.

2322 691 2389 744 Et
2419 706 2524 745 non
2555 700 2761 745 tantum
2789 691 3011 748 ﬂumina
3037 695 3388 751 elcvaverunt
3415 695 3619 753 ﬂuctus
3646 714 3805 760 contra

2252 781 2576 847 Ecclesiam,
2610 782 2706 837 sed
2733 784 2897 838 etiam
2920 792 3048 838 sunt
3068 783 3225 840 facta:
3251 804 3271 837 ί
3303 784 3571 843 elationes
3598 794 3767 859 maris,
3786 816 3801 846 ι

2254 870 2309 926 id
2331 878 2436 935 est,
2455 871 2691 925 universi
2711 871 2917 941 populi,
2946 889 2965 923 ‹
2996 872 3288 938 mirabiles,
3322 893 3341 927 ι
3369 874 3424 930 id
3445 884 3572 943 est,
3597 878 3801 947 infinite,

2255 960 2643 1026 intolerabiles,
2682 969 2738 1014 et
2776 978 2795 1012 ι
2830 961 2884 1014 in
2930 979 2951 1013 ι
2985 963 3237 1018 omnibus
3278 964 3399 1019 istis
3444 965 3801 1026 elevationim

2260 1068 2281 1103 σ
2313 1050 2438 1106 altis
2464 1070 2481 1103 ι
2506 1059 2591 1106 εει
2615 1070 2634 1102 ‹
2661 1050 2921 1106 mirabilis
2939 1050 3201 1109 Dominus
3228 1073 3247 1106 ι
3266 1056 3511 1111 sedando
3533 1056 3799 1127 huiusmodi

2253 1141 2604 1207 elevationes,
2646 1141 2730 1195 vel
2774 1143 2898 1210 quia
2945 1159 3054 1199 non
3100 1144 3368 1213 permittit
3416 1145 3641 1203 ﬁdelem
3679 1166 3799 1207 suam

2255 1232 2434 1303 aliqua
2457 1231 2762 1301 hujusmodi
2784 1234 3087 1291 tentatione
3107 1236 3337 1291 devinct.
3367 1237 3435 1291 Et
3458 1237 3521 1291 in
3561 1239 3644 1294 his
3666 1244 3798 1299 tritas

2255 1324 2523 1387 versibus,
2546 1324 2641 1393 qui
2664 1324 2945 1380 continent
2972 1325 3257 1381 victoriam
3289 1326 3523 1394 Christi,
3547 1338 3632 1384 est
3650 1333 3795 1401 quiut:

2253 1431 2382 1487 pars
2416 1411 2630 1486 ps'almi.
2702 1448 2709 1453 -

2333 1525 2351 1556 ι
2387 1505 2717 1561 'l‘estimonia
2744 1514 2852 1572 tua,
2884 1526 2902 1559 ι
2931 1507 2983 1563 id
3005 1515 3110 1574 est,
3139 1509 3438 1580 prophetia:
3470 1520 3535 1567 et
3564 1512 3794 1583 scriptun

2257 1596 2394 1662 alim,
2428 1615 2447 1647 ι
2486 1605 2614 1651 ευηι
2640 1595 2780 1651 facta
2803 1597 2964 1653 nimis
2985 1599 3283 1664 credibilia,
3322 1620 3341 1651 ι
3371 1602 3426 1655 id
3453 1611 3568 1666 est,
3595 1604 3791 1667 multum.

2254 1685 2383 1740 dum
2407 1686 2666 1756 quidquid
2690 1687 2744 1741 in
2770 1687 2852 1743 eis
2880 1689 3208 1758 promissum
3238 1689 3356 1754 fuit,
3388 1700 3443 1745 te
3468 1692 3792 1748 venientem-

2254 1777 2459 1846 pletum
2505 1785 2609 1838 est.
2665 1785 2722 1832 et
2772 1777 2889 1833 hare
2943 1781 3346 1835 commendatio
3395 1790 3483 1835 est
3534 1792 3790 1854 senapin

582 1871 836 1929 honorem
862 1870 1096 1924 debitum
1136 1868 1533 1938 persolvamus:
1567 1874 1622 1921 et
1653 1867 1767 1921 haec
1790 1877 1874 1920 est
1901 1866 2146 1931 intentio,
2182 1855 2225 1916 Β
2254 1866 2467 1937 psalmi.
2490 1867 2557 1922 Et
2573 1867 2759 1933 etiam,
2786 1883 2821 1923 ο
2846 1867 3070 1925 Domine
3100 1888 3119 1921 ι
3149 1870 3365 1925 domum
3382 1879 3571 1938 tuam,
3605 1892 3624 1926 ι
3651 1874 3695 1928 id
3717 1885 3786 1939 est,

578 1968 639 2013 ut
664 1976 769 2015 non
789 1969 1009 2030 propter
1034 1958 1396 2013 humilitatem
1420 1958 1693 2013 Christum
1718 1966 2149 2025 contemnamus,

580 2050 676 2104 sed
699 2064 825 2103 eum
847 2049 1016 2104 Deum
1044 2049 1441 2118 redemptorem
1463 2049 1787 2103 credamus.

602 2152 609 2159 '
651 2138 730 2194 Ac
759 2139 803 2194 si
828 2139 901 2193 ita
921 2139 1128 2194 diceret
1146 2138 1446 2209 Propheta:
1470 2138 1577 2193 Vos
1590 2139 1896 2209 quicunque
1912 2139 2156 2195 videntes

552 2226 855 2285 Christum
882 2230 935 2283 in
978 2229 1298 2295 humilitate,
1333 2229 1497 2285 nolite
1532 2229 1810 2299 despicere
1842 2248 1855 2283 :
1884 2230 2009 2299 quia
2039 2230 2155 2299 ipse

577 2320 901 2392 quihumilis
920 2322 1116 2388 veniet,
1139 2322 1253 2392 ipse
1273 2322 1413 2378 idem
1440 2342 1457 2373 ι
1481 2323 1738 2377 Dominus
1761 2323 2022 2393 regnavit,
2053 2341 2071 2373 ι
2100 2323 2155 2377 id

584 2423 691 2481 est,
717 2428 819 2484 per.
859 2422 1089 2468 mortem
1136 2430 1289 2469 suam
1329 2414 1519 2469 mortis
1539 2415 1818 2483 imperium
1840 2455 1853 2478 ,
1881 2422 1936 2468 et
1962 2412 2155 2467 fortem

576 2515 842 2559 armatum
868 2545 882 2570 ,
914 2504 968 2559 id
987 2512 1101 2569 est,
1142 2503 1432 2568 diabolum,
1462 2504 1756 2573 superavit.
1782 2504 1850 2557 Et
1872 2510 2156 2573 postquam

575 2611 700 2652 eum
724 2610 902 2668 regem
940 2596 1346 2661 determinavit,
1371 2595 1438 2651 de
1458 2610 1566 2665 quo
1586 2602 1786 2666 ageret,
1817 2595 2159 2650 connuendat

577 2703 723 2752 eum,
750 2688 970 2743 dicens:
994 2686 1085 2744 llle
1106 2688 1197 2757 qui
1219 2688 1298 2742 sic
1319 2687 1581 2757 regnavit,
1611 2706 1629 2737 ‹
1662 2686 1879 2740 indutus
1897 2695 1979 2740 est
1999 2685 2158 2741 deco-

579 2795 713 2841 rem,
758 2799 775 2831 ι
816 2780 867 2833 id
886 2787 1011 2843 ~est,
1036 2779 1226 2834 habuit
1262 2779 1365 2834 sibi
1394 2778 1597 2831 unitam
1629 2777 1926 2843 Deitatem;
1961 2786 2015 2831 et
2042 2777 2157 2833 hzcc

579 2870 970 2924 commendatio
992 2877 1077 2925 est
1097 2869 1265 2940 prima
1289 2884 1414 2938 pars
1436 2868 1645 2939 psalmi.
1672 2867 1738 2921 Et
1758 2868 1870 2937 ipse
1894 2869 2029 2922 idem
2054 2867 2159 2923 Do-

580 2962 760 3014 minus
785 2977 803 3010 ι
835 2960 1052 3015 indutus
1070 2968 1155 3014 est
1177 2958 1564 3020 fortitudinem,
1601 2977 1619 3009 ι
1641 2957 1693 3011 id
1712 2965 1815 3022 est,
1839 2957 2155 3027 potentiam,

581 3053 705 3121 quia
733 3052 846 3121 ipse
864 3067 1077 3121 semper
1099 3060 1153 3106 et
1173 3059 1419 3121 potenter
1439 3048 1714 3114 sustinuit,
1731 3056 1785 3102 et
1806 3049 1920 3103 hinc
1950 3056 2032 3103 εει
2055 3048 2157 3102 alia

579 3156 736 3215 pars;
766 3163 785 3196 ι
825 3154 881 3198 ει
910 3162 928 3196 ι
957 3159 1054 3214 per
1079 3145 1183 3199 hoc
1206 3142 1348 3213 quod
1376 3141 1496 3196 talis
1518 3139 1648 3205 fuit,
1683 3159 1702 3192 ι
1730 3141 2011 3211 praecinxit
2038 3155 2152 3205 se,»

2253 1959 2552 2015 Eeclesiam
2580 1969 2935 2029 praesentem,
2981 1962 3037 2016 in
3085 1977 3191 2032 qua
3227 1971 3284 2017 tu
3331 1964 3595 2031 habitas,
3624 1984 3645 2017 ι
3682 1966 3787 2021 decet
3890 1959 3891 1983 1

2254 2050 2583 2115 sanctitudo,
2622 2068 2642 2102 ι
2667 2050 2721 2105 id
2742 2063 2848 2117 est,
2874 2053 3045 2122 ipsius
3078 2046 3283 2109 domus
3310 2070 3396 2110 εει
3434 2056 3489 2111 ei
3522 2057 3707 2112 decens
3729 2073 3787 2112 or-

2253 2148 2590 2205 namentum,
2627 2141 2769 2196 sicut
2805 2138 3009 2197 dicitur
3047 2162 3060 2198 :
3099 2145 3325 2216 Regiam
3369 2146 3606 2201 domum
3650 2150 3788 2202 dum

2252 2230 2446 2302 pallia;
2475 2239 2530 2287 et
2572 2232 2675 2287 hoc
2721 2252 2741 2284 ί
2787 2233 3120 2304 longitudine
3173 2237 3409 2301 dierum,
3461 2255 3483 2289 ι
3534 2237 3594 2292 id
3639 2248 3721 2303 est,
3749 2240 3786 2292 ia

2253 2330 2514 2376 aeternum
2556 2339 2569 2374 :
2608 2329 2665 2376 et
2703 2323 2819 2378 lucc
2876 2327 3271 2382 commendatio
3300 2335 3401 2398 est.
3440 2328 3667 2398 septima
3703 2343 3787 2400 prs

2253 2414 2474 2484 psalmi.

2715 2524 2786 2583 IN
2826 2526 3156 2585 PSALMUM
3192 2527 3373 2585 XCIII.

2426 2640 2684 2696 Tt'wLus.
2724 2637 2973 2695 Psalmus
3002 2638 3175 2694 David
3225 2648 3415 2710 quarta
3445 2640 3651 2696 sabbat.

2331 2793 2352 2825 ι
2389 2773 2543 2835 Deus
2566 2775 2828 2831 ultionum
2874 2776 3152 2831 Dominus.
3185 2794 3204 2827 ι
3239 2775 3498 2832 Psalmus
3563 2778 3659 2833 iste
3696 2793 3786 2832 ωι-

2257 2864 2406 2919 venit
2432 2865 2598 2919 David
2632 2865 2933 2935 Prophetas,
2969 2867 3064 2935 qui
3095 2867 3183 2921 hic
3226 2866 3493 2937 loquitur,
3522 2868 3718 2923 habitus
3745 2868 3790 2921 de

2259 2956 2419 3009 rebus
2461 2955 2778 3025 significatis
2824 2970 2922 3026 per
2960 2972 3054 3012 res
3100 2956 3272 3012 factas
3300 2958 3356 3011 in
3386 2968 3592 3028 quarta
3614 2958 3787 3014 sabbati

2257 3044 2317 3101 In
2346 3055 2564 3116 quarta,
2593 3048 2738 3101 enim
2767 3045 2897 3103 fecit
2932 3048 3076 3104 Deus
3117 3048 3432 3113 luminaria,
3464 3064 3571 3120 per
3607 3065 3708 3121 qua
3736 3050 3788 3101 si-

2262 3138 2591 3207 gnificantur
2630 3138 2801 3193 sancti
2839 3139 2941 3193 viri
2980 3138 3220 3195 lucentes
3249 3140 3303 3194 in
3332 3140 3603 3207 Ecclesia,
3633 3140 3793 3209 dequi-

581 3206 761 3302 idest,
800 3206 1129 3307 prmparavit
1176 3206 1240 3290 se
1287 3234 1355 3289 ad
1394 3206 1828 3288 constitutionem
1878 3233 2153 3288 Ecclesiae.
2185 3206 2231 3269 (ἶ
2264 3206 2365 3282 bus
2409 3229 2463 3282 in
2494 3228 2595 3282 hoc
2630 3229 2840 3298 psalmo
2879 3229 3076 3299 agitur.
3099 3228 3166 3283 Et
3191 3237 3319 3284 sunt
3339 3206 3795 3300 quadamtenelm

583 3328 792 3383 Dictum
818 3336 901 3383 est
922 3331 989 3383 ad
1010 3328 1414 3383 similitudinem
1438 3326 1693 3396 operarii,
1727 3326 1817 3396 qui
1838 3326 2163 3396 prmcinctus

580 3420 880 3489 expeditior
902 3427 986 3473 est
1012 3419 1077 3473 ad
1098 3418 1445 3488 operandam.

652 3512 720 3567 Et
765 3513 1000 3567 ostendit
1044 3513 1098 3567 in
1132 3511 1321 3566 effectu
1371 3512 1514 3581 quod
1567 3510 1852 3582 prmcinxit
1888 3526 1964 3565 se.
2022 3510 2160 3567 Vere

581 3605 880 3676 praecinxit,
909 3622 927 3655 ι
960 3604 1158 3660 etenim
1189 3603 1423 3657 firmavit
1472 3623 1488 3654 ι
1519 3604 1572 3657 ἱη
1603 3602 1707 3658 llde
1755 3619 1774 3654 ι
1825 3604 2011 3658 orbem
2054 3613 2163 3659 ter-

581 3712 673 3761 rae,
709 3715 727 3747 ι
763 3695 815 3749 id
854 3703 957 3758 est,
988 3694 1304 3759 Ecclesiam,
1333 3694 1615 3749 collectam
1656 3693 1723 3747 de
1776 3700 1889 3747 toto
1930 3695 2160 3749 circuitu

581 3797 779 3853 terrae;
813 3807 833 3841 ‹
865 3789 957 3859 qui
994 3808 1012 3840 ι
1044 3789 1192 3844 orbis
1216 3789 1395 3844 estita
1422 3787 1630 3850 firmus,
1654 3787 1795 3857 quod
1829 3805 1848 3837 ‹
1882 3802 1985 3841 non
2009 3802 2160 3842 com-

580 3882 885 3935 movebitur
920 3900 937 3932 ι
973 3880 1151 3948 aliqua
1191 3879 1486 3934 tentatione
1511 3895 1526 3943 ;
1552 3886 1605 3933 et
1628 3879 1741 3933 haec
1764 3878 2160 3933 commendatio

582 3981 665 4026 est
694 3971 870 4038 aliqua
893 3984 1020 4037 pars
1048 3968 1260 4038 psalmi.

652 4062 718 4115 Et
752 4081 770 4112 ι
803 4076 867 4115 ει
921 4067 1071 4124 tunc,
1125 4077 1144 4111 i
1182 4059 1237 4113 id
1290 4067 1390 4123 est,
1441 4074 1509 4113 ex
1553 4072 1661 4127 quo
1706 4059 1931 4114 ﬁrmasti
1971 4061 2158 4115 orbem

586 4161 783 4214 terrae,
828 4157 912 4205 est
958 4150 1074 4220 ipsa
1122 4148 1363 4204 Ecclesia
1419 4168 1438 4201 ‹
1486 4157 1674 4219 parata
1719 4151 1874 4206 sedes
1923 4160 2015 4205 tua
2049 4170 2068 4204 ι
2104 4152 2158 4206 in

583 4255 689 4309 qua
734 4247 790 4294 tu
836 4240 991 4295 sedes
1038 4248 1093 4294 et
1138 4238 1398 4308 quiescis;
1452 4240 1607 4294 sedes
1654 4240 1776 4295 dico
1833 4256 1931 4311 per
1988 4242 2157 4311 ipsam

583 4329 950 4386 fundationem
982 4329 1077 4384 tibi
1104 4335 1371 4399 paratam,
1411 4336 1467 4384 et
1494 4343 1561 4383 ne
1590 4344 1688 4398 per
1713 4330 1814 4384 hoc
1842 4330 2155 4399 temporalis

583 4438 705 4479 esse
752 4422 1168 4494 intelligeretur,
1223 4422 1462 4478 ostendit
1508 4430 1802 4486 aeternum,
1836 4437 1959 4477 cum
2002 4422 2153 4487 dicit,

588 4533 607 4565 ι
640 4523 697 4568 ιιι
726 4528 786 4567 es
811 4527 840 4566 a
864 4512 1082 4578 smculo,
1116 4532 1133 4565 ι
1168 4512 1221 4567 id
1244 4521 1342 4575 est,
1368 4514 1437 4567 ab
1468 4519 1689 4575 aeterno,
1725 4527 1831 4567 non
1875 4513 1929 4567 in
1959 4513 2158 4567 saeculo

583 4605 777 4672 factus,
822 4606 917 4661 sed
962 4604 1131 4660 factor
1175 4606 1375 4661 saeculi.
1406 4607 1503 4661 Vel
1546 4606 1622 4661 ita
1648 4607 1803 4663 sedes
1833 4616 1923 4662 tua
1956 4616 2039 4663 est
2064 4623 2159 4679 pa-

583 4705 725 4760 rata,
754 4705 808 4749 et
827 4711 895 4751 ex
926 4704 1053 4751 tunc
1080 4712 1109 4751 a
1133 4697 1328 4751 sacculo
1355 4697 1520 4751 etiam
1552 4706 1606 4752 tu
1635 4712 1712 4752 es.

657 4787 724 4841 Et
747 4788 861 4842 haec
895 4796 981 4841 est
1016 4788 1429 4843 commendatio.
1456 4786 1575 4841 Alia
1618 4803 1763 4859 pars.
1792 4786 1898 4844 Sed
1920 4788 2048 4843 licet
2083 4788 2163 4844 sic

583 4877 806 4932 fundata
852 4887 996 4934 esset
1044 4877 1299 4942 Ecclesia,
1340 4887 1520 4934 tamen
1553 4897 1572 4931 ι
1619 4879 1859 4947 ﬂumina,
1890 4899 1909 4933 ι
1955 4880 2010 4936 id
2056 4890 2162 4948 est,

582 4974 831 5038 potentes
866 4964 1026 5035 hujus
1054 4967 1252 5033 saeculi,
1292 4985 1311 5018 ι
1352 4967 1699 5023 elcvaverunt
1744 4988 1763 5022 ι
1795 4986 1828 5025 o
1861 4988 1881 5023 ι
1916 4966 2162 5037 Domine,

582 5060 929 5113 elcvaverunt
953 5055 1184 5129 [flumina
1232 5072 1419 5114 vocem
1458 5075 1635 5127 suam,
1673 5080 1692 5113 ι
1726 5060 1777 5115 id
1801 5070 1908 5126 est,
1936 5061 2162 5116 commi-

585 5147 860 5202 nationem
909 5162 1061 5203 suam
1122 5156 1311 5202 contra
1368 5148 1515 5203 illam
1567 5161 1810 5204 sanctam
1864 5149 2163 5205 Ecclesiam

589 5236 756 5304 luam,
785 5248 842 5293 ει
869 5238 1348 5294 contradictionem
1377 5255 1547 5295 suam.
1575 5241 1728 5308 Quod
1753 5242 1838 5297 bis
1852 5242 1982 5296 dicit
2009 5261 2028 5293 ‹
2056 5241 2165 5296 ele-

587 5339 870 5397 vaverunt,
924 5349 943 5382 ι
994 5339 1146 5386 notat
1189 5332 1645 5401 perseverantiam
1693 5332 1933 5402 ipsorum
1967 5341 2161 5403 poten-

588 5421 724 5477 tium
748 5429 936 5476 contra
972 5420 1287 5475 Ecclesiam.

664 5528 684 5562 ι
708 5511 1064 5566 Elevaverunt
1089 5529 1109 5562 ι
1138 5509 1301 5565 etiam
1323 5510 1440 5579 ipsa
1466 5527 1484 5560 ι
1512 5509 1731 5563 ﬂumina
1758 5507 1949 5566 ﬂuctus
1969 5527 2114 5578 suos,
2138 5531 2158 5565 ι

587 5600 639 5655 id
673 5609 773 5663 est,
804 5600 1207 5669 persecutiones
1240 5614 1367 5654 suas
1390 5608 1443 5653 et
1468 5598 1803 5653 turbationes
1822 5615 1948 5655 suas
1974 5610 2163 5657 contra

588 5692 900 5747 Ecclesiam.
924 5692 1169 5745 Flumina
1193 5693 1312 5746 dico
1335 5692 1603 5745 concitata
1644 5708 1664 5743 ι
1701 5706 1731 5744 a
1772 5691 2015 5759 vocibus,
2049 5711 2069 5746 ι
2108 5694 2164 5749 id

586 5792 689 5848 est,
717 5785 784 5839 ab
820 5782 1273 5839 admonitionibus
1306 5803 1325 5837 ι
1362 5798 1625 5853 aquarum
1652 5783 1985 5855 multarum,
2036 5805 2057 5837 ι
2107 5785 2161 5841 id

2263 3320 2318 3374 in
2361 3319 2465 3374 hoc
2513 3320 2732 3383 mundo,
2790 3320 2957 3374 veluti
3010 3320 3152 3390 quod
3199 3321 3451 3376 homines
3506 3338 3609 3377 non
3645 3329 3800 3393 putant

2261 3412 2431 3466 Deum
2461 3426 2569 3466 non
2613 3425 2809 3466 curare
2854 3412 2971 3466 haec
3000 3412 3240 3477 terrena,
3279 3426 3405 3467 cum
3433 3413 3640 3468 videant
3661 3426 3690 3464 a
3718 3424 3797 3463 su-

2262 3504 2447 3573 perbis
2476 3502 2687 3567 viduas,
2735 3500 2986 3572 pupillos,
3021 3510 3077 3556 et
3118 3501 3254 3556 alios
3280 3502 3537 3558 homines
3564 3502 3672 3568 Dei,
3694 3514 3799 3569 quo-

2263 3606 2383 3645 rum
2433 3590 2550 3660 ipse
2587 3590 2849 3645 Dominus
2904 3590 2957 3643 in
3014 3590 3132 3660 lege
3184 3599 3520 3661 praeceperat
3570 3589 3797 3649 misereri.

2263 3681 2449 3735 multis
2473 3680 2650 3735 modis
2669 3680 2886 3734 vexari:
2917 3695 3038 3749 qum
3064 3691 3247 3735 tamen
3282 3682 3519 3736 tenebrae
3547 3697 3654 3736 non
3684 3681 3804 3736 obte-

2262 3771 2510 3832 ncbrant,
2537 3785 2714 3840 neque
2732 3769 3024 3827 obscurant
3045 3770 3329 3825 luminaria
3343 3779 3539 3824 sanctae
3552 3770 3806 3831 Ecclesia.

2262 3861 2388 3930 quia
2443 3860 2571 3916 boni
2619 3877 2892 3931 nunquam
2943 3863 3359 3917 inducuntur-in
3392 3863 3529 3916 hunc
3552 3877 3811 3924 ermrem,

2263 3952 2408 4021 quod
2436 3949 2606 4006 Deum
2633 3960 2824 4021 putent
2854 3967 2959 4006 non
2991 3953 3280 4024 disponere
3313 3963 3533 4018 terrena,
3562 3951 3810 4007 sedmah

2263 4043 2380 4097 haec
2397 4043 2670 4113 patienter
2691 4043 2982 4107 sustinent,
3007 4044 3185 4099 securi
3209 4036 3276 4099 de
3296 4044 3752 4106 remuneratione;
3771 4052 3811 4096 et

2261 4149 2477 4206 semper
2498 4135 2678 4191 lucent
2707 4137 2851 4193 inter
2876 4137 3066 4201 malos,
3080 4139 3392 4213 “praebentes
3411 4139 3660 4210 exempla
3686 4139 3809 4194 bona:

2260 4225 2611 4294 operationis,
2649 4224 2804 4296 juxta
2845 4227 2989 4296 quod
3034 4227 3236 4283 dicitur
3267 4246 3280 4281 :
3307 4227 3365 4282 In
3399 4229 3582 4283 medio
3611 4228 3811 4283 nationis

2259 4333 2444 4389 pravae
2460 4328 2515 4373 et
2535 4333 2825 4389 perversae,
2842 4321 2982 4375 inter
2999 4335 3134 4391 quos
3154 4321 3364 4387 lucetis,
3390 4322 3537 4376 sicut
3554 4320 3809 4375 luminaria

2263 4410 2319 4464 in
2358 4409 2577 4464 mundo.
2624 4410 2849 4466 Materia
2896 4418 3021 4466 sunt
3051 4412 3249 4476 sancti,
3280 4411 3529 4467 lucentes
3563 4411 3813 4483 splendore

2261 4503 2527 4557 virtutum
2554 4503 2695 4557 inter
2734 4503 2873 4557 mala
2922 4502 3081 4572 huius
3125 4504 3248 4559 vita:
3274 4522 3288 4558 :
3314 4514 3371 4559 et
3391 4520 3495 4575 per
3513 4505 3813 4575 oppositu.

2264 4595 2481 4665 superbi
2509 4593 2585 4648 illi
2608 4595 2720 4664 qui,
2743 4605 3128 4664 persequentes
3146 4611 3415 4667 pauperes
3438 4595 3565 4662 Dei,
3586 4606 3644 4653 et
3670 4607 3815 4651 tam

2262 4686 2547 4757 multiplici
2589 4687 2950 4757 prosperitate
3001 4686 3273 4755 florentes,
3318 4703 3483 4744 causa
3516 4698 3654 4745 sunt
3686 4701 3821 4759 quam

2263 4780 2428 4849 aliqui
2473 4780 2744 4836 ducantur
2789 4780 2844 4835 in
2891 4796 3153 4848 errorem,
3201 4791 3255 4839 et
3302 4791 3493 4854 putent
3534 4784 3711 4841 Deum
3742 4796 3821 4836 non

2267 4884 2462 4927 curare
2494 4871 2610 4926 hac
2662 4878 2899 4927 terrena.
2945 4872 3003 4927 In
3055 4873 3231 4943 prima
3268 4882 3445 4943 parte,
3480 4874 3825 4945 increpata-

2265 4965 2465 5035 perbos
2496 4962 2635 5031 illos,
2662 4973 2720 5019 et
2750 4967 3117 5021 comminatur
3144 4966 3227 5022 eis
3253 4976 3520 5022 aeternum
3551 4967 3825 5023 interitum.

2263 5053 2321 5108 In
2368 5054 2605 5109 secunda
2641 5064 2820 5123 parte,
2870 5071 2991 5125 qua:
3036 5057 3225 5126 incipit
3265 5075 3277 5109 :
3317 5076 3335 5108 ι
3372 5055 3692 5127 lntelligite,
3728 5055 3833 5111 insi-

2264 5148 2476 5218 pientes
2505 5148 2558 5201 in
2593 5149 2810 5218 populo,
2847 5168 2865 5199 ›
2893 5150 3148 5205 admonet
3189 5165 3464 5215 erroneos,
3513 5153 3617 5222 qui
3670 5156 3835 5221 putant

2264 5239 2436 5295 Deum
2469 5242 2585 5295 haec
2613 5242 2882 5295 mundana
2912 5257 3017 5296 non
3047 5258 3272 5308 curare,
3312 5252 3372 5297 ut
3416 5243 3737 5315 intelligant
3757 5285 3771 5307 ,
3800 5250 3839 5295 et

2264 5329 2407 5401 iusta
2433 5329 2787 5400 dispositione
2814 5332 2929 5387 haec
2973 5333 3154 5387 omnia
3200 5333 3442 5389 ordinari
3490 5341 3840 5404 cognoscant.

2268 5423 2508 5477 minatur
2540 5425 2704 5480 etiam
2732 5425 2813 5479 eis
2836 5425 2978 5495 quod
3025 5425 3349 5495 quandoque
3395 5435 3738 5496 arguantur,
3766 5424 3845 5480 bo—

2264 5530 2364 5570 nos
2397 5530 2529 5571 vero
2577 5516 2813 5571 ostendit
2858 5531 2889 5570 a
2945 5518 3050 5572 Deo
3096 5533 3373 5589 nunquam
3416 5517 3763 5589 derelinqui.
3801 5515 3848 5568 in

2265 5607 2427 5661 tertia
2473 5616 2649 5677 parte,
2697 5622 2817 5676 qum
2849 5608 3071 5678 incipit:
3104 5627 3122 5659 ι
3155 5608 3286 5675 Quis
3320 5618 3624 5678 consurget
3647 5608 3804 5671 mihi,
3830 5622 3847 5655 ο

2266 5696 2600 5751 demonstrat
2637 5697 2781 5767 quod
2818 5696 2904 5752 hic
2936 5698 3078 5753 Deus
3113 5713 3240 5754 suos
3283 5697 3517 5767 adjuvat,
3549 5707 3616 5753 et
3648 5698 3855 5754 tandem

2265 5784 2425 5856 digne
2450 5788 2840 5855 remunerabit,
2863 5797 2918 5845 ct
2957 5789 3113 5845 malis
3157 5789 3345 5845 reddet
3388 5787 3711 5845 secundum

3892 2308 3896 2567 Ὦ
