3940 6468
126 415 228 466 517

1302 406 1736 466 EXPLANATIO
1776 406 1841 460 ΙΝ
1883 405 2217 464 PSALMOS.

3279 411 3386 465 5l8

124 529 362 599 quitates
387 527 646 598 ipsorum.
678 526 908 582 lutentio
940 534 1023 581 est
1053 542 1149 580 nos
1181 540 1461 582 removere
1503 525 1572 580 ab
1609 525 1700 580 illo
1728 531 1776 587 Α
1810 543 1826 573 ι
1867 524 1956 592 qui
2001 523 2159 579 docet
2211 523 2482 579 hominem
2531 524 2834 590 scientiam,
2872 544 2890 576 ι
2924 524 2978 580 id
3023 534 3106 581 est
3143 524 3387 583 fidelibus

126 633 336 683 errore,
361 632 430 672 ne
449 627 698 687 putemus
722 617 886 669 Deum
915 631 1021 670 non
1052 631 1263 670 curare.

200 711 278 764 Ac
320 710 363 764 si
401 709 473 762 ita
506 709 710 762 diceret
743 708 1007 776 Propheta
1039 723 1052 760 :
1088 707 1261 761 Nolite
1306 715 1494 777 putare
1533 707 1702 760 Deum

128 803 242 856 hare
275 802 540 855 umndana
577 801 854 868 despicere
882 809 937 854 ct
970 815 1075 855 non
1111 801 1419 869 disponere,
1448 798 1703 868 quoniam

133 912 148 941 ι
189 891 329 945 Deus
359 890 618 944 ultionuni
651 891 906 944 Dominus
945 911 961 940 ο
988 901 1103 954 εει;
1145 899 1200 945 ει
1232 891 1350 944 ideo
1371 891 1413 944 si
1441 905 1562 944 eum
1595 904 1700 943 non

130 981 379 1034 ordinare
412 980 621 1042 dicatis,
664 979 848 1048 puniet.
876 994 992 1042 vos,
1046 978 1170 1048 quia
1229 978 1345 1047 ipse
1398 977 1705 1031 dominatur

128 1068 340 1130 ultioni,
389 1083 484 1136 per
529 1067 673 1137 quod
723 1069 970 1122 Christus
1024 1067 1366 1135 intelligitur,
1405 1066 1494 1121 cui
1543 1079 1704 1119 omne

125 1159 382 1225 judicium
412 1161 594 1214 datum
627 1171 731 1224 est,
771 1171 824 1214 et
856 1161 970 1230 ipse
1005 1161 1146 1213 idem
1181 1179 1198 1210 ‹
1249 1159 1390 1213 Deus
1436 1159 1701 1212 ultionum

130 1249 296 1304 libere
321 1251 449 1318 egit,
488 1270 504 1301 ι
542 1251 706 1305 veluti
731 1267 852 1305 cum
877 1249 1171 1304 vendentes
1198 1249 1266 1304 de
1294 1249 1493 1317 templo
1519 1247 1701 1316 cjecit,

130 1351 185 1394 et
229 1356 349 1394 cum
395 1342 446 1396 in
481 1343 623 1396 omni
671 1351 909 1410 tempore
950 1357 1060 1396 sua:
1087 1341 1292 1396 militiae
1318 1341 1611 1396 immunem
1645 1356 1705 1396 se

129 1446 157 1481 a
186 1442 408 1499 peccato
437 1432 747 1486 custodivit.

209 1524 275 1576 Et
297 1532 373 1584 tu,
400 1521 632 1583 Christe,
661 1521 748 1589 qui
773 1536 832 1575 es
854 1520 994 1576 Deus
1016 1521 1305 1586 ultionum,
1333 1522 1422 1591 qui
1449 1521 1704 1576 humilem

133 1626 188 1668 te
212 1611 514 1674 ostendisti,
542 1630 558 1660 ι
597 1611 859 1675 exaltare,
899 1631 916 1661 ›
937 1626 1035 1680 per
1059 1613 1506 1666 resurrectionem
1525 1651 1540 1675 ,
1563 1631 1580 1661 ι
1612 1611 1704 1680 qui

122 1706 334 1776 judicas
363 1713 578 1764 terram,
623 1723 640 1752 ι
671 1703 723 1756 id
751 1712 854 1765 est,
893 1703 1177 1758 universos
1215 1703 1282 1759 de
1319 1711 1436 1758 tota
1462 1711 1626 1767 terra,
1649 1709 1708 1756 et

131 1820 150 1844 α
197 1794 356 1850 redde
386 1794 789 1848 retributionem
817 1795 1084 1859 superbis.
1121 1814 1141 1845 ν

1805 615 1918 669 suis
1958 616 2051 669 dat
2094 630 2278 670 veram
2307 617 2690 686 cognitionem,
2738 632 2916 671 nonne
2963 617 3135 673 malos
3162 621 3387 690 arguet?

1805 705 1920 770 Vel,
1945 707 2035 775 qui
2062 707 2285 776 corripit
2307 718 2511 778 gentes,
2536 709 2587 762 id
2609 718 2713 774 cst,
2738 708 2989 778 pepulum
3008 724 3187 775 suum,
3211 711 3386 766 sinon

1804 799 1977 868 parcit
2005 799 2128 853 ﬁliis
2153 798 2220 852 ad
2269 801 2680 865 correctionem,
2719 817 2897 857 nonne
2941 803 3260 872 gravissime
3296 818 3388 858 ar-

1804 898 1930 960 guet
1955 887 2162 943 malos?
2189 888 2255 942 Et
2303 888 2391 944 ille
2433 891 2523 958 qui
2563 892 2719 945 docet
2753 891 3028 946 hominem
3080 892 3381 956 scientiam,

1805 979 2046 1048 nunquid
2070 979 2338 1048 ignorabit
2383 988 2602 1047 peccata
2630 982 2845 1035 nostra?
2875 980 2982 1036 Vos
3021 981 3222 1050 putatis
3260 997 3386 1038 eum

1805 1069 2056 1138 ignorare
2086 1079 2330 1139 peccata,
2383 1070 2476 1124 sed
2519 1080 2668 1124 certe
2699 1090 2717 1121 ι
2752 1071 3010 1132 Dominus
3037 1074 3139 1128 scit
3174 1094 3192 1126 ι
3219 1074 3386 1129 etiam

1805 1158 2195 1213 minutissimas
2220 1178 2238 1209 ‹
2272 1160 2626 1228 cogitationes
2649 1161 2948 1229 hominum,
2986 1183 3006 1215 ι
3037 1172 3093 1218 ει
3131 1164 3233 1219 hoc
3261 1163 3382 1228 scit,

1810 1267 1828 1299 ι
1863 1249 2115 1318 quoniam
2139 1265 2292 1304 vanae
2329 1261 2472 1305 sunt.
2510 1271 2529 1303 ι

1874 1340 2242 1409 Cogitationes
2267 1350 2460 1397 vestrae
2482 1358 2634 1398 vana:
2660 1353 2805 1410 sunt,
2830 1346 2926 1400 sed
2966 1354 3132 1411 certe,
3160 1361 3194 1402 ο
3226 1365 3245 1398 ι
3279 1346 3386 1402 Do-

1804 1431 1970 1496 mine,
1996 1432 2186 1487 beatus
2223 1454 2240 1485 ι
2275 1442 2359 1488 εει
2385 1434 2474 1488 ille
2512 1454 2528 1486 ι
2562 1435 2741 1499 homo,
2773 1450 2930 1504 quem
2978 1446 3034 1491 tu
3063 1438 3328 1492 erudieris
3359 1457 3378 1488 ι

1804 1521 1953 1592 \‘irga
1980 1531 2090 1585 tua,
2117 1523 2258 1577 sicut
2290 1525 2411 1593 pius
2437 1526 2694 1596 magister
2715 1527 3060 1596 discipulum,
3083 1529 3184 1582 «ἐι
3207 1543 3334 1584 eum
3358 1547 3380 1580 ι

1803 1625 1964 1678 quem
2017 1619 2072 1665 tu
2108 1630 2125 1662 ι
2159 1613 2410 1668 docueris
2466 1616 2531 1671 de
2584 1616 2700 1686 lege
2739 1624 2828 1670 tua
2853 1658 2866 1681 ,
2907 1637 2924 1668 ›
2961 1618 3178 1673 beatum
3222 1617 3343 1674 dico
3367 1656 3384 1685 ,

1805 1699 1982 1754 dando
2016 1701 2066 1755 ei
2096 1702 2427 1758 intellectum
2461 1704 2653 1760 divinae
2693 1706 3004 1775 Scriptura}.

1875 1789 1956 1844 Ad
1986 1791 2088 1845 hoc
2110 1790 2232 1846 dico
2259 1812 2276 1844 ι
2303 1793 2578 1859 docueris,
2614 1813 2632 1845 ι
2666 1813 2684 1845 ι
2724 1804 2783 1850 ut
2805 1796 3018 1867 mitiges
3041 1797 3111 1862 ei,
3147 1815 3166 1848 ι
3194 1796 3247 1851 id
3275 1804 3380 1862 est,

199 1889 264 1941 Et
291 1885 720 1954 quandoquidem
751 1885 978 1954 superbe
999 1893 1184 1955 agunt,
1220 1904 1238 1936 ι
1271 1895 1570 1955 usq’uequo,
1607 1886 1711 1940 Do-
1736 1875 1785 1936 B
1813 1889 1872 1936 ut
1900 1881 2289 1952 mitigationem
2321 1893 2376 1939 et
2410 1886 2722 1954 patientiam
2753 1887 2804 1940 ei
2839 1888 3030 1953 facias,
3060 1889 3185 1957 quia
3226 1889 3386 1944 aliter

122 1979 296 2041 mine,
339 1985 666 2046 peccatoies,
706 1986 984 2046 usquequo
1027 1986 1342 2048 peccatores
1389 1977 1700 2048 gloriabun-

124 2070 256 2122 tur?
295 2088 312 2120 ι
343 2069 392 2124 id
419 2076 521 2132 est,
553 2068 819 2136 permittis
858 2082 952 2122 eos
997 2068 1063 2122 de
1104 2067 1309 2121 malitia
1338 2082 1432 2122 sua
1456 2067 1696 2138 gloriari.

118 2160 328 2214 Contra
379 2157 548 2228 ipsam
597 2165 844 2212 naturam
881 2158 1095 2212 videtur
1129 2172 1268 2219 esse,
1301 2159 1444 2227 quod
1481 2168 1536 2212 ει
1562 2158 1700 2211 mala

118 2251 352 2317 faeiunt,
384 2260 439 2305 et
470 2251 591 2304 inde
630 2249 956 2319 gloriantur;
1008 2248 1254 2302 naturale
1309 2249 1453 2302 enim
1511 2257 1595 2303 est
1636 2249 1703 2302 de

117 2340 285 2395 malis
313 2341 619 2411 compungi.
639 2340 789 2407 Quod
819 2338 1174 2410 ingeminat,'t
1206 2353 1486 2409 usquequo
1509 2353 1704 2410 pecca-

120 2443 290 2498 tores,
316 2452 334 2484 ι
366 2441 516 2487 notat
543 2432 914 2487 assiduitatem
945 2431 1160 2486 malitiae
1195 2431 1453 2502 ipsorum.

199 2523 340 2578 Bene
394 2523 515 2578 dico
561 2537 655 2578 eos
697 2530 1026 2593 peccatores,
1074 2522 1200 2592 quia
1245 2523 1346 2593 ipsi
1388 2530 1702 2592 peccatores

123 2635 142 2662 ι
190 2613 493 2668 elfahuntur
527 2634 544 2665 ι
591 2615 644 2667 in
672 2612 978 2680 manifesto,
1009 2632 1029 2664 ι
1078 2622 1133 2668 ει
1161 2614 1450 2684 loquentur
1487 2633 1506 2666 ι
1559 2614 1702 2668 inter

117 2705 418 2760 familiares
457 2725 485 2756 ι
527 2705 884 2774 iniquitatem,
925 2723 943 2757 ι
993 2706 1086 2761 sed
1131 2725 1149 2757 ι
1178 2705 1477 2777 loquentur
1512 2721 1702 2761 omnes

117 2796 214 2864 qui
253 2805 544 2864 operantur
572 2796 910 2866 injustitiam.
945 2815 964 2847 ι

200 2883 464 2954 Supponit
516 2901 678 2954 quam
728 2882 1073 2951 injustitiam,
1121 2884 1330 2951 dicens,
1371 2904 1390 2936 ι
1446 2884 1699 2956 populum

118 2991 302 3040 tuum,
353 2976 596 3039 Domine,
649 2975 1074 3030 humiliaverunt
1124 2995 1142 3026 ι
1183 2975 1544 3042 contumeliis,
1589 2994 1607 3025 ι
1644 2981 1701 3029 ει

119 3065 498 3120 lnereditatem
526 3076 670 3120 tuam
695 3072 1043 3120 vexaveruut.
1070 3084 1088 3116 ι

200 3175 218 3206 ι
259 3158 481 3210 Viduam
533 3165 588 3210 et
638 3157 898 3211 advenam
943 3155 1351 3219 interfecerunt,
1385 3164 1440 3210 ct
1462 3154 1697 3225 pupillos

1793 1982 1913 2026 non
1940 1972 2140 2026 valebit
2165 1973 2393 2029 scientia
2427 1975 2851 2046 Scripturarum,
2892 1978 2994 2032 nisi
3031 1980 3084 2032 in
3123 1980 3203 2035 eis
3228 1980 3379 2035 addi-

1803 2071 1916 2116 scat
1941 2077 2063 2118 esse
2091 2065 2324 2132 patiens,
2352 2067 2401 2120 ei
2433 2067 2552 2121 dico
2576 2082 2761 2136 presso
2794 2086 2814 2119 ι
2853 2084 2882 2123 a
2922 2070 3112 2125 diebus
3149 2071 3325 2136 malis,
3357 2091 3376 2123 ι

1804 2152 1855 2205 id
1879 2159 1982 2216 εει,
2007 2168 2037 2204 a
2067 2153 2504 2209 tribulationibus
2531 2171 2650 2223 qua:
2676 2156 2731 2210 in
2777 2156 2894 2211 istis
2924 2157 3111 2213 diebus
3137 2157 3382 2228 inferun-

1804 2251 1920 2306 tur;
1957 2260 1976 2290 ι
2005 2240 2219 2311 mitiges
2253 2262 2270 2295 ι
2299 2243 2438 2306 dico,
2469 2261 2486 2292 ι
2524 2245 2694 2299 donec
2723 2243 2958 2300 fodiatur
2980 2249 3252 2316 peccatori
3297 2249 3380 2304 fo—

1801 2347 1933 2396 vea;
1965 2351 1984 2384 ι
2010 2333 2077 2386 ad
2100 2333 2335 2387 litteram
2355 2374 2370 2399 ,
2409 2335 2615 2389 scilicet
2643 2352 2922 2406 quousque
2955 2348 3201 2396 mortuus
3227 2354 3382 2410 sepe-

1801 2423 1984 2477 liatur.
2017 2423 2261 2490 Quandiu
2289 2426 2434 2480 enim
2464 2427 2616 2490 vivit,
2657 2443 2762 2482 non
2787 2437 2966 2483 cessat
2985 2430 3127 2484 mala
3157 2431 3376 2486 inferre.

1803 2511 1922 2577 Vel,
1951 2512 2187 2567 fodiatur
2225 2514 2498 2583 peccatori
2541 2515 2716 2581 fovea,
2746 2515 2799 2571 id
2827 2526 2938 2584 est,
2979 2518 3152 2574 donec
3189 2534 3384 2575 consu-

1795 2607 1980 2654 matur
2004 2602 2242 2671 nequitia
2273 2601 2390 2672 ejus
2415 2621 2427 2655 :
2454 2603 2508 2656 in
2548 2619 2711 2672 quam
2741 2621 2882 2674 saepe
2908 2607 3098 2662 incidit
3145 2607 3380 2673 foveam,

1803 2690 1926 2759 quia
1948 2705 2048 2759 per
2075 2707 2226 2746 suam
2247 2693 2563 2761 nequitiam,
2585 2708 2682 2763 per
2705 2708 2866 2762 quam
2890 2695 3028 2750 mala
3055 2696 3218 2753 infert
3237 2691 3390 2764 aliis,

1802 2779 2039 2849 seipsuin
2057 2781 2333 2851 illaqueat.

1875 2872 2014 2929 Vere
2048 2875 2240 2930 beatus
2267 2890 2428 2944 quem
2459 2883 2516 2930 tu
2548 2876 2832 2942 erudieris,
2861 2897 2878 2928 ι
2908 2877 3033 2948 quia
3065 2878 3324 2937 Dominus
3351 2896 3382 2935 a

1803 2980 1989 3022 senon
2017 2966 2238 3037 repellet
2260 2968 2467 3038 plebem
2495 2983 2672 3035 suam,
2706 2987 2725 3022 ›
2752 2969 2845 3024 sed
2874 2971 3053 3040 potius
3077 2972 3132 3026 in
3161 2973 3381 3041 angelo-

1805 3072 1922 3110 rum
1948 3057 2261 3112 societatem
2293 3058 2516 3128 recipiet
2545 3075 2557 3111 :
2598 3077 2616 3108 ι
2651 3058 2816 3112 etiam
2860 3059 2914 3112 in
2944 3060 3044 3115 hac
3072 3060 3182 3114 vita
3212 3061 3385 3116 haere-

1803 3145 2022 3200 ditatem
2049 3163 2200 3202 suam
2227 3163 2332 3203 non
2360 3147 2717 3218 derelinquet,
2751 3167 2768 3199 ι
2799 3151 3052 3218 quoniam
3079 3165 3292 3221 semper
3328 3153 3380 3206 ei

118 3247 460 3302 occiderunt,
521 3267 538 3300 ,
591 3247 830 3314 Quorum
878 3247 1120 3301 omnium
1170 3247 1222 3300 in
1269 3247 1388 3315 tege
1438 3247 1698 3300 Dominus
1726 3229 1769 3290 C
1804 3253 1900 3306 pro
1921 3253 2019 3291 sua
2050 3240 2376 3294 necessitate
2415 3238 2466 3292 in
2507 3240 2940 3296 tribulationibus
2965 3240 3206 3296 assistat.

119 3349 457 3409 prteceperat
484 3339 761 3402 misereri;
801 3337 881 3391 vel
909 3338 1121 3390 viduam
1154 3346 1211 3390 ει
1245 3339 1505 3391 advenam
1531 3339 1701 3391 inter-

127 3436 396 3497 fecerunt,
427 3441 481 3486 et
509 3431 791 3500 pupillum.
817 3444 1100 3498 possumus
1128 3430 1374 3497 accipere
1395 3429 1700 3498 allegorice.

193 3526 264 3578 Et
289 3539 411 3578 cum
437 3523 841 3583 haecfacerent,
869 3539 886 3568 ι
915 3519 1202 3573 dixerunt:
1228 3518 1340 3574 Non
1372 3520 1572 3573 videbit
1603 3520 1708 3574 Do-

125 3615 332 3676 minus,
367 3633 384 3663 ›
419 3613 470 3664 id
501 3620 602 3676 est,
635 3611 894 3664 Dominus
916 3624 1103 3663 eorum
1131 3626 1237 3663 non
1265 3611 1534 3675 attendet;
1576 3619 1630 3664 et
1660 3612 1704 3664 si

127 3704 296 3756 etiam
331 3703 542 3766 viderit,
577 3726 592 3751 ι
632 3719 734 3757 non
765 3701 1044 3771 intelliget,
1078 3721 1095 3751 ι
1129 3701 1179 3754 id
1212 3711 1314 3765 est,
1356 3716 1461 3756 non
1491 3703 1708 3756 curabit

130 3813 148 3845 ι
185 3797 326 3848 Deus
345 3793 510 3848 Jacob
541 3814 558 3844 ι
578 3793 645 3848 de
666 3795 782 3847 istis
800 3793 1079 3861 pannosis,
1106 3792 1158 3845 id
1179 3800 1282 3856 est,
1309 3792 1574 3856 ﬁdelibus,
1601 3807 1705 3846 non

129 3887 274 3956 quod
301 3887 400 3956 ipsi
423 3887 572 3956 impii
595 3895 786 3940 vocent
807 3899 930 3938 eum
953 3885 1144 3948 Deum,
1173 3886 1266 3939 sed
1289 3884 1391 3938 hoc
1411 3884 1542 3939 dicit
1569 3883 1704 3938 Pro~

127 3979 291 4048 pheta
317 3993 384 4032 ex
409 3993 486 4032 se.

206 4089 224 4119 ι
261 4069 558 4139 lntelligite.
598 4088 616 4120 ι
645 4067 778 4122 Pars
804 4066 1054 4121 secunda.
1081 4065 1445 4121 Continuatio.
1478 4065 1582 4135 Ipsi
1627 4066 1707 4122 di-

129 4170 261 4216 cunt
281 4180 294 4212 ;
315 4178 333 4210 ι
356 4159 613 4213 Dominus
629 4175 733 4212 non
759 4157 980 4220 videbit,
1011 4176 1029 4208 ι
1053 4164 1109 4210 ει
1135 4157 1237 4211 hoc
1257 4164 1358 4222 est,
1382 4172 1415 4211 ο
1439 4171 1536 4211 vos
1567 4176 1584 4207 ι
1619 4156 1705 4210 in-

129 4251 386 4320 sipientes
431 4251 482 4304 in
510 4250 729 4319 populo,
769 4267 787 4298 ι
818 4248 872 4302 id
899 4256 1004 4311 est,
1032 4262 1128 4302 vos
1172 4248 1264 4317 qui
1307 4247 1511 4302 docetis
1540 4262 1705 4317 popu.

127 4346 243 4399 lum
269 4331 586 4412 sapientiam
616 4339 822 4403 mundi,
844 4348 898 4395 et
922 4347 1102 4393 tamen
1132 4339 1330 4394 caretis
1350 4354 1476 4393 vera
1493 4339 1708 4407 sapien-

126 4435 230 4496 tia,
269 4433 360 4500 qui
395 4432 636 4486 videntes
672 4430 935 4500 superbos
959 4427 1168 4484 ﬂorere
1207 4437 1265 4483 et
1307 4429 1562 4498 populum
1612 4429 1706 4483 Dei

124 4523 391 4591 allligere,
414 4521 613 4590 putatis
644 4519 807 4574 Deu.n
848 4537 866 4570 ι
899 4520 1012 4573 [nec
1032 4538 1052 4570 ι
1085 4520 1354 4572 mundana
1383 4534 1488 4573 non
1519 4519 1705 4587 dispo-

126 4627 266 4668 nere
300 4651 315 4677 ,
348 4629 366 4662 ι
405 4610 684 4681 intelligite
725 4618 782 4664 ει
817 4629 836 4661 ι
881 4624 1011 4674 vos,
1063 4627 1082 4659 ι
1117 4608 1264 4663 stulti
1293 4649 1307 4673 ,
1340 4628 1358 4660 ι
1390 4609 1502 4678 qui,
1536 4623 1708 4676 neque

127 4707 187 4760 in
222 4705 422 4760 mundo
455 4705 728 4773 sapientes
753 4701 904 4765 estis,
941 4716 1114 4770 neque
1145 4702 1312 4755 Deum
1345 4699 1579 4768 judicem
1621 4699 1707 4752 fu-

129 4806 318 4850 turum
348 4795 646 4858 attenditis,
679 4813 696 4843 ι
741 4792 1046 4860 aliquando,
1089 4811 1106 4843 ι
1143 4791 1352 4845 scilicet
1391 4789 1523 4844 visis
1548 4789 1709 4843 mira-

128 4883 309 4946 culis,
355 4883 545 4938 saltem
594 4900 612 4933 ι
652 4881 822 4950 sapite
862 4898 881 4932 ι
921 4881 1088 4935 Deum
1133 4880 1250 4934 haec
1293 4879 1474 4934 omnia
1522 4879 1706 4948 dispo-

129 4988 287 5030 uere.

207 5063 353 5119 Bene
386 5062 594 5117 debetis
617 5072 806 5128 sapere
845 5059 1013 5112 Deum
1047 5059 1163 5112 haec
1190 5057 1370 5113 omnia
1398 5057 1702 5128 disponere,

130 5169 263 5210 nam
311 5153 475 5208 dicite
501 5151 658 5206 modo
694 5168 706 5204 :
745 5169 762 5201 ι
800 5148 900 5215 Qui
943 5149 1204 5218 plantavit
1233 5163 1443 5214 aurem,
1481 5168 1499 5200 ι
1535 5149 1588 5203 id
1625 5158 1710 5204 est

134 5243 233 5313 qui
261 5243 408 5298 dedit
430 5241 632 5296 homini
655 5239 964 5294 facultatem
985 5239 1256 5304 audiendi,
1285 5259 1302 5290 ‹
1337 5255 1463 5304 non,
1494 5260 1511 5290 ι
1548 5240 1599 5293 id
1626 5248 1710 5294 εει

136 5349 344 5398 nonne,
373 5351 391 5383 ι
421 5331 634 5386 audiet?
661 5350 679 5382 ι
717 5331 908 5385 Audiet
948 5331 1158 5400 utique,
1197 5331 1253 5385 id
1281 5339 1383 5396 est,
1425 5331 1702 5400 intelliget.

144 5447 165 5481 ι
190 5425 306 5481 Aut
331 5426 422 5496 qui
450 5425 605 5480 tinxit
629 5423 868 5489 oculum,
898 5443 916 5476 ι
946 5424 999 5480 id
1025 5434 1130 5490 est,
1153 5426 1245 5494 qui
1279 5425 1604 5481 ministravit
1624 5427 1706 5482 vi-

134 5529 283 5579 sum,
315 5533 334 5566 ι
363 5530 472 5570 non
498 5514 807 5570 considerat
840 5533 860 5565 ι
895 5513 1226 5580 interiorem,
1263 5516 1358 5571 sed
1388 5516 1712 5572 exteriorem

136 5608 396 5666 Oculum?
421 5607 604 5662 Faciet
633 5607 832 5676 utique.

217 5699 284 5753 Et
306 5699 394 5754 ille
415 5717 433 5749 ι
455 5699 545 5767 qui
571 5679 795 5767 corripit
820 5704 1005 5766 gentes
1039 5715 1058 5750 ι
1092 5695 1316 5767 ﬂagellis
1337 5700 1466 5763 suis,
1489 5717 1507 5750 ι
1535 5715 1713 5757 nonne

145 5803 336 5865 arguet
365 5814 382 5844 ι
415 5794 606 5862 impios
631 5793 696 5847 de
740 5792 974 5861 peccatls
1022 5792 1168 5847 suis?
1194 5792 1374 5849 Faciet
1409 5796 1611 5863 utique.
1649 5796 1714 5850 Et

1883 3342 1901 3374 ι
1939 3323 2056 3378 Νοιι
2081 3325 2418 3395 derelinquet
2455 3345 2473 3378 ι
2501 3327 2646 3390 dico,
2683 3347 2701 3377 ι
2735 3329 3084 3398 quoadusque
3112 3328 3322 3396 iustitia
3359 3350 3378 3384 ι

1805 3427 2045 3476 suorum,
2071 3429 2190 3482 quze
2229 3414 2283 3466 in
2315 3415 2416 3467 hac
2448 3415 2555 3468 vita
2595 3414 2694 3468 fuit
2737 3417 3073 3481 conculcata,
3104 3436 3122 3469 ι
3160 3433 3386 3474 conver-

1809 3513 1950 3558 tatur
1974 3504 2026 3556 in
2042 3504 2329 3573 judicium,
2351 3505 2400 3556 id
2422 3513 2523 3566 est,
2543 3520 2821 3574 quousque
2843 3506 2941 3576 ipsi
2957 3505 3204 3574 judicent
3225 3507 3382 3564 alios.

1809 3595 1895 3658 Et,
1927 3609 1994 3647 ne
2040 3610 2239 3662 paucos
2289 3595 2710 3664 intelligereiuus
2757 3612 2852 3652 eos
2899 3615 3130 3666 quorum
3175 3599 3387 3668 iustitia

1807 3692 2149 3738 convertetnr
2179 3685 2232 3736 in
2256 3682 2544 3750 judicium,
2568 3686 2720 3749 dicit,
2751 3704 2770 3736 ι
2799 3696 2853 3741 ει
2879 3689 2970 3756 qui
2989 3689 3143 3758 juxta
3171 3691 3337 3758 illam,
3360 3711 3382 3746 ι

1810 3776 1862 3829 id
1884 3784 1986 3840 est,
2012 3776 2102 3844 qui
2126 3784 2250 3830 sunt
2272 3776 2560 3846 participes
2577 3776 2818 3844 justitize.
2835 3778 2953 3833 Alia
2980 3781 3262 3839 translatio
3290 3785 3388 3838 ha-

1807 3865 1918 3931 bet,
1954 3885 1970 3917 ι
1999 3867 2089 3936 qui
2117 3876 2262 3922 tenet
2285 3867 2454 3934 illam,
2486 3887 2505 3919 ι
2532 3887 2550 3918 ι
2579 3884 2768 3924 omnes
2799 3890 2819 3924 ι
2852 3871 3061 3928 scilicet
3098 3891 3117 3926 ι
3145 3875 3237 3944 qui
3257 3884 3385 3931 sunt

1809 3958 1942 4012 recti
1981 3959 2163 4013 corde.

1883 4066 1901 4097 ι
1938 4048 2068 4114 Quis
2088 4059 2395 4118 consurget.
2437 4069 2454 4100 ι
2484 4049 2617 4106 Pars
2650 4053 2824 4106 tertia.
2850 4053 3214 4112 Continuatio.
3255 4058 3388 4114 Dico

1807 4137 1948 4206 quod
1978 4136 2234 4192 Dominus
2265 4138 2473 4208 plebem
2505 4156 2659 4194 suam
2705 4157 2811 4194 non
2849 4143 3201 4213 derclinquet.
3254 4148 3388 4214 Quis

1807 4241 1935 4294 ergo
1976 4227 2080 4279 erit
2113 4242 2264 4281 meus
2307 4228 2580 4294 defensor,
2621 4239 2673 4284 et
2727 4247 2880 4286 meus
2907 4232 3164 4302 adjutor?
3199 4235 3387 4294 Nullus

1807 4315 2072 4383 equidem,
2109 4315 2211 4369 nisi
2262 4315 2434 4382 Deus;
2491 4327 2543 4372 et
2586 4319 2687 4373 hoc
2731 4329 2852 4374 est:
2888 4339 2905 4371 ι
2941 4321 3071 4389 Quis
3101 4337 3390 4397 consurget

1808 4407 1939 4460 mihi
1971 4409 2229 4462 adversus
2256 4409 2632 4476 malignantes,
2665 4431 2682 4462 ι
2711 4411 2762 4465 id
2789 4421 2890 4477 est,
2920 4413 2987 4468 ad
3027 4429 3206 4470 meum
3228 4432 3386 4487 opus,

1810 4503 1869 4547 ut
1910 4510 1994 4547 ine
2020 4494 2274 4549 defendat
2303 4511 2332 4549 a
2365 4497 2552 4552 malis?
2581 4516 2600 4546 ‹
2635 4507 2728 4552 aut
2756 4500 2875 4569 quis
2915 4502 3079 4556 stabit
3119 4519 3329 4558 mecum
3361 4525 3380 4558 ι

1738 4573 2112 4651 Dadjuvando
2158 4597 2595 4654 perseverantem
2644 4589 2697 4642 in
2744 4592 3037 4647 certamine
3071 4611 3090 4644 ι
3131 4597 3390 4652 adversus

1810 4684 2098 4744 operantes
2127 4677 2498 4746 iniquitatem?
2527 4699 2544 4728 ι
2575 4679 2778 4734 scilicet
2812 4683 2904 4750 qui
2942 4685 3074 4741 mihi
3102 4686 3390 4743 conferunt

1811 4764 1972 4828 mala,
2004 4774 2065 4819 ut
2094 4781 2179 4820 me
2209 4765 2412 4821 faciant
2441 4769 2707 4836 patienter
2733 4772 3001 4829 sustinere
3048 4779 3384 4845 persecutio-

1812 4872 1909 4911 nes
1937 4872 2146 4912 εοιυηι.

1881 4946 2011 5002 Dico
2037 4969 2054 5000 ς
2094 4948 2216 5017 quis
2243 4949 2406 5004 stabit
2434 4967 2667 5018 mecum,
2704 4973 2722 5006 ι
2758 4963 2812 5010 ει
2859 4965 3036 5016 tamen
3070 4959 3137 5013 de
3185 4961 3389 5016 viribus

1813 5038 1948 5093 meis
1997 5054 2101 5094 non
2147 5056 2434 5109 pnesumo,
2483 5043 2576 5098 sed
2622 5045 2674 5098 in
2706 5046 2932 5102 Domino
2977 5051 3208 5114 conlido,
3260 5067 3387 5106 nam

1818 5149 1836 5180 ι
1865 5129 1968 5183 nisi
2014 5129 2140 5199 quia
2182 5130 2437 5186 Dominus
2463 5133 2666 5203 adjuvit
2711 5150 2818 5202 me,
2849 5137 3007 5206 paulo
3052 5139 3248 5206 minus,
3287 5160 3306 5192 ›
3334 5142 3389 5195 id

1813 5230 1914 5286 est,
1939 5236 2128 5290 parum
2169 5222 2360 5287 abfuit,
2387 5226 2516 5294 quin
2546 5246 2564 5277 ι
2598 5227 2892 5283 habitasset
2934 5230 3113 5283 anima
3162 5247 3281 5286 mea
3329 5233 3383 5285 in

1815 5315 2044 5383 inferno,
2067 5337 2084 5368 ›
2113 5317 2164 5372 id
2185 5327 2286 5383 est,
2312 5319 2362 5373 in
2384 5319 2745 5388 profunditate
2764 5321 3036 5389 vitiorum,
3061 5324 3266 5380 scilicet
3287 5341 3385 5395 pu-

1817 5416 2182 5481 tassemquod
2208 5413 2348 5470 Deus
2373 5431 2480 5470 non
2511 5425 2725 5470 curaret
2744 5417 2977 5471 animam
3007 5433 3204 5472 meam.

1890 5519 2037 5584 Dico,
2067 5521 2170 5576 nisi
2205 5523 2462 5578 Dominus
2491 5525 2800 5592 adjuvisset,
2841 5525 3018 5580 anima
3048 5543 3169 5581 mea
3208 5526 3262 5580 in
3303 5527 3385 5580 in-

1819 5612 1973 5667 ferno
1997 5613 2312 5678 habitasset,
2325 5615 2418 5668 sed
2437 5630 2535 5668 cur
2553 5622 2603 5668 te
2628 5613 2883 5670 Dominus
2897 5616 3132 5684 adjuvit?
3153 5618 3280 5688 quia
3298 5635 3319 5670 ‹
3341 5618 3387 5672 si

1822 5705 2064 5761 dicebam
2100 5725 2117 5756 i
2151 5721 2247 5776 per
2287 5705 2678 5761 confessionem
2709 5709 3013 5763 accusando
3041 5724 3126 5764 me
3153 5709 3221 5764 de
3258 5724 3387 5781 pec-

1824 5801 1978 5864 catis,
2014 5817 2031 5850 ι
2070 5809 2246 5856 motus
2271 5806 2352 5854 est
2378 5814 2472 5869 pes
2504 5813 2672 5864 meus,
2707 5817 2725 5851 υ
2760 5799 2813 5854 id
2855 5807 2938 5855 est
2967 5798 3178 5856 aﬂ‘cctio
3216 5817 3333 5858 mea
3359 5819 3388 5857 a
