  <div class='ocr_page' id='page_1' title='image "/cluster/home/n/w/nwhite01/storage/ocr_20150623/116/hvd.32044015466881/261.png"; bbox 0 0 3940 6474; ppageno 0'>
   <div class='ocr_carea' id='block_1_1' title="bbox 549 413 653 470">
    <p class='ocr_par' dir='ltr' id='par_1_1' title="bbox 549 413 653 470">
     <span class='ocr_line' id='line_1_1' title="bbox 549 413 653 470; baseline 0.029 -3"><span class='ocrx_word' id='word_1_1' title='bbox 549 413 653 470; x_wconf 75' lang='grc'><strong>519</strong></span> 
     </span>
    </p>
   </div>
   <div class='ocr_carea' id='block_1_2' title="bbox 1004 401 3779 466">
    <p class='ocr_par' dir='ltr' id='par_1_2' title="bbox 1004 401 3779 466">
     <span class='ocr_line' id='line_1_2' title="bbox 1004 401 3779 466; baseline -0.001 -1"><span class='ocrx_word' id='word_1_2' title='bbox 1004 408 1364 466; x_wconf 72' lang='lat' dir='ltr'><strong>IIAYMONIS</strong></span> <span class='ocrx_word' id='word_1_3' title='bbox 1404 406 1877 464; x_wconf 79' lang='lat' dir='ltr'><strong>HALBERSTAT.</strong></span> <span class='ocrx_word' id='word_1_4' title='bbox 1920 402 2132 458; x_wconf 82' lang='lat' dir='ltr'><strong>EPISC.</strong></span> <span class='ocrx_word' id='word_1_5' title='bbox 2173 401 2322 458; x_wconf 83' lang='lat' dir='ltr'><strong>OPP.</strong></span> <span class='ocrx_word' id='word_1_6' title='bbox 2366 403 2544 458; x_wconf 81' lang='lat' dir='ltr'><strong>PARS</strong></span> <span class='ocrx_word' id='word_1_7' title='bbox 2579 403 2619 458; x_wconf 86' lang='grc' dir='ltr'><strong>Ι.</strong></span> <span class='ocrx_word' id='word_1_8' title='bbox 2658 433 2727 443; x_wconf 93' lang='grc'><strong><em>-</em></strong></span> <span class='ocrx_word' id='word_1_9' title='bbox 2762 401 3117 460; x_wconf 81' lang='lat' dir='ltr'><strong>COMMENT.</strong></span> <span class='ocrx_word' id='word_1_10' title='bbox 3157 403 3327 457; x_wconf 87' lang='lat' dir='ltr'><strong>BIBL.</strong></span> <span class='ocrx_word' id='word_1_11' title='bbox 3693 407 3779 463; x_wconf 55' lang='grc' dir='ltr'><strong>δὴ)</strong></span> 
     </span>
    </p>
   </div>
   <div class='ocr_carea' id='block_1_3' title="bbox 545 517 3779 598">
    <p class='ocr_par' dir='ltr' id='par_1_3' title="bbox 545 517 3779 598">
     <span class='ocr_line' id='line_1_3' title="bbox 545 517 3779 598; baseline -0.001 -18"><span class='ocrx_word' id='word_1_12' title='bbox 545 525 632 580; x_wconf 89' lang='lat' dir='ltr'><strong>via</strong></span> <span class='ocrx_word' id='word_1_13' title='bbox 666 541 791 581; x_wconf 88' lang='lat' dir='ltr'><strong>vera</strong></span> <span class='ocrx_word' id='word_1_14' title='bbox 817 541 882 579; x_wconf 88' lang='lat' dir='ltr'><strong>au</strong></span> <span class='ocrx_word' id='word_1_15' title='bbox 909 523 1122 593; x_wconf 87' lang='lat' dir='ltr'><strong>aliquod</strong></span> <span class='ocrx_word' id='word_1_16' title='bbox 1151 523 1416 586; x_wconf 91' lang='lat' dir='ltr'><strong>illicitum,</strong></span> <span class='ocrx_word' id='word_1_17' title='bbox 1441 522 1512 575; x_wconf 85' lang='lat' dir='ltr'><strong>ibi</strong></span> <span class='ocrx_word' id='word_1_18' title='bbox 1535 521 1720 585; x_wconf 88' lang='lat' dir='ltr'><strong>etiam,</strong></span> <span class='ocrx_word' id='word_1_19' title='bbox 1749 535 1782 574; x_wconf 91' lang='grc' dir='ltr'>ο</span> <span class='ocrx_word' id='word_1_20' title='bbox 1814 538 1833 569; x_wconf 76' lang='grc' dir='ltr'><strong>ι</strong></span> <span class='ocrx_word' id='word_1_21' title='bbox 1868 519 2110 582; x_wconf 85' lang='lat' dir='ltr'><strong>Domine,</strong></span> <span class='ocrx_word' id='word_1_22' title='bbox 2141 521 2190 578; x_wconf 81' lang='grc' dir='ltr'>Α</span> <span class='ocrx_word' id='word_1_23' title='bbox 2216 517 2377 572; x_wconf 90' lang='lat' dir='ltr'><strong>corda</strong></span> <span class='ocrx_word' id='word_1_24' title='bbox 2406 533 2502 572; x_wconf 87' lang='lat' dir='ltr'><strong>sua</strong></span> <span class='ocrx_word' id='word_1_25' title='bbox 2527 519 2666 574; x_wconf 91' lang='lat' dir='ltr'><strong>sicut</strong></span> <span class='ocrx_word' id='word_1_26' title='bbox 2692 527 2874 587; x_wconf 79' lang='lat' dir='ltr'><strong>patres</strong></span> <span class='ocrx_word' id='word_1_27' title='bbox 2902 534 3112 598; x_wconf 79' lang='lat' dir='ltr'><strong>eorum,</strong></span> <span class='ocrx_word' id='word_1_28' title='bbox 3144 521 3238 574; x_wconf 87' lang='lat' dir='ltr'><strong>sed</strong></span> <span class='ocrx_word' id='word_1_29' title='bbox 3269 520 3447 589; x_wconf 89' lang='lat' dir='ltr'><strong>potius</strong></span> <span class='ocrx_word' id='word_1_30' title='bbox 3469 535 3779 589; x_wconf 78' lang='lat' dir='ltr'><strong>cognoscant</strong></span> 
     </span>
    </p>
   </div>
   <div class='ocr_carea' id='block_1_4' title="bbox 545 610 2120 682">
    <p class='ocr_par' dir='ltr' id='par_1_4' title="bbox 545 610 2120 682">
     <span class='ocr_line' id='line_1_4' title="bbox 545 610 2120 682; baseline -0.006 -11"><span class='ocrx_word' id='word_1_31' title='bbox 545 615 915 671; x_wconf 78' lang='lat' dir='ltr'><strong>misericordia</strong></span> <span class='ocrx_word' id='word_1_32' title='bbox 950 623 1038 668; x_wconf 91' lang='lat' dir='ltr'><strong>tua</strong></span> <span class='ocrx_word' id='word_1_33' title='bbox 1077 613 1363 682; x_wconf 89' lang='lat' dir='ltr'><strong>adjuvabat</strong></span> <span class='ocrx_word' id='word_1_34' title='bbox 1407 627 1494 666; x_wconf 92' lang='lat' dir='ltr'><strong>me</strong></span> <span class='ocrx_word' id='word_1_35' title='bbox 1526 631 1545 663; x_wconf 74' lang='grc' dir='ltr'><strong>ι</strong></span> <span class='ocrx_word' id='word_1_36' title='bbox 1578 610 1902 665; x_wconf 88' lang='lat' dir='ltr'><strong>retrahendo</strong></span> <span class='ocrx_word' id='word_1_37' title='bbox 1924 624 1954 662; x_wconf 90' lang='lat' dir='ltr'><strong>a</strong></span> <span class='ocrx_word' id='word_1_38' title='bbox 1993 623 2120 678; x_wconf 90' lang='lat' dir='ltr'><strong>pec-</strong></span> 
     </span>
    </p>
   </div>
   <div class='ocr_carea' id='block_1_5' title="bbox 543 700 2120 774">
    <p class='ocr_par' dir='ltr' id='par_1_5' title="bbox 543 700 2120 774">
     <span class='ocr_line' id='line_1_5' title="bbox 543 700 2120 774; baseline -0.008 -10"><span class='ocrx_word' id='word_1_39' title='bbox 543 716 690 772; x_wconf 88' lang='lat' dir='ltr'><strong>cato,</strong></span> <span class='ocrx_word' id='word_1_40' title='bbox 717 715 772 762; x_wconf 90' lang='lat' dir='ltr'><strong>et</strong></span> <span class='ocrx_word' id='word_1_41' title='bbox 801 721 886 761; x_wconf 92' lang='lat' dir='ltr'><strong>me</strong></span> <span class='ocrx_word' id='word_1_42' title='bbox 930 707 984 760; x_wconf 92' lang='lat' dir='ltr'><strong>in</strong></span> <span class='ocrx_word' id='word_1_43' title='bbox 1011 706 1152 760; x_wconf 88' lang='lat' dir='ltr'><strong>bono</strong></span> <span class='ocrx_word' id='word_1_44' title='bbox 1180 719 1345 774; x_wconf 88' lang='lat' dir='ltr'><strong>opere</strong></span> <span class='ocrx_word' id='word_1_45' title='bbox 1377 703 1764 758; x_wconf 79' lang='lat' dir='ltr'><strong>confirmando.</strong></span> <span class='ocrx_word' id='word_1_46' title='bbox 1807 701 1863 754; x_wconf 84' lang='lat' dir='ltr'><strong>In</strong></span> <span class='ocrx_word' id='word_1_47' title='bbox 1889 701 1992 756; x_wconf 91' lang='lat' dir='ltr'><strong>hoc</strong></span> <span class='ocrx_word' id='word_1_48' title='bbox 2021 700 2120 753; x_wconf 88' lang='lat' dir='ltr'><strong>ita-</strong></span> 
     </span>
    </p>
   </div>
   <div class='ocr_carea' id='block_1_6' title="bbox 545 792 2120 867">
    <p class='ocr_par' dir='ltr' id='par_1_6' title="bbox 545 792 2120 867">
     <span class='ocr_line' id='line_1_6' title="bbox 545 792 2120 867; baseline -0.006 -16"><span class='ocrx_word' id='word_1_49' title='bbox 545 811 654 867; x_wconf 86' lang='lat' dir='ltr'><strong>que</strong></span> <span class='ocrx_word' id='word_1_50' title='bbox 687 810 877 865; x_wconf 75' lang='lat' dir='ltr'><strong>magna</strong></span> <span class='ocrx_word' id='word_1_51' title='bbox 930 793 1226 848; x_wconf 78' lang='lat' dir='ltr'><strong>consolatio</strong></span> <span class='ocrx_word' id='word_1_52' title='bbox 1272 794 1429 848; x_wconf 88' lang='lat' dir='ltr'><strong>nobis</strong></span> <span class='ocrx_word' id='word_1_53' title='bbox 1457 800 1558 857; x_wconf 87' lang='lat' dir='ltr'><strong>est,</strong></span> <span class='ocrx_word' id='word_1_54' title='bbox 1589 792 1715 861; x_wconf 85' lang='lat' dir='ltr'><strong>quia</strong></span> <span class='ocrx_word' id='word_1_55' title='bbox 1754 803 1862 844; x_wconf 86' lang='lat' dir='ltr'><strong>non</strong></span> <span class='ocrx_word' id='word_1_56' title='bbox 1913 797 2120 842; x_wconf 89' lang='lat' dir='ltr'><strong>tantum</strong></span> 
     </span>
    </p>
   </div>
   <div class='ocr_carea' id='block_1_7' title="bbox 548 880 2121 952">
    <p class='ocr_par' dir='ltr' id='par_1_7' title="bbox 548 880 2121 952">
     <span class='ocr_line' id='line_1_7' title="bbox 548 880 2121 952; baseline -0.008 -11"><span class='ocrx_word' id='word_1_57' title='bbox 548 889 690 941; x_wconf 91' lang='lat' dir='ltr'><strong>Deus</strong></span> <span class='ocrx_word' id='word_1_58' title='bbox 722 885 904 940; x_wconf 79' lang='lat' dir='ltr'><strong>ﬁdeles</strong></span> <span class='ocrx_word' id='word_1_59' title='bbox 950 899 1075 938; x_wconf 91' lang='lat' dir='ltr'><strong>suos</strong></span> <span class='ocrx_word' id='word_1_60' title='bbox 1105 883 1233 936; x_wconf 92' lang='lat' dir='ltr'><strong>dum</strong></span> <span class='ocrx_word' id='word_1_61' title='bbox 1263 883 1555 952; x_wconf 84' lang='lat' dir='ltr'><strong>persistunt</strong></span> <span class='ocrx_word' id='word_1_62' title='bbox 1602 881 1656 934; x_wconf 91' lang='lat' dir='ltr'><strong>in</strong></span> <span class='ocrx_word' id='word_1_63' title='bbox 1700 880 1896 934; x_wconf 87' lang='lat' dir='ltr'><strong>virtute</strong></span> <span class='ocrx_word' id='word_1_64' title='bbox 1933 891 2121 933; x_wconf 88' lang='lat' dir='ltr'><strong>corro-</strong></span> 
     </span>
    </p>
   </div>
   <div class='ocr_carea' id='block_1_8' title="bbox 550 969 1920 1041">
    <p class='ocr_par' dir='ltr' id='par_1_8' title="bbox 550 969 1920 1041">
     <span class='ocr_line' id='line_1_8' title="bbox 550 969 1920 1041; baseline -0.005 -12"><span class='ocrx_word' id='word_1_65' title='bbox 550 977 727 1039; x_wconf 86' lang='lat' dir='ltr'><strong>borat,</strong></span> <span class='ocrx_word' id='word_1_66' title='bbox 759 975 853 1028; x_wconf 91' lang='lat' dir='ltr'><strong>sed</strong></span> <span class='ocrx_word' id='word_1_67' title='bbox 882 973 1044 1026; x_wconf 85' lang='lat' dir='ltr'><strong>etiam</strong></span> <span class='ocrx_word' id='word_1_68' title='bbox 1071 973 1125 1026; x_wconf 88' lang='lat' dir='ltr'><strong>in</strong></span> <span class='ocrx_word' id='word_1_69' title='bbox 1161 973 1312 1041; x_wconf 88' lang='lat' dir='ltr'><strong>lapsu</strong></span> <span class='ocrx_word' id='word_1_70' title='bbox 1349 971 1534 1025; x_wconf 86' lang='lat' dir='ltr'><strong>visitat</strong></span> <span class='ocrx_word' id='word_1_71' title='bbox 1556 979 1610 1024; x_wconf 93' lang='lat' dir='ltr'><strong>et</strong></span> <span class='ocrx_word' id='word_1_72' title='bbox 1635 969 1920 1024; x_wconf 82' lang='lat' dir='ltr'><strong>confortat.</strong></span> 
     </span>
    </p>
   </div>
   <div class='ocr_carea' id='block_1_9' title="bbox 618 1059 2124 1130">
    <p class='ocr_par' dir='ltr' id='par_1_9' title="bbox 618 1059 2124 1130">
     <span class='ocr_line' id='line_1_9' title="bbox 618 1059 2124 1130; baseline -0.004 -11"><span class='ocrx_word' id='word_1_73' title='bbox 618 1066 762 1128; x_wconf 89' lang='lat' dir='ltr'><strong>Dico,</strong></span> <span class='ocrx_word' id='word_1_74' title='bbox 814 1064 1184 1118; x_wconf 84' lang='lat' dir='ltr'><strong>misericordia</strong></span> <span class='ocrx_word' id='word_1_75' title='bbox 1216 1061 1420 1130; x_wconf 90' lang='lat' dir='ltr'><strong>adjuvit</strong></span> <span class='ocrx_word' id='word_1_76' title='bbox 1458 1076 1564 1125; x_wconf 90' lang='lat' dir='ltr'><strong>me,</strong></span> <span class='ocrx_word' id='word_1_77' title='bbox 1612 1061 1737 1129; x_wconf 84' lang='lat' dir='ltr'><strong>quia</strong></span> <span class='ocrx_word' id='word_1_78' title='bbox 1774 1078 1793 1110; x_wconf 72' lang='grc' dir='ltr'><strong>ι</strong></span> <span class='ocrx_word' id='word_1_79' title='bbox 1829 1059 2124 1114; x_wconf 89' lang='lat' dir='ltr'><strong>secundum</strong></span> 
     </span>
    </p>
   </div>
   <div class='ocr_carea' id='block_1_10' title="bbox 546 1151 2120 1220">
    <p class='ocr_par' dir='ltr' id='par_1_10' title="bbox 546 1151 2120 1220">
     <span class='ocr_line' id='line_1_10' title="bbox 546 1151 2120 1220; baseline -0.005 -11"><span class='ocrx_word' id='word_1_80' title='bbox 546 1154 943 1209; x_wconf 75' lang='lat' dir='ltr'><strong>multitudinem</strong></span> <span class='ocrx_word' id='word_1_81' title='bbox 965 1154 1208 1208; x_wconf 89' lang='lat' dir='ltr'><strong>dolorum</strong></span> <span class='ocrx_word' id='word_1_82' title='bbox 1241 1167 1507 1216; x_wconf 88' lang='lat' dir='ltr'><strong>meorum,</strong></span> <span class='ocrx_word' id='word_1_83' title='bbox 1530 1171 1547 1201; x_wconf 74' lang='grc' dir='ltr'><strong>ι</strong></span> <span class='ocrx_word' id='word_1_84' title='bbox 1575 1151 1626 1205; x_wconf 92' lang='lat' dir='ltr'><strong>id</strong></span> <span class='ocrx_word' id='word_1_85' title='bbox 1654 1159 1738 1204; x_wconf 90' lang='lat' dir='ltr'><strong>est</strong></span> <span class='ocrx_word' id='word_1_86' title='bbox 1756 1157 2120 1220; x_wconf 85' lang='lat' dir='ltr'><strong>peccatorum,</strong></span> 
     </span>
    </p>
   </div>
   <div class='ocr_carea' id='block_1_11' title="bbox 547 1241 2124 1313">
    <p class='ocr_par' dir='ltr' id='par_1_11' title="bbox 547 1241 2124 1313">
     <span class='ocr_line' id='line_1_11' title="bbox 547 1241 2124 1313; baseline -0.004 -15"><span class='ocrx_word' id='word_1_87' title='bbox 547 1246 614 1299; x_wconf 92' lang='lat' dir='ltr'><strong>de</strong></span> <span class='ocrx_word' id='word_1_88' title='bbox 659 1245 856 1313; x_wconf 88' lang='lat' dir='ltr'><strong>quibus</strong></span> <span class='ocrx_word' id='word_1_89' title='bbox 897 1244 1088 1307; x_wconf 88' lang='lat' dir='ltr'><strong>doleo,</strong></span> <span class='ocrx_word' id='word_1_90' title='bbox 1125 1261 1142 1292; x_wconf 86' lang='grc'><strong>‹</strong></span> <span class='ocrx_word' id='word_1_91' title='bbox 1182 1243 1580 1296; x_wconf 83' lang='lat' dir='ltr'><strong>consolationes</strong></span> <span class='ocrx_word' id='word_1_92' title='bbox 1629 1250 1735 1294; x_wconf 69' lang='lat' dir='ltr'><strong>tua:</strong></span> <span class='ocrx_word' id='word_1_93' title='bbox 1770 1260 1787 1293; x_wconf 73' lang='grc' dir='ltr'><strong>ι</strong></span> <span class='ocrx_word' id='word_1_94' title='bbox 1833 1241 2124 1294; x_wconf 82' lang='lat' dir='ltr'><strong>existentes</strong></span> 
     </span>
    </p>
   </div>
   <div class='ocr_carea' id='block_1_12' title="bbox 550 1333 1998 1398">
    <p class='ocr_par' dir='ltr' id='par_1_12' title="bbox 550 1333 1998 1398">
     <span class='ocr_line' id='line_1_12' title="bbox 550 1333 1998 1398; baseline -0.001 -11"><span class='ocrx_word' id='word_1_95' title='bbox 550 1355 569 1387; x_wconf 69' lang='grc' dir='ltr'><strong>ι</strong></span> <span class='ocrx_word' id='word_1_96' title='bbox 610 1336 664 1389; x_wconf 90' lang='lat' dir='ltr'><strong>in</strong></span> <span class='ocrx_word' id='word_1_97' title='bbox 692 1337 855 1392; x_wconf 91' lang='lat' dir='ltr'><strong>corde</strong></span> <span class='ocrx_word' id='word_1_98' title='bbox 884 1349 1026 1398; x_wconf 87' lang='lat' dir='ltr'><strong>meo,</strong></span> <span class='ocrx_word' id='word_1_99' title='bbox 1051 1334 1459 1388; x_wconf 75' lang='lat' dir='ltr'><strong>lzetilicaverunt</strong></span> <span class='ocrx_word' id='word_1_100' title='bbox 1489 1333 1720 1387; x_wconf 87' lang='lat' dir='ltr'><strong>animam</strong></span> <span class='ocrx_word' id='word_1_101' title='bbox 1749 1347 1944 1387; x_wconf 86' lang='lat' dir='ltr'><strong>meam.</strong></span> <span class='ocrx_word' id='word_1_102' title='bbox 1979 1352 1998 1384; x_wconf 70' lang='grc' dir='ltr'><strong>ι</strong></span> 
     </span>
    </p>
   </div>
   <div class='ocr_carea' id='block_1_13' title="bbox 617 1423 2125 1488">
    <p class='ocr_par' dir='ltr' id='par_1_13' title="bbox 617 1423 2125 1488">
     <span class='ocr_line' id='line_1_13' title="bbox 617 1423 2125 1488; baseline -0.003 -9"><span class='ocrx_word' id='word_1_103' title='bbox 617 1426 700 1480; x_wconf 83' lang='lat' dir='ltr'><strong>Me</strong></span> <span class='ocrx_word' id='word_1_104' title='bbox 735 1425 1050 1488; x_wconf 78' lang='lat' dir='ltr'><strong>laetiticabis,</strong></span> <span class='ocrx_word' id='word_1_105' title='bbox 1099 1423 1192 1478; x_wconf 87' lang='lat' dir='ltr'><strong>sed</strong></span> <span class='ocrx_word' id='word_1_106' title='bbox 1218 1423 1386 1476; x_wconf 86' lang='lat' dir='ltr'><strong>malos</strong></span> <span class='ocrx_word' id='word_1_107' title='bbox 1421 1439 1548 1487; x_wconf 83' lang='lat' dir='ltr'><strong>non,</strong></span> <span class='ocrx_word' id='word_1_108' title='bbox 1573 1433 1627 1478; x_wconf 90' lang='lat' dir='ltr'><strong>et</strong></span> <span class='ocrx_word' id='word_1_109' title='bbox 1668 1424 1771 1477; x_wconf 91' lang='lat' dir='ltr'><strong>hoc</strong></span> <span class='ocrx_word' id='word_1_110' title='bbox 1797 1431 1896 1485; x_wconf 92' lang='lat' dir='ltr'><strong>est,</strong></span> <span class='ocrx_word' id='word_1_111' title='bbox 1934 1442 1952 1472; x_wconf 74' lang='grc' dir='ltr'><strong>ε</strong></span> <span class='ocrx_word' id='word_1_112' title='bbox 1988 1437 2125 1476; x_wconf 92' lang='lat' dir='ltr'><strong>nun-</strong></span> 
     </span>
    </p>
   </div>
   <div class='ocr_carea' id='block_1_14' title="bbox 545 1511 2120 1584">
    <p class='ocr_par' dir='ltr' id='par_1_14' title="bbox 545 1511 2120 1584">
     <span class='ocr_line' id='line_1_14' title="bbox 545 1511 2120 1584; baseline -0.003 -15"><span class='ocrx_word' id='word_1_113' title='bbox 545 1515 674 1584; x_wconf 87' lang='lat' dir='ltr'><strong>quid</strong></span> <span class='ocrx_word' id='word_1_114' title='bbox 712 1515 952 1569; x_wconf 72' lang='lat' dir='ltr'><strong>adhzeret</strong></span> <span class='ocrx_word' id='word_1_115' title='bbox 993 1513 1086 1566; x_wconf 84' lang='lat' dir='ltr'><strong>tibi</strong></span> <span class='ocrx_word' id='word_1_116' title='bbox 1133 1511 1289 1566; x_wconf 89' lang='lat' dir='ltr'><strong>sedes</strong></span> <span class='ocrx_word' id='word_1_117' title='bbox 1337 1513 1669 1581; x_wconf 88' lang='lat' dir='ltr'><strong>iniquitatis?</strong></span> <span class='ocrx_word' id='word_1_118' title='bbox 1701 1531 1718 1563; x_wconf 74' lang='grc' dir='ltr'><strong>ι</strong></span> <span class='ocrx_word' id='word_1_119' title='bbox 1754 1513 1805 1566; x_wconf 91' lang='lat' dir='ltr'><strong>id</strong></span> <span class='ocrx_word' id='word_1_120' title='bbox 1843 1520 1928 1566; x_wconf 92' lang='lat' dir='ltr'><strong>est</strong></span> <span class='ocrx_word' id='word_1_121' title='bbox 1974 1511 2120 1576; x_wconf 90' lang='lat' dir='ltr'><strong>mali,</strong></span> 
     </span>
    </p>
   </div>
   <div class='ocr_carea' id='block_1_15' title="bbox 547 1601 2124 1673">
    <p class='ocr_par' dir='ltr' id='par_1_15' title="bbox 547 1601 2124 1673">
     <span class='ocr_line' id='line_1_15' title="bbox 547 1601 2124 1673; baseline -0.002 -14"><span class='ocrx_word' id='word_1_122' title='bbox 547 1619 683 1673; x_wconf 89' lang='lat' dir='ltr'><strong>quos</strong></span> <span class='ocrx_word' id='word_1_123' title='bbox 729 1604 816 1658; x_wconf 87' lang='lat' dir='ltr'><strong>hic</strong></span> <span class='ocrx_word' id='word_1_124' title='bbox 867 1602 1206 1657; x_wconf 85' lang='lat' dir='ltr'><strong>convenienti</strong></span> <span class='ocrx_word' id='word_1_125' title='bbox 1253 1602 1472 1656; x_wconf 88' lang='lat' dir='ltr'><strong>nomine</strong></span> <span class='ocrx_word' id='word_1_126' title='bbox 1523 1602 1784 1655; x_wconf 82' lang='lat' dir='ltr'><strong>nominat.</strong></span> <span class='ocrx_word' id='word_1_127' title='bbox 1833 1602 1954 1656; x_wconf 87' lang='lat' dir='ltr'><strong>Tibi</strong></span> <span class='ocrx_word' id='word_1_128' title='bbox 2001 1601 2124 1656; x_wconf 89' lang='lat' dir='ltr'><strong>dico</strong></span> 
     </span>
    </p>
   </div>
   <div class='ocr_carea' id='block_1_16' title="bbox 553 1689 2124 1771">
    <p class='ocr_par' dir='ltr' id='par_1_16' title="bbox 553 1689 2124 1771">
     <span class='ocr_line' id='line_1_16' title="bbox 553 1689 2124 1771; baseline 0.001 -29"><span class='ocrx_word' id='word_1_129' title='bbox 553 1709 572 1742; x_wconf 70' lang='grc' dir='ltr'><strong>ι</strong></span> <span class='ocrx_word' id='word_1_130' title='bbox 609 1692 699 1760; x_wconf 90' lang='lat' dir='ltr'><strong>qui</strong></span> <span class='ocrx_word' id='word_1_131' title='bbox 737 1691 893 1762; x_wconf 81' lang='lat' dir='ltr'><strong>ﬁngis</strong></span> <span class='ocrx_word' id='word_1_132' title='bbox 922 1691 1158 1745; x_wconf 86' lang='lat' dir='ltr'><strong>laborem</strong></span> <span class='ocrx_word' id='word_1_133' title='bbox 1198 1689 1252 1743; x_wconf 91' lang='lat' dir='ltr'><strong>in</strong></span> <span class='ocrx_word' id='word_1_134' title='bbox 1276 1698 1562 1760; x_wconf 65' lang='lat' dir='ltr'><strong>praecepto,</strong></span> <span class='ocrx_word' id='word_1_135' title='bbox 1598 1709 1618 1740; x_wconf 74' lang='grc' dir='ltr'><strong>ι</strong></span> <span class='ocrx_word' id='word_1_136' title='bbox 1650 1690 1702 1771; x_wconf 89' lang='lat' dir='ltr'><strong>id</strong></span> <span class='ocrx_word' id='word_1_137' title='bbox 1731 1697 1847 1753; x_wconf 91' lang='grc' dir='ltr'>εει,</span> <span class='ocrx_word' id='word_1_138' title='bbox 1870 1690 1957 1757; x_wconf 92' lang='lat' dir='ltr'><strong>qui</strong></span> <span class='ocrx_word' id='word_1_139' title='bbox 1987 1704 2124 1758; x_wconf 81' lang='lat' dir='ltr'><strong>prae-</strong></span> 
     </span>
    </p>
   </div>
   <div class='ocr_carea' id='block_1_17' title="bbox 547 1779 2120 1852">
    <p class='ocr_par' dir='ltr' id='par_1_17' title="bbox 547 1779 2120 1852">
     <span class='ocr_line' id='line_1_17' title="bbox 547 1779 2120 1852; baseline -0.002 -17"><span class='ocrx_word' id='word_1_140' title='bbox 547 1781 682 1852; x_wconf 86' lang='lat' dir='ltr'><strong>cipis</strong></span> <span class='ocrx_word' id='word_1_141' title='bbox 707 1780 952 1834; x_wconf 86' lang='lat' dir='ltr'><strong>laborare</strong></span> <span class='ocrx_word' id='word_1_142' title='bbox 976 1781 1028 1834; x_wconf 89' lang='lat' dir='ltr'><strong>in</strong></span> <span class='ocrx_word' id='word_1_143' title='bbox 1059 1781 1216 1835; x_wconf 88' lang='lat' dir='ltr'><strong>bonis</strong></span> <span class='ocrx_word' id='word_1_144' title='bbox 1253 1781 1503 1849; x_wconf 82' lang='lat' dir='ltr'><strong>operibus</strong></span> <span class='ocrx_word' id='word_1_145' title='bbox 1532 1780 1652 1835; x_wconf 91' lang='lat' dir='ltr'><strong>illos</strong></span> <span class='ocrx_word' id='word_1_146' title='bbox 1681 1781 1771 1850; x_wconf 87' lang='lat' dir='ltr'><strong>qui</strong></span> <span class='ocrx_word' id='word_1_147' title='bbox 1801 1780 1997 1834; x_wconf 89' lang='lat' dir='ltr'><strong>debent</strong></span> <span class='ocrx_word' id='word_1_148' title='bbox 2026 1779 2120 1834; x_wconf 86' lang='lat' dir='ltr'><strong>tibi</strong></span> 
     </span>
    </p>
   </div>
   <div class='ocr_carea' id='block_1_18' title="bbox 2219 608 3778 672">
    <p class='ocr_par' dir='ltr' id='par_1_18' title="bbox 2219 608 3778 672">
     <span class='ocr_line' id='line_1_18' title="bbox 2219 608 3778 672; baseline 0.007 -11"><span class='ocrx_word' id='word_1_149' title='bbox 2219 608 2490 663; x_wconf 89' lang='lat' dir='ltr'><strong>Christum</strong></span> <span class='ocrx_word' id='word_1_150' title='bbox 2521 611 2855 664; x_wconf 83' lang='lat' dir='ltr'><strong>visitatorem</strong></span> <span class='ocrx_word' id='word_1_151' title='bbox 2901 625 3080 665; x_wconf 89' lang='lat' dir='ltr'><strong>suum.</strong></span> <span class='ocrx_word' id='word_1_152' title='bbox 3109 612 3338 667; x_wconf 88' lang='lat' dir='ltr'><strong>Intentio</strong></span> <span class='ocrx_word' id='word_1_153' title='bbox 3363 626 3458 668; x_wconf 92' lang='lat' dir='ltr'><strong>sua</strong></span> <span class='ocrx_word' id='word_1_154' title='bbox 3498 623 3587 667; x_wconf 88' lang='lat' dir='ltr'><strong>est</strong></span> <span class='ocrx_word' id='word_1_155' title='bbox 3627 629 3778 672; x_wconf 87' lang='lat' dir='ltr'><strong>remo-</strong></span> 
     </span>
    </p>
   </div>
   <div class='ocr_carea' id='block_1_19' title="bbox 2217 697 3777 765">
    <p class='ocr_par' dir='ltr' id='par_1_19' title="bbox 2217 697 3777 765">
     <span class='ocr_line' id='line_1_19' title="bbox 2217 697 3777 765; baseline 0.008 -17"><span class='ocrx_word' id='word_1_156' title='bbox 2217 711 2344 752; x_wconf 89' lang='lat' dir='ltr'><strong>vere</strong></span> <span class='ocrx_word' id='word_1_157' title='bbox 2383 697 2594 754; x_wconf 73' lang='lat' dir='ltr'><strong>Judteos</strong></span> <span class='ocrx_word' id='word_1_158' title='bbox 2617 716 2646 752; x_wconf 93' lang='lat' dir='ltr'><strong>a</strong></span> <span class='ocrx_word' id='word_1_159' title='bbox 2670 700 2865 754; x_wconf 88' lang='lat' dir='ltr'><strong>duritia</strong></span> <span class='ocrx_word' id='word_1_160' title='bbox 2891 716 3006 765; x_wconf 89' lang='lat' dir='ltr'><strong>sua,</strong></span> <span class='ocrx_word' id='word_1_161' title='bbox 3031 710 3087 755; x_wconf 91' lang='lat' dir='ltr'><strong>et</strong></span> <span class='ocrx_word' id='word_1_162' title='bbox 3125 711 3194 756; x_wconf 88' lang='lat' dir='ltr'><strong>ne</strong></span> <span class='ocrx_word' id='word_1_163' title='bbox 3221 703 3320 756; x_wconf 90' lang='lat' dir='ltr'><strong>sibi</strong></span> <span class='ocrx_word' id='word_1_164' title='bbox 3347 703 3588 758; x_wconf 84' lang='lat' dir='ltr'><strong>reddant</strong></span> <span class='ocrx_word' id='word_1_165' title='bbox 3632 703 3777 762; x_wconf 79' lang='lat' dir='ltr'><strong>Deum</strong></span> 
     </span>
    </p>
   </div>
   <div class='ocr_carea' id='block_1_20' title="bbox 2219 787 3293 860">
    <p class='ocr_par' dir='ltr' id='par_1_20' title="bbox 2219 787 3293 860">
     <span class='ocr_line' id='line_1_20' title="bbox 2219 787 3293 860; baseline 0.005 -19"><span class='ocrx_word' id='word_1_166' title='bbox 2219 787 2414 841; x_wconf 89' lang='lat' dir='ltr'><strong>iratum</strong></span> <span class='ocrx_word' id='word_1_167' title='bbox 2438 788 2576 842; x_wconf 85' lang='lat' dir='ltr'><strong>sicut</strong></span> <span class='ocrx_word' id='word_1_168' title='bbox 2602 787 2846 844; x_wconf 83' lang='lat' dir='ltr'><strong>fecerunt</strong></span> <span class='ocrx_word' id='word_1_169' title='bbox 2874 799 3059 860; x_wconf 87' lang='lat' dir='ltr'><strong>patres</strong></span> <span class='ocrx_word' id='word_1_170' title='bbox 3088 806 3293 846; x_wconf 83' lang='lat' dir='ltr'><strong>eorum.</strong></span> 
     </span>
    </p>
   </div>
   <div class='ocr_carea' id='block_1_21' title="bbox 2287 878 3776 952">
    <p class='ocr_par' dir='ltr' id='par_1_21' title="bbox 2287 878 3776 952">
     <span class='ocr_line' id='line_1_21' title="bbox 2287 878 3776 952; baseline 0.009 -22"><span class='ocrx_word' id='word_1_171' title='bbox 2287 878 2366 932; x_wconf 86' lang='lat' dir='ltr'><strong>Ac</strong></span> <span class='ocrx_word' id='word_1_172' title='bbox 2403 879 2446 933; x_wconf 91' lang='lat' dir='ltr'><strong>si</strong></span> <span class='ocrx_word' id='word_1_173' title='bbox 2477 879 2550 933; x_wconf 91' lang='lat' dir='ltr'><strong>ita</strong></span> <span class='ocrx_word' id='word_1_174' title='bbox 2579 890 2944 935; x_wconf 89' lang='lat' dir='ltr'><strong>commoneret</strong></span> <span class='ocrx_word' id='word_1_175' title='bbox 2988 897 3082 936; x_wconf 84' lang='lat' dir='ltr'><strong>eos</strong></span> <span class='ocrx_word' id='word_1_176' title='bbox 3129 882 3398 952; x_wconf 86' lang='lat' dir='ltr'><strong>Propheta</strong></span> <span class='ocrx_word' id='word_1_177' title='bbox 3431 901 3445 938; x_wconf 88' lang='lat'>:</span> <span class='ocrx_word' id='word_1_178' title='bbox 3478 884 3599 940; x_wconf 70' lang='lat' dir='ltr'><strong>Vos</strong></span> <span class='ocrx_word' id='word_1_179' title='bbox 3641 888 3776 945; x_wconf 84' lang='lat' dir='ltr'><strong>nolite</strong></span> 
     </span>
    </p>
   </div>
   <div class='ocr_carea' id='block_1_22' title="bbox 2220 967 3774 1042">
    <p class='ocr_par' dir='ltr' id='par_1_22' title="bbox 2220 967 3774 1042">
     <span class='ocr_line' id='line_1_22' title="bbox 2220 967 3774 1042; baseline 0.008 -22"><span class='ocrx_word' id='word_1_180' title='bbox 2220 981 2338 1021; x_wconf 89' lang='lat' dir='ltr'><strong>esse</strong></span> <span class='ocrx_word' id='word_1_181' title='bbox 2365 967 2625 1022; x_wconf 87' lang='lat' dir='ltr'><strong>increduli</strong></span> <span class='ocrx_word' id='word_1_182' title='bbox 2673 969 2814 1024; x_wconf 91' lang='lat' dir='ltr'><strong>sicut</strong></span> <span class='ocrx_word' id='word_1_183' title='bbox 2861 970 3078 1025; x_wconf 82' lang='lat' dir='ltr'><strong>fuerunt</strong></span> <span class='ocrx_word' id='word_1_184' title='bbox 3105 981 3287 1041; x_wconf 85' lang='lat' dir='ltr'><strong>patres</strong></span> <span class='ocrx_word' id='word_1_185' title='bbox 3311 977 3506 1042; x_wconf 87' lang='lat' dir='ltr'><strong>vestri,</strong></span> <span class='ocrx_word' id='word_1_186' title='bbox 3537 978 3633 1031; x_wconf 87' lang='lat' dir='ltr'><strong>sed</strong></span> <span class='ocrx_word' id='word_1_187' title='bbox 3661 997 3680 1030; x_wconf 74' lang='grc' dir='ltr'><strong>ι</strong></span> <span class='ocrx_word' id='word_1_188' title='bbox 3705 995 3774 1035; x_wconf 74' lang='lat' dir='ltr'><strong>ve-</strong></span> 
     </span>
    </p>
   </div>
   <div class='ocr_carea' id='block_1_23' title="bbox 2220 1056 3771 1132">
    <p class='ocr_par' dir='ltr' id='par_1_23' title="bbox 2220 1056 3771 1132">
     <span class='ocr_line' id='line_1_23' title="bbox 2220 1056 3771 1132; baseline 0.01 -23"><span class='ocrx_word' id='word_1_189' title='bbox 2220 1056 2330 1109; x_wconf 89' lang='lat' dir='ltr'><strong>nite</strong></span> <span class='ocrx_word' id='word_1_190' title='bbox 2360 1075 2380 1108; x_wconf 71' lang='grc' dir='ltr'><strong>ι</strong></span> <span class='ocrx_word' id='word_1_191' title='bbox 2413 1073 2510 1126; x_wconf 89' lang='lat' dir='ltr'><strong>per</strong></span> <span class='ocrx_word' id='word_1_192' title='bbox 2535 1056 2809 1112; x_wconf 87' lang='lat' dir='ltr'><strong>Christum</strong></span> <span class='ocrx_word' id='word_1_193' title='bbox 2845 1060 2910 1113; x_wconf 91' lang='lat' dir='ltr'><strong>ad</strong></span> <span class='ocrx_word' id='word_1_194' title='bbox 2949 1060 3132 1126; x_wconf 81' lang='lat' dir='ltr'><strong>ﬁdem,</strong></span> <span class='ocrx_word' id='word_1_195' title='bbox 3154 1071 3210 1116; x_wconf 92' lang='lat' dir='ltr'><strong>et</strong></span> <span class='ocrx_word' id='word_1_196' title='bbox 3240 1083 3256 1114; x_wconf 82' lang='grc' dir='ltr'><strong>ι</strong></span> <span class='ocrx_word' id='word_1_197' title='bbox 3286 1065 3648 1132; x_wconf 75' lang='lat' dir='ltr'><strong>exsultemus,</strong></span> <span class='ocrx_word' id='word_1_198' title='bbox 3685 1089 3704 1122; x_wconf 76' lang='grc' dir='ltr'><strong>ι</strong></span> <span class='ocrx_word' id='word_1_199' title='bbox 3731 1072 3771 1125; x_wconf 84' lang='lat' dir='ltr'><strong>id</strong></span> 
     </span>
    </p>
   </div>
   <div class='ocr_carea' id='block_1_24' title="bbox 2219 1146 3773 1215">
    <p class='ocr_par' dir='ltr' id='par_1_24' title="bbox 2219 1146 3773 1215">
     <span class='ocr_line' id='line_1_24' title="bbox 2219 1146 3773 1215; baseline 0.01 -15"><span class='ocrx_word' id='word_1_200' title='bbox 2219 1153 2324 1210; x_wconf 89' lang='grc' dir='ltr'>εει,</span> <span class='ocrx_word' id='word_1_201' title='bbox 2356 1161 2478 1200; x_wconf 92' lang='lat' dir='ltr'><strong>cum</strong></span> <span class='ocrx_word' id='word_1_202' title='bbox 2505 1146 2861 1202; x_wconf 70' lang='lat' dir='ltr'><strong>exsultatione</strong></span> <span class='ocrx_word' id='word_1_203' title='bbox 2888 1150 3187 1205; x_wconf 84' lang='lat' dir='ltr'><strong>serviamus</strong></span> <span class='ocrx_word' id='word_1_204' title='bbox 3212 1153 3337 1207; x_wconf 89' lang='lat' dir='ltr'><strong>huic</strong></span> <span class='ocrx_word' id='word_1_205' title='bbox 3370 1172 3389 1203; x_wconf 80' lang='grc' dir='ltr'><strong>ι</strong></span> <span class='ocrx_word' id='word_1_206' title='bbox 3424 1155 3663 1212; x_wconf 87' lang='lat' dir='ltr'><strong>Domino</strong></span> <span class='ocrx_word' id='word_1_207' title='bbox 3692 1179 3707 1210; x_wconf 82' lang='grc' dir='ltr'><strong>ι</strong></span> <span class='ocrx_word' id='word_1_208' title='bbox 3731 1168 3773 1215; x_wconf 86' lang='lat' dir='ltr'><strong>et</strong></span> 
     </span>
    </p>
   </div>
   <div class='ocr_carea' id='block_1_25' title="bbox 2220 1237 3770 1314">
    <p class='ocr_par' dir='ltr' id='par_1_25' title="bbox 2220 1237 3770 1314">
     <span class='ocr_line' id='line_1_25' title="bbox 2220 1237 3770 1314; baseline 0.01 -24"><span class='ocrx_word' id='word_1_209' title='bbox 2220 1237 2384 1290; x_wconf 89' lang='lat' dir='ltr'><strong>etiam</strong></span> <span class='ocrx_word' id='word_1_210' title='bbox 2421 1255 2438 1287; x_wconf 78' lang='grc' dir='ltr'><strong>ι</strong></span> <span class='ocrx_word' id='word_1_211' title='bbox 2468 1237 2760 1306; x_wconf 85' lang='lat' dir='ltr'><strong>jubiletnus</strong></span> <span class='ocrx_word' id='word_1_212' title='bbox 2787 1239 2918 1304; x_wconf 91' lang='lat' dir='ltr'><strong>Deo,</strong></span> <span class='ocrx_word' id='word_1_213' title='bbox 2959 1257 2978 1290; x_wconf 75' lang='grc' dir='ltr'><strong>ι</strong></span> <span class='ocrx_word' id='word_1_214' title='bbox 3012 1241 3065 1295; x_wconf 91' lang='lat' dir='ltr'><strong>id</strong></span> <span class='ocrx_word' id='word_1_215' title='bbox 3087 1250 3190 1306; x_wconf 90' lang='lat' dir='ltr'><strong>est,</strong></span> <span class='ocrx_word' id='word_1_216' title='bbox 3220 1245 3344 1310; x_wconf 88' lang='lat' dir='ltr'><strong>quia</strong></span> <span class='ocrx_word' id='word_1_217' title='bbox 3377 1244 3496 1314; x_wconf 87' lang='lat' dir='ltr'><strong>ipse</strong></span> <span class='ocrx_word' id='word_1_218' title='bbox 3550 1257 3631 1301; x_wconf 88' lang='lat' dir='ltr'><strong>est</strong></span> <span class='ocrx_word' id='word_1_219' title='bbox 3665 1250 3770 1305; x_wconf 81' lang='lat' dir='ltr'><strong>Deus</strong></span> 
     </span>
    </p>
   </div>
   <div class='ocr_carea' id='block_1_26' title="bbox 2227 1326 3769 1402">
    <p class='ocr_par' dir='ltr' id='par_1_26' title="bbox 2227 1326 3769 1402">
     <span class='ocr_line' id='line_1_26' title="bbox 2227 1326 3769 1402; baseline 0.01 -25"><span class='ocrx_word' id='word_1_220' title='bbox 2227 1343 2246 1377; x_wconf 73' lang='grc' dir='ltr'><strong>ι</strong></span> <span class='ocrx_word' id='word_1_221' title='bbox 2280 1326 2503 1380; x_wconf 88' lang='lat' dir='ltr'><strong>salutari</strong></span> <span class='ocrx_word' id='word_1_222' title='bbox 2554 1337 2762 1392; x_wconf 90' lang='lat' dir='ltr'><strong>nostro,</strong></span> <span class='ocrx_word' id='word_1_223' title='bbox 2801 1347 2818 1380; x_wconf 76' lang='grc' dir='ltr'><strong>ι</strong></span> <span class='ocrx_word' id='word_1_224' title='bbox 2853 1328 2952 1398; x_wconf 92' lang='lat' dir='ltr'><strong>ipsi</strong></span> <span class='ocrx_word' id='word_1_225' title='bbox 3001 1329 3236 1396; x_wconf 88' lang='lat' dir='ltr'><strong>Christo,</strong></span> <span class='ocrx_word' id='word_1_226' title='bbox 3266 1334 3358 1402; x_wconf 90' lang='lat' dir='ltr'><strong>qui</strong></span> <span class='ocrx_word' id='word_1_227' title='bbox 3407 1350 3514 1390; x_wconf 89' lang='lat' dir='ltr'><strong>nos</strong></span> <span class='ocrx_word' id='word_1_228' title='bbox 3565 1338 3712 1392; x_wconf 73' lang='lat' dir='ltr'><strong>salvat</strong></span> <span class='ocrx_word' id='word_1_229' title='bbox 3730 1351 3769 1394; x_wconf 83' lang='lat' dir='ltr'><strong>et</strong></span> 
     </span>
    </p>
   </div>
   <div class='ocr_carea' id='block_1_27' title="bbox 2224 1417 3768 1496">
    <p class='ocr_par' dir='ltr' id='par_1_27' title="bbox 2224 1417 3768 1496">
     <span class='ocr_line' id='line_1_27' title="bbox 2224 1417 3768 1496; baseline 0.008 -26"><span class='ocrx_word' id='word_1_230' title='bbox 2224 1418 2440 1471; x_wconf 86' lang='lat' dir='ltr'><strong>redimit</strong></span> <span class='ocrx_word' id='word_1_231' title='bbox 2479 1417 2545 1472; x_wconf 91' lang='lat' dir='ltr'><strong>de</strong></span> <span class='ocrx_word' id='word_1_232' title='bbox 2573 1434 2735 1472; x_wconf 90' lang='lat' dir='ltr'><strong>manu</strong></span> <span class='ocrx_word' id='word_1_233' title='bbox 2762 1418 2957 1474; x_wconf 88' lang='lat' dir='ltr'><strong>diaboli</strong></span> <span class='ocrx_word' id='word_1_234' title='bbox 2989 1437 3002 1474; x_wconf 91' lang='lat'>:</span> <span class='ocrx_word' id='word_1_235' title='bbox 3035 1429 3089 1476; x_wconf 92' lang='lat' dir='ltr'><strong>et</strong></span> <span class='ocrx_word' id='word_1_236' title='bbox 3119 1423 3240 1478; x_wconf 89' lang='lat' dir='ltr'><strong>ideo</strong></span> <span class='ocrx_word' id='word_1_237' title='bbox 3266 1425 3405 1479; x_wconf 85' lang='lat' dir='ltr'><strong>bene</strong></span> <span class='ocrx_word' id='word_1_238' title='bbox 3434 1426 3690 1482; x_wconf 83' lang='lat' dir='ltr'><strong>debemus</strong></span> <span class='ocrx_word' id='word_1_239' title='bbox 3707 1430 3768 1496; x_wconf 84' lang='lat' dir='ltr'><strong>ju—</strong></span> 
     </span>
    </p>
   </div>
   <div class='ocr_carea' id='block_1_28' title="bbox 2222 1507 2488 1563">
    <p class='ocr_par' dir='ltr' id='par_1_28' title="bbox 2222 1507 2488 1563">
     <span class='ocr_line' id='line_1_28' title="bbox 2222 1507 2488 1563; baseline -0.011 0"><span class='ocrx_word' id='word_1_240' title='bbox 2222 1507 2395 1563; x_wconf 90' lang='lat' dir='ltr'><strong>bilare</strong></span> <span class='ocrx_word' id='word_1_241' title='bbox 2419 1508 2488 1562; x_wconf 80' lang='lat' dir='ltr'><strong>ei.</strong></span> 
     </span>
    </p>
   </div>
   <div class='ocr_carea' id='block_1_29' title="bbox 2299 1599 3763 1676">
    <p class='ocr_par' dir='ltr' id='par_1_29' title="bbox 2299 1599 3763 1676">
     <span class='ocr_line' id='line_1_29' title="bbox 2299 1599 3763 1676; baseline 0.008 -26"><span class='ocrx_word' id='word_1_242' title='bbox 2299 1618 2318 1649; x_wconf 86' lang='grc'><em>‹</em></span> <span class='ocrx_word' id='word_1_243' title='bbox 2352 1599 2648 1655; x_wconf 83' lang='lat' dir='ltr'><strong>Jubilemus</strong></span> <span class='ocrx_word' id='word_1_244' title='bbox 2675 1619 2694 1652; x_wconf 85' lang='grc'><strong>›</strong></span> <span class='ocrx_word' id='word_1_245' title='bbox 2718 1601 2859 1666; x_wconf 87' lang='lat' dir='ltr'><strong>dico,</strong></span> <span class='ocrx_word' id='word_1_246' title='bbox 2891 1611 2946 1656; x_wconf 89' lang='lat' dir='ltr'><strong>et</strong></span> <span class='ocrx_word' id='word_1_247' title='bbox 2985 1602 3149 1656; x_wconf 90' lang='lat' dir='ltr'><strong>etiam</strong></span> <span class='ocrx_word' id='word_1_248' title='bbox 3183 1621 3202 1655; x_wconf 72' lang='grc' dir='ltr'><strong>ι</strong></span> <span class='ocrx_word' id='word_1_249' title='bbox 3234 1619 3675 1676; x_wconf 68' lang='lat' dir='ltr'><strong>praeoccupemus</strong></span> <span class='ocrx_word' id='word_1_250' title='bbox 3709 1610 3763 1662; x_wconf 78' lang='lat' dir='ltr'><strong>ia-</strong></span> 
     </span>
    </p>
   </div>
   <div class='ocr_carea' id='block_1_30' title="bbox 2223 1688 3764 1762">
    <p class='ocr_par' dir='ltr' id='par_1_30' title="bbox 2223 1688 3764 1762">
     <span class='ocr_line' id='line_1_30' title="bbox 2223 1688 3764 1762; baseline 0.006 -19"><span class='ocrx_word' id='word_1_251' title='bbox 2223 1689 2361 1744; x_wconf 86' lang='lat' dir='ltr'><strong>ciem</strong></span> <span class='ocrx_word' id='word_1_252' title='bbox 2389 1688 2527 1758; x_wconf 86' lang='lat' dir='ltr'><strong>ejus,</strong></span> <span class='ocrx_word' id='word_1_253' title='bbox 2562 1709 2580 1741; x_wconf 76' lang='grc' dir='ltr'><strong>ι</strong></span> <span class='ocrx_word' id='word_1_254' title='bbox 2617 1691 2905 1761; x_wconf 87' lang='lat' dir='ltr'><strong>aliquando</strong></span> <span class='ocrx_word' id='word_1_255' title='bbox 2947 1695 3161 1748; x_wconf 88' lang='lat' dir='ltr'><strong>venturi</strong></span> <span class='ocrx_word' id='word_1_256' title='bbox 3198 1693 3420 1762; x_wconf 75' lang='lat' dir='ltr'><strong>judicis,</strong></span> <span class='ocrx_word' id='word_1_257' title='bbox 3457 1715 3476 1748; x_wconf 85' lang='grc'><strong>‹</strong></span> <span class='ocrx_word' id='word_1_258' title='bbox 3521 1698 3578 1751; x_wconf 90' lang='lat' dir='ltr'><strong>in</strong></span> <span class='ocrx_word' id='word_1_259' title='bbox 3606 1700 3764 1753; x_wconf 79' lang='lat' dir='ltr'><strong>confes-</strong></span> 
     </span>
    </p>
   </div>
   <div class='ocr_carea' id='block_1_31' title="bbox 2225 1779 3761 1857">
    <p class='ocr_par' dir='ltr' id='par_1_31' title="bbox 2225 1779 3761 1857">
     <span class='ocr_line' id='line_1_31' title="bbox 2225 1779 3761 1857; baseline 0.008 -25"><span class='ocrx_word' id='word_1_260' title='bbox 2225 1779 2397 1844; x_wconf 88' lang='lat' dir='ltr'><strong>sione,</strong></span> <span class='ocrx_word' id='word_1_261' title='bbox 2429 1799 2447 1831; x_wconf 86' lang='grc'><strong>›</strong></span> <span class='ocrx_word' id='word_1_262' title='bbox 2475 1781 2680 1836; x_wconf 90' lang='lat' dir='ltr'><strong>scilicet</strong></span> <span class='ocrx_word' id='word_1_263' title='bbox 2700 1782 2851 1851; x_wconf 90' lang='lat' dir='ltr'><strong>prius</strong></span> <span class='ocrx_word' id='word_1_264' title='bbox 2877 1784 3231 1840; x_wconf 85' lang='lat' dir='ltr'><strong>conliteamur</strong></span> <span class='ocrx_word' id='word_1_265' title='bbox 3273 1786 3324 1840; x_wconf 91' lang='lat' dir='ltr'><strong>ei</strong></span> <span class='ocrx_word' id='word_1_266' title='bbox 3363 1800 3600 1857; x_wconf 88' lang='lat' dir='ltr'><strong>peccata</strong></span> <span class='ocrx_word' id='word_1_267' title='bbox 3628 1803 3761 1846; x_wconf 70' lang='lat' dir='ltr'><strong>nostri</strong></span> 
     </span>
    </p>
   </div>
   <div class='ocr_carea' id='block_1_32' title="bbox 550 1856 3760 1948">
    <p class='ocr_par' dir='ltr' id='par_1_32' title="bbox 550 1856 3760 1948">
     <span class='ocr_line' id='line_1_32' title="bbox 550 1856 3760 1948; baseline 0.003 -24"><span class='ocrx_word' id='word_1_268' title='bbox 550 1871 859 1936; x_wconf 65' lang='lat' dir='ltr'><strong>adhaerere;</strong></span> <span class='ocrx_word' id='word_1_269' title='bbox 890 1870 976 1924; x_wconf 87' lang='lat' dir='ltr'><strong>vel</strong></span> <span class='ocrx_word' id='word_1_270' title='bbox 1004 1891 1022 1921; x_wconf 76' lang='grc' dir='ltr'><strong>ι</strong></span> <span class='ocrx_word' id='word_1_271' title='bbox 1059 1871 1147 1939; x_wconf 91' lang='lat' dir='ltr'><strong>qui</strong></span> <span class='ocrx_word' id='word_1_272' title='bbox 1177 1870 1336 1941; x_wconf 78' lang='lat' dir='ltr'><strong>ﬁngis</strong></span> <span class='ocrx_word' id='word_1_273' title='bbox 1383 1871 1622 1926; x_wconf 85' lang='lat' dir='ltr'><strong>laborem</strong></span> <span class='ocrx_word' id='word_1_274' title='bbox 1655 1871 1707 1924; x_wconf 89' lang='lat' dir='ltr'><strong>in</strong></span> <span class='ocrx_word' id='word_1_275' title='bbox 1745 1879 2032 1940; x_wconf 67' lang='lat' dir='ltr'><strong>praecepto,</strong></span> <span class='ocrx_word' id='word_1_276' title='bbox 2063 1879 2123 1924; x_wconf 90' lang='lat' dir='ltr'><strong>ut</strong></span> <span class='ocrx_word' id='word_1_277' title='bbox 2149 1856 2196 1916; x_wconf 81' lang='grc' dir='ltr'><strong>Β</strong></span> <span class='ocrx_word' id='word_1_278' title='bbox 2223 1883 2383 1936; x_wconf 89' lang='lat' dir='ltr'><strong>quam</strong></span> <span class='ocrx_word' id='word_1_279' title='bbox 2414 1869 2528 1939; x_wconf 88' lang='lat' dir='ltr'><strong>ipse</strong></span> <span class='ocrx_word' id='word_1_280' title='bbox 2557 1871 2623 1926; x_wconf 90' lang='lat' dir='ltr'><strong>ad</strong></span> <span class='ocrx_word' id='word_1_281' title='bbox 2645 1871 2906 1940; x_wconf 85' lang='lat' dir='ltr'><strong>judicium</strong></span> <span class='ocrx_word' id='word_1_282' title='bbox 2954 1875 3166 1940; x_wconf 85' lang='lat' dir='ltr'><strong>veniat;</strong></span> <span class='ocrx_word' id='word_1_283' title='bbox 3205 1896 3222 1928; x_wconf 78' lang='grc' dir='ltr'><strong>ι</strong></span> <span class='ocrx_word' id='word_1_284' title='bbox 3251 1887 3306 1931; x_wconf 89' lang='grc' dir='ltr'><strong>ει</strong></span> <span class='ocrx_word' id='word_1_285' title='bbox 3332 1856 3385 1931; x_wconf 85' lang='lat' dir='ltr'><strong>in</strong></span> <span class='ocrx_word' id='word_1_286' title='bbox 3419 1879 3646 1948; x_wconf 86' lang='lat' dir='ltr'><strong>psalmis</strong></span> <span class='ocrx_word' id='word_1_287' title='bbox 3661 1880 3760 1947; x_wconf 78' lang='lat' dir='ltr'><strong>jubi-</strong></span> 
     </span>
    </p>
   </div>
   <div class='ocr_carea' id='block_1_33' title="bbox 548 1959 1393 2035">
    <p class='ocr_par' dir='ltr' id='par_1_33' title="bbox 548 1959 1393 2035">
     <span class='ocr_line' id='line_1_33' title="bbox 548 1959 1393 2035; baseline -0.001 -16"><span class='ocrx_word' id='word_1_288' title='bbox 548 1973 700 2020; x_wconf 90' lang='lat' dir='ltr'><strong>tuum</strong></span> <span class='ocrx_word' id='word_1_289' title='bbox 730 1959 1054 2035; x_wconf 72' lang='lat' dir='ltr'><strong>praeceptum</strong></span> <span class='ocrx_word' id='word_1_290' title='bbox 1087 1965 1393 2034; x_wconf 89' lang='lat' dir='ltr'><strong>impleatur.</strong></span> 
     </span>
    </p>
   </div>
   <div class='ocr_carea' id='block_1_34' title="bbox 619 2047 2121 2127">
    <p class='ocr_par' dir='ltr' id='par_1_34' title="bbox 619 2047 2121 2127">
     <span class='ocr_line' id='line_1_34' title="bbox 619 2047 2121 2127; baseline -0.001 -16"><span class='ocrx_word' id='word_1_291' title='bbox 619 2058 744 2112; x_wconf 90' lang='lat' dir='ltr'><strong>ldeo</strong></span> <span class='ocrx_word' id='word_1_292' title='bbox 767 2073 875 2111; x_wconf 87' lang='lat' dir='ltr'><strong>non</strong></span> <span class='ocrx_word' id='word_1_293' title='bbox 896 2047 1138 2110; x_wconf 73' lang='lat' dir='ltr'><strong>adltzeret</strong></span> <span class='ocrx_word' id='word_1_294' title='bbox 1162 2057 1257 2110; x_wconf 86' lang='lat' dir='ltr'><strong>tibi</strong></span> <span class='ocrx_word' id='word_1_295' title='bbox 1287 2057 1444 2111; x_wconf 91' lang='lat' dir='ltr'><strong>sedes</strong></span> <span class='ocrx_word' id='word_1_296' title='bbox 1465 2056 1787 2126; x_wconf 82' lang='lat' dir='ltr'><strong>iniquitatis,</strong></span> <span class='ocrx_word' id='word_1_297' title='bbox 1815 2056 1867 2111; x_wconf 89' lang='lat' dir='ltr'><strong>id</strong></span> <span class='ocrx_word' id='word_1_298' title='bbox 1885 2066 1988 2123; x_wconf 91' lang='grc' dir='ltr'>εει,</span> <span class='ocrx_word' id='word_1_299' title='bbox 2020 2056 2121 2127; x_wconf 88' lang='lat' dir='ltr'><strong>ipsi</strong></span> 
     </span>
    </p>
   </div>
   <div class='ocr_carea' id='block_1_35' title="bbox 570 2145 2122 2216">
    <p class='ocr_par' dir='ltr' id='par_1_35' title="bbox 570 2145 2122 2216">
     <span class='ocr_line' id='line_1_35' title="bbox 570 2145 2122 2216; baseline 0.002 -15"><span class='ocrx_word' id='word_1_300' title='bbox 570 2145 703 2212; x_wconf 75' lang='lat' dir='ltr'><strong>nali.</strong></span> <span class='ocrx_word' id='word_1_301' title='bbox 746 2147 873 2214; x_wconf 88' lang='lat' dir='ltr'><strong>quia</strong></span> <span class='ocrx_word' id='word_1_302' title='bbox 920 2147 1020 2214; x_wconf 89' lang='lat' dir='ltr'><strong>ipsi</strong></span> <span class='ocrx_word' id='word_1_303' title='bbox 1054 2165 1070 2197; x_wconf 73' lang='grc' dir='ltr'><strong>ι</strong></span> <span class='ocrx_word' id='word_1_304' title='bbox 1113 2148 1404 2214; x_wconf 79' lang='lat' dir='ltr'><strong>captabant</strong></span> <span class='ocrx_word' id='word_1_305' title='bbox 1454 2147 1509 2201; x_wconf 93' lang='lat' dir='ltr'><strong>in</strong></span> <span class='ocrx_word' id='word_1_306' title='bbox 1564 2147 1797 2202; x_wconf 87' lang='lat' dir='ltr'><strong>animam</strong></span> <span class='ocrx_word' id='word_1_307' title='bbox 1826 2147 1981 2216; x_wconf 88' lang='lat' dir='ltr'><strong>justi,</strong></span> <span class='ocrx_word' id='word_1_308' title='bbox 2020 2169 2038 2202; x_wconf 77' lang='grc' dir='ltr'><strong>ι</strong></span> <span class='ocrx_word' id='word_1_309' title='bbox 2068 2151 2122 2204; x_wconf 90' lang='lat' dir='ltr'><strong>id</strong></span> 
     </span>
    </p>
   </div>
   <div class='ocr_carea' id='block_1_36' title="bbox 690 2235 2121 2305">
    <p class='ocr_par' dir='ltr' id='par_1_36' title="bbox 690 2235 2121 2305">
     <span class='ocr_line' id='line_1_36' title="bbox 690 2235 2121 2305; baseline 0.003 -15"><span class='ocrx_word' id='word_1_310' title='bbox 690 2235 1001 2305; x_wconf 80' lang='lat' dir='ltr'><strong>frequenter</strong></span> <span class='ocrx_word' id='word_1_311' title='bbox 1031 2237 1212 2292; x_wconf 86' lang='lat' dir='ltr'><strong>volent</strong></span> <span class='ocrx_word' id='word_1_312' title='bbox 1244 2236 1500 2292; x_wconf 89' lang='lat' dir='ltr'><strong>seducere</strong></span> <span class='ocrx_word' id='word_1_313' title='bbox 1542 2247 1596 2292; x_wconf 86' lang='lat' dir='ltr'><strong>et</strong></span> <span class='ocrx_word' id='word_1_314' title='bbox 1632 2238 1732 2292; x_wconf 93' lang='lat' dir='ltr'><strong>sibi</strong></span> <span class='ocrx_word' id='word_1_315' title='bbox 1782 2238 2121 2295; x_wconf 80' lang='lat' dir='ltr'><strong>conformare</strong></span> 
     </span>
    </p>
   </div>
   <div class='ocr_carea' id='block_1_37' title="bbox 551 2327 2117 2400">
    <p class='ocr_par' dir='ltr' id='par_1_37' title="bbox 551 2327 2117 2400">
     <span class='ocr_line' id='line_1_37' title="bbox 551 2327 2117 2400; baseline 0.004 -21"><span class='ocrx_word' id='word_1_316' title='bbox 551 2343 572 2378; x_wconf 73' lang='grc' dir='ltr'><strong>ι</strong></span> <span class='ocrx_word' id='word_1_317' title='bbox 611 2327 845 2380; x_wconf 88' lang='lat' dir='ltr'><strong>animam</strong></span> <span class='ocrx_word' id='word_1_318' title='bbox 870 2327 1000 2396; x_wconf 88' lang='lat' dir='ltr'><strong>justi</strong></span> <span class='ocrx_word' id='word_1_319' title='bbox 1031 2344 1043 2380; x_wconf 71' lang='grc' dir='ltr'><strong>ε</strong></span> <span class='ocrx_word' id='word_1_320' title='bbox 1081 2347 1100 2380; x_wconf 74' lang='grc' dir='ltr'><strong>ι</strong></span> <span class='ocrx_word' id='word_1_321' title='bbox 1135 2327 1186 2382; x_wconf 90' lang='lat' dir='ltr'><strong>id</strong></span> <span class='ocrx_word' id='word_1_322' title='bbox 1213 2336 1316 2392; x_wconf 88' lang='lat' dir='ltr'><strong>est,</strong></span> <span class='ocrx_word' id='word_1_323' title='bbox 1351 2329 1396 2382; x_wconf 91' lang='lat' dir='ltr'><strong>si</strong></span> <span class='ocrx_word' id='word_1_324' title='bbox 1429 2343 1534 2384; x_wconf 90' lang='lat' dir='ltr'><strong>non</strong></span> <span class='ocrx_word' id='word_1_325' title='bbox 1585 2338 1807 2399; x_wconf 90' lang='lat' dir='ltr'><strong>possunt</strong></span> <span class='ocrx_word' id='word_1_326' title='bbox 1851 2329 2117 2400; x_wconf 89' lang='lat' dir='ltr'><strong>decipere,</strong></span> 
     </span>
    </p>
   </div>
   <div class='ocr_carea' id='block_1_38' title="bbox 550 2417 2112 2490">
    <p class='ocr_par' dir='ltr' id='par_1_38' title="bbox 550 2417 2112 2490">
     <span class='ocr_line' id='line_1_38' title="bbox 550 2417 2112 2490; baseline 0.003 -21"><span class='ocrx_word' id='word_1_327' title='bbox 550 2438 569 2469; x_wconf 78' lang='grc' dir='ltr'><strong>ι</strong></span> <span class='ocrx_word' id='word_1_328' title='bbox 604 2417 1038 2472; x_wconf 89' lang='lat' dir='ltr'><strong>condemnabunt</strong></span> <span class='ocrx_word' id='word_1_329' title='bbox 1063 2419 1396 2490; x_wconf 76' lang='lat' dir='ltr'><strong>sanguinem,</strong></span> <span class='ocrx_word' id='word_1_330' title='bbox 1434 2437 1452 2469; x_wconf 74' lang='grc' dir='ltr'><strong>ι</strong></span> <span class='ocrx_word' id='word_1_331' title='bbox 1483 2419 1608 2474; x_wconf 87' lang='lat' dir='ltr'><strong>licet</strong></span> <span class='ocrx_word' id='word_1_332' title='bbox 1641 2437 1661 2470; x_wconf 73' lang='grc' dir='ltr'><strong>ι</strong></span> <span class='ocrx_word' id='word_1_333' title='bbox 1696 2421 2060 2476; x_wconf 88' lang='lat' dir='ltr'><strong>innocentem.</strong></span> <span class='ocrx_word' id='word_1_334' title='bbox 2094 2441 2112 2474; x_wconf 73' lang='grc' dir='ltr'><strong>ι</strong></span> 
     </span>
    </p>
   </div>
   <div class='ocr_carea' id='block_1_39' title="bbox 614 2507 2116 2581">
    <p class='ocr_par' dir='ltr' id='par_1_39' title="bbox 614 2507 2116 2581">
     <span class='ocr_line' id='line_1_39' title="bbox 614 2507 2116 2581; baseline 0.003 -21"><span class='ocrx_word' id='word_1_335' title='bbox 614 2507 719 2578; x_wconf 85' lang='grc' dir='ltr'><strong>1ρεὶ</strong></span> <span class='ocrx_word' id='word_1_336' title='bbox 750 2515 967 2577; x_wconf 91' lang='lat' dir='ltr'><strong>captant</strong></span> <span class='ocrx_word' id='word_1_337' title='bbox 995 2508 1231 2562; x_wconf 89' lang='lat' dir='ltr'><strong>animam</strong></span> <span class='ocrx_word' id='word_1_338' title='bbox 1267 2508 1445 2578; x_wconf 89' lang='lat' dir='ltr'><strong>justi,</strong></span> <span class='ocrx_word' id='word_1_339' title='bbox 1472 2508 1750 2564; x_wconf 75' lang='lat' dir='ltr'><strong>effundunt</strong></span> <span class='ocrx_word' id='word_1_340' title='bbox 1779 2511 2116 2581; x_wconf 81' lang='lat' dir='ltr'><strong>sanguinem,</strong></span> 
     </span>
    </p>
   </div>
   <div class='ocr_carea' id='block_1_40' title="bbox 549 2596 2122 2653">
    <p class='ocr_par' dir='ltr' id='par_1_40' title="bbox 549 2596 2122 2653">
     <span class='ocr_line' id='line_1_40' title="bbox 549 2596 2122 2653; baseline 0.003 -6"><span class='ocrx_word' id='word_1_341' title='bbox 549 2615 568 2647; x_wconf 74' lang='grc' dir='ltr'><strong>ι</strong></span> <span class='ocrx_word' id='word_1_342' title='bbox 599 2607 652 2651; x_wconf 92' lang='grc' dir='ltr'><strong>ει</strong></span> <span class='ocrx_word' id='word_1_343' title='bbox 680 2615 698 2647; x_wconf 72' lang='grc' dir='ltr'><strong><em>ι</em></strong></span> <span class='ocrx_word' id='word_1_344' title='bbox 742 2596 858 2651; x_wconf 63' lang='lat' dir='ltr'><strong>hate</strong></span> <span class='ocrx_word' id='word_1_345' title='bbox 884 2597 1065 2650; x_wconf 88' lang='lat' dir='ltr'><strong>omnia</strong></span> <span class='ocrx_word' id='word_1_346' title='bbox 1101 2614 1119 2648; x_wconf 74' lang='grc' dir='ltr'><strong>ι</strong></span> <span class='ocrx_word' id='word_1_347' title='bbox 1154 2596 1329 2651; x_wconf 78' lang='lat' dir='ltr'><strong>factus</strong></span> <span class='ocrx_word' id='word_1_348' title='bbox 1356 2607 1439 2651; x_wconf 92' lang='lat' dir='ltr'><strong>est</strong></span> <span class='ocrx_word' id='word_1_349' title='bbox 1458 2597 1590 2652; x_wconf 89' lang='lat' dir='ltr'><strong>mihi</strong></span> <span class='ocrx_word' id='word_1_350' title='bbox 1621 2596 1880 2653; x_wconf 89' lang='lat' dir='ltr'><strong>Dominus</strong></span> <span class='ocrx_word' id='word_1_351' title='bbox 1900 2599 1956 2652; x_wconf 85' lang='lat' dir='ltr'><strong>in</strong></span> <span class='ocrx_word' id='word_1_352' title='bbox 1983 2597 2122 2652; x_wconf 81' lang='lat' dir='ltr'><strong>refu-</strong></span> 
     </span>
    </p>
   </div>
   <div class='ocr_carea' id='block_1_41' title="bbox 545 2687 2121 2761">
    <p class='ocr_par' dir='ltr' id='par_1_41' title="bbox 545 2687 2121 2761">
     <span class='ocr_line' id='line_1_41' title="bbox 545 2687 2121 2761; baseline 0.003 -19"><span class='ocrx_word' id='word_1_353' title='bbox 545 2688 692 2756; x_wconf 76' lang='lat' dir='ltr'><strong>gium</strong></span> <span class='ocrx_word' id='word_1_354' title='bbox 720 2705 738 2740; x_wconf 75' lang='grc' dir='ltr'><strong>ι</strong></span> <span class='ocrx_word' id='word_1_355' title='bbox 772 2702 840 2742; x_wconf 83' lang='grc' dir='ltr'>ηε</span> <span class='ocrx_word' id='word_1_356' title='bbox 867 2687 1056 2742; x_wconf 85' lang='lat' dir='ltr'><strong>cedam</strong></span> <span class='ocrx_word' id='word_1_357' title='bbox 1083 2687 1542 2754; x_wconf 79' lang='lat' dir='ltr'><strong>tribulationibus,</strong></span> <span class='ocrx_word' id='word_1_358' title='bbox 1584 2708 1603 2740; x_wconf 75' lang='grc' dir='ltr'><strong>ι</strong></span> <span class='ocrx_word' id='word_1_359' title='bbox 1639 2699 1693 2745; x_wconf 90' lang='grc' dir='ltr'><strong>ει</strong></span> <span class='ocrx_word' id='word_1_360' title='bbox 1729 2711 1748 2742; x_wconf 73' lang='grc' dir='ltr'><strong>ι</strong></span> <span class='ocrx_word' id='word_1_361' title='bbox 1785 2691 1900 2761; x_wconf 88' lang='lat' dir='ltr'><strong>ipse</strong></span> <span class='ocrx_word' id='word_1_362' title='bbox 1928 2698 1946 2741; x_wconf 70' lang='grc' dir='ltr'><strong>ι</strong></span> <span class='ocrx_word' id='word_1_363' title='bbox 1981 2691 2121 2747; x_wconf 88' lang='lat' dir='ltr'><strong>Deus</strong></span> 
     </span>
    </p>
   </div>
   <div class='ocr_carea' id='block_1_42' title="bbox 544 2777 2118 2851">
    <p class='ocr_par' dir='ltr' id='par_1_42' title="bbox 544 2777 2118 2851">
     <span class='ocr_line' id='line_1_42' title="bbox 544 2777 2118 2851; baseline 0.004 -20"><span class='ocrx_word' id='word_1_364' title='bbox 544 2793 696 2832; x_wconf 90' lang='lat' dir='ltr'><strong>meus</strong></span> <span class='ocrx_word' id='word_1_365' title='bbox 726 2797 745 2829; x_wconf 72' lang='grc' dir='ltr'><strong>ι</strong></span> <span class='ocrx_word' id='word_1_366' title='bbox 795 2786 878 2832; x_wconf 90' lang='grc' dir='ltr'><strong>εει</strong></span> <span class='ocrx_word' id='word_1_367' title='bbox 923 2777 1098 2832; x_wconf 84' lang='lat' dir='ltr'><strong>factus</strong></span> <span class='ocrx_word' id='word_1_368' title='bbox 1127 2796 1145 2828; x_wconf 74' lang='grc' dir='ltr'><strong>ι</strong></span> <span class='ocrx_word' id='word_1_369' title='bbox 1183 2778 1237 2832; x_wconf 92' lang='lat' dir='ltr'><strong>in</strong></span> <span class='ocrx_word' id='word_1_370' title='bbox 1289 2779 1615 2848; x_wconf 90' lang='lat' dir='ltr'><strong>adjutorium</strong></span> <span class='ocrx_word' id='word_1_371' title='bbox 1653 2783 1768 2851; x_wconf 90' lang='lat' dir='ltr'><strong>spei</strong></span> <span class='ocrx_word' id='word_1_372' title='bbox 1820 2798 1972 2847; x_wconf 84' lang='lat' dir='ltr'><strong>meae,</strong></span> <span class='ocrx_word' id='word_1_373' title='bbox 2015 2804 2032 2834; x_wconf 85' lang='grc'><strong>›</strong></span> <span class='ocrx_word' id='word_1_374' title='bbox 2064 2783 2118 2838; x_wconf 92' lang='lat' dir='ltr'><strong>id</strong></span> 
     </span>
    </p>
   </div>
   <div class='ocr_carea' id='block_1_43' title="bbox 545 2867 2118 2942">
    <p class='ocr_par' dir='ltr' id='par_1_43' title="bbox 545 2867 2118 2942">
     <span class='ocr_line' id='line_1_43' title="bbox 545 2867 2118 2942; baseline 0.003 -20"><span class='ocrx_word' id='word_1_375' title='bbox 545 2877 650 2932; x_wconf 91' lang='lat' dir='ltr'><strong>est,</strong></span> <span class='ocrx_word' id='word_1_376' title='bbox 677 2868 830 2936; x_wconf 84' lang='lat' dir='ltr'><strong>juvat</strong></span> <span class='ocrx_word' id='word_1_377' title='bbox 854 2883 940 2921; x_wconf 89' lang='lat' dir='ltr'><strong>me</strong></span> <span class='ocrx_word' id='word_1_378' title='bbox 958 2867 1025 2922; x_wconf 88' lang='lat' dir='ltr'><strong>ab</strong></span> <span class='ocrx_word' id='word_1_379' title='bbox 1055 2867 1188 2922; x_wconf 89' lang='lat' dir='ltr'><strong>bene</strong></span> <span class='ocrx_word' id='word_1_380' title='bbox 1209 2869 1561 2936; x_wconf 83' lang='lat' dir='ltr'><strong>Operandum,</strong></span> <span class='ocrx_word' id='word_1_381' title='bbox 1591 2879 1650 2924; x_wconf 91' lang='lat' dir='ltr'><strong>ut</strong></span> <span class='ocrx_word' id='word_1_382' title='bbox 1672 2881 1848 2926; x_wconf 90' lang='lat' dir='ltr'><strong>tamen</strong></span> <span class='ocrx_word' id='word_1_383' title='bbox 1879 2873 2118 2942; x_wconf 88' lang='lat' dir='ltr'><strong>requiem</strong></span> 
     </span>
    </p>
   </div>
   <div class='ocr_carea' id='block_1_44' title="bbox 544 2957 2118 3026">
    <p class='ocr_par' dir='ltr' id='par_1_44' title="bbox 544 2957 2118 3026">
     <span class='ocr_line' id='line_1_44' title="bbox 544 2957 2118 3026; baseline 0.006 -17"><span class='ocrx_word' id='word_1_384' title='bbox 544 2971 705 3024; x_wconf 88' lang='lat' dir='ltr'><strong>quam</strong></span> <span class='ocrx_word' id='word_1_385' title='bbox 731 2957 947 3011; x_wconf 86' lang='lat' dir='ltr'><strong>obtineo</strong></span> <span class='ocrx_word' id='word_1_386' title='bbox 969 2971 1061 3026; x_wconf 89' lang='lat' dir='ltr'><strong>spe</strong></span> <span class='ocrx_word' id='word_1_387' title='bbox 1087 2957 1490 3024; x_wconf 74' lang='lat' dir='ltr'><strong>misericordiae,</strong></span> <span class='ocrx_word' id='word_1_388' title='bbox 1521 2960 1791 3015; x_wconf 85' lang='lat' dir='ltr'><strong>obtineam</strong></span> <span class='ocrx_word' id='word_1_389' title='bbox 1824 2977 2002 3017; x_wconf 88' lang='lat' dir='ltr'><strong>rerum</strong></span> <span class='ocrx_word' id='word_1_390' title='bbox 2023 2978 2118 3018; x_wconf 87' lang='lat' dir='ltr'><strong>ve-</strong></span> 
     </span>
    </p>
   </div>
   <div class='ocr_carea' id='block_1_45' title="bbox 549 3048 727 3102">
    <p class='ocr_par' dir='ltr' id='par_1_45' title="bbox 549 3048 727 3102">
     <span class='ocr_line' id='line_1_45' title="bbox 549 3048 727 3102; baseline 0 -2"><span class='ocrx_word' id='word_1_391' title='bbox 549 3048 727 3102; x_wconf 86' lang='lat' dir='ltr'><strong>ritate.</strong></span> 
     </span>
    </p>
   </div>
   <div class='ocr_carea' id='block_1_46' title="bbox 617 3134 2119 3211">
    <p class='ocr_par' dir='ltr' id='par_1_46' title="bbox 617 3134 2119 3211">
     <span class='ocr_line' id='line_1_46' title="bbox 617 3134 2119 3211; baseline 0.005 -23"><span class='ocrx_word' id='word_1_392' title='bbox 617 3135 745 3190; x_wconf 69' lang='lat' dir='ltr'><strong>Mvihi</strong></span> <span class='ocrx_word' id='word_1_393' title='bbox 796 3134 971 3191; x_wconf 78' lang='lat' dir='ltr'><strong>factus</strong></span> <span class='ocrx_word' id='word_1_394' title='bbox 1020 3145 1105 3192; x_wconf 92' lang='lat' dir='ltr'><strong>est</strong></span> <span class='ocrx_word' id='word_1_395' title='bbox 1138 3139 1426 3210; x_wconf 75' lang='lat' dir='ltr'><strong>refugium,</strong></span> <span class='ocrx_word' id='word_1_396' title='bbox 1467 3159 1484 3190; x_wconf 78' lang='grc' dir='ltr'><strong>ι</strong></span> <span class='ocrx_word' id='word_1_397' title='bbox 1517 3150 1572 3196; x_wconf 91' lang='grc' dir='ltr'><strong>ει</strong></span> <span class='ocrx_word' id='word_1_398' title='bbox 1624 3141 1728 3196; x_wconf 90' lang='lat' dir='ltr'><strong>illis</strong></span> <span class='ocrx_word' id='word_1_399' title='bbox 1765 3163 1783 3194; x_wconf 78' lang='grc' dir='ltr'><strong>ι</strong></span> <span class='ocrx_word' id='word_1_400' title='bbox 1811 3144 1901 3211; x_wconf 89' lang='lat' dir='ltr'><strong>qui</strong></span> <span class='ocrx_word' id='word_1_401' title='bbox 1953 3142 2119 3198; x_wconf 76' lang='lat' dir='ltr'><strong>emin-</strong></span> 
     </span>
    </p>
   </div>
   <div class='ocr_carea' id='block_1_47' title="bbox 546 3203 2191 3294">
    <p class='ocr_par' dir='ltr' id='par_1_47' title="bbox 546 3203 2191 3294">
     <span class='ocr_line' id='line_1_47' title="bbox 546 3203 2191 3294; baseline 0.007 -18"><span class='ocrx_word' id='word_1_402' title='bbox 546 3223 681 3278; x_wconf 91' lang='lat' dir='ltr'><strong>dunt</strong></span> <span class='ocrx_word' id='word_1_403' title='bbox 732 3227 1043 3294; x_wconf 78' lang='lat' dir='ltr'><strong>sanguinem</strong></span> <span class='ocrx_word' id='word_1_404' title='bbox 1086 3203 1379 3294; x_wconf 71' lang='lat' dir='ltr'><strong>justorum,</strong></span> <span class='ocrx_word' id='word_1_405' title='bbox 1471 3231 1657 3286; x_wconf 87' lang='lat' dir='ltr'><strong>reddet</strong></span> <span class='ocrx_word' id='word_1_406' title='bbox 1703 3203 1962 3287; x_wconf 44' lang='lat' dir='ltr'><strong>Dom-inus</strong></span> <span class='ocrx_word' id='word_1_407' title='bbox 2012 3233 2116 3287; x_wconf 90' lang='lat' dir='ltr'><strong>ini-</strong></span> <span class='ocrx_word' id='word_1_408' title='bbox 2148 3203 2191 3265; x_wconf 66' lang='grc' dir='ltr'>Ο</span> 
     </span>
    </p>
   </div>
   <div class='ocr_carea' id='block_1_48' title="bbox 541 3315 2119 3392">
    <p class='ocr_par' dir='ltr' id='par_1_48' title="bbox 541 3315 2119 3392">
     <span class='ocr_line' id='line_1_48' title="bbox 541 3315 2119 3392; baseline 0.009 -26"><span class='ocrx_word' id='word_1_409' title='bbox 541 3315 801 3383; x_wconf 85' lang='lat' dir='ltr'><strong>quitatem</strong></span> <span class='ocrx_word' id='word_1_410' title='bbox 830 3317 1088 3385; x_wconf 87' lang='lat' dir='ltr'><strong>ipsorum,</strong></span> <span class='ocrx_word' id='word_1_411' title='bbox 1129 3339 1146 3370; x_wconf 80' lang='grc' dir='ltr'><strong>ι</strong></span> <span class='ocrx_word' id='word_1_412' title='bbox 1180 3319 1234 3372; x_wconf 90' lang='lat' dir='ltr'><strong>id</strong></span> <span class='ocrx_word' id='word_1_413' title='bbox 1267 3329 1369 3388; x_wconf 89' lang='lat' dir='ltr'><strong>est,</strong></span> <span class='ocrx_word' id='word_1_414' title='bbox 1404 3333 1565 3391; x_wconf 89' lang='lat' dir='ltr'><strong>prout</strong></span> <span class='ocrx_word' id='word_1_415' title='bbox 1609 3332 1916 3392; x_wconf 85' lang='lat' dir='ltr'><strong>gesserunt,</strong></span> <span class='ocrx_word' id='word_1_416' title='bbox 1957 3326 2119 3380; x_wconf 81' lang='lat' dir='ltr'><strong>retri-</strong></span> 
     </span>
    </p>
   </div>
   <div class='ocr_carea' id='block_1_49' title="bbox 541 3406 2120 3486">
    <p class='ocr_par' dir='ltr' id='par_1_49' title="bbox 541 3406 2120 3486">
     <span class='ocr_line' id='line_1_49' title="bbox 541 3406 2120 3486; baseline 0.009 -27"><span class='ocrx_word' id='word_1_417' title='bbox 541 3406 671 3460; x_wconf 90' lang='lat' dir='ltr'><strong>buet</strong></span> <span class='ocrx_word' id='word_1_418' title='bbox 715 3406 812 3461; x_wconf 91' lang='lat' dir='ltr'><strong>eis.</strong></span> <span class='ocrx_word' id='word_1_419' title='bbox 845 3408 996 3464; x_wconf 91' lang='lat' dir='ltr'><strong>Dicet</strong></span> <span class='ocrx_word' id='word_1_420' title='bbox 1037 3410 1231 3480; x_wconf 89' lang='lat' dir='ltr'><strong>aliquis</strong></span> <span class='ocrx_word' id='word_1_421' title='bbox 1259 3429 1272 3467; x_wconf 89' lang='lat'><strong>:</strong></span> <span class='ocrx_word' id='word_1_422' title='bbox 1299 3411 1413 3468; x_wconf 79' lang='lat' dir='ltr'><strong>Non</strong></span> <span class='ocrx_word' id='word_1_423' title='bbox 1452 3415 1639 3469; x_wconf 90' lang='lat' dir='ltr'><strong>reddet</strong></span> <span class='ocrx_word' id='word_1_424' title='bbox 1681 3415 1761 3470; x_wconf 89' lang='lat' dir='ltr'><strong>eis</strong></span> <span class='ocrx_word' id='word_1_425' title='bbox 1794 3416 1956 3481; x_wconf 90' lang='lat' dir='ltr'><strong>mala,</strong></span> <span class='ocrx_word' id='word_1_426' title='bbox 1994 3418 2120 3486; x_wconf 83' lang='lat' dir='ltr'><strong>quia</strong></span> 
     </span>
    </p>
   </div>
   <div class='ocr_carea' id='block_1_50' title="bbox 542 3493 2116 3573">
    <p class='ocr_par' dir='ltr' id='par_1_50' title="bbox 542 3493 2116 3573">
     <span class='ocr_line' id='line_1_50' title="bbox 542 3493 2116 3573; baseline 0.01 -27"><span class='ocrx_word' id='word_1_427' title='bbox 542 3493 796 3564; x_wconf 86' lang='lat' dir='ltr'><strong>iniquitas</strong></span> <span class='ocrx_word' id='word_1_428' title='bbox 810 3511 997 3553; x_wconf 91' lang='lat' dir='ltr'><strong>eorum</strong></span> <span class='ocrx_word' id='word_1_429' title='bbox 1016 3499 1216 3566; x_wconf 86' lang='lat' dir='ltr'><strong>profuit</strong></span> <span class='ocrx_word' id='word_1_430' title='bbox 1233 3503 1464 3568; x_wconf 90' lang='lat' dir='ltr'><strong>sanctis;</strong></span> <span class='ocrx_word' id='word_1_431' title='bbox 1494 3505 1781 3573; x_wconf 89' lang='lat' dir='ltr'><strong>respondet</strong></span> <span class='ocrx_word' id='word_1_432' title='bbox 1812 3524 1824 3559; x_wconf 88' lang='lat'><strong>:</strong></span> <span class='ocrx_word' id='word_1_433' title='bbox 1850 3505 1967 3561; x_wconf 84' lang='lat' dir='ltr'><strong>Non</strong></span> <span class='ocrx_word' id='word_1_434' title='bbox 1993 3508 2116 3562; x_wconf 82' lang='lat' dir='ltr'><strong>red-</strong></span> 
     </span>
    </p>
   </div>
   <div class='ocr_carea' id='block_1_51' title="bbox 543 3583 2119 3664">
    <p class='ocr_par' dir='ltr' id='par_1_51' title="bbox 543 3583 2119 3664">
     <span class='ocr_line' id='line_1_51' title="bbox 543 3583 2119 3664; baseline 0.01 -27"><span class='ocrx_word' id='word_1_435' title='bbox 543 3583 634 3638; x_wconf 90' lang='lat' dir='ltr'><strong>det</strong></span> <span class='ocrx_word' id='word_1_436' title='bbox 653 3586 945 3641; x_wconf 86' lang='lat' dir='ltr'><strong>secundum</strong></span> <span class='ocrx_word' id='word_1_437' title='bbox 969 3589 1072 3642; x_wconf 93' lang='lat' dir='ltr'><strong>hoc</strong></span> <span class='ocrx_word' id='word_1_438' title='bbox 1100 3591 1242 3657; x_wconf 90' lang='lat' dir='ltr'><strong>quod</strong></span> <span class='ocrx_word' id='word_1_439' title='bbox 1271 3591 1474 3659; x_wconf 81' lang='lat' dir='ltr'><strong>profuit</strong></span> <span class='ocrx_word' id='word_1_440' title='bbox 1506 3594 1761 3664; x_wconf 86' lang='lat' dir='ltr'><strong>iniquitas</strong></span> <span class='ocrx_word' id='word_1_441' title='bbox 1784 3611 1997 3662; x_wconf 89' lang='lat' dir='ltr'><strong>eorum,</strong></span> <span class='ocrx_word' id='word_1_442' title='bbox 2025 3599 2119 3652; x_wconf 90' lang='lat' dir='ltr'><strong>sed</strong></span> 
     </span>
    </p>
   </div>
   <div class='ocr_carea' id='block_1_52' title="bbox 545 3675 2122 3754">
    <p class='ocr_par' dir='ltr' id='par_1_52' title="bbox 545 3675 2122 3754">
     <span class='ocr_line' id='line_1_52' title="bbox 545 3675 2122 3754; baseline 0.01 -27"><span class='ocrx_word' id='word_1_443' title='bbox 545 3675 839 3730; x_wconf 85' lang='lat' dir='ltr'><strong>secundum</strong></span> <span class='ocrx_word' id='word_1_444' title='bbox 866 3677 1061 3733; x_wconf 92' lang='lat' dir='ltr'><strong>malam</strong></span> <span class='ocrx_word' id='word_1_445' title='bbox 1109 3680 1460 3738; x_wconf 89' lang='lat' dir='ltr'><strong>intentionem</strong></span> <span class='ocrx_word' id='word_1_446' title='bbox 1490 3685 1750 3754; x_wconf 89' lang='lat' dir='ltr'><strong>ipsorum,</strong></span> <span class='ocrx_word' id='word_1_447' title='bbox 1790 3695 1844 3741; x_wconf 84' lang='grc' dir='ltr'><strong>ει</strong></span> <span class='ocrx_word' id='word_1_448' title='bbox 1892 3689 1994 3744; x_wconf 93' lang='lat' dir='ltr'><strong>hoc</strong></span> <span class='ocrx_word' id='word_1_449' title='bbox 2037 3698 2122 3745; x_wconf 91' lang='lat' dir='ltr'><strong>est</strong></span> 
     </span>
    </p>
   </div>
   <div class='ocr_carea' id='block_1_53' title="bbox 541 3766 2118 3844">
    <p class='ocr_par' dir='ltr' id='par_1_53' title="bbox 541 3766 2118 3844">
     <span class='ocr_line' id='line_1_53' title="bbox 541 3766 2118 3844; baseline 0.011 -27"><span class='ocrx_word' id='word_1_450' title='bbox 541 3766 684 3832; x_wconf 89' lang='lat' dir='ltr'><strong>quod</strong></span> <span class='ocrx_word' id='word_1_451' title='bbox 708 3767 838 3821; x_wconf 92' lang='lat' dir='ltr'><strong>dicit</strong></span> <span class='ocrx_word' id='word_1_452' title='bbox 867 3786 880 3821; x_wconf 92' lang='lat'>:</span> <span class='ocrx_word' id='word_1_453' title='bbox 920 3787 940 3820; x_wconf 75' lang='grc' dir='ltr'><strong>ι</strong></span> <span class='ocrx_word' id='word_1_454' title='bbox 975 3778 1030 3824; x_wconf 91' lang='grc' dir='ltr'><strong>ει</strong></span> <span class='ocrx_word' id='word_1_455' title='bbox 1054 3771 1108 3824; x_wconf 89' lang='lat' dir='ltr'><strong>in</strong></span> <span class='ocrx_word' id='word_1_456' title='bbox 1135 3773 1336 3828; x_wconf 77' lang='lat' dir='ltr'><strong>malitia</strong></span> <span class='ocrx_word' id='word_1_457' title='bbox 1365 3787 1554 3830; x_wconf 88' lang='lat' dir='ltr'><strong>eorum</strong></span> <span class='ocrx_word' id='word_1_458' title='bbox 1577 3815 1591 3842; x_wconf 92' lang='lat'><strong>,</strong></span> <span class='ocrx_word' id='word_1_459' title='bbox 1631 3798 1649 3830; x_wconf 74' lang='grc' dir='ltr'><strong>ι</strong></span> <span class='ocrx_word' id='word_1_460' title='bbox 1686 3779 1739 3833; x_wconf 91' lang='lat' dir='ltr'><strong>id</strong></span> <span class='ocrx_word' id='word_1_461' title='bbox 1782 3786 1884 3844; x_wconf 91' lang='lat' dir='ltr'><strong>est,</strong></span> <span class='ocrx_word' id='word_1_462' title='bbox 1919 3780 2118 3834; x_wconf 87' lang='lat' dir='ltr'><strong>malam</strong></span> 
     </span>
    </p>
   </div>
   <div class='ocr_carea' id='block_1_54' title="bbox 541 3859 2118 3941">
    <p class='ocr_par' dir='ltr' id='par_1_54' title="bbox 541 3859 2118 3941">
     <span class='ocr_line' id='line_1_54' title="bbox 541 3859 2118 3941; baseline 0.01 -30"><span class='ocrx_word' id='word_1_463' title='bbox 541 3859 894 3915; x_wconf 90' lang='lat' dir='ltr'><strong>intentionem</strong></span> <span class='ocrx_word' id='word_1_464' title='bbox 913 3863 1173 3932; x_wconf 87' lang='lat' dir='ltr'><strong>ipsorum,</strong></span> <span class='ocrx_word' id='word_1_465' title='bbox 1207 3883 1226 3917; x_wconf 72' lang='grc' dir='ltr'><strong>ε</strong></span> <span class='ocrx_word' id='word_1_466' title='bbox 1262 3865 1535 3937; x_wconf 87' lang='lat' dir='ltr'><strong>disperdet</strong></span> <span class='ocrx_word' id='word_1_467' title='bbox 1561 3885 1675 3936; x_wconf 92' lang='lat' dir='ltr'><strong>eos,</strong></span> <span class='ocrx_word' id='word_1_468' title='bbox 1701 3872 1974 3941; x_wconf 88' lang='lat' dir='ltr'><strong>disperdet</strong></span> <span class='ocrx_word' id='word_1_469' title='bbox 2002 3872 2118 3928; x_wconf 90' lang='lat' dir='ltr'><strong>illos</strong></span> 
     </span>
    </p>
   </div>
   <div class='ocr_carea' id='block_1_55' title="bbox 540 3947 2111 4033">
    <p class='ocr_par' dir='ltr' id='par_1_55' title="bbox 540 3947 2111 4033">
     <span class='ocr_line' id='line_1_55' title="bbox 540 3947 2111 4033; baseline 0.011 -33"><span class='ocrx_word' id='word_1_470' title='bbox 540 3947 801 4005; x_wconf 86' lang='lat' dir='ltr'><strong>Dominus</strong></span> <span class='ocrx_word' id='word_1_471' title='bbox 837 3951 978 4006; x_wconf 87' lang='lat' dir='ltr'><strong>Deus</strong></span> <span class='ocrx_word' id='word_1_472' title='bbox 1023 3963 1238 4019; x_wconf 81' lang='lat' dir='ltr'><strong>noster;</strong></span> <span class='ocrx_word' id='word_1_473' title='bbox 1271 3977 1290 4009; x_wconf 72' lang='grc' dir='ltr'><strong>ι</strong></span> <span class='ocrx_word' id='word_1_474' title='bbox 1327 3958 1410 4012; x_wconf 84' lang='lat' dir='ltr'><strong>bis</strong></span> <span class='ocrx_word' id='word_1_475' title='bbox 1455 3959 1682 4016; x_wconf 88' lang='lat' dir='ltr'><strong>dicendo</strong></span> <span class='ocrx_word' id='word_1_476' title='bbox 1710 3981 1727 4012; x_wconf 86' lang='grc'>‹</span> <span class='ocrx_word' id='word_1_477' title='bbox 1767 3963 2055 4033; x_wconf 74' lang='lat' dir='ltr'><strong>disperdat,</strong></span> <span class='ocrx_word' id='word_1_478' title='bbox 2094 3987 2111 4017; x_wconf 75' lang='grc' dir='ltr'><strong>ι</strong></span> 
     </span>
    </p>
   </div>
   <div class='ocr_carea' id='block_1_56' title="bbox 541 4042 1807 4115">
    <p class='ocr_par' dir='ltr' id='par_1_56' title="bbox 541 4042 1807 4115">
     <span class='ocr_line' id='line_1_56' title="bbox 541 4042 1807 4115; baseline 0.011 -23"><span class='ocrx_word' id='word_1_479' title='bbox 541 4050 720 4096; x_wconf 89' lang='lat' dir='ltr'><strong>certos</strong></span> <span class='ocrx_word' id='word_1_480' title='bbox 750 4057 848 4097; x_wconf 87' lang='lat' dir='ltr'><strong>nos</strong></span> <span class='ocrx_word' id='word_1_481' title='bbox 878 4042 945 4095; x_wconf 93' lang='lat' dir='ltr'><strong>de</strong></span> <span class='ocrx_word' id='word_1_482' title='bbox 974 4058 1160 4098; x_wconf 89' lang='lat' dir='ltr'><strong>eorum</strong></span> <span class='ocrx_word' id='word_1_483' title='bbox 1183 4047 1483 4115; x_wconf 87' lang='lat' dir='ltr'><strong>perditione</strong></span> <span class='ocrx_word' id='word_1_484' title='bbox 1511 4053 1807 4108; x_wconf 88' lang='lat' dir='ltr'><strong>constituit.</strong></span> 
     </span>
    </p>
   </div>
   <div class='ocr_carea' id='block_1_57' title="bbox 993 4171 1654 4237">
    <p class='ocr_par' dir='ltr' id='par_1_57' title="bbox 993 4171 1654 4237">
     <span class='ocr_line' id='line_1_57' title="bbox 993 4171 1654 4237; baseline 0.015 -10"><span class='ocrx_word' id='word_1_485' title='bbox 993 4171 1061 4227; x_wconf 84' lang='lat' dir='ltr'><strong>IN</strong></span> <span class='ocrx_word' id='word_1_486' title='bbox 1102 4174 1434 4234; x_wconf 83' lang='lat' dir='ltr'><strong>PSALMUM</strong></span> <span class='ocrx_word' id='word_1_487' title='bbox 1473 4179 1654 4237; x_wconf 80' lang='lat' dir='ltr'><strong>XCIV.</strong></span> 
     </span>
    </p>
   </div>
   <div class='ocr_carea' id='block_1_58' title="bbox 827 4282 1828 4363">
    <p class='ocr_par' dir='ltr' id='par_1_58' title="bbox 827 4282 1828 4363">
     <span class='ocr_line' id='line_1_58' title="bbox 827 4282 1828 4363; baseline 0.014 -28"><span class='ocrx_word' id='word_1_488' title='bbox 827 4282 1083 4338; x_wconf 81' lang='lat' dir='ltr'><strong>TITULUS.</strong></span> <span class='ocrx_word' id='word_1_489' title='bbox 1116 4284 1255 4341; x_wconf 82' lang='lat' dir='ltr'><strong>Laus</strong></span> <span class='ocrx_word' id='word_1_490' title='bbox 1294 4291 1481 4344; x_wconf 82' lang='lat' dir='ltr'><strong>cantici</strong></span> <span class='ocrx_word' id='word_1_491' title='bbox 1513 4293 1618 4363; x_wconf 82' lang='lat' dir='ltr'><strong>ipse</strong></span> <span class='ocrx_word' id='word_1_492' title='bbox 1643 4293 1828 4349; x_wconf 80' lang='lat' dir='ltr'><strong>David.</strong></span> 
     </span>
    </p>
   </div>
   <div class='ocr_carea' id='block_1_59' title="bbox 621 4391 2118 4464">
    <p class='ocr_par' dir='ltr' id='par_1_59' title="bbox 621 4391 2118 4464">
     <span class='ocr_line' id='line_1_59' title="bbox 621 4391 2118 4464; baseline 0.015 -21"><span class='ocrx_word' id='word_1_493' title='bbox 621 4409 640 4442; x_wconf 79' lang='grc' dir='ltr'><strong>ι</strong></span> <span class='ocrx_word' id='word_1_494' title='bbox 669 4391 878 4458; x_wconf 84' lang='lat' dir='ltr'><strong>Venite,</strong></span> <span class='ocrx_word' id='word_1_495' title='bbox 905 4397 1235 4453; x_wconf 85' lang='lat' dir='ltr'><strong>exsultemus</strong></span> <span class='ocrx_word' id='word_1_496' title='bbox 1260 4399 1504 4456; x_wconf 82' lang='lat' dir='ltr'><strong>Domino.</strong></span> <span class='ocrx_word' id='word_1_497' title='bbox 1541 4423 1559 4454; x_wconf 79' lang='grc' dir='ltr'><strong>ι</strong></span> <span class='ocrx_word' id='word_1_498' title='bbox 1589 4405 1836 4462; x_wconf 86' lang='lat' dir='ltr'><strong>Psalmus</strong></span> <span class='ocrx_word' id='word_1_499' title='bbox 1862 4409 1964 4464; x_wconf 89' lang='lat' dir='ltr'><strong>iste</strong></span> <span class='ocrx_word' id='word_1_500' title='bbox 1991 4425 2118 4464; x_wconf 36' lang='lat' dir='ltr'><strong>cans</strong></span> 
     </span>
    </p>
   </div>
   <div class='ocr_carea' id='block_1_60' title="bbox 542 4485 2115 4568">
    <p class='ocr_par' dir='ltr' id='par_1_60' title="bbox 542 4485 2115 4568">
     <span class='ocr_line' id='line_1_60' title="bbox 542 4485 2115 4568; baseline 0.011 -29"><span class='ocrx_word' id='word_1_501' title='bbox 542 4485 708 4539; x_wconf 89' lang='lat' dir='ltr'><strong>ticum</strong></span> <span class='ocrx_word' id='word_1_502' title='bbox 737 4485 956 4553; x_wconf 90' lang='lat' dir='ltr'><strong>dicitur,</strong></span> <span class='ocrx_word' id='word_1_503' title='bbox 983 4491 1106 4556; x_wconf 89' lang='lat' dir='ltr'><strong>quia</strong></span> <span class='ocrx_word' id='word_1_504' title='bbox 1134 4494 1383 4560; x_wconf 87' lang='lat' dir='ltr'><strong>proponit</strong></span> <span class='ocrx_word' id='word_1_505' title='bbox 1412 4495 1566 4550; x_wconf 88' lang='lat' dir='ltr'><strong>nobis</strong></span> <span class='ocrx_word' id='word_1_506' title='bbox 1591 4513 1839 4568; x_wconf 80' lang='lat' dir='ltr'><strong>magnam</strong></span> <span class='ocrx_word' id='word_1_507' title='bbox 1878 4502 2115 4556; x_wconf 80' lang='lat' dir='ltr'><strong>exsulta-</strong></span> 
     </span>
    </p>
   </div>
   <div class='ocr_carea' id='block_1_61' title="bbox 543 4576 2114 4658">
    <p class='ocr_par' dir='ltr' id='par_1_61' title="bbox 543 4576 2114 4658">
     <span class='ocr_line' id='line_1_61' title="bbox 543 4576 2114 4658; baseline 0.012 -30"><span class='ocrx_word' id='word_1_508' title='bbox 543 4576 765 4641; x_wconf 89' lang='lat' dir='ltr'><strong>tionem,</strong></span> <span class='ocrx_word' id='word_1_509' title='bbox 816 4577 1022 4633; x_wconf 89' lang='lat' dir='ltr'><strong>scilicet</strong></span> <span class='ocrx_word' id='word_1_510' title='bbox 1056 4589 1263 4651; x_wconf 90' lang='lat' dir='ltr'><strong>tempus</strong></span> <span class='ocrx_word' id='word_1_511' title='bbox 1305 4587 1510 4654; x_wconf 72' lang='lat' dir='ltr'><strong>gratiaz,</strong></span> <span class='ocrx_word' id='word_1_512' title='bbox 1563 4589 1619 4642; x_wconf 89' lang='lat' dir='ltr'><strong>in</strong></span> <span class='ocrx_word' id='word_1_513' title='bbox 1660 4606 1768 4658; x_wconf 89' lang='lat' dir='ltr'><strong>quo</strong></span> <span class='ocrx_word' id='word_1_514' title='bbox 1815 4591 1870 4644; x_wconf 91' lang='lat' dir='ltr'><strong>in</strong></span> <span class='ocrx_word' id='word_1_515' title='bbox 1915 4600 2114 4647; x_wconf 88' lang='lat' dir='ltr'><strong>terram</strong></span> 
     </span>
    </p>
   </div>
   <div class='ocr_carea' id='block_1_62' title="bbox 539 4666 2112 4745">
    <p class='ocr_par' dir='ltr' id='par_1_62' title="bbox 539 4666 2112 4745">
     <span class='ocr_line' id='line_1_62' title="bbox 539 4666 2112 4745; baseline 0.012 -28"><span class='ocrx_word' id='word_1_516' title='bbox 539 4666 933 4733; x_wconf 88' lang='lat' dir='ltr'><strong>promissionis,</strong></span> <span class='ocrx_word' id='word_1_517' title='bbox 966 4669 1216 4726; x_wconf 87' lang='lat' dir='ltr'><strong>videlicet</strong></span> <span class='ocrx_word' id='word_1_518' title='bbox 1259 4673 1310 4726; x_wconf 90' lang='lat' dir='ltr'><strong>in</strong></span> <span class='ocrx_word' id='word_1_519' title='bbox 1347 4677 1584 4744; x_wconf 90' lang='lat' dir='ltr'><strong>requiem</strong></span> <span class='ocrx_word' id='word_1_520' title='bbox 1616 4687 1894 4745; x_wconf 82' lang='lat' dir='ltr'><strong>aeternam,</strong></span> <span class='ocrx_word' id='word_1_521' title='bbox 1941 4682 2112 4736; x_wconf 90' lang='lat' dir='ltr'><strong>intra-</strong></span> 
     </span>
    </p>
   </div>
   <div class='ocr_carea' id='block_1_63' title="bbox 544 4757 2110 4839">
    <p class='ocr_par' dir='ltr' id='par_1_63' title="bbox 544 4757 2110 4839">
     <span class='ocr_line' id='line_1_63' title="bbox 544 4757 2110 4839; baseline 0.012 -30"><span class='ocrx_word' id='word_1_522' title='bbox 544 4765 650 4839; x_wconf 67' lang='lat' dir='ltr'><strong>tur.</strong></span> <span class='ocrx_word' id='word_1_523' title='bbox 686 4757 892 4812; x_wconf 89' lang='lat' dir='ltr'><strong>Dicitur</strong></span> <span class='ocrx_word' id='word_1_524' title='bbox 926 4779 943 4810; x_wconf 74' lang='grc' dir='ltr'>ί</span> <span class='ocrx_word' id='word_1_525' title='bbox 979 4761 1114 4827; x_wconf 90' lang='lat' dir='ltr'><strong>laus,</strong></span> <span class='ocrx_word' id='word_1_526' title='bbox 1154 4784 1172 4815; x_wconf 74' lang='grc' dir='ltr'><strong>ι</strong></span> <span class='ocrx_word' id='word_1_527' title='bbox 1205 4766 1330 4833; x_wconf 86' lang='lat' dir='ltr'><strong>quia</strong></span> <span class='ocrx_word' id='word_1_528' title='bbox 1359 4767 1640 4824; x_wconf 84' lang='lat' dir='ltr'><strong>laudabilis</strong></span> <span class='ocrx_word' id='word_1_529' title='bbox 1669 4770 1756 4825; x_wconf 91' lang='lat' dir='ltr'><strong>ille</strong></span> <span class='ocrx_word' id='word_1_530' title='bbox 1788 4773 2110 4839; x_wconf 87' lang='lat' dir='ltr'><strong>ostenditur,</strong></span> 
     </span>
    </p>
   </div>
   <div class='ocr_carea' id='block_1_64' title="bbox 541 4827 2112 4931">
    <p class='ocr_par' dir='ltr' id='par_1_64' title="bbox 541 4827 2112 4931">
     <span class='ocr_line' id='line_1_64' title="bbox 541 4827 2112 4931; baseline 0.011 -32"><span class='ocrx_word' id='word_1_531' title='bbox 541 4827 639 4918; x_wconf 50' lang='lat' dir='ltr'><strong>p’er</strong></span> <span class='ocrx_word' id='word_1_532' title='bbox 662 4863 822 4917; x_wconf 89' lang='lat' dir='ltr'><strong>quem</strong></span> <span class='ocrx_word' id='word_1_533' title='bbox 848 4852 1025 4906; x_wconf 88' lang='lat' dir='ltr'><strong>aditus</strong></span> <span class='ocrx_word' id='word_1_534' title='bbox 1053 4827 1287 4909; x_wconf 77' lang='lat' dir='ltr'><strong>intrandi</strong></span> <span class='ocrx_word' id='word_1_535' title='bbox 1313 4857 1364 4908; x_wconf 90' lang='lat' dir='ltr'><strong>in</strong></span> <span class='ocrx_word' id='word_1_536' title='bbox 1396 4859 1634 4927; x_wconf 87' lang='lat' dir='ltr'><strong>requiem</strong></span> <span class='ocrx_word' id='word_1_537' title='bbox 1665 4861 1816 4914; x_wconf 92' lang='lat' dir='ltr'><strong>nobis</strong></span> <span class='ocrx_word' id='word_1_538' title='bbox 1846 4877 2112 4931; x_wconf 65' lang='lat' dir='ltr'><strong>praepara-</strong></span> 
     </span>
    </p>
   </div>
   <div class='ocr_carea' id='block_1_65' title="bbox 542 4938 2110 5018">
    <p class='ocr_par' dir='ltr' id='par_1_65' title="bbox 542 4938 2110 5018">
     <span class='ocr_line' id='line_1_65' title="bbox 542 4938 2110 5018; baseline 0.01 -27"><span class='ocrx_word' id='word_1_539' title='bbox 542 4945 664 4991; x_wconf 90' lang='lat' dir='ltr'><strong>tur:</strong></span> <span class='ocrx_word' id='word_1_540' title='bbox 691 4953 811 5007; x_wconf 65' lang='lat' dir='ltr'><strong>quae</strong></span> <span class='ocrx_word' id='word_1_541' title='bbox 850 4938 967 4995; x_wconf 91' lang='lat' dir='ltr'><strong>laus</strong></span> <span class='ocrx_word' id='word_1_542' title='bbox 1005 4944 1221 5008; x_wconf 89' lang='lat' dir='ltr'><strong>cantici,</strong></span> <span class='ocrx_word' id='word_1_543' title='bbox 1271 4945 1324 4998; x_wconf 92' lang='lat' dir='ltr'><strong>id</strong></span> <span class='ocrx_word' id='word_1_544' title='bbox 1371 4955 1475 5012; x_wconf 89' lang='lat' dir='ltr'><strong>est,</strong></span> <span class='ocrx_word' id='word_1_545' title='bbox 1528 4947 1790 5004; x_wconf 88' lang='lat' dir='ltr'><strong>laudabile</strong></span> <span class='ocrx_word' id='word_1_546' title='bbox 1821 4953 2110 5018; x_wconf 85' lang='lat' dir='ltr'><strong>canticum,</strong></span> 
     </span>
    </p>
   </div>
   <div class='ocr_carea' id='block_1_66' title="bbox 539 5029 2108 5109">
    <p class='ocr_par' dir='ltr' id='par_1_66' title="bbox 539 5029 2108 5109">
     <span class='ocr_line' id='line_1_66' title="bbox 539 5029 2108 5109; baseline 0.011 -29"><span class='ocrx_word' id='word_1_547' title='bbox 539 5029 791 5083; x_wconf 82' lang='lat' dir='ltr'><strong>convenit</strong></span> <span class='ocrx_word' id='word_1_548' title='bbox 826 5029 993 5085; x_wconf 86' lang='lat' dir='ltr'><strong>David</strong></span> <span class='ocrx_word' id='word_1_549' title='bbox 1024 5032 1327 5101; x_wconf 67' lang='lat' dir='ltr'><strong>Prophetze,</strong></span> <span class='ocrx_word' id='word_1_550' title='bbox 1351 5037 1441 5104; x_wconf 90' lang='lat' dir='ltr'><strong>qui</strong></span> <span class='ocrx_word' id='word_1_551' title='bbox 1471 5038 1559 5092; x_wconf 90' lang='lat' dir='ltr'><strong>hic</strong></span> <span class='ocrx_word' id='word_1_552' title='bbox 1587 5038 1860 5109; x_wconf 77' lang='lat' dir='ltr'><strong>loquitur.’</strong></span> <span class='ocrx_word' id='word_1_553' title='bbox 1887 5041 2108 5098; x_wconf 80' lang='lat' dir='ltr'><strong>Materia</strong></span> 
     </span>
    </p>
   </div>
   <div class='ocr_carea' id='block_1_67' title="bbox 2141 4549 2193 4609">
    <p class='ocr_par' dir='ltr' id='par_1_67' title="bbox 2141 4549 2193 4609">
     <span class='ocr_line' id='line_1_67' title="bbox 2141 4549 2193 4609; baseline 0 0"><span class='ocrx_word' id='word_1_554' title='bbox 2141 4549 2193 4609; x_wconf 92' lang='lat' dir='ltr'><strong>D</strong></span> 
     </span>
    </p>
   </div>
   <div class='ocr_carea' id='block_1_68' title="bbox 2221 1955 3756 2036">
    <p class='ocr_par' dir='ltr' id='par_1_68' title="bbox 2221 1955 3756 2036">
     <span class='ocr_line' id='line_1_68' title="bbox 2221 1955 3756 2036; baseline 0.012 -27"><span class='ocrx_word' id='word_1_555' title='bbox 2221 1955 2393 2013; x_wconf 88' lang='lat' dir='ltr'><strong>lemus</strong></span> <span class='ocrx_word' id='word_1_556' title='bbox 2423 1960 2494 2023; x_wconf 92' lang='lat' dir='ltr'><strong>ei,</strong></span> <span class='ocrx_word' id='word_1_557' title='bbox 2527 1978 2547 2011; x_wconf 71' lang='lat' dir='ltr'><strong>i</strong></span> <span class='ocrx_word' id='word_1_558' title='bbox 2581 1960 2634 2014; x_wconf 90' lang='lat' dir='ltr'><strong>id</strong></span> <span class='ocrx_word' id='word_1_559' title='bbox 2660 1969 2764 2027; x_wconf 92' lang='grc' dir='ltr'>εει,</span> <span class='ocrx_word' id='word_1_560' title='bbox 2788 1962 3180 2030; x_wconf 87' lang='lat' dir='ltr'><strong>jucunditatem</strong></span> <span class='ocrx_word' id='word_1_561' title='bbox 3207 1983 3368 2036; x_wconf 91' lang='lat' dir='ltr'><strong>quam</strong></span> <span class='ocrx_word' id='word_1_562' title='bbox 3400 1978 3597 2024; x_wconf 87' lang='lat' dir='ltr'><strong>mente</strong></span> <span class='ocrx_word' id='word_1_563' title='bbox 3626 1974 3756 2028; x_wconf 73' lang='lat' dir='ltr'><strong>conci-</strong></span> 
     </span>
    </p>
   </div>
   <div class='ocr_carea' id='block_1_69' title="bbox 2220 2048 3366 2122">
    <p class='ocr_par' dir='ltr' id='par_1_69' title="bbox 2220 2048 3366 2122">
     <span class='ocr_line' id='line_1_69' title="bbox 2220 2048 3366 2122; baseline 0.01 -21"><span class='ocrx_word' id='word_1_564' title='bbox 2220 2048 2417 2117; x_wconf 87' lang='lat' dir='ltr'><strong>pimus,</strong></span> <span class='ocrx_word' id='word_1_565' title='bbox 2445 2049 2599 2104; x_wconf 91' lang='lat' dir='ltr'><strong>bonis</strong></span> <span class='ocrx_word' id='word_1_566' title='bbox 2621 2053 3024 2120; x_wconf 88' lang='lat' dir='ltr'><strong>operationibus</strong></span> <span class='ocrx_word' id='word_1_567' title='bbox 3041 2053 3366 2122; x_wconf 87' lang='lat' dir='ltr'><strong>judicemus.</strong></span> 
     </span>
    </p>
   </div>
   <div class='ocr_carea' id='block_1_70' title="bbox 2292 2139 3757 2226">
    <p class='ocr_par' dir='ltr' id='par_1_70' title="bbox 2292 2139 3757 2226">
     <span class='ocr_line' id='line_1_70' title="bbox 2292 2139 3757 2226; baseline 0.014 -35"><span class='ocrx_word' id='word_1_568' title='bbox 2292 2139 2414 2192; x_wconf 89' lang='lat' dir='ltr'><strong>Ideo</strong></span> <span class='ocrx_word' id='word_1_569' title='bbox 2442 2140 2700 2196; x_wconf 89' lang='lat' dir='ltr'><strong>debemus</strong></span> <span class='ocrx_word' id='word_1_570' title='bbox 2722 2143 2772 2196; x_wconf 91' lang='lat' dir='ltr'><strong>ei</strong></span> <span class='ocrx_word' id='word_1_571' title='bbox 2791 2141 3026 2211; x_wconf 89' lang='lat' dir='ltr'><strong>jubilare</strong></span> <span class='ocrx_word' id='word_1_572' title='bbox 3046 2155 3103 2200; x_wconf 90' lang='grc' dir='ltr'><strong>ει</strong></span> <span class='ocrx_word' id='word_1_573' title='bbox 3121 2149 3397 2205; x_wconf 82' lang='lat' dir='ltr'><strong>exsultare</strong></span> <span class='ocrx_word' id='word_1_574' title='bbox 3429 2170 3449 2203; x_wconf 75' lang='grc' dir='ltr'><strong>ι</strong></span> <span class='ocrx_word' id='word_1_575' title='bbox 3485 2156 3620 2224; x_wconf 85' lang='lat' dir='ltr'><strong>quia</strong></span> <span class='ocrx_word' id='word_1_576' title='bbox 3646 2175 3661 2207; x_wconf 75' lang='grc' dir='ltr'><strong>ι</strong></span> <span class='ocrx_word' id='word_1_577' title='bbox 3684 2157 3757 2226; x_wconf 65' lang='lat' dir='ltr'><strong>ip:</strong></span> 
     </span>
    </p>
   </div>
   <div class='ocr_carea' id='block_1_71' title="bbox 2221 2232 3756 2315">
    <p class='ocr_par' dir='ltr' id='par_1_71' title="bbox 2221 2232 3756 2315">
     <span class='ocr_line' id='line_1_71' title="bbox 2221 2232 3756 2315; baseline 0.012 -31"><span class='ocrx_word' id='word_1_578' title='bbox 2221 2238 2305 2284; x_wconf 91' lang='lat' dir='ltr'><strong>est</strong></span> <span class='ocrx_word' id='word_1_579' title='bbox 2333 2249 2350 2280; x_wconf 78' lang='grc' dir='ltr'><strong>ι</strong></span> <span class='ocrx_word' id='word_1_580' title='bbox 2380 2232 2522 2286; x_wconf 92' lang='lat' dir='ltr'><strong>Deus</strong></span> <span class='ocrx_word' id='word_1_581' title='bbox 2549 2251 2566 2284; x_wconf 77' lang='grc' dir='ltr'><strong>ι</strong></span> <span class='ocrx_word' id='word_1_582' title='bbox 2596 2240 2800 2298; x_wconf 89' lang='lat' dir='ltr'><strong>noster,</strong></span> <span class='ocrx_word' id='word_1_583' title='bbox 2826 2234 2879 2289; x_wconf 94' lang='lat' dir='ltr'><strong>id</strong></span> <span class='ocrx_word' id='word_1_584' title='bbox 2903 2245 3006 2300; x_wconf 91' lang='lat' dir='ltr'><strong>est,</strong></span> <span class='ocrx_word' id='word_1_585' title='bbox 3035 2247 3246 2294; x_wconf 88' lang='lat' dir='ltr'><strong>creator</strong></span> <span class='ocrx_word' id='word_1_586' title='bbox 3271 2243 3526 2298; x_wconf 90' lang='lat' dir='ltr'><strong>omnium</strong></span> <span class='ocrx_word' id='word_1_587' title='bbox 3556 2265 3569 2299; x_wconf 94' lang='lat'>:</span> <span class='ocrx_word' id='word_1_588' title='bbox 3593 2247 3686 2315; x_wconf 87' lang='lat' dir='ltr'><strong>ipse</strong></span> <span class='ocrx_word' id='word_1_589' title='bbox 3703 2261 3756 2303; x_wconf 78' lang='lat' dir='ltr'><strong>est</strong></span> 
     </span>
    </p>
   </div>
   <div class='ocr_carea' id='block_1_72' title="bbox 2219 2319 3752 2400">
    <p class='ocr_par' dir='ltr' id='par_1_72' title="bbox 2219 2319 3752 2400">
     <span class='ocr_line' id='line_1_72' title="bbox 2219 2319 3752 2400; baseline 0.01 -26"><span class='ocrx_word' id='word_1_590' title='bbox 2219 2319 2384 2374; x_wconf 89' lang='lat' dir='ltr'><strong>etiam</strong></span> <span class='ocrx_word' id='word_1_591' title='bbox 2417 2338 2436 2372; x_wconf 84' lang='grc'><em>‹</em></span> <span class='ocrx_word' id='word_1_592' title='bbox 2466 2337 2724 2393; x_wconf 81' lang='lat' dir='ltr'><strong>magnus,</strong></span> <span class='ocrx_word' id='word_1_593' title='bbox 2766 2343 2785 2376; x_wconf 73' lang='grc' dir='ltr'><strong>ι</strong></span> <span class='ocrx_word' id='word_1_594' title='bbox 2824 2325 2880 2379; x_wconf 94' lang='lat' dir='ltr'><strong>id</strong></span> <span class='ocrx_word' id='word_1_595' title='bbox 2916 2335 3018 2391; x_wconf 79' lang='lat' dir='ltr'><strong>est,</strong></span> <span class='ocrx_word' id='word_1_596' title='bbox 3047 2330 3390 2400; x_wconf 87' lang='lat' dir='ltr'><strong>omnipotens</strong></span> <span class='ocrx_word' id='word_1_597' title='bbox 3418 2351 3438 2383; x_wconf 75' lang='grc' dir='ltr'><strong>ι</strong></span> <span class='ocrx_word' id='word_1_598' title='bbox 3469 2334 3752 2400; x_wconf 62' lang='lat' dir='ltr'><strong>Dominus,»</strong></span> 
     </span>
    </p>
   </div>
   <div class='ocr_carea' id='block_1_73' title="bbox 2220 2413 3756 2500">
    <p class='ocr_par' dir='ltr' id='par_1_73' title="bbox 2220 2413 3756 2500">
     <span class='ocr_line' id='line_1_73' title="bbox 2220 2413 3756 2500; baseline 0.013 -35"><span class='ocrx_word' id='word_1_599' title='bbox 2220 2413 2346 2482; x_wconf 90' lang='lat' dir='ltr'><strong>quia</strong></span> <span class='ocrx_word' id='word_1_600' title='bbox 2385 2415 2635 2471; x_wconf 87' lang='lat' dir='ltr'><strong>omnibus</strong></span> <span class='ocrx_word' id='word_1_601' title='bbox 2678 2417 2987 2473; x_wconf 89' lang='lat' dir='ltr'><strong>dominatur</strong></span> <span class='ocrx_word' id='word_1_602' title='bbox 3019 2437 3033 2474; x_wconf 88' lang='lat'><strong>:</strong></span> <span class='ocrx_word' id='word_1_603' title='bbox 3069 2437 3089 2471; x_wconf 78' lang='grc' dir='ltr'><strong>ι</strong></span> <span class='ocrx_word' id='word_1_604' title='bbox 3118 2431 3173 2476; x_wconf 90' lang='grc' dir='ltr'><strong>ει</strong></span> <span class='ocrx_word' id='word_1_605' title='bbox 3218 2439 3316 2478; x_wconf 74' lang='lat' dir='ltr'><strong>rex</strong></span> <span class='ocrx_word' id='word_1_606' title='bbox 3361 2441 3605 2496; x_wconf 79' lang='lat' dir='ltr'><strong>magnus</strong></span> <span class='ocrx_word' id='word_1_607' title='bbox 3645 2446 3756 2500; x_wconf 79' lang='lat' dir='ltr'><strong>super</strong></span> 
     </span>
    </p>
   </div>
   <div class='ocr_carea' id='block_1_74' title="bbox 2219 2504 3370 2582">
    <p class='ocr_par' dir='ltr' id='par_1_74' title="bbox 2219 2504 3370 2582">
     <span class='ocr_line' id='line_1_74' title="bbox 2219 2504 3370 2582; baseline 0.011 -27"><span class='ocrx_word' id='word_1_608' title='bbox 2219 2516 2408 2558; x_wconf 91' lang='lat' dir='ltr'><strong>omnes</strong></span> <span class='ocrx_word' id='word_1_609' title='bbox 2431 2504 2560 2560; x_wconf 87' lang='lat' dir='ltr'><strong>deos</strong></span> <span class='ocrx_word' id='word_1_610' title='bbox 2594 2524 2613 2557; x_wconf 72' lang='grc' dir='ltr'><strong>ι</strong></span> <span class='ocrx_word' id='word_1_611' title='bbox 2644 2507 2900 2577; x_wconf 78' lang='lat' dir='ltr'><strong>gentium;</strong></span> <span class='ocrx_word' id='word_1_612' title='bbox 2928 2509 3009 2564; x_wconf 90' lang='lat' dir='ltr'><strong>vel</strong></span> <span class='ocrx_word' id='word_1_613' title='bbox 3037 2511 3370 2582; x_wconf 73' lang='lat' dir='ltr'><strong>angelorum.</strong></span> 
     </span>
    </p>
   </div>
   <div class='ocr_carea' id='block_1_75' title="bbox 2291 2594 3754 2680">
    <p class='ocr_par' dir='ltr' id='par_1_75' title="bbox 2291 2594 3754 2680">
     <span class='ocr_line' id='line_1_75' title="bbox 2291 2594 3754 2680; baseline 0.01 -33"><span class='ocrx_word' id='word_1_614' title='bbox 2291 2594 2359 2648; x_wconf 87' lang='lat' dir='ltr'><strong>Et</strong></span> <span class='ocrx_word' id='word_1_615' title='bbox 2385 2595 2488 2650; x_wconf 89' lang='lat' dir='ltr'><strong>alia</strong></span> <span class='ocrx_word' id='word_1_616' title='bbox 2516 2611 2679 2652; x_wconf 88' lang='lat' dir='ltr'><strong>causa</strong></span> <span class='ocrx_word' id='word_1_617' title='bbox 2700 2605 2783 2653; x_wconf 87' lang='grc' dir='ltr'><strong>εει</strong></span> <span class='ocrx_word' id='word_1_618' title='bbox 2809 2613 2977 2668; x_wconf 87' lang='lat' dir='ltr'><strong>quare</strong></span> <span class='ocrx_word' id='word_1_619' title='bbox 2997 2601 3253 2659; x_wconf 90' lang='lat' dir='ltr'><strong>debemus</strong></span> <span class='ocrx_word' id='word_1_620' title='bbox 3275 2606 3524 2673; x_wconf 91' lang='lat' dir='ltr'><strong>jubilare</strong></span> <span class='ocrx_word' id='word_1_621' title='bbox 3553 2610 3616 2673; x_wconf 87' lang='lat' dir='ltr'><strong>ei,</strong></span> <span class='ocrx_word' id='word_1_622' title='bbox 3635 2628 3653 2662; x_wconf 73' lang='grc' dir='ltr'><strong>ι</strong></span> <span class='ocrx_word' id='word_1_623' title='bbox 3670 2613 3754 2680; x_wconf 72' lang='lat' dir='ltr'><strong>quia</strong></span> 
     </span>
    </p>
   </div>
   <div class='ocr_carea' id='block_1_76' title="bbox 2221 2683 3753 2762">
    <p class='ocr_par' dir='ltr' id='par_1_76' title="bbox 2221 2683 3753 2762">
     <span class='ocr_line' id='line_1_76' title="bbox 2221 2683 3753 2762; baseline 0.012 -26"><span class='ocrx_word' id='word_1_624' title='bbox 2221 2683 2274 2737; x_wconf 92' lang='lat' dir='ltr'><strong>in</strong></span> <span class='ocrx_word' id='word_1_625' title='bbox 2307 2701 2488 2750; x_wconf 90' lang='lat' dir='ltr'><strong>manu,</strong></span> <span class='ocrx_word' id='word_1_626' title='bbox 2526 2705 2544 2736; x_wconf 78' lang='grc' dir='ltr'><strong>ι</strong></span> <span class='ocrx_word' id='word_1_627' title='bbox 2578 2687 2632 2741; x_wconf 91' lang='lat' dir='ltr'><strong>id</strong></span> <span class='ocrx_word' id='word_1_628' title='bbox 2655 2697 2772 2754; x_wconf 88' lang='lat' dir='ltr'><strong>est,</strong></span> <span class='ocrx_word' id='word_1_629' title='bbox 2801 2689 2856 2743; x_wconf 92' lang='lat' dir='ltr'><strong>in</strong></span> <span class='ocrx_word' id='word_1_630' title='bbox 2884 2699 3151 2759; x_wconf 86' lang='lat' dir='ltr'><strong>potestate</strong></span> <span class='ocrx_word' id='word_1_631' title='bbox 3182 2712 3200 2745; x_wconf 76' lang='grc' dir='ltr'><strong>ε</strong></span> <span class='ocrx_word' id='word_1_632' title='bbox 3236 2693 3353 2762; x_wconf 86' lang='lat' dir='ltr'><strong>ejus</strong></span> <span class='ocrx_word' id='word_1_633' title='bbox 3379 2707 3518 2751; x_wconf 87' lang='lat' dir='ltr'><strong>sunt</strong></span> <span class='ocrx_word' id='word_1_634' title='bbox 3539 2700 3753 2754; x_wconf 69' lang='lat' dir='ltr'><strong>amnesi-</strong></span> 
     </span>
    </p>
   </div>
   <div class='ocr_carea' id='block_1_77' title="bbox 2221 2776 3756 2861">
    <p class='ocr_par' dir='ltr' id='par_1_77' title="bbox 2221 2776 3756 2861">
     <span class='ocr_line' id='line_1_77' title="bbox 2221 2776 3756 2861; baseline 0.011 -35"><span class='ocrx_word' id='word_1_635' title='bbox 2221 2787 2316 2827; x_wconf 90' lang='lat' dir='ltr'><strong>nes</strong></span> <span class='ocrx_word' id='word_1_636' title='bbox 2339 2782 2516 2840; x_wconf 60' lang='lat' dir='ltr'><strong>terrae,</strong></span> <span class='ocrx_word' id='word_1_637' title='bbox 2539 2796 2557 2826; x_wconf 76' lang='grc' dir='ltr'><strong>ι</strong></span> <span class='ocrx_word' id='word_1_638' title='bbox 2581 2776 2633 2830; x_wconf 90' lang='lat' dir='ltr'><strong>id</strong></span> <span class='ocrx_word' id='word_1_639' title='bbox 2653 2787 2757 2844; x_wconf 91' lang='lat' dir='ltr'><strong>est,</strong></span> <span class='ocrx_word' id='word_1_640' title='bbox 2780 2779 3024 2836; x_wconf 90' lang='lat' dir='ltr'><strong>homines</strong></span> <span class='ocrx_word' id='word_1_641' title='bbox 3044 2783 3208 2839; x_wconf 89' lang='lat' dir='ltr'><strong>totius</strong></span> <span class='ocrx_word' id='word_1_642' title='bbox 3235 2786 3383 2841; x_wconf 90' lang='lat' dir='ltr'><strong>orbis</strong></span> <span class='ocrx_word' id='word_1_643' title='bbox 3409 2803 3426 2840; x_wconf 88' lang='lat'>:</span> <span class='ocrx_word' id='word_1_644' title='bbox 3464 2809 3483 2840; x_wconf 77' lang='grc' dir='ltr'><strong>ι</strong></span> <span class='ocrx_word' id='word_1_645' title='bbox 3511 2801 3566 2844; x_wconf 83' lang='grc' dir='ltr'><strong>ει</strong></span> <span class='ocrx_word' id='word_1_646' title='bbox 3593 2810 3609 2841; x_wconf 74' lang='grc' dir='ltr'><strong>ι</strong></span> <span class='ocrx_word' id='word_1_647' title='bbox 3638 2793 3756 2861; x_wconf 74' lang='lat' dir='ltr'><strong>ipsius</strong></span> 
     </span>
    </p>
   </div>
   <div class='ocr_carea' id='block_1_78' title="bbox 2221 2866 3752 2950">
    <p class='ocr_par' dir='ltr' id='par_1_78' title="bbox 2221 2866 3752 2950">
     <span class='ocr_line' id='line_1_78' title="bbox 2221 2866 3752 2950; baseline 0.014 -33"><span class='ocrx_word' id='word_1_648' title='bbox 2221 2874 2345 2919; x_wconf 87' lang='lat' dir='ltr'><strong>sunt</strong></span> <span class='ocrx_word' id='word_1_649' title='bbox 2379 2885 2397 2916; x_wconf 84' lang='grc'><strong>‹</strong></span> <span class='ocrx_word' id='word_1_650' title='bbox 2435 2866 2773 2934; x_wconf 88' lang='lat' dir='ltr'><strong>altitudines,</strong></span> <span class='ocrx_word' id='word_1_651' title='bbox 2808 2890 2827 2923; x_wconf 71' lang='grc' dir='ltr'><strong>ι</strong></span> <span class='ocrx_word' id='word_1_652' title='bbox 2857 2871 2911 2926; x_wconf 90' lang='lat' dir='ltr'><strong>id</strong></span> <span class='ocrx_word' id='word_1_653' title='bbox 2954 2881 3060 2939; x_wconf 91' lang='lat' dir='ltr'><strong>est,</strong></span> <span class='ocrx_word' id='word_1_654' title='bbox 3089 2875 3454 2934; x_wconf 79' lang='lat' dir='ltr'><strong>exaltationes</strong></span> <span class='ocrx_word' id='word_1_655' title='bbox 3475 2921 3493 2946; x_wconf 90' lang='lat'><strong>,</strong></span> <span class='ocrx_word' id='word_1_656' title='bbox 3539 2883 3752 2950; x_wconf 61' lang='lat' dir='ltr'><strong>potentis.</strong></span> 
     </span>
    </p>
   </div>
   <div class='ocr_carea' id='block_1_79' title="bbox 2221 2956 3757 3046">
    <p class='ocr_par' dir='ltr' id='par_1_79' title="bbox 2221 2956 3757 3046">
     <span class='ocr_line' id='line_1_79' title="bbox 2221 2956 3757 3046; baseline 0.012 -36"><span class='ocrx_word' id='word_1_657' title='bbox 2221 2956 2530 3028; x_wconf 80' lang='lat' dir='ltr'><strong>dignitates,</strong></span> <span class='ocrx_word' id='word_1_658' title='bbox 2560 2979 2579 3011; x_wconf 72' lang='grc' dir='ltr'><strong>ι</strong></span> <span class='ocrx_word' id='word_1_659' title='bbox 2616 2964 2905 3031; x_wconf 90' lang='lat' dir='ltr'><strong>montium,</strong></span> <span class='ocrx_word' id='word_1_660' title='bbox 2935 2984 2953 3018; x_wconf 73' lang='grc' dir='ltr'><strong>ι</strong></span> <span class='ocrx_word' id='word_1_661' title='bbox 2992 2967 3047 3021; x_wconf 91' lang='lat' dir='ltr'><strong>id</strong></span> <span class='ocrx_word' id='word_1_662' title='bbox 3071 2980 3174 3034; x_wconf 90' lang='lat' dir='ltr'><strong>est,</strong></span> <span class='ocrx_word' id='word_1_663' title='bbox 3202 2975 3516 3039; x_wconf 89' lang='lat' dir='ltr'><strong>potentium</strong></span> <span class='ocrx_word' id='word_1_664' title='bbox 3545 2977 3683 3046; x_wconf 88' lang='lat' dir='ltr'><strong>hujus</strong></span> <span class='ocrx_word' id='word_1_665' title='bbox 3703 2977 3757 3028; x_wconf 78' lang='lat' dir='ltr'><strong>vi-</strong></span> 
     </span>
    </p>
   </div>
   <div class='ocr_carea' id='block_1_80' title="bbox 2223 3047 3756 3131">
    <p class='ocr_par' dir='ltr' id='par_1_80' title="bbox 2223 3047 3756 3131">
     <span class='ocr_line' id='line_1_80' title="bbox 2223 3047 3756 3131; baseline 0.014 -32"><span class='ocrx_word' id='word_1_666' title='bbox 2223 3055 2307 3101; x_wconf 67' lang='lat' dir='ltr'><strong>tae.</strong></span> <span class='ocrx_word' id='word_1_667' title='bbox 2343 3047 2528 3106; x_wconf 80' lang='lat' dir='ltr'><strong>Nullus</strong></span> <span class='ocrx_word' id='word_1_668' title='bbox 2555 3053 2699 3107; x_wconf 90' lang='lat' dir='ltr'><strong>enim</strong></span> <span class='ocrx_word' id='word_1_669' title='bbox 2727 3063 2905 3124; x_wconf 89' lang='lat' dir='ltr'><strong>potest</strong></span> <span class='ocrx_word' id='word_1_670' title='bbox 2927 3055 3124 3113; x_wconf 86' lang='lat' dir='ltr'><strong>elevari</strong></span> <span class='ocrx_word' id='word_1_671' title='bbox 3157 3061 3209 3114; x_wconf 91' lang='lat' dir='ltr'><strong>in</strong></span> <span class='ocrx_word' id='word_1_672' title='bbox 3233 3062 3336 3118; x_wconf 86' lang='lat' dir='ltr'><strong>hoc</strong></span> <span class='ocrx_word' id='word_1_673' title='bbox 3364 3067 3587 3131; x_wconf 66' lang='lat' dir='ltr'><strong>saeculo,</strong></span> <span class='ocrx_word' id='word_1_674' title='bbox 3614 3067 3756 3122; x_wconf 75' lang='lat' dir='ltr'><strong>nisieo</strong></span> 
     </span>
    </p>
   </div>
   <div class='ocr_carea' id='block_1_81' title="bbox 2221 3141 2586 3208">
    <p class='ocr_par' dir='ltr' id='par_1_81' title="bbox 2221 3141 2586 3208">
     <span class='ocr_line' id='line_1_81' title="bbox 2221 3141 2586 3208; baseline 0.014 -15"><span class='ocrx_word' id='word_1_675' title='bbox 2221 3141 2586 3208; x_wconf 88' lang='lat' dir='ltr'><strong>permittente.</strong></span> 
     </span>
    </p>
   </div>
   <div class='ocr_carea' id='block_1_82' title="bbox 2289 3230 3763 3320">
    <p class='ocr_par' dir='ltr' id='par_1_82' title="bbox 2289 3230 3763 3320">
     <span class='ocr_line' id='line_1_82' title="bbox 2289 3230 3763 3320; baseline 0.016 -38"><span class='ocrx_word' id='word_1_676' title='bbox 2289 3230 2409 3285; x_wconf 85' lang='lat' dir='ltr'><strong>Alia</strong></span> <span class='ocrx_word' id='word_1_677' title='bbox 2439 3241 2724 3300; x_wconf 76' lang='lat' dir='ltr'><strong>estcausa,</strong></span> <span class='ocrx_word' id='word_1_678' title='bbox 2759 3256 2778 3288; x_wconf 72' lang='grc' dir='ltr'><strong>ι</strong></span> <span class='ocrx_word' id='word_1_679' title='bbox 2806 3239 3060 3307; x_wconf 87' lang='lat' dir='ltr'><strong>quoniam</strong></span> <span class='ocrx_word' id='word_1_680' title='bbox 3099 3241 3267 3312; x_wconf 90' lang='lat' dir='ltr'><strong>ipsius</strong></span> <span class='ocrx_word' id='word_1_681' title='bbox 3295 3255 3380 3300; x_wconf 92' lang='lat' dir='ltr'><strong>est</strong></span> <span class='ocrx_word' id='word_1_682' title='bbox 3407 3264 3579 3314; x_wconf 88' lang='lat' dir='ltr'><strong>mare,</strong></span> <span class='ocrx_word' id='word_1_683' title='bbox 3606 3261 3652 3304; x_wconf 87' lang='lat' dir='ltr'><strong>et</strong></span> <span class='ocrx_word' id='word_1_684' title='bbox 3675 3250 3763 3320; x_wconf 81' lang='lat' dir='ltr'><strong>ipse</strong></span> 
     </span>
    </p>
   </div>
   <div class='ocr_carea' id='block_1_83' title="bbox 2220 3318 3765 3404">
    <p class='ocr_par' dir='ltr' id='par_1_83' title="bbox 2220 3318 3765 3404">
     <span class='ocr_line' id='line_1_83' title="bbox 2220 3318 3765 3404; baseline 0.013 -32"><span class='ocrx_word' id='word_1_685' title='bbox 2220 3318 2348 3374; x_wconf 86' lang='lat' dir='ltr'><strong>fecit</strong></span> <span class='ocrx_word' id='word_1_686' title='bbox 2386 3321 2535 3388; x_wconf 90' lang='lat' dir='ltr'><strong>illud,</strong></span> <span class='ocrx_word' id='word_1_687' title='bbox 2565 3332 2618 3379; x_wconf 89' lang='lat' dir='ltr'><strong>et</strong></span> <span class='ocrx_word' id='word_1_688' title='bbox 2645 3325 2844 3382; x_wconf 89' lang='lat' dir='ltr'><strong>siccam</strong></span> <span class='ocrx_word' id='word_1_689' title='bbox 2889 3345 3079 3385; x_wconf 89' lang='lat' dir='ltr'><strong>manus</strong></span> <span class='ocrx_word' id='word_1_690' title='bbox 3107 3330 3223 3399; x_wconf 89' lang='lat' dir='ltr'><strong>ejus</strong></span> <span class='ocrx_word' id='word_1_691' title='bbox 3266 3333 3638 3404; x_wconf 79' lang='lat' dir='ltr'><strong>fundaverant,</strong></span> <span class='ocrx_word' id='word_1_692' title='bbox 3666 3318 3765 3392; x_wconf 52' lang='lat' dir='ltr'><strong>{ad</strong></span> 
     </span>
    </p>
   </div>
   <div class='ocr_carea' id='block_1_84' title="bbox 2219 3409 3765 3497">
    <p class='ocr_par' dir='ltr' id='par_1_84' title="bbox 2219 3409 3765 3497">
     <span class='ocr_line' id='line_1_84' title="bbox 2219 3409 3765 3497; baseline 0.013 -34"><span class='ocrx_word' id='word_1_693' title='bbox 2219 3409 2453 3467; x_wconf 88' lang='lat' dir='ltr'><strong>litteram</strong></span> <span class='ocrx_word' id='word_1_694' title='bbox 2477 3431 2490 3467; x_wconf 92' lang='lat'>:</span> <span class='ocrx_word' id='word_1_695' title='bbox 2518 3415 2600 3470; x_wconf 88' lang='lat' dir='ltr'><strong>vel</strong></span> <span class='ocrx_word' id='word_1_696' title='bbox 2623 3416 2928 3488; x_wconf 77' lang='lat' dir='ltr'><strong>allegorice,</strong></span> <span class='ocrx_word' id='word_1_697' title='bbox 2945 3436 3042 3490; x_wconf 89' lang='lat' dir='ltr'><strong>per</strong></span> <span class='ocrx_word' id='word_1_698' title='bbox 3065 3437 3215 3477; x_wconf 90' lang='lat' dir='ltr'><strong>mare</strong></span> <span class='ocrx_word' id='word_1_699' title='bbox 3234 3439 3520 3494; x_wconf 87' lang='lat' dir='ltr'><strong>possumus</strong></span> <span class='ocrx_word' id='word_1_700' title='bbox 3544 3428 3765 3497; x_wconf 79' lang='lat' dir='ltr'><strong>accipere</strong></span> 
     </span>
    </p>
   </div>
   <div class='ocr_carea' id='block_1_85' title="bbox 2221 3501 3764 3589">
    <p class='ocr_par' dir='ltr' id='par_1_85' title="bbox 2221 3501 3764 3589">
     <span class='ocr_line' id='line_1_85' title="bbox 2221 3501 3764 3589; baseline 0.012 -34"><span class='ocrx_word' id='word_1_701' title='bbox 2221 3505 2580 3562; x_wconf 88' lang='lat' dir='ltr'><strong>amaricantes</strong></span> <span class='ocrx_word' id='word_1_702' title='bbox 2607 3505 2765 3577; x_wconf 83' lang='lat' dir='ltr'><strong>hujus</strong></span> <span class='ocrx_word' id='word_1_703' title='bbox 2795 3511 2920 3565; x_wconf 70' lang='lat' dir='ltr'><strong>vita:</strong></span> <span class='ocrx_word' id='word_1_704' title='bbox 2945 3513 3035 3580; x_wconf 90' lang='lat' dir='ltr'><strong>qui</strong></span> <span class='ocrx_word' id='word_1_705' title='bbox 3060 3513 3154 3569; x_wconf 91' lang='lat' dir='ltr'><strong>Dei</strong></span> <span class='ocrx_word' id='word_1_706' title='bbox 3188 3525 3316 3570; x_wconf 88' lang='lat' dir='ltr'><strong>sunt</strong></span> <span class='ocrx_word' id='word_1_707' title='bbox 3339 3525 3394 3572; x_wconf 89' lang='lat' dir='ltr'><strong>et</strong></span> <span class='ocrx_word' id='word_1_708' title='bbox 3413 3501 3515 3588; x_wconf 38' lang='lat' dir='ltr'><strong>lqui</strong></span> <span class='ocrx_word' id='word_1_709' title='bbox 3539 3519 3632 3573; x_wconf 75' lang='lat' dir='ltr'><strong>Dei</strong></span> <span class='ocrx_word' id='word_1_710' title='bbox 3656 3534 3764 3589; x_wconf 84' lang='lat' dir='ltr'><strong>per-</strong></span> 
     </span>
    </p>
   </div>
   <div class='ocr_carea' id='block_1_86' title="bbox 2220 3593 3766 3673">
    <p class='ocr_par' dir='ltr' id='par_1_86' title="bbox 2220 3593 3766 3673">
     <span class='ocr_line' id='line_1_86' title="bbox 2220 3593 3766 3673; baseline 0.011 -27"><span class='ocrx_word' id='word_1_711' title='bbox 2220 3593 2474 3650; x_wconf 88' lang='lat' dir='ltr'><strong>missione</strong></span> <span class='ocrx_word' id='word_1_712' title='bbox 2501 3601 2746 3664; x_wconf 59' lang='lat' dir='ltr'><strong>saeviunt,</strong></span> <span class='ocrx_word' id='word_1_713' title='bbox 2775 3611 2829 3656; x_wconf 90' lang='lat' dir='ltr'><strong>et</strong></span> <span class='ocrx_word' id='word_1_714' title='bbox 2855 3602 2968 3673; x_wconf 90' lang='lat' dir='ltr'><strong>ipse</strong></span> <span class='ocrx_word' id='word_1_715' title='bbox 2989 3603 3119 3659; x_wconf 83' lang='lat' dir='ltr'><strong>fecit</strong></span> <span class='ocrx_word' id='word_1_716' title='bbox 3139 3607 3288 3672; x_wconf 92' lang='lat' dir='ltr'><strong>illud,</strong></span> <span class='ocrx_word' id='word_1_717' title='bbox 3313 3610 3366 3664; x_wconf 93' lang='lat' dir='ltr'><strong>id</strong></span> <span class='ocrx_word' id='word_1_718' title='bbox 3393 3620 3498 3673; x_wconf 89' lang='lat' dir='ltr'><strong>est,</strong></span> <span class='ocrx_word' id='word_1_719' title='bbox 3528 3612 3766 3667; x_wconf 72' lang='lat' dir='ltr'><strong>ordinavit</strong></span> 
     </span>
    </p>
   </div>
   <div class='ocr_carea' id='block_1_87' title="bbox 2219 3685 3768 3770">
    <p class='ocr_par' dir='ltr' id='par_1_87' title="bbox 2219 3685 3768 3770">
     <span class='ocr_line' id='line_1_87' title="bbox 2219 3685 3768 3770; baseline 0.012 -33"><span class='ocrx_word' id='word_1_720' title='bbox 2219 3685 2457 3753; x_wconf 89' lang='lat' dir='ltr'><strong>ipsorum</strong></span> <span class='ocrx_word' id='word_1_721' title='bbox 2484 3689 2775 3756; x_wconf 86' lang='lat' dir='ltr'><strong>malitiam;</strong></span> <span class='ocrx_word' id='word_1_722' title='bbox 2810 3695 2952 3749; x_wconf 92' lang='lat' dir='ltr'><strong>unde</strong></span> <span class='ocrx_word' id='word_1_723' title='bbox 2981 3697 3178 3765; x_wconf 81' lang='lat' dir='ltr'><strong>dicitur</strong></span> <span class='ocrx_word' id='word_1_724' title='bbox 3205 3717 3218 3752; x_wconf 89' lang='lat'><strong>:</strong></span> <span class='ocrx_word' id='word_1_725' title='bbox 3249 3699 3468 3754; x_wconf 86' lang='lat' dir='ltr'><strong>Faciens</strong></span> <span class='ocrx_word' id='word_1_726' title='bbox 3489 3717 3709 3770; x_wconf 85' lang='lat' dir='ltr'><strong>pacem,</strong></span> <span class='ocrx_word' id='word_1_727' title='bbox 3729 3712 3768 3757; x_wconf 77' lang='lat' dir='ltr'><strong>et</strong></span> 
     </span>
    </p>
   </div>
   <div class='ocr_carea' id='block_1_88' title="bbox 2219 3783 3769 3861">
    <p class='ocr_par' dir='ltr' id='par_1_88' title="bbox 2219 3783 3769 3861">
     <span class='ocr_line' id='line_1_88' title="bbox 2219 3783 3769 3861; baseline 0.012 -30"><span class='ocrx_word' id='word_1_728' title='bbox 2219 3793 2412 3834; x_wconf 90' lang='lat' dir='ltr'><strong>creans</strong></span> <span class='ocrx_word' id='word_1_729' title='bbox 2439 3783 2639 3837; x_wconf 89' lang='lat' dir='ltr'><strong>malum</strong></span> <span class='ocrx_word' id='word_1_730' title='bbox 2673 3783 2807 3855; x_wconf 81' lang='lat' dir='ltr'><strong>(lsa.</strong></span> <span class='ocrx_word' id='word_1_731' title='bbox 2839 3788 2963 3860; x_wconf 72' lang='grc' dir='ltr'><strong>ην)</strong></span> <span class='ocrx_word' id='word_1_732' title='bbox 2995 3808 3008 3842; x_wconf 92' lang='lat'><strong>:</strong></span> <span class='ocrx_word' id='word_1_733' title='bbox 3035 3799 3088 3845; x_wconf 89' lang='lat' dir='ltr'><strong>et</strong></span> <span class='ocrx_word' id='word_1_734' title='bbox 3121 3810 3141 3844; x_wconf 74' lang='grc' dir='ltr'><strong>ι</strong></span> <span class='ocrx_word' id='word_1_735' title='bbox 3179 3794 3402 3859; x_wconf 88' lang='lat' dir='ltr'><strong>siccam,</strong></span> <span class='ocrx_word' id='word_1_736' title='bbox 3441 3816 3461 3848; x_wconf 77' lang='grc' dir='ltr'><strong>ι</strong></span> <span class='ocrx_word' id='word_1_737' title='bbox 3496 3797 3556 3852; x_wconf 87' lang='lat' dir='ltr'><strong>id</strong></span> <span class='ocrx_word' id='word_1_738' title='bbox 3600 3799 3769 3861; x_wconf 66' lang='lat' dir='ltr'><strong>est,il«</strong></span> 
     </span>
    </p>
   </div>
   <div class='ocr_carea' id='block_1_89' title="bbox 2220 3867 3767 3954">
    <p class='ocr_par' dir='ltr' id='par_1_89' title="bbox 2220 3867 3767 3954">
     <span class='ocr_line' id='line_1_89' title="bbox 2220 3867 3767 3954; baseline 0.014 -32"><span class='ocrx_word' id='word_1_739' title='bbox 2220 3867 2299 3924; x_wconf 92' lang='lat' dir='ltr'><strong>los</strong></span> <span class='ocrx_word' id='word_1_740' title='bbox 2329 3871 2422 3939; x_wconf 91' lang='lat' dir='ltr'><strong>qui</strong></span> <span class='ocrx_word' id='word_1_741' title='bbox 2451 3881 2580 3927; x_wconf 90' lang='lat' dir='ltr'><strong>sunt</strong></span> <span class='ocrx_word' id='word_1_742' title='bbox 2616 3875 2747 3930; x_wconf 90' lang='lat' dir='ltr'><strong>sicci</strong></span> <span class='ocrx_word' id='word_1_743' title='bbox 2769 3894 2798 3930; x_wconf 90' lang='lat' dir='ltr'><strong>a</strong></span> <span class='ocrx_word' id='word_1_744' title='bbox 2827 3877 3076 3936; x_wconf 84' lang='lat' dir='ltr'><strong>ﬂuctibus</strong></span> <span class='ocrx_word' id='word_1_745' title='bbox 3103 3883 3262 3954; x_wconf 89' lang='lat' dir='ltr'><strong>hujus</strong></span> <span class='ocrx_word' id='word_1_746' title='bbox 3293 3887 3481 3942; x_wconf 90' lang='lat' dir='ltr'><strong>mundi</strong></span> <span class='ocrx_word' id='word_1_747' title='bbox 3512 3899 3571 3942; x_wconf 87' lang='lat' dir='ltr'><strong>ct</strong></span> <span class='ocrx_word' id='word_1_748' title='bbox 3609 3890 3767 3944; x_wconf 83' lang='lat' dir='ltr'><strong>sitien—</strong></span> 
     </span>
    </p>
   </div>
   <div class='ocr_carea' id='block_1_90' title="bbox 2219 3960 3770 4034">
    <p class='ocr_par' dir='ltr' id='par_1_90' title="bbox 2219 3960 3770 4034">
     <span class='ocr_line' id='line_1_90' title="bbox 2219 3960 3770 4034; baseline 0.013 -23"><span class='ocrx_word' id='word_1_749' title='bbox 2219 3967 2302 4013; x_wconf 89' lang='lat' dir='ltr'><strong>tes</strong></span> <span class='ocrx_word' id='word_1_750' title='bbox 2344 3960 2571 4016; x_wconf 90' lang='lat' dir='ltr'><strong>imbrem</strong></span> <span class='ocrx_word' id='word_1_751' title='bbox 2599 3962 2856 4033; x_wconf 83' lang='lat' dir='ltr'><strong>justitiae;</strong></span> <span class='ocrx_word' id='word_1_752' title='bbox 2887 3971 3028 4025; x_wconf 88' lang='lat' dir='ltr'><strong>unde</strong></span> <span class='ocrx_word' id='word_1_753' title='bbox 3055 3971 3183 4028; x_wconf 89' lang='lat' dir='ltr'><strong>alibi</strong></span> <span class='ocrx_word' id='word_1_754' title='bbox 3215 3967 3242 4028; x_wconf 65' lang='grc' dir='ltr'><em>ί</em></span> <span class='ocrx_word' id='word_1_755' title='bbox 3258 3977 3454 4031; x_wconf 83' lang='lat' dir='ltr'><strong>Anima</strong></span> <span class='ocrx_word' id='word_1_756' title='bbox 3503 3995 3626 4034; x_wconf 83' lang='lat' dir='ltr'><strong>mea</strong></span> <span class='ocrx_word' id='word_1_757' title='bbox 3661 3980 3770 4034; x_wconf 80' lang='lat' dir='ltr'><strong>sicut</strong></span> 
     </span>
    </p>
   </div>
   <div class='ocr_carea' id='block_1_91' title="bbox 2221 4051 3224 4133">
    <p class='ocr_par' dir='ltr' id='par_1_91' title="bbox 2221 4051 3224 4133">
     <span class='ocr_line' id='line_1_91' title="bbox 2221 4051 3224 4133; baseline 0.014 -29"><span class='ocrx_word' id='word_1_758' title='bbox 2221 4057 2365 4104; x_wconf 89' lang='lat' dir='ltr'><strong>terra</strong></span> <span class='ocrx_word' id='word_1_759' title='bbox 2395 4051 2512 4106; x_wconf 91' lang='lat' dir='ltr'><strong>sine</strong></span> <span class='ocrx_word' id='word_1_760' title='bbox 2540 4069 2680 4122; x_wconf 88' lang='lat' dir='ltr'><strong>aqua</strong></span> <span class='ocrx_word' id='word_1_761' title='bbox 2703 4055 2800 4110; x_wconf 90' lang='lat' dir='ltr'><strong>tibi</strong></span> <span class='ocrx_word' id='word_1_762' title='bbox 2830 4055 3004 4128; x_wconf 77' lang='lat' dir='ltr'><strong>(Psal.</strong></span> <span class='ocrx_word' id='word_1_763' title='bbox 3033 4063 3224 4133; x_wconf 76' lang='lat' dir='ltr'><strong>exui).</strong></span> 
     </span>
    </p>
   </div>
   <div class='ocr_carea' id='block_1_92' title="bbox 2289 4139 3771 4231">
    <p class='ocr_par' dir='ltr' id='par_1_92' title="bbox 2289 4139 3771 4231">
     <span class='ocr_line' id='line_1_92' title="bbox 2289 4139 3771 4231; baseline 0.015 -39"><span class='ocrx_word' id='word_1_764' title='bbox 2289 4139 2356 4194; x_wconf 88' lang='lat' dir='ltr'><strong>Et</strong></span> <span class='ocrx_word' id='word_1_765' title='bbox 2375 4141 2500 4210; x_wconf 88' lang='lat' dir='ltr'><strong>quia</strong></span> <span class='ocrx_word' id='word_1_766' title='bbox 2532 4151 2640 4198; x_wconf 89' lang='lat' dir='ltr'><strong>tam</strong></span> <span class='ocrx_word' id='word_1_767' title='bbox 2666 4149 2858 4215; x_wconf 72' lang='lat' dir='ltr'><strong>potens</strong></span> <span class='ocrx_word' id='word_1_768' title='bbox 2882 4158 2983 4214; x_wconf 88' lang='lat' dir='ltr'><strong>est,</strong></span> <span class='ocrx_word' id='word_1_769' title='bbox 3013 4166 3144 4222; x_wconf 80' lang='lat' dir='ltr'><strong>ergo</strong></span> <span class='ocrx_word' id='word_1_770' title='bbox 3175 4169 3273 4210; x_wconf 85' lang='lat' dir='ltr'><strong>vos</strong></span> <span class='ocrx_word' id='word_1_771' title='bbox 3295 4154 3494 4225; x_wconf 60' lang='lat' dir='ltr'><strong>Judmi,</strong></span> <span class='ocrx_word' id='word_1_772' title='bbox 3523 4163 3618 4231; x_wconf 85' lang='lat' dir='ltr'><strong>qui</strong></span> <span class='ocrx_word' id='word_1_773' title='bbox 3642 4179 3668 4216; x_wconf 86' lang='lat' dir='ltr'><strong>a</strong></span> <span class='ocrx_word' id='word_1_774' title='bbox 3691 4163 3771 4216; x_wconf 76' lang='lat' dir='ltr'><strong>Do</strong></span> 
     </span>
    </p>
   </div>
   <div class='ocr_carea' id='block_1_93' title="bbox 2221 4232 3770 4312">
    <p class='ocr_par' dir='ltr' id='par_1_93' title="bbox 2221 4232 3770 4312">
     <span class='ocr_line' id='line_1_93' title="bbox 2221 4232 3770 4312; baseline 0.013 -29"><span class='ocrx_word' id='word_1_775' title='bbox 2221 4232 2518 4288; x_wconf 87' lang='lat' dir='ltr'><strong>recessistis</strong></span> <span class='ocrx_word' id='word_1_776' title='bbox 2547 4234 2602 4288; x_wconf 92' lang='lat' dir='ltr'><strong>in</strong></span> <span class='ocrx_word' id='word_1_777' title='bbox 2631 4237 2904 4306; x_wconf 82' lang='lat' dir='ltr'><strong>regionem</strong></span> <span class='ocrx_word' id='word_1_778' title='bbox 2931 4239 3277 4312; x_wconf 83' lang='lat' dir='ltr'><strong>longinquam</strong></span> <span class='ocrx_word' id='word_1_779' title='bbox 3313 4247 3770 4312; x_wconf 76' lang='lat' dir='ltr'><strong>dissimilitudinis,</strong></span> 
     </span>
    </p>
   </div>
   <div class='ocr_carea' id='block_1_94' title="bbox 2225 4322 3772 4406">
    <p class='ocr_par' dir='ltr' id='par_1_94' title="bbox 2225 4322 3772 4406">
     <span class='ocr_line' id='line_1_94' title="bbox 2225 4322 3772 4406; baseline 0.016 -36"><span class='ocrx_word' id='word_1_780' title='bbox 2225 4337 2243 4370; x_wconf 75' lang='grc' dir='ltr'><strong>ι</strong></span> <span class='ocrx_word' id='word_1_781' title='bbox 2281 4322 2454 4376; x_wconf 86' lang='lat' dir='ltr'><strong>venite</strong></span> <span class='ocrx_word' id='word_1_782' title='bbox 2492 4341 2510 4374; x_wconf 77' lang='grc' dir='ltr'><strong>ι</strong></span> <span class='ocrx_word' id='word_1_783' title='bbox 2539 4325 2791 4392; x_wconf 86' lang='lat' dir='ltr'><strong>passibus</strong></span> <span class='ocrx_word' id='word_1_784' title='bbox 2826 4329 2969 4395; x_wconf 86' lang='lat' dir='ltr'><strong>ﬁdei,</strong></span> <span class='ocrx_word' id='word_1_785' title='bbox 3007 4351 3024 4380; x_wconf 73' lang='grc' dir='ltr'><strong>ι</strong></span> <span class='ocrx_word' id='word_1_786' title='bbox 3059 4333 3366 4400; x_wconf 88' lang='lat' dir='ltr'><strong>adoremus,</strong></span> <span class='ocrx_word' id='word_1_787' title='bbox 3399 4356 3420 4388; x_wconf 80' lang='grc'><strong><em>›</em></strong></span> <span class='ocrx_word' id='word_1_788' title='bbox 3461 4339 3520 4393; x_wconf 90' lang='lat' dir='ltr'><strong>id</strong></span> <span class='ocrx_word' id='word_1_789' title='bbox 3553 4352 3659 4406; x_wconf 82' lang='lat' dir='ltr'><strong>est,</strong></span> <span class='ocrx_word' id='word_1_790' title='bbox 3686 4343 3772 4394; x_wconf 77' lang='lat' dir='ltr'><strong>sin-</strong></span> 
     </span>
    </p>
   </div>
   <div class='ocr_carea' id='block_1_95' title="bbox 2219 4411 3774 4497">
    <p class='ocr_par' dir='ltr' id='par_1_95' title="bbox 2219 4411 3774 4497">
     <span class='ocr_line' id='line_1_95' title="bbox 2219 4411 3774 4497; baseline 0.017 -35"><span class='ocrx_word' id='word_1_791' title='bbox 2219 4411 2391 4478; x_wconf 76' lang='lat' dir='ltr'><strong>gulari</strong></span> <span class='ocrx_word' id='word_1_792' title='bbox 2437 4418 2781 4473; x_wconf 89' lang='lat' dir='ltr'><strong>veneratione</strong></span> <span class='ocrx_word' id='word_1_793' title='bbox 2827 4419 3102 4477; x_wconf 87' lang='lat' dir='ltr'><strong>Christum</strong></span> <span class='ocrx_word' id='word_1_794' title='bbox 3146 4425 3408 4494; x_wconf 88' lang='lat' dir='ltr'><strong>colamus,</strong></span> <span class='ocrx_word' id='word_1_795' title='bbox 3445 4430 3505 4486; x_wconf 91' lang='lat' dir='ltr'><strong>id</strong></span> <span class='ocrx_word' id='word_1_796' title='bbox 3546 4443 3651 4497; x_wconf 88' lang='lat' dir='ltr'><strong>est,</strong></span> <span class='ocrx_word' id='word_1_797' title='bbox 3680 4447 3774 4485; x_wconf 66' lang='lat' dir='ltr'><strong>eum</strong></span> 
     </span>
    </p>
   </div>
   <div class='ocr_carea' id='block_1_96' title="bbox 2219 4504 3776 4587">
    <p class='ocr_par' dir='ltr' id='par_1_96' title="bbox 2219 4504 3776 4587">
     <span class='ocr_line' id='line_1_96' title="bbox 2219 4504 3776 4587; baseline 0.013 -33"><span class='ocrx_word' id='word_1_798' title='bbox 2219 4515 2487 4558; x_wconf 88' lang='lat' dir='ltr'><strong>summum</strong></span> <span class='ocrx_word' id='word_1_799' title='bbox 2521 4504 2720 4561; x_wconf 90' lang='lat' dir='ltr'><strong>bonum</strong></span> <span class='ocrx_word' id='word_1_800' title='bbox 2766 4519 3100 4578; x_wconf 88' lang='lat' dir='ltr'><strong>reputemus,</strong></span> <span class='ocrx_word' id='word_1_801' title='bbox 3135 4532 3154 4566; x_wconf 74' lang='grc' dir='ltr'><strong>ι</strong></span> <span class='ocrx_word' id='word_1_802' title='bbox 3191 4525 3249 4570; x_wconf 93' lang='grc' dir='ltr'><strong>ει</strong></span> <span class='ocrx_word' id='word_1_803' title='bbox 3297 4518 3677 4587; x_wconf 87' lang='lat' dir='ltr'><strong>procidamus,</strong></span> <span class='ocrx_word' id='word_1_804' title='bbox 3703 4541 3718 4572; x_wconf 81' lang='grc' dir='ltr'><strong>ι</strong></span> <span class='ocrx_word' id='word_1_805' title='bbox 3739 4521 3776 4574; x_wconf 84' lang='lat' dir='ltr'><strong>id</strong></span> 
     </span>
    </p>
   </div>
   <div class='ocr_carea' id='block_1_97' title="bbox 2219 4595 3778 4683">
    <p class='ocr_par' dir='ltr' id='par_1_97' title="bbox 2219 4595 3778 4683">
     <span class='ocr_line' id='line_1_97' title="bbox 2219 4595 3778 4683; baseline 0.017 -37"><span class='ocrx_word' id='word_1_806' title='bbox 2219 4602 2322 4658; x_wconf 89' lang='lat' dir='ltr'><strong>est,</strong></span> <span class='ocrx_word' id='word_1_807' title='bbox 2353 4595 2700 4653; x_wconf 90' lang='lat' dir='ltr'><strong>humiliemur</strong></span> <span class='ocrx_word' id='word_1_808' title='bbox 2720 4600 2775 4654; x_wconf 92' lang='lat' dir='ltr'><strong>in</strong></span> <span class='ocrx_word' id='word_1_809' title='bbox 2801 4605 3256 4674; x_wconf 89' lang='lat' dir='ltr'><strong>concupiscentiis</strong></span> <span class='ocrx_word' id='word_1_810' title='bbox 3279 4612 3515 4679; x_wconf 87' lang='lat' dir='ltr'><strong>nostris,</strong></span> <span class='ocrx_word' id='word_1_811' title='bbox 3540 4631 3644 4670; x_wconf 88' lang='lat' dir='ltr'><strong>nos</strong></span> <span class='ocrx_word' id='word_1_812' title='bbox 3666 4617 3778 4683; x_wconf 69' lang='lat' dir='ltr'><strong>ipsos</strong></span> 
     </span>
    </p>
   </div>
   <div class='ocr_carea' id='block_1_98' title="bbox 2219 4684 3781 4776">
    <p class='ocr_par' dir='ltr' id='par_1_98' title="bbox 2219 4684 3781 4776">
     <span class='ocr_line' id='line_1_98' title="bbox 2219 4684 3781 4776; baseline 0.014 -40"><span class='ocrx_word' id='word_1_813' title='bbox 2219 4684 2492 4751; x_wconf 89' lang='lat' dir='ltr'><strong>pulverem</strong></span> <span class='ocrx_word' id='word_1_814' title='bbox 2513 4697 2569 4742; x_wconf 87' lang='lat' dir='ltr'><strong>et</strong></span> <span class='ocrx_word' id='word_1_815' title='bbox 2593 4690 2830 4745; x_wconf 89' lang='lat' dir='ltr'><strong>cinerem</strong></span> <span class='ocrx_word' id='word_1_816' title='bbox 2857 4704 3184 4763; x_wconf 90' lang='lat' dir='ltr'><strong>reputemus,</strong></span> <span class='ocrx_word' id='word_1_817' title='bbox 3215 4717 3235 4750; x_wconf 83' lang='grc'><strong>‹</strong></span> <span class='ocrx_word' id='word_1_818' title='bbox 3263 4708 3318 4755; x_wconf 88' lang='grc' dir='ltr'><strong>ει</strong></span> <span class='ocrx_word' id='word_1_819' title='bbox 3338 4699 3633 4770; x_wconf 87' lang='lat' dir='ltr'><strong>ploremus</strong></span> <span class='ocrx_word' id='word_1_820' title='bbox 3664 4727 3682 4758; x_wconf 77' lang='grc' dir='ltr'><strong>ι</strong></span> <span class='ocrx_word' id='word_1_821' title='bbox 3706 4720 3781 4776; x_wconf 81' lang='lat' dir='ltr'><strong>pro</strong></span> 
     </span>
    </p>
   </div>
   <div class='ocr_carea' id='block_1_99' title="bbox 2221 4781 3783 4862">
    <p class='ocr_par' dir='ltr' id='par_1_99' title="bbox 2221 4781 3783 4862">
     <span class='ocr_line' id='line_1_99' title="bbox 2221 4781 3783 4862; baseline 0.015 -35"><span class='ocrx_word' id='word_1_822' title='bbox 2221 4783 2455 4842; x_wconf 83' lang='lat' dir='ltr'><strong>peccatis</strong></span> <span class='ocrx_word' id='word_1_823' title='bbox 2479 4781 2696 4845; x_wconf 89' lang='lat' dir='ltr'><strong>nostris,</strong></span> <span class='ocrx_word' id='word_1_824' title='bbox 2727 4797 2833 4837; x_wconf 91' lang='lat' dir='ltr'><strong>non</strong></span> <span class='ocrx_word' id='word_1_825' title='bbox 2855 4785 2921 4838; x_wconf 89' lang='lat' dir='ltr'><strong>ad</strong></span> <span class='ocrx_word' id='word_1_826' title='bbox 2953 4799 3299 4857; x_wconf 89' lang='lat' dir='ltr'><strong>conspectum</strong></span> <span class='ocrx_word' id='word_1_827' title='bbox 3324 4791 3647 4862; x_wconf 87' lang='lat' dir='ltr'><strong>hominum,</strong></span> <span class='ocrx_word' id='word_1_828' title='bbox 3675 4799 3783 4853; x_wconf 77' lang='lat' dir='ltr'><strong>sicut</strong></span> 
     </span>
    </p>
   </div>
   <div class='ocr_carea' id='block_1_100' title="bbox 2221 4867 3782 4947">
    <p class='ocr_par' dir='ltr' id='par_1_100' title="bbox 2221 4867 3782 4947">
     <span class='ocr_line' id='line_1_100' title="bbox 2221 4867 3782 4947; baseline 0.018 -28"><span class='ocrx_word' id='word_1_829' title='bbox 2221 4867 2534 4936; x_wconf 79' lang='lat' dir='ltr'><strong>bypocritae,</strong></span> <span class='ocrx_word' id='word_1_830' title='bbox 2565 4873 2660 4926; x_wconf 90' lang='lat' dir='ltr'><strong>sed</strong></span> <span class='ocrx_word' id='word_1_831' title='bbox 2693 4891 2710 4922; x_wconf 74' lang='grc' dir='ltr'>ί</span> <span class='ocrx_word' id='word_1_832' title='bbox 2749 4884 2875 4930; x_wconf 91' lang='lat' dir='ltr'><strong>ante</strong></span> <span class='ocrx_word' id='word_1_833' title='bbox 2897 4875 3213 4946; x_wconf 90' lang='lat' dir='ltr'><strong>Dominum;</strong></span> <span class='ocrx_word' id='word_1_834' title='bbox 3253 4901 3273 4933; x_wconf 75' lang='grc' dir='ltr'><strong><em>ι</em></strong></span> <span class='ocrx_word' id='word_1_835' title='bbox 3299 4891 3354 4936; x_wconf 90' lang='grc' dir='ltr'><strong>ει</strong></span> <span class='ocrx_word' id='word_1_836' title='bbox 3378 4885 3492 4940; x_wconf 89' lang='lat' dir='ltr'><strong>hoc</strong></span> <span class='ocrx_word' id='word_1_837' title='bbox 3519 4889 3782 4947; x_wconf 66' lang='lat' dir='ltr'><strong>debemus</strong></span> 
     </span>
    </p>
   </div>
   <div class='ocr_carea' id='block_1_101' title="bbox 2219 4961 3786 5040">
    <p class='ocr_par' dir='ltr' id='par_1_101' title="bbox 2219 4961 3786 5040">
     <span class='ocr_line' id='line_1_101' title="bbox 2219 4961 3786 5040; baseline 0.013 -29"><span class='ocrx_word' id='word_1_838' title='bbox 2219 4961 2472 5028; x_wconf 88' lang='lat' dir='ltr'><strong>quoniam</strong></span> <span class='ocrx_word' id='word_1_839' title='bbox 2500 4962 2614 5031; x_wconf 89' lang='lat' dir='ltr'><strong>ipse</strong></span> <span class='ocrx_word' id='word_1_840' title='bbox 2653 4974 2738 5020; x_wconf 90' lang='lat' dir='ltr'><strong>est</strong></span> <span class='ocrx_word' id='word_1_841' title='bbox 2783 4966 2870 5022; x_wconf 92' lang='lat' dir='ltr'><strong>ille</strong></span> <span class='ocrx_word' id='word_1_842' title='bbox 2895 4987 2913 5018; x_wconf 73' lang='grc' dir='ltr'><strong>ι</strong></span> <span class='ocrx_word' id='word_1_843' title='bbox 2948 4969 3039 5036; x_wconf 92' lang='lat' dir='ltr'><strong>qui</strong></span> <span class='ocrx_word' id='word_1_844' title='bbox 3069 4968 3197 5025; x_wconf 80' lang='lat' dir='ltr'><strong>fecit</strong></span> <span class='ocrx_word' id='word_1_845' title='bbox 3239 4988 3371 5040; x_wconf 90' lang='lat' dir='ltr'><strong>nos;</strong></span> <span class='ocrx_word' id='word_1_846' title='bbox 3406 4993 3424 5026; x_wconf 74' lang='grc' dir='ltr'><strong>ι</strong></span> <span class='ocrx_word' id='word_1_847' title='bbox 3469 4977 3608 5033; x_wconf 86' lang='lat' dir='ltr'><strong>ideo</strong></span> <span class='ocrx_word' id='word_1_848' title='bbox 3649 4980 3786 5034; x_wconf 80' lang='lat' dir='ltr'><strong>etiam</strong></span> 
     </span>
    </p>
   </div>
   <div class='ocr_carea' id='block_1_102' title="bbox 2219 5052 3791 5137">
    <p class='ocr_par' dir='ltr' id='par_1_102' title="bbox 2219 5052 3791 5137">
     <span class='ocr_line' id='line_1_102' title="bbox 2219 5052 3791 5137; baseline 0.017 -34"><span class='ocrx_word' id='word_1_849' title='bbox 2219 5072 2237 5102; x_wconf 74' lang='grc' dir='ltr'>ί</span> <span class='ocrx_word' id='word_1_850' title='bbox 2272 5052 2397 5121; x_wconf 88' lang='lat' dir='ltr'><strong>quia</strong></span> <span class='ocrx_word' id='word_1_851' title='bbox 2429 5055 2543 5123; x_wconf 91' lang='lat' dir='ltr'><strong>ipse</strong></span> <span class='ocrx_word' id='word_1_852' title='bbox 2569 5065 2652 5111; x_wconf 90' lang='lat' dir='ltr'><strong>est</strong></span> <span class='ocrx_word' id='word_1_853' title='bbox 2675 5058 2815 5114; x_wconf 89' lang='lat' dir='ltr'><strong>Deus</strong></span> <span class='ocrx_word' id='word_1_854' title='bbox 2835 5070 3018 5116; x_wconf 88' lang='lat' dir='ltr'><strong>noster</strong></span> <span class='ocrx_word' id='word_1_855' title='bbox 3055 5082 3074 5113; x_wconf 74' lang='grc' dir='ltr'><strong><em>ι</em></strong></span> <span class='ocrx_word' id='word_1_856' title='bbox 3113 5063 3290 5121; x_wconf 84' lang='lat' dir='ltr'><strong>factus</strong></span> <span class='ocrx_word' id='word_1_857' title='bbox 3322 5083 3420 5137; x_wconf 90' lang='lat' dir='ltr'><strong>per</strong></span> <span class='ocrx_word' id='word_1_858' title='bbox 3446 5085 3687 5128; x_wconf 87' lang='lat' dir='ltr'><strong>carnem</strong></span> <span class='ocrx_word' id='word_1_859' title='bbox 3722 5088 3791 5127; x_wconf 63' lang='lat' dir='ltr'><strong>as</strong></span> 
     </span>
    </p>
   </div>
   <div class='ocr_carea' id='block_1_103' title="bbox 539 5118 2112 5203">
    <p class='ocr_par' dir='ltr' id='par_1_103' title="bbox 539 5118 2112 5203">
     <span class='ocr_line' id='line_1_103' title="bbox 539 5118 2112 5203; baseline 0.011 -32"><span class='ocrx_word' id='word_1_860' title='bbox 539 5125 626 5172; x_wconf 89' lang='grc' dir='ltr'><strong>εει</strong></span> <span class='ocrx_word' id='word_1_861' title='bbox 655 5118 768 5188; x_wconf 89' lang='lat' dir='ltr'><strong>ipse</strong></span> <span class='ocrx_word' id='word_1_862' title='bbox 789 5120 990 5177; x_wconf 88' lang='lat' dir='ltr'><strong>Christi</strong></span> <span class='ocrx_word' id='word_1_863' title='bbox 1017 5124 1300 5191; x_wconf 84' lang='lat' dir='ltr'><strong>adventus,</strong></span> <span class='ocrx_word' id='word_1_864' title='bbox 1349 5143 1456 5197; x_wconf 91' lang='lat' dir='ltr'><strong>quo</strong></span> <span class='ocrx_word' id='word_1_865' title='bbox 1481 5131 1635 5186; x_wconf 91' lang='lat' dir='ltr'><strong>nobis</strong></span> <span class='ocrx_word' id='word_1_866' title='bbox 1670 5141 1867 5186; x_wconf 69' lang='lat' dir='ltr'><strong>{eterna</strong></span> <span class='ocrx_word' id='word_1_867' title='bbox 1899 5135 2112 5203; x_wconf 86' lang='lat' dir='ltr'><strong>requies</strong></span> 
     </span>
    </p>
   </div>
   <div class='ocr_carea' id='block_1_104' title="bbox 540 5210 2913 5296">
    <p class='ocr_par' dir='ltr' id='par_1_104' title="bbox 540 5210 2913 5296">
     <span class='ocr_line' id='line_1_104' title="bbox 540 5210 2913 5296; baseline 0.013 -34"><span class='ocrx_word' id='word_1_868' title='bbox 540 5210 859 5278; x_wconf 88' lang='lat' dir='ltr'><strong>acquiritur.</strong></span> <span class='ocrx_word' id='word_1_869' title='bbox 893 5213 1078 5271; x_wconf 81' lang='lat' dir='ltr'><strong>Modus</strong></span> <span class='ocrx_word' id='word_1_870' title='bbox 1110 5233 1124 5270; x_wconf 93' lang='lat'><strong>:</strong></span> <span class='ocrx_word' id='word_1_871' title='bbox 1159 5216 1212 5269; x_wconf 94' lang='lat' dir='ltr'><strong>ln</strong></span> <span class='ocrx_word' id='word_1_872' title='bbox 1246 5221 1417 5287; x_wconf 88' lang='lat' dir='ltr'><strong>prima</strong></span> <span class='ocrx_word' id='word_1_873' title='bbox 1451 5232 1624 5290; x_wconf 90' lang='lat' dir='ltr'><strong>parte,</strong></span> <span class='ocrx_word' id='word_1_874' title='bbox 1675 5224 1929 5281; x_wconf 89' lang='lat' dir='ltr'><strong>admonet</strong></span> <span class='ocrx_word' id='word_1_875' title='bbox 1977 5227 2108 5283; x_wconf 84' lang='lat' dir='ltr'><strong>Pro-</strong></span> <span class='ocrx_word' id='word_1_876' title='bbox 2213 5244 2266 5288; x_wconf 89' lang='lat' dir='ltr'><strong>et</strong></span> <span class='ocrx_word' id='word_1_877' title='bbox 2303 5210 2579 5292; x_wconf 78' lang='lat' dir='ltr'><strong>recreatur</strong></span> <span class='ocrx_word' id='word_1_878' title='bbox 2605 5249 2787 5294; x_wconf 88' lang='lat' dir='ltr'><strong>noster</strong></span> <span class='ocrx_word' id='word_1_879' title='bbox 2812 5249 2913 5296; x_wconf 92' lang='grc' dir='ltr'>εει.</span> 
     </span>
    </p>
   </div>
   <div class='ocr_carea' id='block_1_105' title="bbox 539 5301 3798 5414">
    <p class='ocr_par' dir='ltr' id='par_1_105' title="bbox 539 5301 3798 5414">
     <span class='ocr_line' id='line_1_105' title="bbox 539 5301 3798 5414; baseline 0.013 -60"><span class='ocrx_word' id='word_1_880' title='bbox 539 5301 1013 5414; x_wconf 62' lang='lat' dir='ltr'><strong>phetasecundum</strong></span> <span class='ocrx_word' id='word_1_881' title='bbox 1038 5324 1096 5364; x_wconf 91' lang='lat' dir='ltr'><strong>se</strong></span> <span class='ocrx_word' id='word_1_882' title='bbox 1121 5308 1334 5366; x_wconf 78' lang='lat' dir='ltr'><strong>Judacos</strong></span> <span class='ocrx_word' id='word_1_883' title='bbox 1353 5315 1679 5382; x_wconf 87' lang='lat' dir='ltr'><strong>specialiter,</strong></span> <span class='ocrx_word' id='word_1_884' title='bbox 1701 5320 1855 5387; x_wconf 86' lang='lat' dir='ltr'><strong>quasi</strong></span> <span class='ocrx_word' id='word_1_885' title='bbox 1880 5336 2018 5376; x_wconf 90' lang='lat' dir='ltr'><strong>unus</strong></span> <span class='ocrx_word' id='word_1_886' title='bbox 2044 5323 2109 5377; x_wconf 90' lang='lat' dir='ltr'><strong>de</strong></span> <span class='ocrx_word' id='word_1_887' title='bbox 2281 5327 2349 5381; x_wconf 87' lang='lat' dir='ltr'><strong>Et</strong></span> <span class='ocrx_word' id='word_1_888' title='bbox 2394 5327 2515 5383; x_wconf 92' lang='lat' dir='ltr'><strong>ideo</strong></span> <span class='ocrx_word' id='word_1_889' title='bbox 2563 5329 2842 5396; x_wconf 89' lang='lat' dir='ltr'><strong>debemus,</strong></span> <span class='ocrx_word' id='word_1_890' title='bbox 2889 5333 3014 5402; x_wconf 90' lang='lat' dir='ltr'><strong>quia</strong></span> <span class='ocrx_word' id='word_1_891' title='bbox 3047 5352 3066 5386; x_wconf 72' lang='grc' dir='ltr'><strong>ι</strong></span> <span class='ocrx_word' id='word_1_892' title='bbox 3106 5351 3207 5391; x_wconf 90' lang='lat' dir='ltr'><strong>nos</strong></span> <span class='ocrx_word' id='word_1_893' title='bbox 3245 5355 3264 5388; x_wconf 74' lang='grc' dir='ltr'><strong>ι</strong></span> <span class='ocrx_word' id='word_1_894' title='bbox 3299 5351 3490 5395; x_wconf 88' lang='lat' dir='ltr'><strong>sumus</strong></span> <span class='ocrx_word' id='word_1_895' title='bbox 3517 5361 3542 5392; x_wconf 73' lang='grc' dir='ltr'><strong>ι</strong></span> <span class='ocrx_word' id='word_1_896' title='bbox 3577 5344 3798 5414; x_wconf 84' lang='lat' dir='ltr'><strong>populus</strong></span> 
     </span>
    </p>
   </div>
   <div class='ocr_carea' id='block_1_106' title="bbox 541 5389 3797 5497">
    <p class='ocr_par' dir='ltr' id='par_1_106' title="bbox 541 5389 3797 5497">
     <span class='ocr_line' id='line_1_106' title="bbox 541 5389 3797 5497; baseline 0.014 -55"><span class='ocrx_word' id='word_1_897' title='bbox 541 5389 645 5445; x_wconf 89' lang='lat' dir='ltr'><strong>illis</strong></span> <span class='ocrx_word' id='word_1_898' title='bbox 675 5392 753 5449; x_wconf 91' lang='lat' dir='ltr'><strong>eis</strong></span> <span class='ocrx_word' id='word_1_899' title='bbox 798 5399 1164 5465; x_wconf 86' lang='lat' dir='ltr'><strong>compatiens,</strong></span> <span class='ocrx_word' id='word_1_900' title='bbox 1197 5409 1254 5454; x_wconf 92' lang='lat' dir='ltr'><strong>ut</strong></span> <span class='ocrx_word' id='word_1_901' title='bbox 1280 5400 1553 5458; x_wconf 88' lang='lat' dir='ltr'><strong>Christum</strong></span> <span class='ocrx_word' id='word_1_902' title='bbox 1589 5405 1910 5464; x_wconf 88' lang='lat' dir='ltr'><strong>salvatorem</strong></span> <span class='ocrx_word' id='word_1_903' title='bbox 1949 5425 2105 5465; x_wconf 89' lang='lat' dir='ltr'><strong>suum</strong></span> <span class='ocrx_word' id='word_1_904' title='bbox 2210 5431 2423 5485; x_wconf 76' lang='lat' dir='ltr'><strong>pascua:</strong></span> <span class='ocrx_word' id='word_1_905' title='bbox 2464 5417 2600 5486; x_wconf 90' lang='lat' dir='ltr'><strong>ejus,</strong></span> <span class='ocrx_word' id='word_1_906' title='bbox 2637 5438 2655 5469; x_wconf 74' lang='grc' dir='ltr'><strong>ι</strong></span> <span class='ocrx_word' id='word_1_907' title='bbox 2685 5421 2812 5488; x_wconf 90' lang='lat' dir='ltr'><strong>quia</strong></span> <span class='ocrx_word' id='word_1_908' title='bbox 2845 5437 2942 5478; x_wconf 90' lang='lat' dir='ltr'><strong>nos</strong></span> <span class='ocrx_word' id='word_1_909' title='bbox 2977 5423 3152 5479; x_wconf 77' lang='lat' dir='ltr'><strong>reiicit</strong></span> <span class='ocrx_word' id='word_1_910' title='bbox 3195 5389 3615 5497; x_wconf 75' lang='lat' dir='ltr'><strong>spiritualibusr</strong></span> <span class='ocrx_word' id='word_1_911' title='bbox 3631 5389 3797 5496; x_wconf 65' lang='lat' dir='ltr'><strong>donis,</strong></span> 
     </span>
    </p>
   </div>
   <div class='ocr_carea' id='block_1_107' title="bbox 540 5489 3803 5582">
    <p class='ocr_par' dir='ltr' id='par_1_107' title="bbox 540 5489 3803 5582">
     <span class='ocr_line' id='line_1_107' title="bbox 540 5489 3803 5582; baseline 0.014 -49"><span class='ocrx_word' id='word_1_912' title='bbox 540 5492 864 5539; x_wconf 79' lang='lat' dir='ltr'><strong>venerentur</strong></span> <span class='ocrx_word' id='word_1_913' title='bbox 886 5494 939 5540; x_wconf 90' lang='lat' dir='ltr'><strong>et</strong></span> <span class='ocrx_word' id='word_1_914' title='bbox 962 5489 1207 5554; x_wconf 88' lang='lat' dir='ltr'><strong>adorent,</strong></span> <span class='ocrx_word' id='word_1_915' title='bbox 1234 5494 1476 5560; x_wconf 87' lang='lat' dir='ltr'><strong>ponendo</strong></span> <span class='ocrx_word' id='word_1_916' title='bbox 1498 5495 1696 5551; x_wconf 86' lang='lat' dir='ltr'><strong>multas</strong></span> <span class='ocrx_word' id='word_1_917' title='bbox 1726 5512 1919 5555; x_wconf 86' lang='lat' dir='ltr'><strong>causas</strong></span> <span class='ocrx_word' id='word_1_918' title='bbox 1938 5516 2106 5571; x_wconf 87' lang='lat' dir='ltr'><strong>quare</strong></span> <span class='ocrx_word' id='word_1_919' title='bbox 2207 5513 2261 5560; x_wconf 90' lang='lat' dir='ltr'><strong>et</strong></span> <span class='ocrx_word' id='word_1_920' title='bbox 2289 5506 2449 5560; x_wconf 89' lang='lat' dir='ltr'><strong>etiam</strong></span> <span class='ocrx_word' id='word_1_921' title='bbox 2477 5522 2700 5577; x_wconf 88' lang='lat' dir='ltr'><strong>corpore</strong></span> <span class='ocrx_word' id='word_1_922' title='bbox 2742 5525 2841 5564; x_wconf 92' lang='lat' dir='ltr'><strong>suo</strong></span> <span class='ocrx_word' id='word_1_923' title='bbox 2879 5521 2934 5566; x_wconf 92' lang='lat' dir='ltr'><strong>et</strong></span> <span class='ocrx_word' id='word_1_924' title='bbox 2975 5489 3262 5582; x_wconf 69' lang='lat' dir='ltr'><strong>sanguine;</strong></span> <span class='ocrx_word' id='word_1_925' title='bbox 3300 5537 3318 5568; x_wconf 84' lang='grc'><strong>‹</strong></span> <span class='ocrx_word' id='word_1_926' title='bbox 3348 5527 3404 5573; x_wconf 89' lang='grc' dir='ltr'><strong>ει</strong></span> <span class='ocrx_word' id='word_1_927' title='bbox 3437 5539 3455 5569; x_wconf 74' lang='grc' dir='ltr'><strong>ι</strong></span> <span class='ocrx_word' id='word_1_928' title='bbox 3484 5525 3678 5579; x_wconf 82' lang='lat' dir='ltr'><strong>etiam</strong></span> <span class='ocrx_word' id='word_1_929' title='bbox 3725 5541 3803 5578; x_wconf 87' lang='lat' dir='ltr'><strong>su-</strong></span> 
     </span>
    </p>
   </div>
   <div class='ocr_carea' id='block_1_108' title="bbox 539 5575 3803 5684">
    <p class='ocr_par' dir='ltr' id='par_1_108' title="bbox 539 5575 3803 5684">
     <span class='ocr_line' id='line_1_108' title="bbox 539 5575 3803 5684; baseline 0.014 -63"><span class='ocrx_word' id='word_1_930' title='bbox 539 5585 663 5624; x_wconf 91' lang='lat' dir='ltr'><strong>cum</strong></span> <span class='ocrx_word' id='word_1_931' title='bbox 699 5575 938 5645; x_wconf 88' lang='lat' dir='ltr'><strong>recipere</strong></span> <span class='ocrx_word' id='word_1_932' title='bbox 965 5578 1211 5635; x_wconf 88' lang='lat' dir='ltr'><strong>debeant.</strong></span> <span class='ocrx_word' id='word_1_933' title='bbox 1243 5582 1300 5636; x_wconf 91' lang='lat' dir='ltr'><strong>ln</strong></span> <span class='ocrx_word' id='word_1_934' title='bbox 1346 5585 1577 5640; x_wconf 90' lang='lat' dir='ltr'><strong>secunda</strong></span> <span class='ocrx_word' id='word_1_935' title='bbox 1621 5596 1795 5656; x_wconf 88' lang='lat' dir='ltr'><strong>parte,</strong></span> <span class='ocrx_word' id='word_1_936' title='bbox 1827 5607 1945 5660; x_wconf 74' lang='lat' dir='ltr'><strong>qua:</strong></span> <span class='ocrx_word' id='word_1_937' title='bbox 1972 5592 2106 5647; x_wconf 74' lang='lat' dir='ltr'><strong>iuci—</strong></span> <span class='ocrx_word' id='word_1_938' title='bbox 2208 5611 2326 5651; x_wconf 92' lang='lat' dir='ltr'><strong>mus</strong></span> <span class='ocrx_word' id='word_1_939' title='bbox 2359 5616 2377 5646; x_wconf 75' lang='grc' dir='ltr'><strong>ι</strong></span> <span class='ocrx_word' id='word_1_940' title='bbox 2411 5614 2562 5664; x_wconf 82' lang='lat' dir='ltr'><strong>oves,</strong></span> <span class='ocrx_word' id='word_1_941' title='bbox 2610 5620 2626 5649; x_wconf 76' lang='grc' dir='ltr'><strong>ι</strong></span> <span class='ocrx_word' id='word_1_942' title='bbox 2665 5601 2715 5653; x_wconf 93' lang='lat' dir='ltr'><strong>id</strong></span> <span class='ocrx_word' id='word_1_943' title='bbox 2741 5612 2843 5664; x_wconf 91' lang='lat' dir='ltr'><strong>est,</strong></span> <span class='ocrx_word' id='word_1_944' title='bbox 2879 5603 3148 5672; x_wconf 90' lang='lat' dir='ltr'><strong>simplices</strong></span> <span class='ocrx_word' id='word_1_945' title='bbox 3176 5615 3231 5662; x_wconf 92' lang='lat' dir='ltr'><strong>et</strong></span> <span class='ocrx_word' id='word_1_946' title='bbox 3262 5609 3622 5678; x_wconf 84' lang='lat' dir='ltr'><strong>innocentes,</strong></span> <span class='ocrx_word' id='word_1_947' title='bbox 3671 5616 3803 5684; x_wconf 87' lang='lat' dir='ltr'><strong>quod</strong></span> 
     </span>
     <span class='ocr_line' id='line_1_109' title="bbox 540 5663 1993 5684; baseline 0 0"><span class='ocrx_word' id='word_1_948' title='bbox 540 5663 651 5684; x_wconf 69' lang='grc' dir='ltr'>-.ε..</span> <span class='ocrx_word' id='word_1_949' title='bbox 694 5683 702 5684; x_wconf 61' lang='lat'><strong>,</strong></span> <span class='ocrx_word' id='word_1_950' title='bbox 740 5663 903 5684; x_wconf 46' lang='grc' dir='ltr'><strong>κιμη</strong></span> <span class='ocrx_word' id='word_1_951' title='bbox 983 5668 1047 5684; x_wconf 92' lang='grc'><strong>..</strong></span> <span class='ocrx_word' id='word_1_952' title='bbox 1373 5675 1385 5684; x_wconf 87' lang='grc'>.</span> <span class='ocrx_word' id='word_1_953' title='bbox 1736 5680 1746 5684; x_wconf 76' lang='lat'><strong>-</strong></span> <span class='ocrx_word' id='word_1_954' title='bbox 1808 5679 1821 5684; x_wconf 80' lang='lat'><strong>-</strong></span> <span class='ocrx_word' id='word_1_955' title='bbox 1898 5682 1905 5684; x_wconf 23' lang='grc' dir='ltr'><em>Α</em></span> <span class='ocrx_word' id='word_1_956' title='bbox 1984 5683 1993 5684; x_wconf 59' lang='lat'><strong>,</strong></span> 
     </span>
    </p>
   </div>
   <div class='ocr_carea' id='block_1_109' title="bbox 537 5663 3806 5773">
    <p class='ocr_par' dir='ltr' id='par_1_109' title="bbox 537 5663 3806 5773">
     <span class='ocr_line' id='line_1_110' title="bbox 537 5663 3806 5773; baseline 0.014 -60"><span class='ocrx_word' id='word_1_957' title='bbox 537 5663 653 5730; x_wconf 86' lang='lat' dir='ltr'><strong>pit:</strong></span> <span class='ocrx_word' id='word_1_958' title='bbox 687 5683 703 5714; x_wconf 84' lang='grc'><strong>‹</strong></span> <span class='ocrx_word' id='word_1_959' title='bbox 740 5663 913 5721; x_wconf 86' lang='lat' dir='ltr'><strong>Nolite</strong></span> <span class='ocrx_word' id='word_1_960' title='bbox 945 5668 1212 5726; x_wconf 88' lang='lat' dir='ltr'><strong>obdurare</strong></span> <span class='ocrx_word' id='word_1_961' title='bbox 1257 5675 1420 5729; x_wconf 91' lang='lat' dir='ltr'><strong>corda</strong></span> <span class='ocrx_word' id='word_1_962' title='bbox 1450 5685 1648 5742; x_wconf 86' lang='lat' dir='ltr'><strong>vestra,</strong></span> <span class='ocrx_word' id='word_1_963' title='bbox 1684 5697 1703 5730; x_wconf 74' lang='grc' dir='ltr'><strong>ι</strong></span> <span class='ocrx_word' id='word_1_964' title='bbox 1734 5679 1936 5736; x_wconf 88' lang='lat' dir='ltr'><strong>inducit</strong></span> <span class='ocrx_word' id='word_1_965' title='bbox 1975 5683 2104 5738; x_wconf 82' lang='lat' dir='ltr'><strong>Pro-</strong></span> <span class='ocrx_word' id='word_1_966' title='bbox 2205 5695 2288 5740; x_wconf 85' lang='lat' dir='ltr'><strong>est</strong></span> <span class='ocrx_word' id='word_1_967' title='bbox 2325 5707 2342 5736; x_wconf 76' lang='grc' dir='ltr'><strong>ι</strong></span> <span class='ocrx_word' id='word_1_968' title='bbox 2378 5703 2567 5741; x_wconf 90' lang='lat' dir='ltr'><strong>manus</strong></span> <span class='ocrx_word' id='word_1_969' title='bbox 2598 5689 2734 5757; x_wconf 89' lang='lat' dir='ltr'><strong>ejus,</strong></span> <span class='ocrx_word' id='word_1_970' title='bbox 2775 5710 2792 5739; x_wconf 72' lang='grc' dir='ltr'><strong>ι</strong></span> <span class='ocrx_word' id='word_1_971' title='bbox 2832 5691 2883 5744; x_wconf 90' lang='lat' dir='ltr'><strong>id</strong></span> <span class='ocrx_word' id='word_1_972' title='bbox 2911 5701 3014 5757; x_wconf 92' lang='lat' dir='ltr'><strong>est,</strong></span> <span class='ocrx_word' id='word_1_973' title='bbox 3047 5697 3291 5763; x_wconf 86' lang='lat' dir='ltr'><strong>operatio</strong></span> <span class='ocrx_word' id='word_1_974' title='bbox 3318 5699 3509 5766; x_wconf 90' lang='lat' dir='ltr'><strong>ipsius,</strong></span> <span class='ocrx_word' id='word_1_975' title='bbox 3553 5663 3707 5773; x_wconf 57' lang='lat' dir='ltr'><strong>quia</strong></span> <span class='ocrx_word' id='word_1_976' title='bbox 3729 5721 3806 5758; x_wconf 81' lang='lat' dir='ltr'><strong>so-</strong></span> 
     </span>
    </p>
   </div>
   <div class='ocr_carea' id='block_1_110' title="bbox 540 5754 3424 5851">
    <p class='ocr_par' dir='ltr' id='par_1_110' title="bbox 540 5754 3424 5851">
     <span class='ocr_line' id='line_1_111' title="bbox 540 5754 3424 5851; baseline 0.012 -47"><span class='ocrx_word' id='word_1_977' title='bbox 540 5754 700 5822; x_wconf 79' lang='lat' dir='ltr'><strong>pbeta</strong></span> <span class='ocrx_word' id='word_1_978' title='bbox 756 5756 928 5827; x_wconf 88' lang='lat' dir='ltr'><strong>ipsum</strong></span> <span class='ocrx_word' id='word_1_979' title='bbox 979 5761 1145 5816; x_wconf 87' lang='lat' dir='ltr'><strong>Deum</strong></span> <span class='ocrx_word' id='word_1_980' title='bbox 1194 5776 1618 5822; x_wconf 80' lang='lat' dir='ltr'><strong>cummoncntem</strong></span> <span class='ocrx_word' id='word_1_981' title='bbox 1675 5786 1739 5825; x_wconf 88' lang='lat' dir='ltr'><strong>ne</strong></span> <span class='ocrx_word' id='word_1_982' title='bbox 1793 5772 2103 5830; x_wconf 77' lang='lat' dir='ltr'><strong>intlurarcut</strong></span> <span class='ocrx_word' id='word_1_983' title='bbox 2206 5775 2308 5830; x_wconf 87' lang='lat' dir='ltr'><strong>lius</strong></span> <span class='ocrx_word' id='word_1_984' title='bbox 2334 5776 2607 5846; x_wconf 85' lang='lat' dir='ltr'><strong>Dciupcre</strong></span> <span class='ocrx_word' id='word_1_985' title='bbox 2637 5779 2948 5836; x_wconf 88' lang='lat' dir='ltr'><strong>innocentes</strong></span> <span class='ocrx_word' id='word_1_986' title='bbox 2982 5797 3263 5851; x_wconf 85' lang='lat' dir='ltr'><strong>possumus</strong></span> <span class='ocrx_word' id='word_1_987' title='bbox 3287 5800 3424 5840; x_wconf 81' lang='lat' dir='ltr'><strong>esse.</strong></span> 
     </span>
    </p>
   </div>
   <div class='ocr_carea' id='block_1_111' title="bbox 2215 5149 3792 5228">
    <p class='ocr_par' dir='ltr' id='par_1_111' title="bbox 2215 5149 3792 5228">
     <span class='ocr_line' id='line_1_112' title="bbox 2215 5149 3792 5228; baseline 0.015 -31"><span class='ocrx_word' id='word_1_988' title='bbox 2215 5157 2483 5213; x_wconf 78' lang='lat' dir='ltr'><strong>sumptam</strong></span> <span class='ocrx_word' id='word_1_989' title='bbox 2511 5165 2522 5198; x_wconf 92' lang='lat'>:</span> <span class='ocrx_word' id='word_1_990' title='bbox 2549 5149 2701 5216; x_wconf 85' lang='lat' dir='ltr'><strong>quasi</strong></span> <span class='ocrx_word' id='word_1_991' title='bbox 2730 5149 2849 5204; x_wconf 90' lang='lat' dir='ltr'><strong>ideo</strong></span> <span class='ocrx_word' id='word_1_992' title='bbox 2880 5151 2982 5206; x_wconf 90' lang='lat' dir='ltr'><strong>boc</strong></span> <span class='ocrx_word' id='word_1_993' title='bbox 3027 5152 3304 5224; x_wconf 89' lang='lat' dir='ltr'><strong>debemus,</strong></span> <span class='ocrx_word' id='word_1_994' title='bbox 3331 5159 3461 5228; x_wconf 90' lang='lat' dir='ltr'><strong>quia</strong></span> <span class='ocrx_word' id='word_1_995' title='bbox 3499 5172 3568 5217; x_wconf 88' lang='lat' dir='ltr'><strong>et</strong></span> <span class='ocrx_word' id='word_1_996' title='bbox 3597 5174 3792 5219; x_wconf 79' lang='lat' dir='ltr'><strong>creator</strong></span> 
     </span>
    </p>
   </div>
  </div>
