  <div class='ocr_page' id='page_1' title='image "/cluster/home/n/w/nwhite01/storage/ocr_20150623/116/hvd.32044015466881/262.png"; bbox 0 0 3940 6464; ppageno 0'>
   <div class='ocr_carea' id='block_1_1' title="bbox 150 502 246 558">
    <p class='ocr_par' dir='ltr' id='par_1_1' title="bbox 150 502 246 558">
     <span class='ocr_line' id='line_1_1' title="bbox 150 502 246 558; baseline 0.021 -2"><span class='ocrx_word' id='word_1_1' title='bbox 150 502 246 558; x_wconf 74' lang='grc'><strong>521</strong></span> 
     </span>
    </p>
   </div>
   <div class='ocr_carea' id='block_1_2' title="bbox 1306 500 2216 561">
    <p class='ocr_par' dir='ltr' id='par_1_2' title="bbox 1306 500 2216 561">
     <span class='ocr_line' id='line_1_2' title="bbox 1306 500 2216 561; baseline -0.004 0"><span class='ocrx_word' id='word_1_2' title='bbox 1306 502 1741 561; x_wconf 77' lang='lat' dir='ltr'><strong>EXPLANATIO</strong></span> <span class='ocrx_word' id='word_1_3' title='bbox 1777 500 1846 559; x_wconf 83' lang='lat' dir='ltr'><strong>IN</strong></span> <span class='ocrx_word' id='word_1_4' title='bbox 1883 500 2216 561; x_wconf 81' lang='lat' dir='ltr'><strong>PSALMOS.</strong></span> 
     </span>
    </p>
   </div>
   <div class='ocr_carea' id='block_1_3' title="bbox 3284 508 3387 561">
    <p class='ocr_par' dir='ltr' id='par_1_3' title="bbox 3284 508 3387 561">
     <span class='ocr_line' id='line_1_3' title="bbox 3284 508 3387 561; baseline -0.01 0"><span class='ocrx_word' id='word_1_5' title='bbox 3284 508 3387 561; x_wconf 68' lang='lat'><strong>522</strong></span> 
     </span>
    </p>
   </div>
   <div class='ocr_carea' id='block_1_4' title="bbox 220 611 3387 695">
    <p class='ocr_par' dir='ltr' id='par_1_4' title="bbox 220 611 3387 695">
     <span class='ocr_line' id='line_1_4' title="bbox 220 611 3387 695; baseline 0.001 -26"><span class='ocrx_word' id='word_1_6' title='bbox 220 613 351 671; x_wconf 98' lang='lat' dir='ltr'><strong>Dico</strong></span> <span class='ocrx_word' id='word_1_7' title='bbox 372 614 500 685; x_wconf 84' lang='lat' dir='ltr'><strong>quia</strong></span> <span class='ocrx_word' id='word_1_8' title='bbox 528 614 662 671; x_wconf 89' lang='lat' dir='ltr'><strong>estis</strong></span> <span class='ocrx_word' id='word_1_9' title='bbox 704 614 931 685; x_wconf 88' lang='lat' dir='ltr'><strong>populus</strong></span> <span class='ocrx_word' id='word_1_10' title='bbox 959 621 1014 670; x_wconf 92' lang='lat' dir='ltr'><strong>et</strong></span> <span class='ocrx_word' id='word_1_11' title='bbox 1056 625 1204 680; x_wconf 87' lang='lat' dir='ltr'><strong>oves,</strong></span> <span class='ocrx_word' id='word_1_12' title='bbox 1244 613 1349 670; x_wconf 89' lang='lat' dir='ltr'><strong>hac</strong></span> <span class='ocrx_word' id='word_1_13' title='bbox 1390 613 1717 681; x_wconf 89' lang='lat' dir='ltr'><strong>conditione,</strong></span> <span class='ocrx_word' id='word_1_14' title='bbox 1746 632 1800 695; x_wconf 74' lang='grc' dir='ltr'><strong>Α</strong></span> <span class='ocrx_word' id='word_1_15' title='bbox 1823 627 2043 679; x_wconf 90' lang='lat' dir='ltr'><strong>novum,</strong></span> <span class='ocrx_word' id='word_1_16' title='bbox 2086 632 2106 665; x_wconf 73' lang='grc' dir='ltr'><strong>ι</strong></span> <span class='ocrx_word' id='word_1_17' title='bbox 2139 613 2193 667; x_wconf 89' lang='lat' dir='ltr'><strong>id</strong></span> <span class='ocrx_word' id='word_1_18' title='bbox 2217 620 2321 678; x_wconf 90' lang='grc' dir='ltr'>εει,</span> <span class='ocrx_word' id='word_1_19' title='bbox 2366 611 2582 668; x_wconf 92' lang='lat' dir='ltr'><strong>laudate</strong></span> <span class='ocrx_word' id='word_1_20' title='bbox 2609 626 2733 668; x_wconf 88' lang='lat' dir='ltr'><strong>eum</strong></span> <span class='ocrx_word' id='word_1_21' title='bbox 2755 626 2935 669; x_wconf 83' lang='lat' dir='ltr'><strong>amore</strong></span> <span class='ocrx_word' id='word_1_22' title='bbox 2970 611 3211 682; x_wconf 66' lang='lat' dir='ltr'><strong>iustitiae,</strong></span> <span class='ocrx_word' id='word_1_23' title='bbox 3243 618 3387 673; x_wconf 83' lang='lat' dir='ltr'><strong>scili-</strong></span> 
     </span>
    </p>
   </div>
   <div class='ocr_carea' id='block_1_5' title="bbox 156 704 1716 776">
    <p class='ocr_par' dir='ltr' id='par_1_5' title="bbox 156 704 1716 776">
     <span class='ocr_line' id='line_1_5' title="bbox 156 704 1716 776; baseline 0.003 -21"><span class='ocrx_word' id='word_1_24' title='bbox 156 722 177 755; x_wconf 74' lang='grc' dir='ltr'><strong>ι</strong></span> <span class='ocrx_word' id='word_1_25' title='bbox 212 704 258 760; x_wconf 88' lang='lat' dir='ltr'><strong>si</strong></span> <span class='ocrx_word' id='word_1_26' title='bbox 285 704 564 761; x_wconf 89' lang='lat' dir='ltr'><strong>audieritis</strong></span> <span class='ocrx_word' id='word_1_27' title='bbox 594 719 779 761; x_wconf 88' lang='lat' dir='ltr'><strong>vocem</strong></span> <span class='ocrx_word' id='word_1_28' title='bbox 805 704 921 775; x_wconf 86' lang='lat' dir='ltr'><strong>ejus</strong></span> <span class='ocrx_word' id='word_1_29' title='bbox 956 730 975 759; x_wconf 76' lang='grc' dir='ltr'><strong>ρ</strong></span> <span class='ocrx_word' id='word_1_30' title='bbox 1008 705 1099 776; x_wconf 90' lang='lat' dir='ltr'><strong>qui</strong></span> <span class='ocrx_word' id='word_1_31' title='bbox 1124 704 1275 776; x_wconf 89' lang='lat' dir='ltr'><strong>prius</strong></span> <span class='ocrx_word' id='word_1_32' title='bbox 1316 704 1528 761; x_wconf 90' lang='lat' dir='ltr'><strong>locutus</strong></span> <span class='ocrx_word' id='word_1_33' title='bbox 1550 705 1716 776; x_wconf 88' lang='lat' dir='ltr'><strong>patri-</strong></span> 
     </span>
    </p>
   </div>
   <div class='ocr_carea' id='block_1_6' title="bbox 150 793 1719 865">
    <p class='ocr_par' dir='ltr' id='par_1_6' title="bbox 150 793 1719 865">
     <span class='ocr_line' id='line_1_6' title="bbox 150 793 1719 865; baseline 0.001 -17"><span class='ocrx_word' id='word_1_34' title='bbox 150 794 251 849; x_wconf 90' lang='lat' dir='ltr'><strong>bus</strong></span> <span class='ocrx_word' id='word_1_35' title='bbox 293 793 349 849; x_wconf 88' lang='lat' dir='ltr'><strong>in</strong></span> <span class='ocrx_word' id='word_1_36' title='bbox 382 795 679 865; x_wconf 86' lang='lat' dir='ltr'><strong>prophetis,</strong></span> <span class='ocrx_word' id='word_1_37' title='bbox 718 813 737 847; x_wconf 84' lang='grc'><em>‹</em></span> <span class='ocrx_word' id='word_1_38' title='bbox 781 795 964 862; x_wconf 87' lang='lat' dir='ltr'><strong>hodie,</strong></span> <span class='ocrx_word' id='word_1_39' title='bbox 994 814 1013 847; x_wconf 74' lang='grc' dir='ltr'><strong>ι</strong></span> <span class='ocrx_word' id='word_1_40' title='bbox 1044 795 1097 850; x_wconf 91' lang='lat' dir='ltr'><strong>id</strong></span> <span class='ocrx_word' id='word_1_41' title='bbox 1123 802 1208 851; x_wconf 87' lang='lat' dir='ltr'><strong>est</strong></span> <span class='ocrx_word' id='word_1_42' title='bbox 1234 795 1291 849; x_wconf 93' lang='lat' dir='ltr'><strong>in</strong></span> <span class='ocrx_word' id='word_1_43' title='bbox 1335 796 1441 850; x_wconf 90' lang='lat' dir='ltr'><strong>hoc</strong></span> <span class='ocrx_word' id='word_1_44' title='bbox 1479 804 1719 864; x_wconf 90' lang='lat' dir='ltr'><strong>tempore</strong></span> 
     </span>
    </p>
   </div>
   <div class='ocr_carea' id='block_1_7' title="bbox 153 884 1715 957">
    <p class='ocr_par' dir='ltr' id='par_1_7' title="bbox 153 884 1715 957">
     <span class='ocr_line' id='line_1_7' title="bbox 153 884 1715 957; baseline 0.001 -19"><span class='ocrx_word' id='word_1_45' title='bbox 153 884 354 953; x_wconf 67' lang='lat' dir='ltr'><strong>gratiae,</strong></span> <span class='ocrx_word' id='word_1_46' title='bbox 377 885 593 955; x_wconf 85' lang='lat' dir='ltr'><strong>quando</strong></span> <span class='ocrx_word' id='word_1_47' title='bbox 637 885 794 942; x_wconf 89' lang='lat' dir='ltr'><strong>nobis</strong></span> <span class='ocrx_word' id='word_1_48' title='bbox 819 886 1058 957; x_wconf 89' lang='lat' dir='ltr'><strong>loquitur</strong></span> <span class='ocrx_word' id='word_1_49' title='bbox 1080 900 1178 957; x_wconf 91' lang='lat' dir='ltr'><strong>per</strong></span> <span class='ocrx_word' id='word_1_50' title='bbox 1203 886 1477 957; x_wconf 89' lang='lat' dir='ltr'><strong>proprium</strong></span> <span class='ocrx_word' id='word_1_51' title='bbox 1499 884 1715 940; x_wconf 85' lang='lat' dir='ltr'><strong>Filium.</strong></span> 
     </span>
    </p>
   </div>
   <div class='ocr_carea' id='block_1_8' title="bbox 155 974 1721 1047">
    <p class='ocr_par' dir='ltr' id='par_1_8' title="bbox 155 974 1721 1047">
     <span class='ocr_line' id='line_1_8' title="bbox 155 974 1721 1047; baseline 0 -18"><span class='ocrx_word' id='word_1_52' title='bbox 155 974 306 1031; x_wconf 89' lang='lat' dir='ltr'><strong>Unde</strong></span> <span class='ocrx_word' id='word_1_53' title='bbox 344 976 673 1047; x_wconf 80' lang='lat' dir='ltr'><strong>Apostolus:</strong></span> <span class='ocrx_word' id='word_1_54' title='bbox 706 996 726 1029; x_wconf 83' lang='grc'><strong><em>‹</em></strong></span> <span class='ocrx_word' id='word_1_55' title='bbox 755 977 1004 1045; x_wconf 86' lang='lat' dir='ltr'><strong>Quandiu</strong></span> <span class='ocrx_word' id='word_1_56' title='bbox 1047 977 1207 1034; x_wconf 85' lang='lat' dir='ltr'><strong>hodie</strong></span> <span class='ocrx_word' id='word_1_57' title='bbox 1243 977 1552 1033; x_wconf 74' lang='lat' dir='ltr'><strong>nominatur</strong></span> <span class='ocrx_word' id='word_1_58' title='bbox 1579 976 1721 1030; x_wconf 90' lang='lat' dir='ltr'><strong>inter</strong></span> 
     </span>
    </p>
   </div>
   <div class='ocr_carea' id='block_1_9' title="bbox 154 1067 1725 1140">
    <p class='ocr_par' dir='ltr' id='par_1_9' title="bbox 154 1067 1725 1140">
     <span class='ocr_line' id='line_1_9' title="bbox 154 1067 1725 1140; baseline 0 -20"><span class='ocrx_word' id='word_1_59' title='bbox 154 1068 281 1121; x_wconf 85' lang='lat' dir='ltr'><strong>vos?</strong></span> <span class='ocrx_word' id='word_1_60' title='bbox 328 1086 348 1120; x_wconf 83' lang='grc'><strong>›</strong></span> <span class='ocrx_word' id='word_1_61' title='bbox 383 1067 515 1124; x_wconf 93' lang='lat' dir='ltr'><strong>Dico</strong></span> <span class='ocrx_word' id='word_1_62' title='bbox 544 1076 599 1125; x_wconf 89' lang='lat' dir='ltr'><strong>et</strong></span> <span class='ocrx_word' id='word_1_63' title='bbox 622 1083 811 1125; x_wconf 91' lang='lat' dir='ltr'><strong>vocem</strong></span> <span class='ocrx_word' id='word_1_64' title='bbox 850 1069 969 1140; x_wconf 84' lang='lat' dir='ltr'><strong>ejus</strong></span> <span class='ocrx_word' id='word_1_65' title='bbox 1011 1069 1311 1135; x_wconf 88' lang='lat' dir='ltr'><strong>audieritis,</strong></span> <span class='ocrx_word' id='word_1_66' title='bbox 1356 1077 1484 1124; x_wconf 90' lang='lat' dir='ltr'><strong>tunc</strong></span> <span class='ocrx_word' id='word_1_67' title='bbox 1516 1067 1725 1124; x_wconf 73' lang='lat' dir='ltr'><strong>scilicet</strong></span> 
     </span>
    </p>
   </div>
   <div class='ocr_carea' id='block_1_10' title="bbox 160 1156 1720 1223">
    <p class='ocr_par' dir='ltr' id='par_1_10' title="bbox 160 1156 1720 1223">
     <span class='ocr_line' id='line_1_10' title="bbox 160 1156 1720 1223; baseline 0.003 -15"><span class='ocrx_word' id='word_1_68' title='bbox 160 1176 180 1208; x_wconf 85' lang='grc'><strong><em>‹</em></strong></span> <span class='ocrx_word' id='word_1_69' title='bbox 215 1156 378 1213; x_wconf 90' lang='lat' dir='ltr'><strong>nolite</strong></span> <span class='ocrx_word' id='word_1_70' title='bbox 400 1158 666 1214; x_wconf 83' lang='lat' dir='ltr'><strong>obdurare</strong></span> <span class='ocrx_word' id='word_1_71' title='bbox 692 1159 852 1215; x_wconf 91' lang='lat' dir='ltr'><strong>corda</strong></span> <span class='ocrx_word' id='word_1_72' title='bbox 887 1166 1085 1216; x_wconf 85' lang='lat' dir='ltr'><strong>vestra.</strong></span> <span class='ocrx_word' id='word_1_73' title='bbox 1127 1177 1146 1210; x_wconf 73' lang='grc' dir='ltr'><strong>ι</strong></span> <span class='ocrx_word' id='word_1_74' title='bbox 1182 1156 1279 1213; x_wconf 83' lang='lat' dir='ltr'><strong>Vel</strong></span> <span class='ocrx_word' id='word_1_75' title='bbox 1316 1158 1391 1212; x_wconf 91' lang='lat' dir='ltr'><strong>ita</strong></span> <span class='ocrx_word' id='word_1_76' title='bbox 1422 1175 1435 1211; x_wconf 91' lang='lat'><strong>:</strong></span> <span class='ocrx_word' id='word_1_77' title='bbox 1466 1156 1720 1223; x_wconf 85' lang='lat' dir='ltr'><strong>Quando-</strong></span> 
     </span>
    </p>
   </div>
   <div class='ocr_carea' id='block_1_11' title="bbox 155 1248 1723 1321">
    <p class='ocr_par' dir='ltr' id='par_1_11' title="bbox 155 1248 1723 1321">
     <span class='ocr_line' id='line_1_11' title="bbox 155 1248 1723 1321; baseline -0.002 -18"><span class='ocrx_word' id='word_1_78' title='bbox 155 1248 365 1318; x_wconf 86' lang='lat' dir='ltr'><strong>quidem</strong></span> <span class='ocrx_word' id='word_1_79' title='bbox 416 1264 514 1305; x_wconf 91' lang='lat' dir='ltr'><strong>vos</strong></span> <span class='ocrx_word' id='word_1_80' title='bbox 551 1250 684 1306; x_wconf 85' lang='lat' dir='ltr'><strong>estis</strong></span> <span class='ocrx_word' id='word_1_81' title='bbox 726 1249 954 1321; x_wconf 91' lang='lat' dir='ltr'><strong>populus</strong></span> <span class='ocrx_word' id='word_1_82' title='bbox 1000 1263 1213 1319; x_wconf 62' lang='lat' dir='ltr'><strong>pascua:</strong></span> <span class='ocrx_word' id='word_1_83' title='bbox 1253 1256 1311 1304; x_wconf 89' lang='lat' dir='ltr'><strong>et</strong></span> <span class='ocrx_word' id='word_1_84' title='bbox 1352 1262 1481 1303; x_wconf 91' lang='lat' dir='ltr'><strong>oves</strong></span> <span class='ocrx_word' id='word_1_85' title='bbox 1532 1261 1723 1304; x_wconf 88' lang='lat' dir='ltr'><strong>manus</strong></span> 
     </span>
    </p>
   </div>
   <div class='ocr_carea' id='block_1_12' title="bbox 155 1336 1724 1411">
    <p class='ocr_par' dir='ltr' id='par_1_12' title="bbox 155 1336 1724 1411">
     <span class='ocr_line' id='line_1_12' title="bbox 155 1336 1724 1411; baseline 0.001 -19"><span class='ocrx_word' id='word_1_86' title='bbox 155 1336 288 1407; x_wconf 82' lang='lat' dir='ltr'><strong>ejus,</strong></span> <span class='ocrx_word' id='word_1_87' title='bbox 314 1354 443 1410; x_wconf 91' lang='lat' dir='ltr'><strong>ergo</strong></span> <span class='ocrx_word' id='word_1_88' title='bbox 469 1357 489 1391; x_wconf 74' lang='grc' dir='ltr'><strong>ε</strong></span> <span class='ocrx_word' id='word_1_89' title='bbox 528 1339 577 1395; x_wconf 92' lang='lat' dir='ltr'><strong>si</strong></span> <span class='ocrx_word' id='word_1_90' title='bbox 602 1356 787 1397; x_wconf 88' lang='lat' dir='ltr'><strong>vocem</strong></span> <span class='ocrx_word' id='word_1_91' title='bbox 812 1340 929 1411; x_wconf 87' lang='lat' dir='ltr'><strong>ejus</strong></span> <span class='ocrx_word' id='word_1_92' title='bbox 969 1339 1263 1405; x_wconf 91' lang='lat' dir='ltr'><strong>audieritis,</strong></span> <span class='ocrx_word' id='word_1_93' title='bbox 1305 1338 1467 1395; x_wconf 85' lang='lat' dir='ltr'><strong>hodie</strong></span> <span class='ocrx_word' id='word_1_94' title='bbox 1499 1357 1518 1391; x_wconf 73' lang='grc' dir='ltr'><strong>ι</strong></span> <span class='ocrx_word' id='word_1_95' title='bbox 1548 1346 1609 1393; x_wconf 85' lang='grc' dir='ltr'><strong>ιιι</strong></span> <span class='ocrx_word' id='word_1_96' title='bbox 1635 1353 1724 1393; x_wconf 87' lang='lat' dir='ltr'><strong>su-</strong></span> 
     </span>
    </p>
   </div>
   <div class='ocr_carea' id='block_1_13' title="bbox 156 1431 1269 1500">
    <p class='ocr_par' dir='ltr' id='par_1_13' title="bbox 156 1431 1269 1500">
     <span class='ocr_line' id='line_1_13' title="bbox 156 1431 1269 1500; baseline -0.002 -16"><span class='ocrx_word' id='word_1_97' title='bbox 156 1445 273 1500; x_wconf 86' lang='lat' dir='ltr'><strong>pra,</strong></span> <span class='ocrx_word' id='word_1_98' title='bbox 299 1449 317 1482; x_wconf 75' lang='grc'><strong>(</strong></span> <span class='ocrx_word' id='word_1_99' title='bbox 357 1431 521 1487; x_wconf 89' lang='lat' dir='ltr'><strong>nolite</strong></span> <span class='ocrx_word' id='word_1_100' title='bbox 539 1431 808 1488; x_wconf 84' lang='lat' dir='ltr'><strong>obdurare</strong></span> <span class='ocrx_word' id='word_1_101' title='bbox 834 1431 996 1487; x_wconf 88' lang='lat' dir='ltr'><strong>corda</strong></span> <span class='ocrx_word' id='word_1_102' title='bbox 1017 1438 1216 1486; x_wconf 89' lang='lat' dir='ltr'><strong>vestra.</strong></span> <span class='ocrx_word' id='word_1_103' title='bbox 1250 1449 1269 1482; x_wconf 76' lang='grc' dir='ltr'><strong>ι</strong></span> 
     </span>
    </p>
   </div>
   <div class='ocr_carea' id='block_1_14' title="bbox 224 1521 1724 1590">
    <p class='ocr_par' dir='ltr' id='par_1_14' title="bbox 224 1521 1724 1590">
     <span class='ocr_line' id='line_1_14' title="bbox 224 1521 1724 1590; baseline 0 -14"><span class='ocrx_word' id='word_1_104' title='bbox 224 1521 353 1578; x_wconf 84' lang='lat' dir='ltr'><strong>Pars</strong></span> <span class='ocrx_word' id='word_1_105' title='bbox 373 1524 625 1579; x_wconf 83' lang='lat' dir='ltr'><strong>secunda.</strong></span> <span class='ocrx_word' id='word_1_106' title='bbox 656 1541 675 1574; x_wconf 76' lang='grc' dir='ltr'><strong>ι</strong></span> <span class='ocrx_word' id='word_1_107' title='bbox 702 1522 877 1579; x_wconf 85' lang='lat' dir='ltr'><strong>Nolite</strong></span> <span class='ocrx_word' id='word_1_108' title='bbox 897 1522 1185 1590; x_wconf 83' lang='lat' dir='ltr'><strong>obdurare,</strong></span> <span class='ocrx_word' id='word_1_109' title='bbox 1217 1542 1235 1576; x_wconf 73' lang='grc' dir='ltr'><strong>ι</strong></span> <span class='ocrx_word' id='word_1_110' title='bbox 1264 1522 1405 1578; x_wconf 87' lang='lat' dir='ltr'><strong>sicut</strong></span> <span class='ocrx_word' id='word_1_111' title='bbox 1427 1522 1724 1577; x_wconf 81' lang='lat' dir='ltr'><strong>obdurave-</strong></span> 
     </span>
    </p>
   </div>
   <div class='ocr_carea' id='block_1_15' title="bbox 156 1614 1726 1686">
    <p class='ocr_par' dir='ltr' id='par_1_15' title="bbox 156 1614 1726 1686">
     <span class='ocr_line' id='line_1_15' title="bbox 156 1614 1726 1686; baseline -0.001 -16"><span class='ocrx_word' id='word_1_112' title='bbox 156 1624 298 1682; x_wconf 87' lang='lat' dir='ltr'><strong>runt,</strong></span> <span class='ocrx_word' id='word_1_113' title='bbox 339 1624 523 1686; x_wconf 85' lang='lat' dir='ltr'><strong>patres</strong></span> <span class='ocrx_word' id='word_1_114' title='bbox 559 1616 749 1681; x_wconf 80' lang='lat' dir='ltr'><strong>vestri,</strong></span> <span class='ocrx_word' id='word_1_115' title='bbox 773 1624 827 1672; x_wconf 92' lang='lat' dir='ltr'><strong>et</strong></span> <span class='ocrx_word' id='word_1_116' title='bbox 853 1615 958 1671; x_wconf 92' lang='lat' dir='ltr'><strong>hoc</strong></span> <span class='ocrx_word' id='word_1_117' title='bbox 984 1623 1088 1681; x_wconf 91' lang='lat' dir='ltr'><strong>est,</strong></span> <span class='ocrx_word' id='word_1_118' title='bbox 1117 1635 1136 1667; x_wconf 73' lang='grc' dir='ltr'><strong>ι</strong></span> <span class='ocrx_word' id='word_1_119' title='bbox 1169 1615 1309 1671; x_wconf 90' lang='lat' dir='ltr'><strong>sicut</strong></span> <span class='ocrx_word' id='word_1_120' title='bbox 1341 1615 1396 1669; x_wconf 93' lang='lat' dir='ltr'><strong>in</strong></span> <span class='ocrx_word' id='word_1_121' title='bbox 1424 1614 1726 1670; x_wconf 89' lang='lat' dir='ltr'><strong>irritatione</strong></span> 
     </span>
    </p>
   </div>
   <div class='ocr_carea' id='block_1_16' title="bbox 156 1704 1724 1770">
    <p class='ocr_par' dir='ltr' id='par_1_16' title="bbox 156 1704 1724 1770">
     <span class='ocr_line' id='line_1_16' title="bbox 156 1704 1724 1770; baseline -0.003 -8"><span class='ocrx_word' id='word_1_122' title='bbox 156 1705 447 1762; x_wconf 89' lang='lat' dir='ltr'><strong>secundum</strong></span> <span class='ocrx_word' id='word_1_123' title='bbox 476 1708 615 1763; x_wconf 93' lang='lat' dir='ltr'><strong>diem</strong></span> <span class='ocrx_word' id='word_1_124' title='bbox 639 1706 950 1764; x_wconf 88' lang='lat' dir='ltr'><strong>tentationis</strong></span> <span class='ocrx_word' id='word_1_125' title='bbox 979 1725 998 1758; x_wconf 77' lang='grc' dir='ltr'><strong>ι</strong></span> <span class='ocrx_word' id='word_1_126' title='bbox 1023 1704 1179 1761; x_wconf 78' lang='lat' dir='ltr'><strong>factae</strong></span> <span class='ocrx_word' id='word_1_127' title='bbox 1214 1724 1233 1757; x_wconf 87' lang='grc'><strong>‹</strong></span> <span class='ocrx_word' id='word_1_128' title='bbox 1266 1706 1321 1761; x_wconf 90' lang='lat' dir='ltr'><strong>in</strong></span> <span class='ocrx_word' id='word_1_129' title='bbox 1351 1705 1589 1770; x_wconf 89' lang='lat' dir='ltr'><strong>deserto,</strong></span> <span class='ocrx_word' id='word_1_130' title='bbox 1628 1722 1647 1755; x_wconf 72' lang='grc' dir='ltr'><strong>ι</strong></span> <span class='ocrx_word' id='word_1_131' title='bbox 1670 1704 1724 1758; x_wconf 93' lang='lat' dir='ltr'><strong>id</strong></span> 
     </span>
    </p>
   </div>
   <div class='ocr_carea' id='block_1_17' title="bbox 154 1795 1722 1869">
    <p class='ocr_par' dir='ltr' id='par_1_17' title="bbox 154 1795 1722 1869">
     <span class='ocr_line' id='line_1_17' title="bbox 154 1795 1722 1869; baseline -0.003 -17"><span class='ocrx_word' id='word_1_132' title='bbox 154 1804 237 1852; x_wconf 86' lang='lat' dir='ltr'><strong>est</strong></span> <span class='ocrx_word' id='word_1_133' title='bbox 257 1798 420 1854; x_wconf 84' lang='lat' dir='ltr'><strong>nolite</strong></span> <span class='ocrx_word' id='word_1_134' title='bbox 440 1798 588 1869; x_wconf 87' lang='lat' dir='ltr'><strong>sequi</strong></span> <span class='ocrx_word' id='word_1_135' title='bbox 610 1798 753 1853; x_wconf 90' lang='lat' dir='ltr'><strong>diem</strong></span> <span class='ocrx_word' id='word_1_136' title='bbox 780 1796 1110 1861; x_wconf 88' lang='lat' dir='ltr'><strong>tentationis,</strong></span> <span class='ocrx_word' id='word_1_137' title='bbox 1133 1804 1193 1850; x_wconf 90' lang='lat' dir='ltr'><strong>ut</strong></span> <span class='ocrx_word' id='word_1_138' title='bbox 1213 1795 1381 1851; x_wconf 90' lang='lat' dir='ltr'><strong>Deum</strong></span> <span class='ocrx_word' id='word_1_139' title='bbox 1416 1796 1469 1849; x_wconf 91' lang='lat' dir='ltr'><strong>in</strong></span> <span class='ocrx_word' id='word_1_140' title='bbox 1491 1796 1722 1859; x_wconf 88' lang='lat' dir='ltr'><strong>deserto,</strong></span> 
     </span>
    </p>
   </div>
   <div class='ocr_carea' id='block_1_18' title="bbox 161 1882 1723 1957">
    <p class='ocr_par' dir='ltr' id='par_1_18' title="bbox 161 1882 1723 1957">
     <span class='ocr_line' id='line_1_18' title="bbox 161 1882 1723 1957; baseline -0.001 -19"><span class='ocrx_word' id='word_1_141' title='bbox 161 1905 181 1938; x_wconf 74' lang='grc' dir='ltr'><strong>ι</strong></span> <span class='ocrx_word' id='word_1_142' title='bbox 210 1886 299 1942; x_wconf 89' lang='lat' dir='ltr'><strong>ubi</strong></span> <span class='ocrx_word' id='word_1_143' title='bbox 323 1896 662 1943; x_wconf 87' lang='lat' dir='ltr'><strong>tentaverunt</strong></span> <span class='ocrx_word' id='word_1_144' title='bbox 691 1901 778 1941; x_wconf 93' lang='lat' dir='ltr'><strong>me</strong></span> <span class='ocrx_word' id='word_1_145' title='bbox 797 1897 980 1957; x_wconf 87' lang='lat' dir='ltr'><strong>patres</strong></span> <span class='ocrx_word' id='word_1_146' title='bbox 1018 1885 1206 1953; x_wconf 81' lang='lat' dir='ltr'><strong>vestri,</strong></span> <span class='ocrx_word' id='word_1_147' title='bbox 1247 1903 1265 1937; x_wconf 73' lang='grc' dir='ltr'><strong>ι</strong></span> <span class='ocrx_word' id='word_1_148' title='bbox 1294 1883 1543 1940; x_wconf 87' lang='lat' dir='ltr'><strong>cordibus</strong></span> <span class='ocrx_word' id='word_1_149' title='bbox 1572 1882 1723 1938; x_wconf 89' lang='lat' dir='ltr'><strong>dubi-</strong></span> 
     </span>
    </p>
   </div>
   <div class='ocr_carea' id='block_1_19' title="bbox 1821 703 3384 773">
    <p class='ocr_par' dir='ltr' id='par_1_19' title="bbox 1821 703 3384 773">
     <span class='ocr_line' id='line_1_19' title="bbox 1821 703 3384 773; baseline 0.004 -13"><span class='ocrx_word' id='word_1_150' title='bbox 1821 713 1907 760; x_wconf 91' lang='lat' dir='ltr'><strong>cet</strong></span> <span class='ocrx_word' id='word_1_151' title='bbox 1940 704 2069 773; x_wconf 90' lang='lat' dir='ltr'><strong>quia</strong></span> <span class='ocrx_word' id='word_1_152' title='bbox 2100 718 2194 773; x_wconf 89' lang='lat' dir='ltr'><strong>per</strong></span> <span class='ocrx_word' id='word_1_153' title='bbox 2224 703 2422 758; x_wconf 90' lang='lat' dir='ltr'><strong>Filium</strong></span> <span class='ocrx_word' id='word_1_154' title='bbox 2458 719 2613 760; x_wconf 90' lang='lat' dir='ltr'><strong>suum</strong></span> <span class='ocrx_word' id='word_1_155' title='bbox 2651 705 2806 760; x_wconf 90' lang='lat' dir='ltr'><strong>nobis</strong></span> <span class='ocrx_word' id='word_1_156' title='bbox 2829 703 3096 773; x_wconf 84' lang='lat' dir='ltr'><strong>justitiam</strong></span> <span class='ocrx_word' id='word_1_157' title='bbox 3128 709 3384 769; x_wconf 83' lang='lat' dir='ltr'><strong>contulit;</strong></span> 
     </span>
    </p>
   </div>
   <div class='ocr_carea' id='block_1_20' title="bbox 1820 792 3383 865">
    <p class='ocr_par' dir='ltr' id='par_1_20' title="bbox 1820 792 3383 865">
     <span class='ocr_line' id='line_1_20' title="bbox 1820 792 3383 865; baseline 0.001 -16"><span class='ocrx_word' id='word_1_158' title='bbox 1820 810 1920 850; x_wconf 87' lang='lat' dir='ltr'><strong>nec</strong></span> <span class='ocrx_word' id='word_1_159' title='bbox 1946 794 2066 850; x_wconf 90' lang='lat' dir='ltr'><strong>dico</strong></span> <span class='ocrx_word' id='word_1_160' title='bbox 2109 793 2238 849; x_wconf 91' lang='lat' dir='ltr'><strong>solis</strong></span> <span class='ocrx_word' id='word_1_161' title='bbox 2265 792 2481 860; x_wconf 71' lang='lat' dir='ltr'><strong>Iudaeis,</strong></span> <span class='ocrx_word' id='word_1_162' title='bbox 2508 794 2603 850; x_wconf 91' lang='lat' dir='ltr'><strong>sed</strong></span> <span class='ocrx_word' id='word_1_163' title='bbox 2629 813 2647 850; x_wconf 84' lang='grc'><strong>‹</strong></span> <span class='ocrx_word' id='word_1_164' title='bbox 2682 803 2914 861; x_wconf 90' lang='lat' dir='ltr'><strong>cantate,</strong></span> <span class='ocrx_word' id='word_1_165' title='bbox 2945 797 3122 853; x_wconf 87' lang='lat' dir='ltr'><strong>omnis</strong></span> <span class='ocrx_word' id='word_1_166' title='bbox 3161 807 3326 865; x_wconf 88' lang='lat' dir='ltr'><strong>terra,</strong></span> <span class='ocrx_word' id='word_1_167' title='bbox 3366 821 3383 851; x_wconf 82' lang='grc'>›</span> 
     </span>
    </p>
   </div>
   <div class='ocr_carea' id='block_1_21' title="bbox 1822 883 3234 956">
    <p class='ocr_par' dir='ltr' id='par_1_21' title="bbox 1822 883 3234 956">
     <span class='ocr_line' id='line_1_21' title="bbox 1822 883 3234 956; baseline 0.001 -15"><span class='ocrx_word' id='word_1_168' title='bbox 1822 894 1933 941; x_wconf 87' lang='lat' dir='ltr'><strong>tam</strong></span> <span class='ocrx_word' id='word_1_169' title='bbox 1965 885 2193 956; x_wconf 78' lang='lat' dir='ltr'><strong>gentiles</strong></span> <span class='ocrx_word' id='word_1_170' title='bbox 2217 900 2378 955; x_wconf 90' lang='lat' dir='ltr'><strong>quam</strong></span> <span class='ocrx_word' id='word_1_171' title='bbox 2406 883 2597 953; x_wconf 71' lang='lat' dir='ltr'><strong>Judzei,</strong></span> <span class='ocrx_word' id='word_1_172' title='bbox 2625 896 2839 943; x_wconf 90' lang='lat' dir='ltr'><strong>cantate</strong></span> <span class='ocrx_word' id='word_1_173' title='bbox 2880 906 2898 939; x_wconf 73' lang='grc' dir='ltr'><strong>ι</strong></span> <span class='ocrx_word' id='word_1_174' title='bbox 2927 888 3170 946; x_wconf 89' lang='lat' dir='ltr'><strong>Domino.</strong></span> <span class='ocrx_word' id='word_1_175' title='bbox 3216 912 3234 943; x_wconf 74' lang='grc' dir='ltr'><strong>ι</strong></span> 
     </span>
    </p>
   </div>
   <div class='ocr_carea' id='block_1_22' title="bbox 1892 976 3389 1046">
    <p class='ocr_par' dir='ltr' id='par_1_22' title="bbox 1892 976 3389 1046">
     <span class='ocr_line' id='line_1_22' title="bbox 1892 976 3389 1046; baseline 0.005 -16"><span class='ocrx_word' id='word_1_176' title='bbox 1892 976 2075 1032; x_wconf 90' lang='lat' dir='ltr'><strong>Tertio</strong></span> <span class='ocrx_word' id='word_1_177' title='bbox 2101 991 2308 1046; x_wconf 88' lang='lat' dir='ltr'><strong>ponens</strong></span> <span class='ocrx_word' id='word_1_178' title='bbox 2350 996 2368 1027; x_wconf 74' lang='grc' dir='ltr'><strong>ε</strong></span> <span class='ocrx_word' id='word_1_179' title='bbox 2407 985 2622 1032; x_wconf 82' lang='lat' dir='ltr'><strong>cantate</strong></span> <span class='ocrx_word' id='word_1_180' title='bbox 2650 978 2877 1034; x_wconf 91' lang='lat' dir='ltr'><strong>Domino</strong></span> <span class='ocrx_word' id='word_1_181' title='bbox 2913 998 2933 1031; x_wconf 72' lang='grc' dir='ltr'><strong>ι</strong></span> <span class='ocrx_word' id='word_1_182' title='bbox 2966 979 3282 1037; x_wconf 85' lang='lat' dir='ltr'><strong>Trinitatem</strong></span> <span class='ocrx_word' id='word_1_183' title='bbox 3312 983 3389 1037; x_wconf 91' lang='lat' dir='ltr'><strong>in-</strong></span> 
     </span>
    </p>
   </div>
   <div class='ocr_carea' id='block_1_23' title="bbox 1821 1064 3389 1135">
    <p class='ocr_par' dir='ltr' id='par_1_23' title="bbox 1821 1064 3389 1135">
     <span class='ocr_line' id='line_1_23' title="bbox 1821 1064 3389 1135; baseline 0.004 -15"><span class='ocrx_word' id='word_1_184' title='bbox 1821 1064 1985 1120; x_wconf 89' lang='lat' dir='ltr'><strong>dicat.</strong></span> <span class='ocrx_word' id='word_1_185' title='bbox 2023 1083 2043 1116; x_wconf 85' lang='grc'><em>‹</em></span> <span class='ocrx_word' id='word_1_186' title='bbox 2089 1064 2158 1118; x_wconf 88' lang='lat' dir='ltr'><strong>Et</strong></span> <span class='ocrx_word' id='word_1_187' title='bbox 2199 1064 2497 1121; x_wconf 88' lang='lat' dir='ltr'><strong>benedicite</strong></span> <span class='ocrx_word' id='word_1_188' title='bbox 2540 1066 2743 1121; x_wconf 91' lang='lat' dir='ltr'><strong>nomini</strong></span> <span class='ocrx_word' id='word_1_189' title='bbox 2785 1066 2921 1135; x_wconf 87' lang='lat' dir='ltr'><strong>ejus.</strong></span> <span class='ocrx_word' id='word_1_190' title='bbox 2966 1094 2985 1120; x_wconf 73' lang='grc' dir='ltr'><strong><em>ρ</em></strong></span> <span class='ocrx_word' id='word_1_191' title='bbox 3021 1069 3203 1126; x_wconf 87' lang='lat' dir='ltr'><strong>Solum</strong></span> <span class='ocrx_word' id='word_1_192' title='bbox 3246 1072 3389 1127; x_wconf 92' lang='lat' dir='ltr'><strong>enim</strong></span> 
     </span>
    </p>
   </div>
   <div class='ocr_carea' id='block_1_24' title="bbox 1820 1152 3391 1231">
    <p class='ocr_par' dir='ltr' id='par_1_24' title="bbox 1820 1152 3391 1231">
     <span class='ocr_line' id='line_1_24' title="bbox 1820 1152 3391 1231; baseline 0.007 -24"><span class='ocrx_word' id='word_1_193' title='bbox 1820 1167 2018 1208; x_wconf 89' lang='lat' dir='ltr'><strong>nomen</strong></span> <span class='ocrx_word' id='word_1_194' title='bbox 2043 1153 2139 1208; x_wconf 90' lang='lat' dir='ltr'><strong>Dei</strong></span> <span class='ocrx_word' id='word_1_195' title='bbox 2164 1152 2445 1221; x_wconf 88' lang='lat' dir='ltr'><strong>habemus,</strong></span> <span class='ocrx_word' id='word_1_196' title='bbox 2468 1156 2705 1210; x_wconf 92' lang='lat' dir='ltr'><strong>nondum</strong></span> <span class='ocrx_word' id='word_1_197' title='bbox 2729 1156 2895 1212; x_wconf 90' lang='lat' dir='ltr'><strong>etiam</strong></span> <span class='ocrx_word' id='word_1_198' title='bbox 2931 1172 3044 1214; x_wconf 89' lang='lat' dir='ltr'><strong>rem</strong></span> <span class='ocrx_word' id='word_1_199' title='bbox 3080 1178 3093 1213; x_wconf 88' lang='lat'><strong>:</strong></span> <span class='ocrx_word' id='word_1_200' title='bbox 3120 1162 3263 1231; x_wconf 92' lang='lat' dir='ltr'><strong>quod</strong></span> <span class='ocrx_word' id='word_1_201' title='bbox 3291 1176 3391 1217; x_wconf 91' lang='lat' dir='ltr'><strong>no-</strong></span> 
     </span>
    </p>
   </div>
   <div class='ocr_carea' id='block_1_25' title="bbox 1822 1243 3396 1323">
    <p class='ocr_par' dir='ltr' id='par_1_25' title="bbox 1822 1243 3396 1323">
     <span class='ocr_line' id='line_1_25' title="bbox 1822 1243 3396 1323; baseline 0.007 -24"><span class='ocrx_word' id='word_1_202' title='bbox 1822 1259 1948 1299; x_wconf 88' lang='lat' dir='ltr'><strong>men</strong></span> <span class='ocrx_word' id='word_1_203' title='bbox 1974 1243 2200 1299; x_wconf 91' lang='lat' dir='ltr'><strong>multum</strong></span> <span class='ocrx_word' id='word_1_204' title='bbox 2226 1246 2388 1312; x_wconf 90' lang='lat' dir='ltr'><strong>valet,</strong></span> <span class='ocrx_word' id='word_1_205' title='bbox 2413 1262 2519 1303; x_wconf 90' lang='lat' dir='ltr'><strong>non</strong></span> <span class='ocrx_word' id='word_1_206' title='bbox 2540 1247 2667 1317; x_wconf 90' lang='lat' dir='ltr'><strong>quia</strong></span> <span class='ocrx_word' id='word_1_207' title='bbox 2686 1248 2973 1318; x_wconf 85' lang='lat' dir='ltr'><strong>prolatum,</strong></span> <span class='ocrx_word' id='word_1_208' title='bbox 3004 1253 3097 1307; x_wconf 87' lang='lat' dir='ltr'><strong>sed</strong></span> <span class='ocrx_word' id='word_1_209' title='bbox 3126 1254 3251 1323; x_wconf 85' lang='lat' dir='ltr'><strong>quia</strong></span> <span class='ocrx_word' id='word_1_210' title='bbox 3276 1268 3396 1311; x_wconf 88' lang='lat' dir='ltr'><strong>cre-</strong></span> 
     </span>
    </p>
   </div>
   <div class='ocr_carea' id='block_1_26' title="bbox 1822 1336 3394 1411">
    <p class='ocr_par' dir='ltr' id='par_1_26' title="bbox 1822 1336 3394 1411">
     <span class='ocr_line' id='line_1_26' title="bbox 1822 1336 3394 1411; baseline 0.004 -19"><span class='ocrx_word' id='word_1_211' title='bbox 1822 1336 2012 1392; x_wconf 91' lang='lat' dir='ltr'><strong>ditum.</strong></span> <span class='ocrx_word' id='word_1_212' title='bbox 2053 1336 2145 1392; x_wconf 85' lang='lat' dir='ltr'><strong>ille</strong></span> <span class='ocrx_word' id='word_1_213' title='bbox 2191 1338 2458 1394; x_wconf 88' lang='lat' dir='ltr'><strong>benedicit</strong></span> <span class='ocrx_word' id='word_1_214' title='bbox 2504 1354 2699 1395; x_wconf 89' lang='lat' dir='ltr'><strong>nomen</strong></span> <span class='ocrx_word' id='word_1_215' title='bbox 2745 1340 2976 1408; x_wconf 91' lang='lat' dir='ltr'><strong>Domini,</strong></span> <span class='ocrx_word' id='word_1_216' title='bbox 3010 1344 3101 1411; x_wconf 90' lang='lat' dir='ltr'><strong>qui</strong></span> <span class='ocrx_word' id='word_1_217' title='bbox 3149 1344 3284 1400; x_wconf 88' lang='lat' dir='ltr'><strong>bene</strong></span> <span class='ocrx_word' id='word_1_218' title='bbox 3311 1348 3394 1399; x_wconf 76' lang='lat' dir='ltr'><strong>vi-</strong></span> 
     </span>
    </p>
   </div>
   <div class='ocr_carea' id='block_1_27' title="bbox 1827 1429 3394 1501">
    <p class='ocr_par' dir='ltr' id='par_1_27' title="bbox 1827 1429 3394 1501">
     <span class='ocr_line' id='line_1_27' title="bbox 1827 1429 3394 1501; baseline 0.006 -18"><span class='ocrx_word' id='word_1_219' title='bbox 1827 1430 1998 1485; x_wconf 90' lang='lat' dir='ltr'><strong>vendo</strong></span> <span class='ocrx_word' id='word_1_220' title='bbox 2023 1430 2115 1485; x_wconf 89' lang='lat' dir='ltr'><strong>dat</strong></span> <span class='ocrx_word' id='word_1_221' title='bbox 2138 1429 2261 1486; x_wconf 90' lang='lat' dir='ltr'><strong>aliis</strong></span> <span class='ocrx_word' id='word_1_222' title='bbox 2286 1432 2590 1501; x_wconf 84' lang='lat' dir='ltr'><strong>exemplum</strong></span> <span class='ocrx_word' id='word_1_223' title='bbox 2616 1433 2753 1487; x_wconf 90' lang='lat' dir='ltr'><strong>bene</strong></span> <span class='ocrx_word' id='word_1_224' title='bbox 2804 1433 3044 1499; x_wconf 81' lang='lat' dir='ltr'><strong>vivendi,</strong></span> <span class='ocrx_word' id='word_1_225' title='bbox 3071 1435 3210 1491; x_wconf 88' lang='lat' dir='ltr'><strong>sicut</strong></span> <span class='ocrx_word' id='word_1_226' title='bbox 3235 1452 3394 1492; x_wconf 84' lang='lat' dir='ltr'><strong>econ-</strong></span> 
     </span>
    </p>
   </div>
   <div class='ocr_carea' id='block_1_28' title="bbox 1825 1522 3393 1598">
    <p class='ocr_par' dir='ltr' id='par_1_28' title="bbox 1825 1522 3393 1598">
     <span class='ocr_line' id='line_1_28' title="bbox 1825 1522 3393 1598; baseline 0.004 -21"><span class='ocrx_word' id='word_1_227' title='bbox 1825 1522 1993 1578; x_wconf 89' lang='lat' dir='ltr'><strong>trario</strong></span> <span class='ocrx_word' id='word_1_228' title='bbox 2014 1522 2103 1577; x_wconf 92' lang='lat' dir='ltr'><strong>ille</strong></span> <span class='ocrx_word' id='word_1_229' title='bbox 2140 1523 2337 1579; x_wconf 88' lang='lat' dir='ltr'><strong>dicitur</strong></span> <span class='ocrx_word' id='word_1_230' title='bbox 2363 1524 2681 1580; x_wconf 89' lang='lat' dir='ltr'><strong>maledicere</strong></span> <span class='ocrx_word' id='word_1_231' title='bbox 2711 1540 2906 1581; x_wconf 90' lang='lat' dir='ltr'><strong>nomen</strong></span> <span class='ocrx_word' id='word_1_232' title='bbox 2931 1525 3164 1592; x_wconf 91' lang='lat' dir='ltr'><strong>Domini,</strong></span> <span class='ocrx_word' id='word_1_233' title='bbox 3196 1544 3261 1583; x_wconf 82' lang='lat' dir='ltr'><strong>ex</strong></span> <span class='ocrx_word' id='word_1_234' title='bbox 3290 1546 3393 1598; x_wconf 87' lang='lat' dir='ltr'><strong>quo</strong></span> 
     </span>
    </p>
   </div>
   <div class='ocr_carea' id='block_1_29' title="bbox 1826 1606 3396 1686">
    <p class='ocr_par' dir='ltr' id='par_1_29' title="bbox 1826 1606 3396 1686">
     <span class='ocr_line' id='line_1_29' title="bbox 1826 1606 3396 1686; baseline 0.003 -17"><span class='ocrx_word' id='word_1_235' title='bbox 1826 1615 1914 1670; x_wconf 88' lang='lat' dir='ltr'><strong>alii</strong></span> <span class='ocrx_word' id='word_1_236' title='bbox 1948 1617 2167 1671; x_wconf 87' lang='lat' dir='ltr'><strong>trahunt</strong></span> <span class='ocrx_word' id='word_1_237' title='bbox 2194 1617 2295 1672; x_wconf 89' lang='lat' dir='ltr'><strong>sibi</strong></span> <span class='ocrx_word' id='word_1_238' title='bbox 2318 1606 2619 1686; x_wconf 75' lang='lat' dir='ltr'><strong>exemplum</strong></span> <span class='ocrx_word' id='word_1_239' title='bbox 2642 1617 2781 1673; x_wconf 93' lang='lat' dir='ltr'><strong>male</strong></span> <span class='ocrx_word' id='word_1_240' title='bbox 2809 1618 3045 1673; x_wconf 82' lang='lat' dir='ltr'><strong>vivendi.</strong></span> <span class='ocrx_word' id='word_1_241' title='bbox 3062 1619 3209 1685; x_wconf 90' lang='lat' dir='ltr'><strong>Dico,</strong></span> <span class='ocrx_word' id='word_1_242' title='bbox 3230 1640 3247 1671; x_wconf 84' lang='grc'><em>‹</em></span> <span class='ocrx_word' id='word_1_243' title='bbox 3272 1636 3396 1675; x_wconf 88' lang='lat' dir='ltr'><strong>can-</strong></span> 
     </span>
    </p>
   </div>
   <div class='ocr_carea' id='block_1_30' title="bbox 1825 1709 3393 1780">
    <p class='ocr_par' dir='ltr' id='par_1_30' title="bbox 1825 1709 3393 1780">
     <span class='ocr_line' id='line_1_30' title="bbox 1825 1709 3393 1780; baseline 0 -16"><span class='ocrx_word' id='word_1_244' title='bbox 1825 1717 1955 1774; x_wconf 90' lang='lat' dir='ltr'><strong>tate,</strong></span> <span class='ocrx_word' id='word_1_245' title='bbox 1987 1717 2043 1765; x_wconf 89' lang='lat' dir='ltr'><strong>et</strong></span> <span class='ocrx_word' id='word_1_246' title='bbox 2061 1709 2383 1776; x_wconf 89' lang='lat' dir='ltr'><strong>benedicite,</strong></span> <span class='ocrx_word' id='word_1_247' title='bbox 2415 1729 2433 1762; x_wconf 86' lang='grc'><strong>›</strong></span> <span class='ocrx_word' id='word_1_248' title='bbox 2462 1719 2518 1765; x_wconf 92' lang='grc' dir='ltr'><strong>ει</strong></span> <span class='ocrx_word' id='word_1_249' title='bbox 2544 1728 2561 1761; x_wconf 74' lang='grc' dir='ltr'><strong>ι</strong></span> <span class='ocrx_word' id='word_1_250' title='bbox 2600 1711 2913 1766; x_wconf 90' lang='lat' dir='ltr'><strong>annuntiate</strong></span> <span class='ocrx_word' id='word_1_251' title='bbox 2932 1711 3165 1767; x_wconf 88' lang='lat' dir='ltr'><strong>salutare</strong></span> <span class='ocrx_word' id='word_1_252' title='bbox 3190 1712 3325 1780; x_wconf 88' lang='lat' dir='ltr'><strong>ejus,</strong></span> <span class='ocrx_word' id='word_1_253' title='bbox 3376 1733 3393 1764; x_wconf 76' lang='grc' dir='ltr'><strong>ι</strong></span> 
     </span>
    </p>
   </div>
   <div class='ocr_carea' id='block_1_31' title="bbox 1828 1791 3400 1872">
    <p class='ocr_par' dir='ltr' id='par_1_31' title="bbox 1828 1791 3400 1872">
     <span class='ocr_line' id='line_1_31' title="bbox 1828 1791 3400 1872; baseline -0.003 -15"><span class='ocrx_word' id='word_1_254' title='bbox 1828 1803 2003 1872; x_wconf 89' lang='lat' dir='ltr'><strong>ipsum</strong></span> <span class='ocrx_word' id='word_1_255' title='bbox 2030 1800 2226 1856; x_wconf 86' lang='lat' dir='ltr'><strong>Filium</strong></span> <span class='ocrx_word' id='word_1_256' title='bbox 2256 1801 2372 1867; x_wconf 88' lang='lat' dir='ltr'><strong>Dei,</strong></span> <span class='ocrx_word' id='word_1_257' title='bbox 2394 1815 2494 1871; x_wconf 90' lang='lat' dir='ltr'><strong>per</strong></span> <span class='ocrx_word' id='word_1_258' title='bbox 2520 1816 2679 1870; x_wconf 89' lang='lat' dir='ltr'><strong>quem</strong></span> <span class='ocrx_word' id='word_1_259' title='bbox 2713 1816 2880 1872; x_wconf 88' lang='lat' dir='ltr'><strong>genus</strong></span> <span class='ocrx_word' id='word_1_260' title='bbox 2904 1802 3195 1856; x_wconf 88' lang='lat' dir='ltr'><strong>humanum</strong></span> <span class='ocrx_word' id='word_1_261' title='bbox 3226 1791 3400 1857; x_wconf 76' lang='lat' dir='ltr'><strong>salva-</strong></span> 
     </span>
    </p>
   </div>
   <div class='ocr_carea' id='block_1_32' title="bbox 1831 1889 3402 1957">
    <p class='ocr_par' dir='ltr' id='par_1_32' title="bbox 1831 1889 3402 1957">
     <span class='ocr_line' id='line_1_32' title="bbox 1831 1889 3402 1957; baseline -0.001 -11"><span class='ocrx_word' id='word_1_262' title='bbox 1831 1901 1939 1957; x_wconf 89' lang='lat' dir='ltr'><strong>tur,</strong></span> <span class='ocrx_word' id='word_1_263' title='bbox 1970 1898 2026 1946; x_wconf 91' lang='lat' dir='ltr'><strong>et</strong></span> <span class='ocrx_word' id='word_1_264' title='bbox 2054 1890 2108 1944; x_wconf 90' lang='lat' dir='ltr'><strong>in</strong></span> <span class='ocrx_word' id='word_1_265' title='bbox 2136 1889 2353 1945; x_wconf 90' lang='lat' dir='ltr'><strong>domum</strong></span> <span class='ocrx_word' id='word_1_266' title='bbox 2378 1890 2475 1944; x_wconf 90' lang='lat' dir='ltr'><strong>Dei</strong></span> <span class='ocrx_word' id='word_1_267' title='bbox 2520 1889 2893 1954; x_wconf 81' lang='lat' dir='ltr'><strong>reaediticatur,</strong></span> <span class='ocrx_word' id='word_1_268' title='bbox 2926 1896 2981 1943; x_wconf 90' lang='lat' dir='ltr'><strong>et</strong></span> <span class='ocrx_word' id='word_1_269' title='bbox 3022 1890 3124 1944; x_wconf 91' lang='lat' dir='ltr'><strong>hoc</strong></span> <span class='ocrx_word' id='word_1_270' title='bbox 3162 1908 3181 1940; x_wconf 86' lang='grc'><em>‹</em></span> <span class='ocrx_word' id='word_1_271' title='bbox 3219 1890 3285 1943; x_wconf 92' lang='lat' dir='ltr'><strong>de</strong></span> <span class='ocrx_word' id='word_1_272' title='bbox 3315 1890 3402 1944; x_wconf 90' lang='lat' dir='ltr'><strong>dic</strong></span> 
     </span>
    </p>
   </div>
   <div class='ocr_carea' id='block_1_33' title="bbox 156 1976 3401 2049">
    <p class='ocr_par' dir='ltr' id='par_1_33' title="bbox 156 1976 3401 2049">
     <span class='ocr_line' id='line_1_33' title="bbox 156 1976 3401 2049; baseline 0 -19"><span class='ocrx_word' id='word_1_273' title='bbox 156 1985 335 2033; x_wconf 89' lang='lat' dir='ltr'><strong>tantes</strong></span> <span class='ocrx_word' id='word_1_274' title='bbox 358 1978 424 2033; x_wconf 91' lang='lat' dir='ltr'><strong>de</strong></span> <span class='ocrx_word' id='word_1_275' title='bbox 447 1978 689 2048; x_wconf 89' lang='lat' dir='ltr'><strong>potentia</strong></span> <span class='ocrx_word' id='word_1_276' title='bbox 718 1993 858 2045; x_wconf 91' lang='lat' dir='ltr'><strong>mea,</strong></span> <span class='ocrx_word' id='word_1_277' title='bbox 880 1986 935 2033; x_wconf 90' lang='lat' dir='ltr'><strong>et</strong></span> <span class='ocrx_word' id='word_1_278' title='bbox 962 1986 1087 2033; x_wconf 93' lang='lat' dir='ltr'><strong>tunc</strong></span> <span class='ocrx_word' id='word_1_279' title='bbox 1110 1976 1476 2047; x_wconf 87' lang='lat' dir='ltr'><strong>probaverunt</strong></span> <span class='ocrx_word' id='word_1_280' title='bbox 1496 1990 1581 2030; x_wconf 91' lang='lat' dir='ltr'><strong>me</strong></span> <span class='ocrx_word' id='word_1_281' title='bbox 1603 1989 1724 2029; x_wconf 90' lang='lat' dir='ltr'><strong>esse</strong></span> <span class='ocrx_word' id='word_1_282' title='bbox 1750 1989 1799 2049; x_wconf 81' lang='grc' dir='ltr'><strong>Β</strong></span> <span class='ocrx_word' id='word_1_283' title='bbox 1826 1978 1879 2034; x_wconf 91' lang='lat' dir='ltr'><strong>in</strong></span> <span class='ocrx_word' id='word_1_284' title='bbox 1901 1979 2063 2045; x_wconf 89' lang='lat' dir='ltr'><strong>diem,</strong></span> <span class='ocrx_word' id='word_1_285' title='bbox 2095 1996 2113 2030; x_wconf 73' lang='grc' dir='ltr'><strong>ι</strong></span> <span class='ocrx_word' id='word_1_286' title='bbox 2140 1978 2194 2033; x_wconf 94' lang='lat' dir='ltr'><strong>id</strong></span> <span class='ocrx_word' id='word_1_287' title='bbox 2219 1984 2321 2045; x_wconf 92' lang='grc' dir='ltr'>εει,</span> <span class='ocrx_word' id='word_1_288' title='bbox 2346 1978 2579 2043; x_wconf 90' lang='lat' dir='ltr'><strong>assidue,</strong></span> <span class='ocrx_word' id='word_1_289' title='bbox 2602 1976 2687 2033; x_wconf 91' lang='lat' dir='ltr'><strong>vel</strong></span> <span class='ocrx_word' id='word_1_290' title='bbox 2711 1978 2776 2032; x_wconf 91' lang='lat' dir='ltr'><strong>de</strong></span> <span class='ocrx_word' id='word_1_291' title='bbox 2802 1978 2907 2043; x_wconf 92' lang='lat' dir='ltr'><strong>die,</strong></span> <span class='ocrx_word' id='word_1_292' title='bbox 2924 1977 2975 2032; x_wconf 87' lang='lat' dir='ltr'><strong>id</strong></span> <span class='ocrx_word' id='word_1_293' title='bbox 2998 1985 3100 2044; x_wconf 89' lang='lat' dir='ltr'><strong>est,</strong></span> <span class='ocrx_word' id='word_1_294' title='bbox 3131 1977 3197 2031; x_wconf 92' lang='lat' dir='ltr'><strong>de</strong></span> <span class='ocrx_word' id='word_1_295' title='bbox 3220 1977 3401 2033; x_wconf 84' lang='lat' dir='ltr'><strong>Veteri</strong></span> 
     </span>
    </p>
   </div>
   <div class='ocr_carea' id='block_1_34' title="bbox 156 2058 1727 2139">
    <p class='ocr_par' dir='ltr' id='par_1_34' title="bbox 156 2058 1727 2139">
     <span class='ocr_line' id='line_1_34' title="bbox 156 2058 1727 2139; baseline -0.001 -18"><span class='ocrx_word' id='word_1_296' title='bbox 156 2067 349 2133; x_wconf 89' lang='lat' dir='ltr'><strong>Deum,</strong></span> <span class='ocrx_word' id='word_1_297' title='bbox 381 2074 436 2123; x_wconf 90' lang='grc' dir='ltr'><strong>ει</strong></span> <span class='ocrx_word' id='word_1_298' title='bbox 462 2069 588 2138; x_wconf 89' lang='lat' dir='ltr'><strong>quia</strong></span> <span class='ocrx_word' id='word_1_299' title='bbox 624 2088 643 2119; x_wconf 73' lang='grc' dir='ltr'><strong>ι</strong></span> <span class='ocrx_word' id='word_1_300' title='bbox 690 2069 1056 2139; x_wconf 88' lang='lat' dir='ltr'><strong>probaverunt</strong></span> <span class='ocrx_word' id='word_1_301' title='bbox 1100 2058 1156 2123; x_wconf 75' lang='lat' dir='ltr'><strong>et</strong></span> <span class='ocrx_word' id='word_1_302' title='bbox 1196 2067 1463 2131; x_wconf 87' lang='lat' dir='ltr'><strong>viderunt,</strong></span> <span class='ocrx_word' id='word_1_303' title='bbox 1498 2085 1517 2118; x_wconf 73' lang='grc' dir='ltr'><strong>ι</strong></span> <span class='ocrx_word' id='word_1_304' title='bbox 1544 2064 1727 2120; x_wconf 90' lang='lat' dir='ltr'><strong>audie-</strong></span> 
     </span>
    </p>
   </div>
   <div class='ocr_carea' id='block_1_35' title="bbox 155 2154 1731 2229">
    <p class='ocr_par' dir='ltr' id='par_1_35' title="bbox 155 2154 1731 2229">
     <span class='ocr_line' id='line_1_35' title="bbox 155 2154 1731 2229; baseline -0.003 -17"><span class='ocrx_word' id='word_1_305' title='bbox 155 2167 287 2215; x_wconf 87' lang='lat' dir='ltr'><strong>runt</strong></span> <span class='ocrx_word' id='word_1_306' title='bbox 326 2177 344 2211; x_wconf 85' lang='grc'><strong><em>‹</em></strong></span> <span class='ocrx_word' id='word_1_307' title='bbox 374 2174 538 2229; x_wconf 88' lang='lat' dir='ltr'><strong>opera</strong></span> <span class='ocrx_word' id='word_1_308' title='bbox 578 2174 718 2225; x_wconf 89' lang='lat' dir='ltr'><strong>mea,</strong></span> <span class='ocrx_word' id='word_1_309' title='bbox 760 2179 779 2211; x_wconf 73' lang='grc' dir='ltr'><strong>ι</strong></span> <span class='ocrx_word' id='word_1_310' title='bbox 808 2159 863 2215; x_wconf 94' lang='lat' dir='ltr'><strong>id</strong></span> <span class='ocrx_word' id='word_1_311' title='bbox 899 2166 1003 2226; x_wconf 89' lang='lat' dir='ltr'><strong>est,</strong></span> <span class='ocrx_word' id='word_1_312' title='bbox 1027 2173 1223 2213; x_wconf 88' lang='lat' dir='ltr'><strong>manna</strong></span> <span class='ocrx_word' id='word_1_313' title='bbox 1248 2157 1361 2229; x_wconf 88' lang='lat' dir='ltr'><strong>plui</strong></span> <span class='ocrx_word' id='word_1_314' title='bbox 1386 2157 1514 2224; x_wconf 78' lang='lat' dir='ltr'><strong>illis,</strong></span> <span class='ocrx_word' id='word_1_315' title='bbox 1534 2164 1590 2212; x_wconf 92' lang='lat' dir='ltr'><strong>et</strong></span> <span class='ocrx_word' id='word_1_316' title='bbox 1626 2154 1731 2210; x_wconf 91' lang='lat' dir='ltr'><strong>alia</strong></span> 
     </span>
    </p>
   </div>
   <div class='ocr_carea' id='block_1_36' title="bbox 154 2250 779 2322">
    <p class='ocr_par' dir='ltr' id='par_1_36' title="bbox 154 2250 779 2322">
     <span class='ocr_line' id='line_1_36' title="bbox 154 2250 779 2322; baseline 0 -17"><span class='ocrx_word' id='word_1_317' title='bbox 154 2250 324 2305; x_wconf 90' lang='lat' dir='ltr'><strong>multa</strong></span> <span class='ocrx_word' id='word_1_318' title='bbox 355 2252 511 2322; x_wconf 89' lang='lat' dir='ltr'><strong>signa</strong></span> <span class='ocrx_word' id='word_1_319' title='bbox 546 2250 651 2307; x_wconf 79' lang='lat' dir='ltr'><strong>feci</strong></span> <span class='ocrx_word' id='word_1_320' title='bbox 682 2252 779 2306; x_wconf 91' lang='lat' dir='ltr'><strong>eis.</strong></span> 
     </span>
    </p>
   </div>
   <div class='ocr_carea' id='block_1_37' title="bbox 226 2340 1735 2413">
    <p class='ocr_par' dir='ltr' id='par_1_37' title="bbox 226 2340 1735 2413">
     <span class='ocr_line' id='line_1_37' title="bbox 226 2340 1735 2413; baseline -0.001 -17"><span class='ocrx_word' id='word_1_321' title='bbox 226 2342 294 2396; x_wconf 83' lang='lat' dir='ltr'><strong>Et</strong></span> <span class='ocrx_word' id='word_1_322' title='bbox 312 2342 438 2412; x_wconf 92' lang='lat' dir='ltr'><strong>quia</strong></span> <span class='ocrx_word' id='word_1_323' title='bbox 460 2344 539 2398; x_wconf 92' lang='lat' dir='ltr'><strong>sic</strong></span> <span class='ocrx_word' id='word_1_324' title='bbox 562 2358 649 2398; x_wconf 90' lang='lat' dir='ltr'><strong>me</strong></span> <span class='ocrx_word' id='word_1_325' title='bbox 681 2350 1049 2407; x_wconf 88' lang='lat' dir='ltr'><strong>tentaverunt,</strong></span> <span class='ocrx_word' id='word_1_326' title='bbox 1080 2357 1209 2413; x_wconf 91' lang='lat' dir='ltr'><strong>ergo</strong></span> <span class='ocrx_word' id='word_1_327' title='bbox 1234 2359 1252 2392; x_wconf 88' lang='grc'><em>‹</em></span> <span class='ocrx_word' id='word_1_328' title='bbox 1284 2340 1360 2395; x_wconf 82' lang='lat' dir='ltr'><strong>fui</strong></span> <span class='ocrx_word' id='word_1_329' title='bbox 1384 2340 1618 2395; x_wconf 73' lang='lat' dir='ltr'><strong>offensus</strong></span> <span class='ocrx_word' id='word_1_330' title='bbox 1645 2354 1735 2410; x_wconf 89' lang='lat' dir='ltr'><strong>ge-</strong></span> 
     </span>
    </p>
   </div>
   <div class='ocr_carea' id='block_1_38' title="bbox 156 2430 1736 2504">
    <p class='ocr_par' dir='ltr' id='par_1_38' title="bbox 156 2430 1736 2504">
     <span class='ocr_line' id='line_1_38' title="bbox 156 2430 1736 2504; baseline -0.001 -17"><span class='ocrx_word' id='word_1_331' title='bbox 156 2432 424 2488; x_wconf 90' lang='lat' dir='ltr'><strong>nerationi</strong></span> <span class='ocrx_word' id='word_1_332' title='bbox 479 2432 555 2487; x_wconf 89' lang='lat' dir='ltr'><strong>illi</strong></span> <span class='ocrx_word' id='word_1_333' title='bbox 597 2432 953 2504; x_wconf 81' lang='lat' dir='ltr'><strong>quadraginta</strong></span> <span class='ocrx_word' id='word_1_334' title='bbox 1002 2433 1195 2488; x_wconf 91' lang='lat' dir='ltr'><strong>annis:</strong></span> <span class='ocrx_word' id='word_1_335' title='bbox 1234 2451 1253 2483; x_wconf 74' lang='grc' dir='ltr'><strong>ι</strong></span> <span class='ocrx_word' id='word_1_336' title='bbox 1279 2439 1359 2486; x_wconf 92' lang='lat' dir='ltr'><strong>tot</strong></span> <span class='ocrx_word' id='word_1_337' title='bbox 1395 2432 1538 2486; x_wconf 90' lang='lat' dir='ltr'><strong>enim</strong></span> <span class='ocrx_word' id='word_1_338' title='bbox 1580 2430 1736 2486; x_wconf 89' lang='lat' dir='ltr'><strong>annis</strong></span> 
     </span>
    </p>
   </div>
   <div class='ocr_carea' id='block_1_39' title="bbox 159 2521 1734 2593">
    <p class='ocr_par' dir='ltr' id='par_1_39' title="bbox 159 2521 1734 2593">
     <span class='ocr_line' id='line_1_39' title="bbox 159 2521 1734 2593; baseline -0.001 -17"><span class='ocrx_word' id='word_1_339' title='bbox 159 2522 356 2578; x_wconf 87' lang='lat' dir='ltr'><strong>morati</strong></span> <span class='ocrx_word' id='word_1_340' title='bbox 400 2522 609 2577; x_wconf 87' lang='lat' dir='ltr'><strong>suntin</strong></span> <span class='ocrx_word' id='word_1_341' title='bbox 647 2522 891 2589; x_wconf 86' lang='lat' dir='ltr'><strong>deserto;</strong></span> <span class='ocrx_word' id='word_1_342' title='bbox 928 2542 948 2575; x_wconf 70' lang='grc' dir='ltr'><em>ς</em></span> <span class='ocrx_word' id='word_1_343' title='bbox 985 2531 1040 2577; x_wconf 87' lang='grc' dir='ltr'><strong>ει</strong></span> <span class='ocrx_word' id='word_1_344' title='bbox 1074 2522 1182 2577; x_wconf 85' lang='lat' dir='ltr'><strong>dixi</strong></span> <span class='ocrx_word' id='word_1_345' title='bbox 1220 2542 1238 2574; x_wconf 75' lang='grc' dir='ltr'><strong>ι</strong></span> <span class='ocrx_word' id='word_1_346' title='bbox 1269 2522 1349 2577; x_wconf 83' lang='grc' dir='ltr'>εἰε</span> <span class='ocrx_word' id='word_1_347' title='bbox 1381 2537 1478 2593; x_wconf 89' lang='lat' dir='ltr'><strong>per</strong></span> <span class='ocrx_word' id='word_1_348' title='bbox 1516 2521 1734 2591; x_wconf 88' lang='lat' dir='ltr'><strong>Moysen</strong></span> 
     </span>
    </p>
   </div>
   <div class='ocr_carea' id='block_1_40' title="bbox 155 2613 1737 2685">
    <p class='ocr_par' dir='ltr' id='par_1_40' title="bbox 155 2613 1737 2685">
     <span class='ocr_line' id='line_1_40' title="bbox 155 2613 1737 2685; baseline -0.001 -17"><span class='ocrx_word' id='word_1_349' title='bbox 155 2621 214 2668; x_wconf 87' lang='lat' dir='ltr'><strong>et</strong></span> <span class='ocrx_word' id='word_1_350' title='bbox 232 2613 363 2669; x_wconf 89' lang='lat' dir='ltr'><strong>alios</strong></span> <span class='ocrx_word' id='word_1_351' title='bbox 389 2614 591 2671; x_wconf 85' lang='lat' dir='ltr'><strong>electos</strong></span> <span class='ocrx_word' id='word_1_352' title='bbox 617 2629 806 2671; x_wconf 91' lang='lat' dir='ltr'><strong>meos:</strong></span> <span class='ocrx_word' id='word_1_353' title='bbox 848 2635 867 2667; x_wconf 78' lang='grc' dir='ltr'><strong>ι</strong></span> <span class='ocrx_word' id='word_1_354' title='bbox 909 2613 1132 2685; x_wconf 90' lang='lat' dir='ltr'><strong>Semper</strong></span> <span class='ocrx_word' id='word_1_355' title='bbox 1152 2614 1241 2669; x_wconf 88' lang='lat' dir='ltr'><strong>isti</strong></span> <span class='ocrx_word' id='word_1_356' title='bbox 1273 2634 1291 2665; x_wconf 78' lang='grc' dir='ltr'><strong>ι</strong></span> <span class='ocrx_word' id='word_1_357' title='bbox 1318 2613 1565 2669; x_wconf 91' lang='lat' dir='ltr'><strong>homines</strong></span> <span class='ocrx_word' id='word_1_358' title='bbox 1596 2632 1615 2664; x_wconf 87' lang='grc'><em>‹</em></span> <span class='ocrx_word' id='word_1_359' title='bbox 1651 2628 1737 2668; x_wconf 91' lang='lat' dir='ltr'><strong>er-</strong></span> 
     </span>
    </p>
   </div>
   <div class='ocr_carea' id='block_1_41' title="bbox 156 2704 1733 2775">
    <p class='ocr_par' dir='ltr' id='par_1_41' title="bbox 156 2704 1733 2775">
     <span class='ocr_line' id='line_1_41' title="bbox 156 2704 1733 2775; baseline -0.001 -15"><span class='ocrx_word' id='word_1_360' title='bbox 156 2714 283 2760; x_wconf 90' lang='lat' dir='ltr'><strong>rant</strong></span> <span class='ocrx_word' id='word_1_361' title='bbox 318 2725 336 2758; x_wconf 73' lang='grc' dir='ltr'><strong>ι</strong></span> <span class='ocrx_word' id='word_1_362' title='bbox 370 2715 551 2761; x_wconf 90' lang='lat' dir='ltr'><strong>etnon</strong></span> <span class='ocrx_word' id='word_1_363' title='bbox 574 2706 750 2769; x_wconf 85' lang='lat' dir='ltr'><strong>inscii,</strong></span> <span class='ocrx_word' id='word_1_364' title='bbox 786 2706 881 2761; x_wconf 88' lang='lat' dir='ltr'><strong>sed</strong></span> <span class='ocrx_word' id='word_1_365' title='bbox 907 2725 925 2757; x_wconf 79' lang='grc' dir='ltr'><strong>ι</strong></span> <span class='ocrx_word' id='word_1_366' title='bbox 958 2706 1140 2772; x_wconf 87' lang='lat' dir='ltr'><strong>corde,</strong></span> <span class='ocrx_word' id='word_1_367' title='bbox 1175 2725 1194 2757; x_wconf 75' lang='grc' dir='ltr'><strong>ι</strong></span> <span class='ocrx_word' id='word_1_368' title='bbox 1225 2705 1351 2775; x_wconf 84' lang='lat' dir='ltr'><strong>quia</strong></span> <span class='ocrx_word' id='word_1_369' title='bbox 1376 2706 1429 2759; x_wconf 91' lang='lat' dir='ltr'><strong>in</strong></span> <span class='ocrx_word' id='word_1_370' title='bbox 1459 2704 1733 2761; x_wconf 88' lang='lat' dir='ltr'><strong>conscien-</strong></span> 
     </span>
    </p>
   </div>
   <div class='ocr_carea' id='block_1_42' title="bbox 154 2793 1069 2874">
    <p class='ocr_par' dir='ltr' id='par_1_42' title="bbox 154 2793 1069 2874">
     <span class='ocr_line' id='line_1_42' title="bbox 154 2793 1069 2874; baseline 0.002 -27"><span class='ocrx_word' id='word_1_371' title='bbox 154 2793 250 2849; x_wconf 92' lang='lat' dir='ltr'><strong>tiis</strong></span> <span class='ocrx_word' id='word_1_372' title='bbox 278 2795 389 2850; x_wconf 90' lang='lat' dir='ltr'><strong>suis</strong></span> <span class='ocrx_word' id='word_1_373' title='bbox 411 2808 627 2851; x_wconf 90' lang='lat' dir='ltr'><strong>errasse</strong></span> <span class='ocrx_word' id='word_1_374' title='bbox 654 2810 713 2851; x_wconf 86' lang='lat' dir='ltr'><strong>se</strong></span> <span class='ocrx_word' id='word_1_375' title='bbox 744 2794 1069 2874; x_wconf 80' lang='lat' dir='ltr'><strong>intelligunt.</strong></span> 
     </span>
    </p>
   </div>
   <div class='ocr_carea' id='block_1_43' title="bbox 229 2886 1740 2955">
    <p class='ocr_par' dir='ltr' id='par_1_43' title="bbox 229 2886 1740 2955">
     <span class='ocr_line' id='line_1_43' title="bbox 229 2886 1740 2955; baseline 0 -12"><span class='ocrx_word' id='word_1_376' title='bbox 229 2886 298 2943; x_wconf 86' lang='lat' dir='ltr'><strong>Et</strong></span> <span class='ocrx_word' id='word_1_377' title='bbox 327 2886 456 2944; x_wconf 90' lang='lat' dir='ltr'><strong>licet</strong></span> <span class='ocrx_word' id='word_1_378' title='bbox 493 2888 749 2945; x_wconf 79' lang='lat' dir='ltr'><strong>dixissem</strong></span> <span class='ocrx_word' id='word_1_379' title='bbox 777 2889 857 2944; x_wconf 88' lang='lat' dir='ltr'><strong>eis</strong></span> <span class='ocrx_word' id='word_1_380' title='bbox 897 2888 991 2955; x_wconf 89' lang='lat' dir='ltr'><strong>ita,</strong></span> <span class='ocrx_word' id='word_1_381' title='bbox 1022 2907 1041 2939; x_wconf 77' lang='grc' dir='ltr'><strong>ι</strong></span> <span class='ocrx_word' id='word_1_382' title='bbox 1070 2889 1157 2943; x_wconf 88' lang='lat' dir='ltr'><strong>isti</strong></span> <span class='ocrx_word' id='word_1_383' title='bbox 1190 2907 1208 2939; x_wconf 77' lang='grc' dir='ltr'><strong>ι</strong></span> <span class='ocrx_word' id='word_1_384' title='bbox 1252 2897 1427 2945; x_wconf 90' lang='lat' dir='ltr'><strong>tamen</strong></span> <span class='ocrx_word' id='word_1_385' title='bbox 1453 2907 1470 2939; x_wconf 73' lang='grc' dir='ltr'><strong>ε</strong></span> <span class='ocrx_word' id='word_1_386' title='bbox 1502 2904 1608 2944; x_wconf 93' lang='lat' dir='ltr'><strong>non</strong></span> <span class='ocrx_word' id='word_1_387' title='bbox 1654 2902 1740 2943; x_wconf 91' lang='lat' dir='ltr'><strong>co-</strong></span> 
     </span>
    </p>
   </div>
   <div class='ocr_carea' id='block_1_44' title="bbox 154 2980 1741 3052">
    <p class='ocr_par' dir='ltr' id='par_1_44' title="bbox 154 2980 1741 3052">
     <span class='ocr_line' id='line_1_44' title="bbox 154 2980 1741 3052; baseline -0.001 -17"><span class='ocrx_word' id='word_1_388' title='bbox 154 2989 458 3052; x_wconf 74' lang='lat' dir='ltr'><strong>gnoverunt</strong></span> <span class='ocrx_word' id='word_1_389' title='bbox 489 2980 604 3035; x_wconf 91' lang='lat' dir='ltr'><strong>vias</strong></span> <span class='ocrx_word' id='word_1_390' title='bbox 648 2995 815 3045; x_wconf 90' lang='lat' dir='ltr'><strong>meas,</strong></span> <span class='ocrx_word' id='word_1_391' title='bbox 852 2998 870 3032; x_wconf 87' lang='grc'><strong>›</strong></span> <span class='ocrx_word' id='word_1_392' title='bbox 898 2980 951 3036; x_wconf 87' lang='lat' dir='ltr'><strong>id</strong></span> <span class='ocrx_word' id='word_1_393' title='bbox 996 2988 1100 3047; x_wconf 92' lang='grc' dir='ltr'>εει,</span> <span class='ocrx_word' id='word_1_394' title='bbox 1152 2996 1260 3037; x_wconf 91' lang='lat' dir='ltr'><strong>non</strong></span> <span class='ocrx_word' id='word_1_395' title='bbox 1308 2982 1741 3051; x_wconf 87' lang='lat' dir='ltr'><strong>approbaverunt</strong></span> 
     </span>
    </p>
   </div>
   <div class='ocr_carea' id='block_1_45' title="bbox 155 3068 1738 3140">
    <p class='ocr_par' dir='ltr' id='par_1_45' title="bbox 155 3068 1738 3140">
     <span class='ocr_line' id='line_1_45' title="bbox 155 3068 1738 3140; baseline -0.001 -17"><span class='ocrx_word' id='word_1_396' title='bbox 155 3077 429 3140; x_wconf 83' lang='lat' dir='ltr'><strong>praecepta</strong></span> <span class='ocrx_word' id='word_1_397' title='bbox 459 3084 617 3136; x_wconf 88' lang='lat' dir='ltr'><strong>mea;</strong></span> <span class='ocrx_word' id='word_1_398' title='bbox 661 3079 717 3124; x_wconf 92' lang='lat' dir='ltr'><strong>et</strong></span> <span class='ocrx_word' id='word_1_399' title='bbox 753 3069 874 3125; x_wconf 90' lang='lat' dir='ltr'><strong>ideo</strong></span> <span class='ocrx_word' id='word_1_400' title='bbox 907 3089 925 3121; x_wconf 72' lang='grc' dir='ltr'><strong>ι</strong></span> <span class='ocrx_word' id='word_1_401' title='bbox 966 3069 1014 3126; x_wconf 87' lang='lat' dir='ltr'><strong>si</strong></span> <span class='ocrx_word' id='word_1_402' title='bbox 1063 3069 1359 3125; x_wconf 78' lang='lat' dir='ltr'><strong>introibant</strong></span> <span class='ocrx_word' id='word_1_403' title='bbox 1404 3070 1459 3124; x_wconf 93' lang='lat' dir='ltr'><strong>in</strong></span> <span class='ocrx_word' id='word_1_404' title='bbox 1497 3068 1738 3139; x_wconf 86' lang='lat' dir='ltr'><strong>requiem</strong></span> 
     </span>
    </p>
   </div>
   <div class='ocr_carea' id='block_1_46' title="bbox 155 3161 1740 3233">
    <p class='ocr_par' dir='ltr' id='par_1_46' title="bbox 155 3161 1740 3233">
     <span class='ocr_line' id='line_1_46' title="bbox 155 3161 1740 3233; baseline -0.002 -16"><span class='ocrx_word' id='word_1_405' title='bbox 155 3176 362 3228; x_wconf 83' lang='lat' dir='ltr'><strong>meam,</strong></span> <span class='ocrx_word' id='word_1_406' title='bbox 403 3181 421 3214; x_wconf 77' lang='grc' dir='ltr'><strong>ι</strong></span> <span class='ocrx_word' id='word_1_407' title='bbox 457 3163 512 3217; x_wconf 92' lang='lat' dir='ltr'><strong>id</strong></span> <span class='ocrx_word' id='word_1_408' title='bbox 540 3171 626 3218; x_wconf 89' lang='lat' dir='ltr'><strong>est</strong></span> <span class='ocrx_word' id='word_1_409' title='bbox 657 3171 915 3219; x_wconf 79' lang='lat' dir='ltr'><strong>aeternam</strong></span> <span class='ocrx_word' id='word_1_410' title='bbox 967 3163 1195 3232; x_wconf 88' lang='lat' dir='ltr'><strong>patriam</strong></span> <span class='ocrx_word' id='word_1_411' title='bbox 1244 3161 1597 3233; x_wconf 89' lang='lat' dir='ltr'><strong>signiﬁcatam</strong></span> <span class='ocrx_word' id='word_1_412' title='bbox 1643 3176 1740 3231; x_wconf 91' lang='lat' dir='ltr'><strong>per</strong></span> 
     </span>
    </p>
   </div>
   <div class='ocr_carea' id='block_1_47' title="bbox 154 3253 1735 3326">
    <p class='ocr_par' dir='ltr' id='par_1_47' title="bbox 154 3253 1735 3326">
     <span class='ocr_line' id='line_1_47' title="bbox 154 3253 1735 3326; baseline -0.002 -16"><span class='ocrx_word' id='word_1_413' title='bbox 154 3262 361 3311; x_wconf 81' lang='lat' dir='ltr'><strong>terram</strong></span> <span class='ocrx_word' id='word_1_414' title='bbox 405 3256 798 3326; x_wconf 89' lang='lat' dir='ltr'><strong>promissionis,</strong></span> <span class='ocrx_word' id='word_1_415' title='bbox 850 3272 957 3312; x_wconf 92' lang='lat' dir='ltr'><strong>non</strong></span> <span class='ocrx_word' id='word_1_416' title='bbox 1008 3257 1111 3311; x_wconf 91' lang='lat' dir='ltr'><strong>erit</strong></span> <span class='ocrx_word' id='word_1_417' title='bbox 1160 3256 1233 3310; x_wconf 91' lang='lat' dir='ltr'><strong>ibi</strong></span> <span class='ocrx_word' id='word_1_418' title='bbox 1289 3254 1485 3324; x_wconf 90' lang='lat' dir='ltr'><strong>aliquis</strong></span> <span class='ocrx_word' id='word_1_419' title='bbox 1529 3253 1735 3315; x_wconf 90' lang='lat' dir='ltr'><strong>bonus,</strong></span> 
     </span>
    </p>
   </div>
   <div class='ocr_carea' id='block_1_48' title="bbox 1835 2069 3402 2140">
    <p class='ocr_par' dir='ltr' id='par_1_48' title="bbox 1835 2069 3402 2140">
     <span class='ocr_line' id='line_1_48' title="bbox 1835 2069 3402 2140; baseline -0.001 -14"><span class='ocrx_word' id='word_1_420' title='bbox 1835 2070 2201 2136; x_wconf 88' lang='lat' dir='ltr'><strong>Testamento,</strong></span> <span class='ocrx_word' id='word_1_421' title='bbox 2233 2071 2287 2125; x_wconf 92' lang='lat' dir='ltr'><strong>in</strong></span> <span class='ocrx_word' id='word_1_422' title='bbox 2318 2085 2425 2139; x_wconf 91' lang='lat' dir='ltr'><strong>quo</strong></span> <span class='ocrx_word' id='word_1_423' title='bbox 2446 2069 2623 2140; x_wconf 88' lang='lat' dir='ltr'><strong>aliqua</strong></span> <span class='ocrx_word' id='word_1_424' title='bbox 2658 2069 2758 2123; x_wconf 84' lang='lat' dir='ltr'><strong>fuit</strong></span> <span class='ocrx_word' id='word_1_425' title='bbox 2786 2069 3125 2135; x_wconf 90' lang='lat' dir='ltr'><strong>illuminatio,</strong></span> <span class='ocrx_word' id='word_1_426' title='bbox 3151 2069 3326 2125; x_wconf 89' lang='lat' dir='ltr'><strong>eundo</strong></span> <span class='ocrx_word' id='word_1_427' title='bbox 3348 2070 3402 2125; x_wconf 93' lang='lat' dir='ltr'><strong>in</strong></span> 
     </span>
    </p>
   </div>
   <div class='ocr_carea' id='block_1_49' title="bbox 1834 2159 3404 2227">
    <p class='ocr_par' dir='ltr' id='par_1_49' title="bbox 1834 2159 3404 2227">
     <span class='ocr_line' id='line_1_49' title="bbox 1834 2159 3404 2227; baseline -0.001 -11"><span class='ocrx_word' id='word_1_428' title='bbox 1834 2161 1998 2227; x_wconf 90' lang='lat' dir='ltr'><strong>diem,</strong></span> <span class='ocrx_word' id='word_1_429' title='bbox 2021 2160 2073 2215; x_wconf 90' lang='lat' dir='ltr'><strong>id</strong></span> <span class='ocrx_word' id='word_1_430' title='bbox 2092 2160 2251 2216; x_wconf 91' lang='lat' dir='ltr'><strong>estin</strong></span> <span class='ocrx_word' id='word_1_431' title='bbox 2270 2160 2479 2215; x_wconf 82' lang='lat' dir='ltr'><strong>Novum</strong></span> <span class='ocrx_word' id='word_1_432' title='bbox 2512 2159 2941 2227; x_wconf 86' lang='lat' dir='ltr'><strong>Testamentum;</strong></span> <span class='ocrx_word' id='word_1_433' title='bbox 2984 2160 3299 2215; x_wconf 90' lang='lat' dir='ltr'><strong>annuntiatc</strong></span> <span class='ocrx_word' id='word_1_434' title='bbox 3321 2176 3404 2215; x_wconf 81' lang='lat' dir='ltr'><strong>sa-</strong></span> 
     </span>
    </p>
   </div>
   <div class='ocr_carea' id='block_1_50' title="bbox 1833 2250 3405 2322">
    <p class='ocr_par' dir='ltr' id='par_1_50' title="bbox 1833 2250 3405 2322">
     <span class='ocr_line' id='line_1_50' title="bbox 1833 2250 3405 2322; baseline 0.003 -17"><span class='ocrx_word' id='word_1_435' title='bbox 1833 2251 2006 2306; x_wconf 89' lang='lat' dir='ltr'><strong>lutare</strong></span> <span class='ocrx_word' id='word_1_436' title='bbox 2027 2251 2162 2322; x_wconf 85' lang='lat' dir='ltr'><strong>ejus,</strong></span> <span class='ocrx_word' id='word_1_437' title='bbox 2198 2252 2404 2307; x_wconf 89' lang='lat' dir='ltr'><strong>scilicet</strong></span> <span class='ocrx_word' id='word_1_438' title='bbox 2423 2252 2765 2321; x_wconf 91' lang='lat' dir='ltr'><strong>comprobate</strong></span> <span class='ocrx_word' id='word_1_439' title='bbox 2785 2250 3057 2306; x_wconf 86' lang='lat' dir='ltr'><strong>Christum</strong></span> <span class='ocrx_word' id='word_1_440' title='bbox 3075 2267 3259 2321; x_wconf 87' lang='lat' dir='ltr'><strong>regem</strong></span> <span class='ocrx_word' id='word_1_441' title='bbox 3281 2265 3405 2309; x_wconf 88' lang='lat' dir='ltr'><strong>esse</strong></span> 
     </span>
    </p>
   </div>
   <div class='ocr_carea' id='block_1_51' title="bbox 1835 2342 3409 2412">
    <p class='ocr_par' dir='ltr' id='par_1_51' title="bbox 1835 2342 3409 2412">
     <span class='ocr_line' id='line_1_51' title="bbox 1835 2342 3409 2412; baseline 0.003 -15"><span class='ocrx_word' id='word_1_442' title='bbox 1835 2350 1890 2397; x_wconf 91' lang='lat' dir='ltr'><strong>et</strong></span> <span class='ocrx_word' id='word_1_443' title='bbox 1922 2342 2242 2397; x_wconf 90' lang='lat' dir='ltr'><strong>salvatorem</strong></span> <span class='ocrx_word' id='word_1_444' title='bbox 2283 2343 2546 2409; x_wconf 89' lang='lat' dir='ltr'><strong>omnium,</strong></span> <span class='ocrx_word' id='word_1_445' title='bbox 2572 2357 2669 2412; x_wconf 88' lang='lat' dir='ltr'><strong>per</strong></span> <span class='ocrx_word' id='word_1_446' title='bbox 2701 2342 3074 2398; x_wconf 89' lang='lat' dir='ltr'><strong>auctoritatem</strong></span> <span class='ocrx_word' id='word_1_447' title='bbox 3099 2342 3310 2399; x_wconf 80' lang='lat' dir='ltr'><strong>Veteris</strong></span> <span class='ocrx_word' id='word_1_448' title='bbox 3350 2350 3409 2401; x_wconf 84' lang='grc' dir='ltr'><strong>ει</strong></span> 
     </span>
    </p>
   </div>
   <div class='ocr_carea' id='block_1_52' title="bbox 1835 2432 3208 2490">
    <p class='ocr_par' dir='ltr' id='par_1_52' title="bbox 1835 2432 3208 2490">
     <span class='ocr_line' id='line_1_52' title="bbox 1835 2432 3208 2490; baseline 0 -2"><span class='ocrx_word' id='word_1_449' title='bbox 1835 2432 1968 2489; x_wconf 81' lang='grc' dir='ltr'><strong>Νονί</strong></span> <span class='ocrx_word' id='word_1_450' title='bbox 1991 2434 2341 2490; x_wconf 89' lang='lat' dir='ltr'><strong>Testamenti.</strong></span> <span class='ocrx_word' id='word_1_451' title='bbox 3206 2434 3208 2436; x_wconf 72' lang='grc'>’</span> 
     </span>
    </p>
   </div>
   <div class='ocr_carea' id='block_1_53' title="bbox 1907 2524 3405 2596">
    <p class='ocr_par' dir='ltr' id='par_1_53' title="bbox 1907 2524 3405 2596">
     <span class='ocr_line' id='line_1_53' title="bbox 1907 2524 3405 2596; baseline 0.003 -16"><span class='ocrx_word' id='word_1_452' title='bbox 1907 2524 2153 2581; x_wconf 89' lang='lat' dir='ltr'><strong>Ostendit</strong></span> <span class='ocrx_word' id='word_1_453' title='bbox 2181 2527 2309 2596; x_wconf 92' lang='lat' dir='ltr'><strong>quid</strong></span> <span class='ocrx_word' id='word_1_454' title='bbox 2331 2526 2563 2582; x_wconf 87' lang='lat' dir='ltr'><strong>debeant</strong></span> <span class='ocrx_word' id='word_1_455' title='bbox 2589 2526 2657 2583; x_wconf 88' lang='lat' dir='ltr'><strong>de</strong></span> <span class='ocrx_word' id='word_1_456' title='bbox 2694 2526 2786 2583; x_wconf 93' lang='lat' dir='ltr'><strong>illo</strong></span> <span class='ocrx_word' id='word_1_457' title='bbox 2812 2525 3031 2583; x_wconf 90' lang='lat' dir='ltr'><strong>salutari</strong></span> <span class='ocrx_word' id='word_1_458' title='bbox 3062 2529 3405 2595; x_wconf 87' lang='lat' dir='ltr'><strong>annuntiare,</strong></span> 
     </span>
    </p>
   </div>
   <div class='ocr_carea' id='block_1_54' title="bbox 1835 2600 3401 2687">
    <p class='ocr_par' dir='ltr' id='par_1_54' title="bbox 1835 2600 3401 2687">
     <span class='ocr_line' id='line_1_54' title="bbox 1835 2600 3401 2687; baseline -0.002 -16"><span class='ocrx_word' id='word_1_459' title='bbox 1835 2624 1891 2671; x_wconf 90' lang='lat' dir='ltr'><strong>et</strong></span> <span class='ocrx_word' id='word_1_460' title='bbox 1905 2616 2047 2669; x_wconf 90' lang='lat' dir='ltr'><strong>inter</strong></span> <span class='ocrx_word' id='word_1_461' title='bbox 2065 2630 2223 2686; x_wconf 89' lang='lat' dir='ltr'><strong>quos,</strong></span> <span class='ocrx_word' id='word_1_462' title='bbox 2248 2630 2370 2671; x_wconf 89' lang='lat' dir='ltr'><strong>cum</strong></span> <span class='ocrx_word' id='word_1_463' title='bbox 2387 2615 2549 2671; x_wconf 91' lang='lat' dir='ltr'><strong>dicit:</strong></span> <span class='ocrx_word' id='word_1_464' title='bbox 2572 2635 2591 2667; x_wconf 84' lang='grc'><strong>‹</strong></span> <span class='ocrx_word' id='word_1_465' title='bbox 2619 2616 2949 2671; x_wconf 84' lang='lat' dir='ltr'><strong>Annuntiate</strong></span> <span class='ocrx_word' id='word_1_466' title='bbox 2973 2600 3195 2687; x_wconf 78' lang='lat' dir='ltr'><strong>gloriam</strong></span> <span class='ocrx_word' id='word_1_467' title='bbox 3234 2616 3349 2685; x_wconf 91' lang='lat' dir='ltr'><strong>ejus</strong></span> <span class='ocrx_word' id='word_1_468' title='bbox 3383 2638 3401 2668; x_wconf 78' lang='grc' dir='ltr'><strong>ι</strong></span> 
     </span>
    </p>
   </div>
   <div class='ocr_carea' id='block_1_55' title="bbox 1838 2704 3409 2780">
    <p class='ocr_par' dir='ltr' id='par_1_55' title="bbox 1838 2704 3409 2780">
     <span class='ocr_line' id='line_1_55' title="bbox 1838 2704 3409 2780; baseline 0.002 -18"><span class='ocrx_word' id='word_1_469' title='bbox 1838 2708 2111 2775; x_wconf 90' lang='lat' dir='ltr'><strong>salutaris,</strong></span> <span class='ocrx_word' id='word_1_470' title='bbox 2148 2709 2201 2764; x_wconf 92' lang='lat' dir='ltr'><strong>id</strong></span> <span class='ocrx_word' id='word_1_471' title='bbox 2226 2717 2327 2775; x_wconf 90' lang='lat' dir='ltr'><strong>est,</strong></span> <span class='ocrx_word' id='word_1_472' title='bbox 2377 2708 2553 2778; x_wconf 90' lang='lat' dir='ltr'><strong>ipsum</strong></span> <span class='ocrx_word' id='word_1_473' title='bbox 2583 2704 2861 2764; x_wconf 88' lang='lat' dir='ltr'><strong>Christum</strong></span> <span class='ocrx_word' id='word_1_474' title='bbox 2895 2709 3186 2777; x_wconf 84' lang='lat' dir='ltr'><strong>gloriosum</strong></span> <span class='ocrx_word' id='word_1_475' title='bbox 3216 2710 3409 2780; x_wconf 59' lang='lat' dir='ltr'><strong>praedi-</strong></span> 
     </span>
    </p>
   </div>
   <div class='ocr_carea' id='block_1_56' title="bbox 1838 2799 3404 2871">
    <p class='ocr_par' dir='ltr' id='par_1_56' title="bbox 1838 2799 3404 2871">
     <span class='ocr_line' id='line_1_56' title="bbox 1838 2799 3404 2871; baseline -0.002 -15"><span class='ocrx_word' id='word_1_476' title='bbox 1838 2810 1980 2868; x_wconf 89' lang='lat' dir='ltr'><strong>cate,</strong></span> <span class='ocrx_word' id='word_1_477' title='bbox 2007 2802 2134 2871; x_wconf 86' lang='lat' dir='ltr'><strong>quia</strong></span> <span class='ocrx_word' id='word_1_478' title='bbox 2177 2801 2272 2855; x_wconf 88' lang='lat' dir='ltr'><strong>Dei</strong></span> <span class='ocrx_word' id='word_1_479' title='bbox 2302 2799 2473 2856; x_wconf 87' lang='lat' dir='ltr'><strong>Filius</strong></span> <span class='ocrx_word' id='word_1_480' title='bbox 2516 2800 2636 2867; x_wconf 79' lang='lat' dir='ltr'><strong>fuit,</strong></span> <span class='ocrx_word' id='word_1_481' title='bbox 2672 2808 2727 2857; x_wconf 90' lang='lat' dir='ltr'><strong>et</strong></span> <span class='ocrx_word' id='word_1_482' title='bbox 2768 2801 2871 2855; x_wconf 82' lang='lat' dir='ltr'><strong>hoc</strong></span> <span class='ocrx_word' id='word_1_483' title='bbox 2902 2819 2919 2851; x_wconf 75' lang='grc' dir='ltr'><strong>ι</strong></span> <span class='ocrx_word' id='word_1_484' title='bbox 2958 2802 3098 2855; x_wconf 88' lang='lat' dir='ltr'><strong>inter</strong></span> <span class='ocrx_word' id='word_1_485' title='bbox 3139 2808 3345 2871; x_wconf 79' lang='lat' dir='ltr'><strong>gentes,</strong></span> <span class='ocrx_word' id='word_1_486' title='bbox 3385 2822 3404 2853; x_wconf 79' lang='grc' dir='ltr'><strong>ι</strong></span> 
     </span>
    </p>
   </div>
   <div class='ocr_carea' id='block_1_57' title="bbox 1838 2891 3412 2964">
    <p class='ocr_par' dir='ltr' id='par_1_57' title="bbox 1838 2891 3412 2964">
     <span class='ocr_line' id='line_1_57' title="bbox 1838 2891 3412 2964; baseline 0 -17"><span class='ocrx_word' id='word_1_487' title='bbox 1838 2907 1939 2948; x_wconf 91' lang='lat' dir='ltr'><strong>nec</strong></span> <span class='ocrx_word' id='word_1_488' title='bbox 1971 2892 2091 2947; x_wconf 90' lang='lat' dir='ltr'><strong>dico</strong></span> <span class='ocrx_word' id='word_1_489' title='bbox 2134 2906 2333 2962; x_wconf 90' lang='lat' dir='ltr'><strong>paucas</strong></span> <span class='ocrx_word' id='word_1_490' title='bbox 2363 2900 2573 2964; x_wconf 90' lang='lat' dir='ltr'><strong>gentes,</strong></span> <span class='ocrx_word' id='word_1_491' title='bbox 2618 2891 2768 2947; x_wconf 71' lang='lat' dir='ltr'><strong>sed&#39;c</strong></span> <span class='ocrx_word' id='word_1_492' title='bbox 2816 2892 2873 2945; x_wconf 90' lang='lat' dir='ltr'><strong>in</strong></span> <span class='ocrx_word' id='word_1_493' title='bbox 2918 2893 3165 2947; x_wconf 91' lang='lat' dir='ltr'><strong>omnibus</strong></span> <span class='ocrx_word' id='word_1_494' title='bbox 3203 2892 3412 2964; x_wconf 89' lang='lat' dir='ltr'><strong>populis</strong></span> 
     </span>
    </p>
   </div>
   <div class='ocr_carea' id='block_1_58' title="bbox 1840 2980 3412 3054">
    <p class='ocr_par' dir='ltr' id='par_1_58' title="bbox 1840 2980 3412 3054">
     <span class='ocr_line' id='line_1_58' title="bbox 1840 2980 3412 3054; baseline -0.001 -14"><span class='ocrx_word' id='word_1_495' title='bbox 1840 2982 2108 3040; x_wconf 89' lang='lat' dir='ltr'><strong>mirabilia</strong></span> <span class='ocrx_word' id='word_1_496' title='bbox 2136 2983 2274 3054; x_wconf 88' lang='lat' dir='ltr'><strong>ejus,</strong></span> <span class='ocrx_word' id='word_1_497' title='bbox 2300 3003 2319 3038; x_wconf 85' lang='grc'><strong>›</strong></span> <span class='ocrx_word' id='word_1_498' title='bbox 2349 2991 2563 3054; x_wconf 88' lang='lat' dir='ltr'><strong>partum</strong></span> <span class='ocrx_word' id='word_1_499' title='bbox 2587 2980 2845 3052; x_wconf 76' lang='lat' dir='ltr'><strong>Virginis,</strong></span> <span class='ocrx_word' id='word_1_500' title='bbox 2861 2985 2954 3054; x_wconf 90' lang='lat' dir='ltr'><strong>qui</strong></span> <span class='ocrx_word' id='word_1_501' title='bbox 2976 2992 3215 3040; x_wconf 87' lang='lat' dir='ltr'><strong>mortuos</strong></span> <span class='ocrx_word' id='word_1_502' title='bbox 3244 2986 3412 3039; x_wconf 75' lang='lat' dir='ltr'><strong>susci-</strong></span> 
     </span>
    </p>
   </div>
   <div class='ocr_carea' id='block_1_59' title="bbox 1842 3077 1993 3132">
    <p class='ocr_par' dir='ltr' id='par_1_59' title="bbox 1842 3077 1993 3132">
     <span class='ocr_line' id='line_1_59' title="bbox 1842 3077 1993 3132; baseline -0.013 0"><span class='ocrx_word' id='word_1_503' title='bbox 1842 3077 1993 3132; x_wconf 87' lang='lat' dir='ltr'><strong>tavit.</strong></span> 
     </span>
    </p>
   </div>
   <div class='ocr_carea' id='block_1_60' title="bbox 1912 3168 3412 3243">
    <p class='ocr_par' dir='ltr' id='par_1_60' title="bbox 1912 3168 3412 3243">
     <span class='ocr_line' id='line_1_60' title="bbox 1912 3168 3412 3243; baseline 0 -20"><span class='ocrx_word' id='word_1_504' title='bbox 1912 3169 1979 3223; x_wconf 90' lang='lat' dir='ltr'><strong>Et</strong></span> <span class='ocrx_word' id='word_1_505' title='bbox 2017 3168 2154 3224; x_wconf 88' lang='lat' dir='ltr'><strong>bene</strong></span> <span class='ocrx_word' id='word_1_506' title='bbox 2180 3168 2387 3225; x_wconf 90' lang='lat' dir='ltr'><strong>debetis</strong></span> <span class='ocrx_word' id='word_1_507' title='bbox 2425 3170 2475 3225; x_wconf 92' lang='lat' dir='ltr'><strong>ei</strong></span> <span class='ocrx_word' id='word_1_508' title='bbox 2525 3179 2744 3227; x_wconf 88' lang='lat' dir='ltr'><strong>cantare</strong></span> <span class='ocrx_word' id='word_1_509' title='bbox 2774 3190 2794 3224; x_wconf 83' lang='grc'><em>‹</em></span> <span class='ocrx_word' id='word_1_510' title='bbox 2831 3172 3082 3243; x_wconf 88' lang='lat' dir='ltr'><strong>quoniam</strong></span> <span class='ocrx_word' id='word_1_511' title='bbox 3116 3190 3134 3222; x_wconf 77' lang='grc' dir='ltr'><strong>ι</strong></span> <span class='ocrx_word' id='word_1_512' title='bbox 3172 3172 3287 3240; x_wconf 87' lang='lat' dir='ltr'><strong>ipse</strong></span> <span class='ocrx_word' id='word_1_513' title='bbox 3330 3180 3412 3225; x_wconf 88' lang='lat' dir='ltr'><strong>est</strong></span> 
     </span>
    </p>
   </div>
   <div class='ocr_carea' id='block_1_61' title="bbox 1850 3259 3407 3329">
    <p class='ocr_par' dir='ltr' id='par_1_61' title="bbox 1850 3259 3407 3329">
     <span class='ocr_line' id='line_1_61' title="bbox 1850 3259 3407 3329; baseline 0.003 -22"><span class='ocrx_word' id='word_1_514' title='bbox 1850 3276 1869 3307; x_wconf 73' lang='grc' dir='ltr'><strong>ι</strong></span> <span class='ocrx_word' id='word_1_515' title='bbox 1906 3272 2130 3326; x_wconf 85' lang='lat' dir='ltr'><strong>magnus</strong></span> <span class='ocrx_word' id='word_1_516' title='bbox 2158 3277 2177 3309; x_wconf 77' lang='grc' dir='ltr'><strong>ι</strong></span> <span class='ocrx_word' id='word_1_517' title='bbox 2212 3259 2504 3314; x_wconf 87' lang='lat' dir='ltr'><strong>secundum</strong></span> <span class='ocrx_word' id='word_1_518' title='bbox 2553 3261 2879 3329; x_wconf 88' lang='lat' dir='ltr'><strong>potentiam,</strong></span> <span class='ocrx_word' id='word_1_519' title='bbox 2932 3280 2949 3310; x_wconf 76' lang='grc' dir='ltr'><strong>ι</strong></span> <span class='ocrx_word' id='word_1_520' title='bbox 3001 3268 3055 3315; x_wconf 88' lang='grc' dir='ltr'><strong>ει</strong></span> <span class='ocrx_word' id='word_1_521' title='bbox 3098 3261 3355 3315; x_wconf 91' lang='lat' dir='ltr'><strong>Dominus</strong></span> <span class='ocrx_word' id='word_1_522' title='bbox 3389 3279 3407 3311; x_wconf 76' lang='grc' dir='ltr'><strong>ι</strong></span> 
     </span>
    </p>
   </div>
   <div class='ocr_carea' id='block_1_62' title="bbox 160 3341 3409 3417">
    <p class='ocr_par' dir='ltr' id='par_1_62' title="bbox 160 3341 3409 3417">
     <span class='ocr_line' id='line_1_62' title="bbox 160 3341 3409 3417; baseline 0.002 -20"><span class='ocrx_word' id='word_1_523' title='bbox 160 3364 181 3397; x_wconf 73' lang='grc' dir='ltr'><strong>ι</strong></span> <span class='ocrx_word' id='word_1_524' title='bbox 216 3353 277 3400; x_wconf 90' lang='lat' dir='ltr'><strong>ut</strong></span> <span class='ocrx_word' id='word_1_525' title='bbox 310 3364 329 3397; x_wconf 74' lang='grc' dir='ltr'><strong>ι</strong></span> <span class='ocrx_word' id='word_1_526' title='bbox 353 3359 452 3417; x_wconf 91' lang='lat' dir='ltr'><strong>ego</strong></span> <span class='ocrx_word' id='word_1_527' title='bbox 477 3365 495 3397; x_wconf 75' lang='grc' dir='ltr'><strong>ι</strong></span> <span class='ocrx_word' id='word_1_528' title='bbox 524 3344 700 3416; x_wconf 87' lang='lat' dir='ltr'><strong>juravi</strong></span> <span class='ocrx_word' id='word_1_529' title='bbox 729 3346 785 3399; x_wconf 94' lang='lat' dir='ltr'><strong>in</strong></span> <span class='ocrx_word' id='word_1_530' title='bbox 818 3345 899 3399; x_wconf 87' lang='lat' dir='ltr'><strong>ira</strong></span> <span class='ocrx_word' id='word_1_531' title='bbox 920 3359 1059 3409; x_wconf 88' lang='lat' dir='ltr'><strong>mea,</strong></span> <span class='ocrx_word' id='word_1_532' title='bbox 1098 3363 1116 3394; x_wconf 79' lang='grc' dir='ltr'><strong>ι</strong></span> <span class='ocrx_word' id='word_1_533' title='bbox 1146 3343 1377 3408; x_wconf 90' lang='lat' dir='ltr'><strong>scilicet,</strong></span> <span class='ocrx_word' id='word_1_534' title='bbox 1402 3357 1496 3397; x_wconf 90' lang='lat' dir='ltr'><strong>eos</strong></span> <span class='ocrx_word' id='word_1_535' title='bbox 1525 3357 1634 3397; x_wconf 90' lang='lat' dir='ltr'><strong>non</strong></span> <span class='ocrx_word' id='word_1_536' title='bbox 1658 3341 1741 3395; x_wconf 87' lang='lat' dir='ltr'><strong>in-</strong></span> <span class='ocrx_word' id='word_1_537' title='bbox 1768 3350 1814 3414; x_wconf 85' lang='lat' dir='ltr'>c</span> <span class='ocrx_word' id='word_1_538' title='bbox 1845 3347 2105 3412; x_wconf 87' lang='lat' dir='ltr'><strong>omnium,</strong></span> <span class='ocrx_word' id='word_1_539' title='bbox 2134 3365 2152 3397; x_wconf 71' lang='grc' dir='ltr'><strong>ι</strong></span> <span class='ocrx_word' id='word_1_540' title='bbox 2181 3355 2235 3402; x_wconf 91' lang='grc' dir='ltr'><strong>ει</strong></span> <span class='ocrx_word' id='word_1_541' title='bbox 2261 3348 2562 3415; x_wconf 89' lang='lat' dir='ltr'><strong>laudabilis,</strong></span> <span class='ocrx_word' id='word_1_542' title='bbox 2591 3368 2609 3400; x_wconf 77' lang='grc' dir='ltr'><strong>ι</strong></span> <span class='ocrx_word' id='word_1_543' title='bbox 2634 3351 2925 3406; x_wconf 88' lang='lat' dir='ltr'><strong>secundum</strong></span> <span class='ocrx_word' id='word_1_544' title='bbox 2952 3350 3409 3405; x_wconf 89' lang='lat' dir='ltr'><strong>misericordiam:</strong></span> 
     </span>
    </p>
   </div>
   <div class='ocr_carea' id='block_1_63' title="bbox 157 3431 1741 3506">
    <p class='ocr_par' dir='ltr' id='par_1_63' title="bbox 157 3431 1741 3506">
     <span class='ocr_line' id='line_1_63' title="bbox 157 3431 1741 3506; baseline -0.004 -15"><span class='ocrx_word' id='word_1_545' title='bbox 157 3437 420 3494; x_wconf 88' lang='lat' dir='ltr'><strong>troituros</strong></span> <span class='ocrx_word' id='word_1_546' title='bbox 453 3438 509 3492; x_wconf 91' lang='lat' dir='ltr'><strong>in</strong></span> <span class='ocrx_word' id='word_1_547' title='bbox 540 3436 781 3506; x_wconf 87' lang='lat' dir='ltr'><strong>requiem</strong></span> <span class='ocrx_word' id='word_1_548' title='bbox 829 3450 1028 3490; x_wconf 88' lang='lat' dir='ltr'><strong>meam.</strong></span> <span class='ocrx_word' id='word_1_549' title='bbox 1056 3435 1254 3505; x_wconf 88' lang='lat' dir='ltr'><strong>Figura</strong></span> <span class='ocrx_word' id='word_1_550' title='bbox 1298 3433 1647 3505; x_wconf 87' lang='lat' dir='ltr'><strong>aposiopesis,</strong></span> <span class='ocrx_word' id='word_1_551' title='bbox 1686 3431 1741 3486; x_wconf 89' lang='lat' dir='ltr'><strong>id</strong></span> 
     </span>
    </p>
   </div>
   <div class='ocr_carea' id='block_1_64' title="bbox 158 3526 840 3593">
    <p class='ocr_par' dir='ltr' id='par_1_64' title="bbox 158 3526 840 3593">
     <span class='ocr_line' id='line_1_64' title="bbox 158 3526 840 3593; baseline -0.006 -10"><span class='ocrx_word' id='word_1_552' title='bbox 158 3536 268 3593; x_wconf 86' lang='lat' dir='ltr'><strong>cst,</strong></span> <span class='ocrx_word' id='word_1_553' title='bbox 299 3527 530 3583; x_wconf 81' lang='lat' dir='ltr'><strong>defectio</strong></span> <span class='ocrx_word' id='word_1_554' title='bbox 560 3526 840 3582; x_wconf 88' lang='lat' dir='ltr'><strong>orationis.</strong></span> 
     </span>
    </p>
   </div>
   <div class='ocr_carea' id='block_1_65' title="bbox 632 3664 1273 3724">
    <p class='ocr_par' dir='ltr' id='par_1_65' title="bbox 632 3664 1273 3724">
     <span class='ocr_line' id='line_1_65' title="bbox 632 3664 1273 3724; baseline -0.002 -2"><span class='ocrx_word' id='word_1_555' title='bbox 632 3667 700 3722; x_wconf 82' lang='lat' dir='ltr'><strong>IN</strong></span> <span class='ocrx_word' id='word_1_556' title='bbox 738 3665 1072 3724; x_wconf 82' lang='lat' dir='ltr'><strong>PSALMUM</strong></span> <span class='ocrx_word' id='word_1_557' title='bbox 1111 3664 1273 3723; x_wconf 81' lang='lat' dir='ltr'><strong>XCV.</strong></span> 
     </span>
    </p>
   </div>
   <div class='ocr_carea' id='block_1_66' title="bbox 165 3780 1744 3854">
    <p class='ocr_par' dir='ltr' id='par_1_66' title="bbox 165 3780 1744 3854">
     <span class='ocr_line' id='line_1_66' title="bbox 165 3780 1744 3854; baseline -0.003 -15"><span class='ocrx_word' id='word_1_558' title='bbox 165 3783 406 3841; x_wconf 81' lang='lat' dir='ltr'><strong>Trruws</strong></span> <span class='ocrx_word' id='word_1_559' title='bbox 436 3803 449 3839; x_wconf 90' lang='lat'><strong>:</strong></span> <span class='ocrx_word' id='word_1_560' title='bbox 476 3784 723 3840; x_wconf 71' lang='lat' dir='ltr'><strong>Psalmus</strong></span> <span class='ocrx_word' id='word_1_561' title='bbox 753 3784 922 3838; x_wconf 78' lang='lat' dir='ltr'><strong>David</strong></span> <span class='ocrx_word' id='word_1_562' title='bbox 942 3784 1149 3854; x_wconf 84' lang='lat' dir='ltr'><strong>quando</strong></span> <span class='ocrx_word' id='word_1_563' title='bbox 1172 3784 1357 3838; x_wconf 81' lang='lat' dir='ltr'><strong>domus</strong></span> <span class='ocrx_word' id='word_1_564' title='bbox 1386 3780 1744 3851; x_wconf 61' lang='lat' dir='ltr'><strong>aediﬁcabatur</strong></span> 
     </span>
    </p>
   </div>
   <div class='ocr_carea' id='block_1_67' title="bbox 702 3855 1212 3925">
    <p class='ocr_par' dir='ltr' id='par_1_67' title="bbox 702 3855 1212 3925">
     <span class='ocr_line' id='line_1_67' title="bbox 702 3855 1212 3925; baseline -0.004 -16"><span class='ocrx_word' id='word_1_565' title='bbox 702 3864 815 3925; x_wconf 80' lang='lat' dir='ltr'><strong>post</strong></span> <span class='ocrx_word' id='word_1_566' title='bbox 843 3855 1212 3924; x_wconf 78' lang='lat' dir='ltr'><strong>captivitatem.</strong></span> 
     </span>
    </p>
   </div>
   <div class='ocr_carea' id='block_1_68' title="bbox 240 3984 1742 4043">
    <p class='ocr_par' dir='ltr' id='par_1_68' title="bbox 240 3984 1742 4043">
     <span class='ocr_line' id='line_1_68' title="bbox 240 3984 1742 4043; baseline 0.001 -6"><span class='ocrx_word' id='word_1_567' title='bbox 240 4006 259 4037; x_wconf 75' lang='grc' dir='ltr'><strong>ι</strong></span> <span class='ocrx_word' id='word_1_568' title='bbox 303 3985 530 4042; x_wconf 86' lang='lat' dir='ltr'><strong>Cantate</strong></span> <span class='ocrx_word' id='word_1_569' title='bbox 576 3987 820 4043; x_wconf 91' lang='lat' dir='ltr'><strong>Domino.</strong></span> <span class='ocrx_word' id='word_1_570' title='bbox 861 4006 878 4039; x_wconf 75' lang='grc' dir='ltr'><strong>ι</strong></span> <span class='ocrx_word' id='word_1_571' title='bbox 913 3986 1158 4043; x_wconf 89' lang='lat' dir='ltr'><strong>Psalmus</strong></span> <span class='ocrx_word' id='word_1_572' title='bbox 1207 3987 1308 4042; x_wconf 91' lang='lat' dir='ltr'><strong>iste</strong></span> <span class='ocrx_word' id='word_1_573' title='bbox 1342 3985 1594 4041; x_wconf 89' lang='lat' dir='ltr'><strong>convenit</strong></span> <span class='ocrx_word' id='word_1_574' title='bbox 1636 3984 1742 4039; x_wconf 92' lang='lat' dir='ltr'><strong>Da-</strong></span> 
     </span>
    </p>
   </div>
   <div class='ocr_carea' id='block_1_69' title="bbox 160 4077 1744 4149">
    <p class='ocr_par' dir='ltr' id='par_1_69' title="bbox 160 4077 1744 4149">
     <span class='ocr_line' id='line_1_69' title="bbox 160 4077 1744 4149; baseline -0.001 -18"><span class='ocrx_word' id='word_1_575' title='bbox 160 4078 252 4132; x_wconf 86' lang='lat' dir='ltr'><strong>vid</strong></span> <span class='ocrx_word' id='word_1_576' title='bbox 282 4079 555 4149; x_wconf 74' lang='lat' dir='ltr'><strong>prophetae</strong></span> <span class='ocrx_word' id='word_1_577' title='bbox 592 4080 683 4149; x_wconf 88' lang='lat' dir='ltr'><strong>qui</strong></span> <span class='ocrx_word' id='word_1_578' title='bbox 712 4078 802 4134; x_wconf 90' lang='lat' dir='ltr'><strong>hic</strong></span> <span class='ocrx_word' id='word_1_579' title='bbox 845 4077 1098 4148; x_wconf 89' lang='lat' dir='ltr'><strong>loquitur,</strong></span> <span class='ocrx_word' id='word_1_580' title='bbox 1141 4078 1450 4147; x_wconf 87' lang='lat' dir='ltr'><strong>respicienti</strong></span> <span class='ocrx_word' id='word_1_581' title='bbox 1475 4092 1597 4132; x_wconf 89' lang='lat' dir='ltr'><strong>eum</strong></span> <span class='ocrx_word' id='word_1_582' title='bbox 1637 4085 1744 4131; x_wconf 90' lang='lat' dir='ltr'><strong>sta-</strong></span> 
     </span>
    </p>
   </div>
   <div class='ocr_carea' id='block_1_70' title="bbox 162 4170 1745 4242">
    <p class='ocr_par' dir='ltr' id='par_1_70' title="bbox 162 4170 1745 4242">
     <span class='ocr_line' id='line_1_70' title="bbox 162 4170 1745 4242; baseline -0.003 -15"><span class='ocrx_word' id='word_1_583' title='bbox 162 4182 302 4239; x_wconf 90' lang='lat' dir='ltr'><strong>tum,</strong></span> <span class='ocrx_word' id='word_1_584' title='bbox 324 4172 530 4228; x_wconf 87' lang='lat' dir='ltr'><strong>scilicet</strong></span> <span class='ocrx_word' id='word_1_585' title='bbox 558 4172 627 4228; x_wconf 90' lang='lat' dir='ltr'><strong>ad</strong></span> <span class='ocrx_word' id='word_1_586' title='bbox 653 4181 863 4242; x_wconf 85' lang='lat' dir='ltr'><strong>tempus</strong></span> <span class='ocrx_word' id='word_1_587' title='bbox 894 4172 1111 4241; x_wconf 67' lang='lat' dir='ltr'><strong>gratiae;</strong></span> <span class='ocrx_word' id='word_1_588' title='bbox 1144 4172 1358 4242; x_wconf 88' lang='lat' dir='ltr'><strong>quando</strong></span> <span class='ocrx_word' id='word_1_589' title='bbox 1376 4170 1643 4225; x_wconf 56' lang='lat' dir='ltr'><strong>aediﬁcata</strong></span> <span class='ocrx_word' id='word_1_590' title='bbox 1662 4177 1745 4224; x_wconf 89' lang='lat' dir='ltr'><strong>est</strong></span> 
     </span>
    </p>
   </div>
   <div class='ocr_carea' id='block_1_71' title="bbox 160 4259 1745 4333">
    <p class='ocr_par' dir='ltr' id='par_1_71' title="bbox 160 4259 1745 4333">
     <span class='ocr_line' id='line_1_71' title="bbox 160 4259 1745 4333; baseline -0.003 -15"><span class='ocrx_word' id='word_1_591' title='bbox 160 4263 377 4329; x_wconf 83' lang='lat' dir='ltr'><strong>domus,</strong></span> <span class='ocrx_word' id='word_1_592' title='bbox 404 4261 461 4317; x_wconf 90' lang='lat' dir='ltr'><strong>id</strong></span> <span class='ocrx_word' id='word_1_593' title='bbox 486 4270 570 4318; x_wconf 92' lang='lat' dir='ltr'><strong>est</strong></span> <span class='ocrx_word' id='word_1_594' title='bbox 619 4261 882 4327; x_wconf 88' lang='lat' dir='ltr'><strong>Ecclesia,</strong></span> <span class='ocrx_word' id='word_1_595' title='bbox 921 4271 1043 4333; x_wconf 88' lang='lat' dir='ltr'><strong>post</strong></span> <span class='ocrx_word' id='word_1_596' title='bbox 1075 4262 1439 4333; x_wconf 89' lang='lat' dir='ltr'><strong>captivitatem</strong></span> <span class='ocrx_word' id='word_1_597' title='bbox 1468 4259 1686 4325; x_wconf 89' lang='lat' dir='ltr'><strong>diaboli,</strong></span> <span class='ocrx_word' id='word_1_598' title='bbox 1713 4274 1745 4313; x_wconf 89' lang='lat' dir='ltr'><strong>a</strong></span> 
     </span>
    </p>
   </div>
   <div class='ocr_carea' id='block_1_72' title="bbox 161 4351 1747 4424">
    <p class='ocr_par' dir='ltr' id='par_1_72' title="bbox 161 4351 1747 4424">
     <span class='ocr_line' id='line_1_72' title="bbox 161 4351 1747 4424; baseline -0.001 -17"><span class='ocrx_word' id='word_1_599' title='bbox 161 4367 274 4422; x_wconf 90' lang='lat' dir='ltr'><strong>quo</strong></span> <span class='ocrx_word' id='word_1_600' title='bbox 302 4361 521 4423; x_wconf 88' lang='lat' dir='ltr'><strong>propter</strong></span> <span class='ocrx_word' id='word_1_601' title='bbox 542 4362 823 4424; x_wconf 87' lang='lat' dir='ltr'><strong>peccatum</strong></span> <span class='ocrx_word' id='word_1_602' title='bbox 846 4353 1115 4423; x_wconf 87' lang='lat' dir='ltr'><strong>captivum</strong></span> <span class='ocrx_word' id='word_1_603' title='bbox 1140 4353 1425 4409; x_wconf 89' lang='lat' dir='ltr'><strong>tenebatur</strong></span> <span class='ocrx_word' id='word_1_604' title='bbox 1457 4366 1623 4423; x_wconf 88' lang='lat' dir='ltr'><strong>genus</strong></span> <span class='ocrx_word' id='word_1_605' title='bbox 1647 4351 1747 4405; x_wconf 90' lang='lat' dir='ltr'><strong>bu-</strong></span> 
     </span>
    </p>
   </div>
   <div class='ocr_carea' id='block_1_73' title="bbox 161 4430 1745 4515">
    <p class='ocr_par' dir='ltr' id='par_1_73' title="bbox 161 4430 1745 4515">
     <span class='ocr_line' id='line_1_73' title="bbox 161 4430 1745 4515; baseline -0.003 -18"><span class='ocrx_word' id='word_1_606' title='bbox 161 4458 417 4498; x_wconf 88' lang='lat' dir='ltr'><strong>manum.</strong></span> <span class='ocrx_word' id='word_1_607' title='bbox 448 4442 643 4515; x_wconf 87' lang='lat' dir='ltr'><strong>Tangit</strong></span> <span class='ocrx_word' id='word_1_608' title='bbox 670 4442 955 4498; x_wconf 89' lang='lat' dir='ltr'><strong>historiam</strong></span> <span class='ocrx_word' id='word_1_609' title='bbox 980 4443 1216 4513; x_wconf 91' lang='lat' dir='ltr'><strong>quando,</strong></span> <span class='ocrx_word' id='word_1_610' title='bbox 1238 4450 1360 4512; x_wconf 88' lang='lat' dir='ltr'><strong>post</strong></span> <span class='ocrx_word' id='word_1_611' title='bbox 1380 4430 1745 4510; x_wconf 84' lang='lat' dir='ltr'><strong>captivitatem</strong></span> 
     </span>
    </p>
   </div>
   <div class='ocr_carea' id='block_1_74' title="bbox 159 4532 1746 4605">
    <p class='ocr_par' dir='ltr' id='par_1_74' title="bbox 159 4532 1746 4605">
     <span class='ocr_line' id='line_1_74' title="bbox 159 4532 1746 4605; baseline -0.003 -16"><span class='ocrx_word' id='word_1_612' title='bbox 159 4533 493 4605; x_wconf 60' lang='lat' dir='ltr'><strong>Babyloniae,</strong></span> <span class='ocrx_word' id='word_1_613' title='bbox 511 4534 768 4605; x_wconf 89' lang='lat' dir='ltr'><strong>templum</strong></span> <span class='ocrx_word' id='word_1_614' title='bbox 786 4532 1090 4589; x_wconf 90' lang='lat' dir='ltr'><strong>Salomonis</strong></span> <span class='ocrx_word' id='word_1_615' title='bbox 1106 4532 1490 4588; x_wconf 83' lang='lat' dir='ltr'><strong>reaediﬁcatum</strong></span> <span class='ocrx_word' id='word_1_616' title='bbox 1511 4540 1615 4598; x_wconf 88' lang='grc' dir='ltr'>εει,</span> <span class='ocrx_word' id='word_1_617' title='bbox 1639 4546 1746 4586; x_wconf 92' lang='lat' dir='ltr'><strong>non</strong></span> 
     </span>
    </p>
   </div>
   <div class='ocr_carea' id='block_1_75' title="bbox 161 4623 1747 4697">
    <p class='ocr_par' dir='ltr' id='par_1_75' title="bbox 161 4623 1747 4697">
     <span class='ocr_line' id='line_1_75' title="bbox 161 4623 1747 4697; baseline -0.002 -18"><span class='ocrx_word' id='word_1_618' title='bbox 161 4634 379 4682; x_wconf 89' lang='lat' dir='ltr'><strong>tantum</strong></span> <span class='ocrx_word' id='word_1_619' title='bbox 427 4629 493 4683; x_wconf 89' lang='lat' dir='ltr'><strong>de</strong></span> <span class='ocrx_word' id='word_1_620' title='bbox 524 4627 768 4692; x_wconf 89' lang='lat' dir='ltr'><strong>historia,</strong></span> <span class='ocrx_word' id='word_1_621' title='bbox 797 4627 893 4682; x_wconf 90' lang='lat' dir='ltr'><strong>sed</strong></span> <span class='ocrx_word' id='word_1_622' title='bbox 944 4627 1010 4682; x_wconf 90' lang='lat' dir='ltr'><strong>de</strong></span> <span class='ocrx_word' id='word_1_623' title='bbox 1053 4625 1355 4697; x_wconf 86' lang='lat' dir='ltr'><strong>signiﬁcato</strong></span> <span class='ocrx_word' id='word_1_624' title='bbox 1399 4623 1747 4693; x_wconf 86' lang='lat' dir='ltr'><strong>intelligimus</strong></span> 
     </span>
    </p>
   </div>
   <div class='ocr_carea' id='block_1_76' title="bbox 1840 3438 3412 3512">
    <p class='ocr_par' dir='ltr' id='par_1_76' title="bbox 1840 3438 3412 3512">
     <span class='ocr_line' id='line_1_76' title="bbox 1840 3438 3412 3512; baseline 0.002 -18"><span class='ocrx_word' id='word_1_625' title='bbox 1840 3446 1895 3494; x_wconf 92' lang='lat' dir='ltr'><strong>et</strong></span> <span class='ocrx_word' id='word_1_626' title='bbox 1920 3440 2022 3493; x_wconf 89' lang='lat' dir='ltr'><strong>hoc</strong></span> <span class='ocrx_word' id='word_1_627' title='bbox 2038 3457 2057 3490; x_wconf 85' lang='grc'><strong><em>‹</em></strong></span> <span class='ocrx_word' id='word_1_628' title='bbox 2081 3438 2260 3505; x_wconf 90' lang='lat' dir='ltr'><strong>nimis,</strong></span> <span class='ocrx_word' id='word_1_629' title='bbox 2285 3459 2303 3489; x_wconf 73' lang='grc' dir='ltr'><strong>ι</strong></span> <span class='ocrx_word' id='word_1_630' title='bbox 2322 3441 2448 3511; x_wconf 80' lang='lat' dir='ltr'><strong>quia</strong></span> <span class='ocrx_word' id='word_1_631' title='bbox 2468 3441 2646 3497; x_wconf 90' lang='lat' dir='ltr'><strong>nullus</strong></span> <span class='ocrx_word' id='word_1_632' title='bbox 2668 3451 2846 3511; x_wconf 87' lang='lat' dir='ltr'><strong>potest</strong></span> <span class='ocrx_word' id='word_1_633' title='bbox 2864 3442 3187 3512; x_wconf 88' lang='lat' dir='ltr'><strong>perscrutari</strong></span> <span class='ocrx_word' id='word_1_634' title='bbox 3214 3450 3412 3512; x_wconf 89' lang='lat' dir='ltr'><strong>quanta</strong></span> 
     </span>
    </p>
   </div>
   <div class='ocr_carea' id='block_1_77' title="bbox 1842 3530 3409 3604">
    <p class='ocr_par' dir='ltr' id='par_1_77' title="bbox 1842 3530 3409 3604">
     <span class='ocr_line' id='line_1_77' title="bbox 1842 3530 3409 3604; baseline -0.001 -20"><span class='ocrx_word' id='word_1_635' title='bbox 1842 3530 1912 3584; x_wconf 89' lang='lat' dir='ltr'><strong>sit</strong></span> <span class='ocrx_word' id='word_1_636' title='bbox 1932 3531 2170 3599; x_wconf 88' lang='lat' dir='ltr'><strong>potentia</strong></span> <span class='ocrx_word' id='word_1_637' title='bbox 2208 3531 2291 3586; x_wconf 89' lang='lat' dir='ltr'><strong>vel</strong></span> <span class='ocrx_word' id='word_1_638' title='bbox 2330 3532 2699 3588; x_wconf 90' lang='lat' dir='ltr'><strong>misericordia</strong></span> <span class='ocrx_word' id='word_1_639' title='bbox 2725 3535 2860 3604; x_wconf 84' lang='lat' dir='ltr'><strong>ejus.</strong></span> <span class='ocrx_word' id='word_1_640' title='bbox 2897 3554 2916 3584; x_wconf 87' lang='grc'><strong><em>‹</em></strong></span> <span class='ocrx_word' id='word_1_641' title='bbox 2946 3533 3232 3589; x_wconf 85' lang='lat' dir='ltr'><strong>Terribilis</strong></span> <span class='ocrx_word' id='word_1_642' title='bbox 3274 3542 3355 3588; x_wconf 90' lang='grc' dir='ltr'><strong>εει</strong></span> <span class='ocrx_word' id='word_1_643' title='bbox 3393 3554 3409 3583; x_wconf 76' lang='grc' dir='ltr'><strong>ι</strong></span> 
     </span>
    </p>
   </div>
   <div class='ocr_carea' id='block_1_78' title="bbox 1842 3620 3407 3692">
    <p class='ocr_par' dir='ltr' id='par_1_78' title="bbox 1842 3620 3407 3692">
     <span class='ocr_line' id='line_1_78' title="bbox 1842 3620 3407 3692; baseline 0 -18"><span class='ocrx_word' id='word_1_644' title='bbox 1842 3620 2005 3674; x_wconf 89' lang='lat' dir='ltr'><strong>etiam</strong></span> <span class='ocrx_word' id='word_1_645' title='bbox 2049 3620 2244 3677; x_wconf 89' lang='lat' dir='ltr'><strong>timore</strong></span> <span class='ocrx_word' id='word_1_646' title='bbox 2294 3620 2456 3675; x_wconf 81' lang='lat' dir='ltr'><strong>futuri</strong></span> <span class='ocrx_word' id='word_1_647' title='bbox 2496 3621 2685 3690; x_wconf 89' lang='lat' dir='ltr'><strong>judicii</strong></span> <span class='ocrx_word' id='word_1_648' title='bbox 2716 3642 2735 3674; x_wconf 87' lang='grc'><em>‹</em></span> <span class='ocrx_word' id='word_1_649' title='bbox 2789 3638 2950 3692; x_wconf 90' lang='lat' dir='ltr'><strong>super</strong></span> <span class='ocrx_word' id='word_1_650' title='bbox 2994 3640 3181 3679; x_wconf 88' lang='lat' dir='ltr'><strong>omnes</strong></span> <span class='ocrx_word' id='word_1_651' title='bbox 3225 3624 3355 3679; x_wconf 85' lang='lat' dir='ltr'><strong>deos</strong></span> <span class='ocrx_word' id='word_1_652' title='bbox 3392 3646 3407 3674; x_wconf 76' lang='grc' dir='ltr'><strong>ι</strong></span> 
     </span>
    </p>
   </div>
   <div class='ocr_carea' id='block_1_79' title="bbox 1844 3710 3417 3781">
    <p class='ocr_par' dir='ltr' id='par_1_79' title="bbox 1844 3710 3417 3781">
     <span class='ocr_line' id='line_1_79' title="bbox 1844 3710 3417 3781; baseline 0.002 -17"><span class='ocrx_word' id='word_1_653' title='bbox 1844 3724 1978 3780; x_wconf 89' lang='lat' dir='ltr'><strong>quos</strong></span> <span class='ocrx_word' id='word_1_654' title='bbox 2004 3717 2191 3780; x_wconf 88' lang='lat' dir='ltr'><strong>gentes</strong></span> <span class='ocrx_word' id='word_1_655' title='bbox 2214 3717 2427 3780; x_wconf 88' lang='lat' dir='ltr'><strong>putant,</strong></span> <span class='ocrx_word' id='word_1_656' title='bbox 2468 3718 2521 3765; x_wconf 88' lang='lat' dir='ltr'><strong>et</strong></span> <span class='ocrx_word' id='word_1_657' title='bbox 2548 3710 2712 3765; x_wconf 90' lang='lat' dir='ltr'><strong>etiam</strong></span> <span class='ocrx_word' id='word_1_658' title='bbox 2740 3726 2903 3781; x_wconf 89' lang='lat' dir='ltr'><strong>super</strong></span> <span class='ocrx_word' id='word_1_659' title='bbox 2928 3726 3115 3767; x_wconf 89' lang='lat' dir='ltr'><strong>omnes</strong></span> <span class='ocrx_word' id='word_1_660' title='bbox 3141 3721 3417 3767; x_wconf 82' lang='lat' dir='ltr'><strong>creaturas</strong></span> 
     </span>
    </p>
   </div>
   <div class='ocr_carea' id='block_1_80' title="bbox 1845 3800 2437 3873">
    <p class='ocr_par' dir='ltr' id='par_1_80' title="bbox 1845 3800 2437 3873">
     <span class='ocr_line' id='line_1_80' title="bbox 1845 3800 2437 3873; baseline -0.003 -18"><span class='ocrx_word' id='word_1_661' title='bbox 1845 3800 2115 3873; x_wconf 85' lang='lat' dir='ltr'><strong>angelicas</strong></span> <span class='ocrx_word' id='word_1_662' title='bbox 2139 3800 2437 3856; x_wconf 89' lang='lat' dir='ltr'><strong>deiﬁcatas.</strong></span> 
     </span>
    </p>
   </div>
   <div class='ocr_carea' id='block_1_81' title="bbox 1914 3890 3417 3965">
    <p class='ocr_par' dir='ltr' id='par_1_81' title="bbox 1914 3890 3417 3965">
     <span class='ocr_line' id='line_1_81' title="bbox 1914 3890 3417 3965; baseline 0.003 -20"><span class='ocrx_word' id='word_1_663' title='bbox 1914 3890 2055 3946; x_wconf 83' lang='lat' dir='ltr'><strong>Vere</strong></span> <span class='ocrx_word' id='word_1_664' title='bbox 2076 3890 2191 3961; x_wconf 90' lang='lat' dir='ltr'><strong>ipse</strong></span> <span class='ocrx_word' id='word_1_665' title='bbox 2215 3898 2298 3947; x_wconf 90' lang='lat' dir='ltr'><strong>est</strong></span> <span class='ocrx_word' id='word_1_666' title='bbox 2334 3890 2476 3946; x_wconf 91' lang='lat' dir='ltr'><strong>Deus</strong></span> <span class='ocrx_word' id='word_1_667' title='bbox 2512 3891 2768 3947; x_wconf 89' lang='lat' dir='ltr'><strong>terribilis</strong></span> <span class='ocrx_word' id='word_1_668' title='bbox 2808 3906 2970 3963; x_wconf 87' lang='lat' dir='ltr'><strong>super</strong></span> <span class='ocrx_word' id='word_1_669' title='bbox 3002 3894 3129 3949; x_wconf 87' lang='lat' dir='ltr'><strong>deos</strong></span> <span class='ocrx_word' id='word_1_670' title='bbox 3155 3896 3417 3965; x_wconf 78' lang='lat' dir='ltr'><strong>gentium,</strong></span> 
     </span>
    </p>
   </div>
   <div class='ocr_carea' id='block_1_82' title="bbox 1850 3978 3419 4049">
    <p class='ocr_par' dir='ltr' id='par_1_82' title="bbox 1850 3978 3419 4049">
     <span class='ocr_line' id='line_1_82' title="bbox 1850 3978 3419 4049; baseline 0.008 -20"><span class='ocrx_word' id='word_1_671' title='bbox 1850 3998 1868 4029; x_wconf 76' lang='grc' dir='ltr'><strong>ι</strong></span> <span class='ocrx_word' id='word_1_672' title='bbox 1905 3978 2157 4048; x_wconf 87' lang='lat' dir='ltr'><strong>quoniam</strong></span> <span class='ocrx_word' id='word_1_673' title='bbox 2198 3993 2389 4035; x_wconf 91' lang='lat' dir='ltr'><strong>omnes</strong></span> <span class='ocrx_word' id='word_1_674' title='bbox 2414 3979 2488 4033; x_wconf 91' lang='lat' dir='ltr'><strong>dii</strong></span> <span class='ocrx_word' id='word_1_675' title='bbox 2515 3980 2751 4049; x_wconf 91' lang='lat' dir='ltr'><strong>gentium</strong></span> <span class='ocrx_word' id='word_1_676' title='bbox 2783 3981 3042 4038; x_wconf 67' lang='lat' dir='ltr'><strong>daemonia</strong></span> <span class='ocrx_word' id='word_1_677' title='bbox 3074 4002 3093 4035; x_wconf 75' lang='grc' dir='ltr'><strong>ι</strong></span> <span class='ocrx_word' id='word_1_678' title='bbox 3130 3992 3286 4049; x_wconf 89' lang='lat' dir='ltr'><strong>sunt;</strong></span> <span class='ocrx_word' id='word_1_679' title='bbox 3317 3986 3419 4041; x_wconf 85' lang='lat' dir='ltr'><strong>iste</strong></span> 
     </span>
    </p>
   </div>
   <div class='ocr_carea' id='block_1_83' title="bbox 1850 4070 3410 4143">
    <p class='ocr_par' dir='ltr' id='par_1_83' title="bbox 1850 4070 3410 4143">
     <span class='ocr_line' id='line_1_83' title="bbox 1850 4070 3410 4143; baseline 0.004 -20"><span class='ocrx_word' id='word_1_680' title='bbox 1850 4090 1869 4123; x_wconf 75' lang='grc' dir='ltr'><strong>ι</strong></span> <span class='ocrx_word' id='word_1_681' title='bbox 1902 4080 2080 4126; x_wconf 89' lang='lat' dir='ltr'><strong>autem</strong></span> <span class='ocrx_word' id='word_1_682' title='bbox 2107 4070 2366 4127; x_wconf 84' lang='lat' dir='ltr'><strong>Dominus</strong></span> <span class='ocrx_word' id='word_1_683' title='bbox 2398 4090 2419 4124; x_wconf 84' lang='grc'><strong><em>›</em></strong></span> <span class='ocrx_word' id='word_1_684' title='bbox 2452 4072 2519 4126; x_wconf 90' lang='lat' dir='ltr'><strong>de</strong></span> <span class='ocrx_word' id='word_1_685' title='bbox 2543 4087 2651 4142; x_wconf 93' lang='lat' dir='ltr'><strong>quo</strong></span> <span class='ocrx_word' id='word_1_686' title='bbox 2680 4072 2935 4143; x_wconf 90' lang='lat' dir='ltr'><strong>loquitur,</strong></span> <span class='ocrx_word' id='word_1_687' title='bbox 2968 4095 2986 4126; x_wconf 85' lang='grc'><em>‹</em></span> <span class='ocrx_word' id='word_1_688' title='bbox 3023 4076 3190 4133; x_wconf 90' lang='lat' dir='ltr'><strong>coelos</strong></span> <span class='ocrx_word' id='word_1_689' title='bbox 3220 4077 3347 4133; x_wconf 79' lang='lat' dir='ltr'><strong>fecit</strong></span> <span class='ocrx_word' id='word_1_690' title='bbox 3392 4098 3410 4130; x_wconf 76' lang='grc' dir='ltr'><strong>ι</strong></span> 
     </span>
    </p>
   </div>
   <div class='ocr_carea' id='block_1_84' title="bbox 1845 4143 3166 4237">
    <p class='ocr_par' dir='ltr' id='par_1_84' title="bbox 1845 4143 3166 4237">
     <span class='ocr_line' id='line_1_84' title="bbox 1845 4143 3166 4237; baseline 0.005 -17"><span class='ocrx_word' id='word_1_691' title='bbox 1845 4164 2173 4231; x_wconf 89' lang='lat' dir='ltr'><strong>materiales,</strong></span> <span class='ocrx_word' id='word_1_692' title='bbox 2196 4164 2281 4220; x_wconf 90' lang='lat' dir='ltr'><strong>vel</strong></span> <span class='ocrx_word' id='word_1_693' title='bbox 2305 4180 2654 4237; x_wconf 88' lang='lat' dir='ltr'><strong>quoscunque</strong></span> <span class='ocrx_word' id='word_1_694' title='bbox 2688 4143 3166 4227; x_wconf 62' lang='lat' dir='ltr'><strong>altissimos.viros.</strong></span> 
     </span>
    </p>
   </div>
   <div class='ocr_carea' id='block_1_85' title="bbox 1916 4255 3415 4333">
    <p class='ocr_par' dir='ltr' id='par_1_85' title="bbox 1916 4255 3415 4333">
     <span class='ocr_line' id='line_1_85' title="bbox 1916 4255 3415 4333; baseline 0.007 -24"><span class='ocrx_word' id='word_1_695' title='bbox 1916 4255 2051 4311; x_wconf 91' lang='lat' dir='ltr'><strong>ltem</strong></span> <span class='ocrx_word' id='word_1_696' title='bbox 2078 4263 2298 4326; x_wconf 88' lang='lat' dir='ltr'><strong>propter</strong></span> <span class='ocrx_word' id='word_1_697' title='bbox 2324 4256 2428 4312; x_wconf 92' lang='lat' dir='ltr'><strong>hoc</strong></span> <span class='ocrx_word' id='word_1_698' title='bbox 2459 4256 2668 4314; x_wconf 90' lang='lat' dir='ltr'><strong>debetis</strong></span> <span class='ocrx_word' id='word_1_699' title='bbox 2714 4268 2935 4316; x_wconf 89' lang='lat' dir='ltr'><strong>cantare</strong></span> <span class='ocrx_word' id='word_1_700' title='bbox 2983 4263 3056 4328; x_wconf 90' lang='lat' dir='ltr'><strong>ei,</strong></span> <span class='ocrx_word' id='word_1_701' title='bbox 3110 4265 3235 4333; x_wconf 90' lang='lat' dir='ltr'><strong>quia</strong></span> <span class='ocrx_word' id='word_1_702' title='bbox 3276 4265 3415 4321; x_wconf 84' lang='lat' dir='ltr'><strong>hanc</strong></span> 
     </span>
    </p>
   </div>
   <div class='ocr_carea' id='block_1_86' title="bbox 1846 4349 3416 4425">
    <p class='ocr_par' dir='ltr' id='par_1_86' title="bbox 1846 4349 3416 4425">
     <span class='ocr_line' id='line_1_86' title="bbox 1846 4349 3416 4425; baseline 0.004 -20"><span class='ocrx_word' id='word_1_703' title='bbox 1846 4349 2134 4405; x_wconf 88' lang='lat' dir='ltr'><strong>utilitatem</strong></span> <span class='ocrx_word' id='word_1_704' title='bbox 2182 4350 2305 4406; x_wconf 92' lang='lat' dir='ltr'><strong>inde</strong></span> <span class='ocrx_word' id='word_1_705' title='bbox 2344 4350 2575 4416; x_wconf 89' lang='lat' dir='ltr'><strong>habetis,</strong></span> <span class='ocrx_word' id='word_1_706' title='bbox 2602 4352 2993 4410; x_wconf 80' lang='lat' dir='ltr'><strong>confessionem</strong></span> <span class='ocrx_word' id='word_1_707' title='bbox 3034 4364 3090 4410; x_wconf 92' lang='lat' dir='ltr'><strong>et</strong></span> <span class='ocrx_word' id='word_1_708' title='bbox 3116 4356 3416 4425; x_wconf 90' lang='lat' dir='ltr'><strong>pulchritu-</strong></span> 
     </span>
    </p>
   </div>
   <div class='ocr_carea' id='block_1_87' title="bbox 1846 4440 3415 4510">
    <p class='ocr_par' dir='ltr' id='par_1_87' title="bbox 1846 4440 3415 4510">
     <span class='ocr_line' id='line_1_87' title="bbox 1846 4440 3415 4510; baseline 0.006 -15"><span class='ocrx_word' id='word_1_709' title='bbox 1846 4440 2049 4508; x_wconf 85' lang='lat' dir='ltr'><strong>dinem,</strong></span> <span class='ocrx_word' id='word_1_710' title='bbox 2088 4449 2144 4497; x_wconf 88' lang='lat' dir='ltr'><strong>et</strong></span> <span class='ocrx_word' id='word_1_711' title='bbox 2189 4442 2401 4496; x_wconf 85' lang='lat' dir='ltr'><strong>tandem</strong></span> <span class='ocrx_word' id='word_1_712' title='bbox 2440 4441 2912 4510; x_wconf 87' lang='lat' dir='ltr'><strong>magniﬁcentiam.</strong></span> <span class='ocrx_word' id='word_1_713' title='bbox 2952 4443 3065 4501; x_wconf 87' lang='lat' dir='ltr'><strong>Hoc</strong></span> <span class='ocrx_word' id='word_1_714' title='bbox 3090 4446 3262 4503; x_wconf 90' lang='lat' dir='ltr'><strong>dicit:</strong></span> <span class='ocrx_word' id='word_1_715' title='bbox 3302 4470 3321 4498; x_wconf 87' lang='grc'><strong><em>‹</em></strong></span> <span class='ocrx_word' id='word_1_716' title='bbox 3360 4450 3415 4505; x_wconf 90' lang='lat' dir='ltr'><strong>ln</strong></span> 
     </span>
    </p>
   </div>
   <div class='ocr_carea' id='block_1_88' title="bbox 1849 4529 3414 4606">
    <p class='ocr_par' dir='ltr' id='par_1_88' title="bbox 1849 4529 3414 4606">
     <span class='ocr_line' id='line_1_88' title="bbox 1849 4529 3414 4606; baseline 0.006 -21"><span class='ocrx_word' id='word_1_717' title='bbox 1849 4538 2138 4600; x_wconf 89' lang='lat' dir='ltr'><strong>conspectu</strong></span> <span class='ocrx_word' id='word_1_718' title='bbox 2184 4529 2323 4599; x_wconf 84' lang='lat' dir='ltr'><strong>ejus,</strong></span> <span class='ocrx_word' id='word_1_719' title='bbox 2362 4549 2381 4581; x_wconf 88' lang='grc'><strong>›</strong></span> <span class='ocrx_word' id='word_1_720' title='bbox 2413 4530 2467 4585; x_wconf 94' lang='lat' dir='ltr'><strong>id</strong></span> <span class='ocrx_word' id='word_1_721' title='bbox 2509 4539 2593 4586; x_wconf 89' lang='lat' dir='ltr'><strong>est</strong></span> <span class='ocrx_word' id='word_1_722' title='bbox 2635 4546 2754 4587; x_wconf 91' lang='lat' dir='ltr'><strong>cum</strong></span> <span class='ocrx_word' id='word_1_723' title='bbox 2806 4534 2920 4603; x_wconf 90' lang='lat' dir='ltr'><strong>ipse</strong></span> <span class='ocrx_word' id='word_1_724' title='bbox 2962 4535 3195 4606; x_wconf 91' lang='lat' dir='ltr'><strong>aliquem</strong></span> <span class='ocrx_word' id='word_1_725' title='bbox 3260 4539 3414 4594; x_wconf 89' lang='lat' dir='ltr'><strong>oculo</strong></span> 
     </span>
    </p>
   </div>
   <div class='ocr_carea' id='block_1_89' title="bbox 1850 4618 3407 4691">
    <p class='ocr_par' dir='ltr' id='par_1_89' title="bbox 1850 4618 3407 4691">
     <span class='ocr_line' id='line_1_89' title="bbox 1850 4618 3407 4691; baseline 0.003 -18"><span class='ocrx_word' id='word_1_726' title='bbox 1850 4618 2233 4675; x_wconf 73' lang='lat' dir='ltr'><strong>misericordiae</strong></span> <span class='ocrx_word' id='word_1_727' title='bbox 2281 4619 2520 4689; x_wconf 79' lang='lat' dir='ltr'><strong>respicit.</strong></span> <span class='ocrx_word' id='word_1_728' title='bbox 2561 4620 2688 4677; x_wconf 91' lang='lat' dir='ltr'><strong>Inde</strong></span> <span class='ocrx_word' id='word_1_729' title='bbox 2732 4622 2975 4691; x_wconf 88' lang='lat' dir='ltr'><strong>procedit</strong></span> <span class='ocrx_word' id='word_1_730' title='bbox 3010 4644 3029 4675; x_wconf 88' lang='grc'><em>‹</em></span> <span class='ocrx_word' id='word_1_731' title='bbox 3060 4624 3344 4691; x_wconf 81' lang='lat' dir='ltr'><strong>confessio,</strong></span> <span class='ocrx_word' id='word_1_732' title='bbox 3391 4647 3407 4677; x_wconf 78' lang='grc' dir='ltr'><strong>ι</strong></span> 
     </span>
    </p>
   </div>
   <div class='ocr_carea' id='block_1_90' title="bbox 165 4708 3418 4787">
    <p class='ocr_par' dir='ltr' id='par_1_90' title="bbox 165 4708 3418 4787">
     <span class='ocr_line' id='line_1_90' title="bbox 165 4708 3418 4787; baseline 0.001 -16"><span class='ocrx_word' id='word_1_733' title='bbox 165 4716 495 4786; x_wconf 87' lang='lat' dir='ltr'><strong>Prophetam</strong></span> <span class='ocrx_word' id='word_1_734' title='bbox 520 4719 714 4787; x_wconf 82' lang='lat' dir='ltr'><strong>egisse.</strong></span> <span class='ocrx_word' id='word_1_735' title='bbox 761 4716 819 4771; x_wconf 93' lang='lat' dir='ltr'><strong>ln</strong></span> <span class='ocrx_word' id='word_1_736' title='bbox 848 4717 952 4771; x_wconf 91' lang='lat' dir='ltr'><strong>hoc</strong></span> <span class='ocrx_word' id='word_1_737' title='bbox 978 4715 1207 4785; x_wconf 89' lang='lat' dir='ltr'><strong>psalmo,</strong></span> <span class='ocrx_word' id='word_1_738' title='bbox 1254 4723 1338 4770; x_wconf 90' lang='lat' dir='ltr'><strong>est</strong></span> <span class='ocrx_word' id='word_1_739' title='bbox 1378 4713 1602 4768; x_wconf 90' lang='lat' dir='ltr'><strong>materia</strong></span> <span class='ocrx_word' id='word_1_740' title='bbox 1631 4712 1745 4781; x_wconf 86' lang='lat' dir='ltr'><strong>pri-</strong></span> <span class='ocrx_word' id='word_1_741' title='bbox 1773 4708 1828 4769; x_wconf 89' lang='lat' dir='ltr'><strong>D</strong></span> <span class='ocrx_word' id='word_1_742' title='bbox 1851 4709 1977 4779; x_wconf 89' lang='lat' dir='ltr'><strong>quia</strong></span> <span class='ocrx_word' id='word_1_743' title='bbox 2032 4709 2319 4764; x_wconf 89' lang='lat' dir='ltr'><strong>conﬁtetur</strong></span> <span class='ocrx_word' id='word_1_744' title='bbox 2368 4710 2455 4764; x_wconf 90' lang='lat' dir='ltr'><strong>ille</strong></span> <span class='ocrx_word' id='word_1_745' title='bbox 2496 4721 2751 4781; x_wconf 86' lang='lat' dir='ltr'><strong>peccata,</strong></span> <span class='ocrx_word' id='word_1_746' title='bbox 2780 4721 2835 4769; x_wconf 92' lang='lat' dir='ltr'><strong>ct</strong></span> <span class='ocrx_word' id='word_1_747' title='bbox 2882 4715 3071 4771; x_wconf 89' lang='lat' dir='ltr'><strong>deinde</strong></span> <span class='ocrx_word' id='word_1_748' title='bbox 3124 4737 3141 4764; x_wconf 75' lang='grc' dir='ltr'><strong><em>ο</em></strong></span> <span class='ocrx_word' id='word_1_749' title='bbox 3181 4717 3418 4787; x_wconf 89' lang='lat' dir='ltr'><strong>pulchri-</strong></span> 
     </span>
    </p>
   </div>
   <div class='ocr_carea' id='block_1_91' title="bbox 163 4804 1744 4875">
    <p class='ocr_par' dir='ltr' id='par_1_91' title="bbox 163 4804 1744 4875">
     <span class='ocr_line' id='line_1_91' title="bbox 163 4804 1744 4875; baseline -0.004 -11"><span class='ocrx_word' id='word_1_750' title='bbox 163 4824 293 4864; x_wconf 90' lang='lat' dir='ltr'><strong>mus</strong></span> <span class='ocrx_word' id='word_1_751' title='bbox 319 4817 373 4866; x_wconf 90' lang='lat' dir='ltr'><strong>et</strong></span> <span class='ocrx_word' id='word_1_752' title='bbox 402 4810 666 4866; x_wconf 90' lang='lat' dir='ltr'><strong>secundus</strong></span> <span class='ocrx_word' id='word_1_753' title='bbox 687 4808 885 4864; x_wconf 87' lang='lat' dir='ltr'><strong>Christi</strong></span> <span class='ocrx_word' id='word_1_754' title='bbox 917 4808 1195 4863; x_wconf 87' lang='lat' dir='ltr'><strong>adventus.</strong></span> <span class='ocrx_word' id='word_1_755' title='bbox 1238 4805 1426 4861; x_wconf 85' lang='lat' dir='ltr'><strong>Modus</strong></span> <span class='ocrx_word' id='word_1_756' title='bbox 1452 4823 1466 4859; x_wconf 89' lang='lat'><strong>:</strong></span> <span class='ocrx_word' id='word_1_757' title='bbox 1494 4805 1547 4859; x_wconf 92' lang='lat' dir='ltr'><strong>in</strong></span> <span class='ocrx_word' id='word_1_758' title='bbox 1571 4804 1744 4875; x_wconf 91' lang='lat' dir='ltr'><strong>prima</strong></span> 
     </span>
    </p>
   </div>
   <div class='ocr_carea' id='block_1_92' title="bbox 162 4896 1743 4972">
    <p class='ocr_par' dir='ltr' id='par_1_92' title="bbox 162 4896 1743 4972">
     <span class='ocr_line' id='line_1_92' title="bbox 162 4896 1743 4972; baseline -0.001 -19"><span class='ocrx_word' id='word_1_759' title='bbox 162 4908 326 4969; x_wconf 89' lang='lat' dir='ltr'><strong>parte</strong></span> <span class='ocrx_word' id='word_1_760' title='bbox 346 4909 527 4957; x_wconf 91' lang='lat' dir='ltr'><strong>monet</strong></span> <span class='ocrx_word' id='word_1_761' title='bbox 555 4914 901 4972; x_wconf 90' lang='lat' dir='ltr'><strong>quascunque</strong></span> <span class='ocrx_word' id='word_1_762' title='bbox 922 4908 1128 4970; x_wconf 88' lang='lat' dir='ltr'><strong>gentes,</strong></span> <span class='ocrx_word' id='word_1_763' title='bbox 1151 4914 1258 4955; x_wconf 88' lang='lat' dir='ltr'><strong>non</strong></span> <span class='ocrx_word' id='word_1_764' title='bbox 1279 4908 1490 4953; x_wconf 89' lang='lat' dir='ltr'><strong>tantum</strong></span> <span class='ocrx_word' id='word_1_765' title='bbox 1514 4896 1743 4963; x_wconf 64' lang='lat' dir='ltr'><strong>Iudaeos,</strong></span> 
     </span>
    </p>
   </div>
   <div class='ocr_carea' id='block_1_93' title="bbox 165 4989 1749 5064">
    <p class='ocr_par' dir='ltr' id='par_1_93' title="bbox 165 4989 1749 5064">
     <span class='ocr_line' id='line_1_93' title="bbox 165 4989 1749 5064; baseline -0.001 -18"><span class='ocrx_word' id='word_1_766' title='bbox 165 4991 314 5046; x_wconf 91' lang='lat' dir='ltr'><strong>sicut</strong></span> <span class='ocrx_word' id='word_1_767' title='bbox 334 4992 387 5047; x_wconf 86' lang='lat' dir='ltr'><strong>in</strong></span> <span class='ocrx_word' id='word_1_768' title='bbox 409 4992 733 5064; x_wconf 68' lang='lat' dir='ltr'><strong>praecedenti</strong></span> <span class='ocrx_word' id='word_1_769' title='bbox 754 4991 961 5063; x_wconf 89' lang='lat' dir='ltr'><strong>psalmo</strong></span> <span class='ocrx_word' id='word_1_770' title='bbox 991 4990 1119 5047; x_wconf 80' lang='lat' dir='ltr'><strong>fecit</strong></span> <span class='ocrx_word' id='word_1_771' title='bbox 1152 5010 1163 5045; x_wconf 90' lang='lat'>:</span> <span class='ocrx_word' id='word_1_772' title='bbox 1193 5010 1212 5043; x_wconf 75' lang='lat' dir='ltr'><strong>r</strong></span> <span class='ocrx_word' id='word_1_773' title='bbox 1251 4990 1475 5045; x_wconf 89' lang='lat' dir='ltr'><strong>Cantate</strong></span> <span class='ocrx_word' id='word_1_774' title='bbox 1500 4989 1626 5045; x_wconf 88' lang='lat' dir='ltr'><strong>huic</strong></span> <span class='ocrx_word' id='word_1_775' title='bbox 1646 4989 1749 5044; x_wconf 86' lang='lat' dir='ltr'><strong>Do—</strong></span> 
     </span>
    </p>
   </div>
   <div class='ocr_carea' id='block_1_94' title="bbox 165 5078 1749 5152">
    <p class='ocr_par' dir='ltr' id='par_1_94' title="bbox 165 5078 1749 5152">
     <span class='ocr_line' id='line_1_94' title="bbox 165 5078 1749 5152; baseline -0.001 -16"><span class='ocrx_word' id='word_1_776' title='bbox 165 5082 345 5149; x_wconf 90' lang='lat' dir='ltr'><strong>mino,</strong></span> <span class='ocrx_word' id='word_1_777' title='bbox 370 5083 463 5152; x_wconf 92' lang='lat' dir='ltr'><strong>qui</strong></span> <span class='ocrx_word' id='word_1_778' title='bbox 489 5083 636 5138; x_wconf 89' lang='lat' dir='ltr'><strong>venit</strong></span> <span class='ocrx_word' id='word_1_779' title='bbox 661 5082 728 5137; x_wconf 91' lang='lat' dir='ltr'><strong>ad</strong></span> <span class='ocrx_word' id='word_1_780' title='bbox 758 5096 858 5138; x_wconf 91' lang='lat' dir='ltr'><strong>nos</strong></span> <span class='ocrx_word' id='word_1_781' title='bbox 885 5101 903 5134; x_wconf 75' lang='grc' dir='ltr'><strong>ι</strong></span> <span class='ocrx_word' id='word_1_782' title='bbox 930 5090 1178 5152; x_wconf 88' lang='lat' dir='ltr'><strong>respectu</strong></span> <span class='ocrx_word' id='word_1_783' title='bbox 1202 5079 1363 5151; x_wconf 89' lang='lat' dir='ltr'><strong>primi</strong></span> <span class='ocrx_word' id='word_1_784' title='bbox 1387 5078 1664 5135; x_wconf 90' lang='lat' dir='ltr'><strong>adventus.</strong></span> <span class='ocrx_word' id='word_1_785' title='bbox 1690 5079 1749 5135; x_wconf 91' lang='lat' dir='ltr'><strong>ln</strong></span> 
     </span>
    </p>
   </div>
   <div class='ocr_carea' id='block_1_95' title="bbox 167 5176 1750 5248">
    <p class='ocr_par' dir='ltr' id='par_1_95' title="bbox 167 5176 1750 5248">
     <span class='ocr_line' id='line_1_95' title="bbox 167 5176 1750 5248; baseline -0.001 -16"><span class='ocrx_word' id='word_1_786' title='bbox 167 5177 410 5233; x_wconf 82' lang='lat' dir='ltr'><strong>secunda</strong></span> <span class='ocrx_word' id='word_1_787' title='bbox 437 5186 611 5248; x_wconf 89' lang='lat' dir='ltr'><strong>parte,</strong></span> <span class='ocrx_word' id='word_1_788' title='bbox 659 5191 779 5247; x_wconf 81' lang='lat' dir='ltr'><strong>quae</strong></span> <span class='ocrx_word' id='word_1_789' title='bbox 819 5177 1004 5247; x_wconf 90' lang='lat' dir='ltr'><strong>incipit</strong></span> <span class='ocrx_word' id='word_1_790' title='bbox 1033 5194 1045 5231; x_wconf 77' lang='grc' dir='ltr'><strong>ε</strong></span> <span class='ocrx_word' id='word_1_791' title='bbox 1086 5197 1103 5229; x_wconf 81' lang='grc' dir='ltr'><strong>ι</strong></span> <span class='ocrx_word' id='word_1_792' title='bbox 1134 5176 1337 5233; x_wconf 81' lang='lat' dir='ltr'><strong>Aﬁ‘erte</strong></span> <span class='ocrx_word' id='word_1_793' title='bbox 1379 5176 1625 5242; x_wconf 89' lang='lat' dir='ltr'><strong>Domino,</strong></span> <span class='ocrx_word' id='word_1_794' title='bbox 1654 5190 1750 5246; x_wconf 88' lang='lat' dir='ltr'><strong>pa-</strong></span> 
     </span>
    </p>
   </div>
   <div class='ocr_carea' id='block_1_96' title="bbox 167 5268 1749 5341">
    <p class='ocr_par' dir='ltr' id='par_1_96' title="bbox 167 5268 1749 5341">
     <span class='ocr_line' id='line_1_96' title="bbox 167 5268 1749 5341; baseline 0.001 -19"><span class='ocrx_word' id='word_1_795' title='bbox 167 5268 296 5324; x_wconf 82' lang='lat' dir='ltr'><strong>triae</strong></span> <span class='ocrx_word' id='word_1_796' title='bbox 344 5269 615 5341; x_wconf 90' lang='lat' dir='ltr'><strong>gentium;</strong></span> <span class='ocrx_word' id='word_1_797' title='bbox 661 5287 680 5320; x_wconf 74' lang='grc' dir='ltr'><strong>ι</strong></span> <span class='ocrx_word' id='word_1_798' title='bbox 715 5276 895 5325; x_wconf 91' lang='lat' dir='ltr'><strong>monet</strong></span> <span class='ocrx_word' id='word_1_799' title='bbox 948 5285 1055 5325; x_wconf 89' lang='lat' dir='ltr'><strong>non</strong></span> <span class='ocrx_word' id='word_1_800' title='bbox 1102 5274 1316 5326; x_wconf 84' lang='lat' dir='ltr'><strong>tantum</strong></span> <span class='ocrx_word' id='word_1_801' title='bbox 1366 5278 1604 5334; x_wconf 87' lang='lat' dir='ltr'><strong>cantare,</strong></span> <span class='ocrx_word' id='word_1_802' title='bbox 1655 5268 1749 5324; x_wconf 86' lang='lat' dir='ltr'><strong>sed</strong></span> 
     </span>
    </p>
   </div>
   <div class='ocr_carea' id='block_1_97' title="bbox 168 5359 1748 5433">
    <p class='ocr_par' dir='ltr' id='par_1_97' title="bbox 168 5359 1748 5433">
     <span class='ocr_line' id='line_1_97' title="bbox 168 5359 1748 5433; baseline -0.001 -18"><span class='ocrx_word' id='word_1_803' title='bbox 168 5359 338 5415; x_wconf 87' lang='lat' dir='ltr'><strong>etiam</strong></span> <span class='ocrx_word' id='word_1_804' title='bbox 367 5359 582 5427; x_wconf 82' lang='lat' dir='ltr'><strong>aﬁ‘erre,</strong></span> <span class='ocrx_word' id='word_1_805' title='bbox 609 5367 663 5416; x_wconf 91' lang='lat' dir='ltr'><strong>et</strong></span> <span class='ocrx_word' id='word_1_806' title='bbox 682 5359 819 5415; x_wconf 88' lang='lat' dir='ltr'><strong>bene</strong></span> <span class='ocrx_word' id='word_1_807' title='bbox 844 5361 1056 5430; x_wconf 84' lang='lat' dir='ltr'><strong>Operari</strong></span> <span class='ocrx_word' id='word_1_808' title='bbox 1093 5361 1160 5416; x_wconf 89' lang='lat' dir='ltr'><strong>ad</strong></span> <span class='ocrx_word' id='word_1_809' title='bbox 1198 5360 1423 5433; x_wconf 88' lang='lat' dir='ltr'><strong>gloriam</strong></span> <span class='ocrx_word' id='word_1_810' title='bbox 1454 5359 1613 5430; x_wconf 89' lang='lat' dir='ltr'><strong>hujus</strong></span> <span class='ocrx_word' id='word_1_811' title='bbox 1641 5360 1748 5414; x_wconf 92' lang='lat' dir='ltr'><strong>Do-</strong></span> 
     </span>
    </p>
   </div>
   <div class='ocr_carea' id='block_1_98' title="bbox 171 5449 1753 5521">
    <p class='ocr_par' dir='ltr' id='par_1_98' title="bbox 171 5449 1753 5521">
     <span class='ocr_line' id='line_1_98' title="bbox 171 5449 1753 5521; baseline -0.001 -17"><span class='ocrx_word' id='word_1_812' title='bbox 171 5450 335 5515; x_wconf 84' lang='lat' dir='ltr'><strong>mini,</strong></span> <span class='ocrx_word' id='word_1_813' title='bbox 364 5452 541 5507; x_wconf 87' lang='lat' dir='ltr'><strong>ethoc</strong></span> <span class='ocrx_word' id='word_1_814' title='bbox 567 5458 816 5521; x_wconf 88' lang='lat' dir='ltr'><strong>respectu</strong></span> <span class='ocrx_word' id='word_1_815' title='bbox 842 5450 1065 5506; x_wconf 90' lang='lat' dir='ltr'><strong>secundi</strong></span> <span class='ocrx_word' id='word_1_816' title='bbox 1089 5449 1367 5505; x_wconf 88' lang='lat' dir='ltr'><strong>adventus.</strong></span> <span class='ocrx_word' id='word_1_817' title='bbox 1406 5449 1641 5505; x_wconf 88' lang='lat' dir='ltr'><strong>Intentio</strong></span> <span class='ocrx_word' id='word_1_818' title='bbox 1670 5457 1753 5504; x_wconf 90' lang='lat' dir='ltr'><strong>est</strong></span> 
     </span>
    </p>
   </div>
   <div class='ocr_carea' id='block_1_99' title="bbox 170 5540 1749 5608">
    <p class='ocr_par' dir='ltr' id='par_1_99' title="bbox 170 5540 1749 5608">
     <span class='ocr_line' id='line_1_99' title="bbox 170 5540 1749 5608; baseline 0.001 -14"><span class='ocrx_word' id='word_1_819' title='bbox 170 5540 231 5594; x_wconf 90' lang='lat' dir='ltr'><strong>in</strong></span> <span class='ocrx_word' id='word_1_820' title='bbox 259 5540 379 5596; x_wconf 88' lang='lat' dir='ltr'><strong>istis</strong></span> <span class='ocrx_word' id='word_1_821' title='bbox 398 5542 875 5608; x_wconf 88' lang='lat' dir='ltr'><strong>admonitionibus,</strong></span> <span class='ocrx_word' id='word_1_822' title='bbox 904 5541 1110 5597; x_wconf 88' lang='lat' dir='ltr'><strong>scilicet</strong></span> <span class='ocrx_word' id='word_1_823' title='bbox 1130 5550 1190 5597; x_wconf 90' lang='lat' dir='ltr'><strong>ut</strong></span> <span class='ocrx_word' id='word_1_824' title='bbox 1216 5549 1493 5597; x_wconf 89' lang='lat' dir='ltr'><strong>cantemus</strong></span> <span class='ocrx_word' id='word_1_825' title='bbox 1518 5549 1575 5599; x_wconf 89' lang='lat' dir='ltr'><strong>et</strong></span> <span class='ocrx_word' id='word_1_826' title='bbox 1613 5542 1749 5597; x_wconf 89' lang='lat' dir='ltr'><strong>bene</strong></span> 
     </span>
    </p>
   </div>
   <div class='ocr_carea' id='block_1_100' title="bbox 171 5632 1252 5705">
    <p class='ocr_par' dir='ltr' id='par_1_100' title="bbox 171 5632 1252 5705">
     <span class='ocr_line' id='line_1_100' title="bbox 171 5632 1252 5705; baseline -0.001 -18"><span class='ocrx_word' id='word_1_827' title='bbox 171 5644 467 5703; x_wconf 89' lang='lat' dir='ltr'><strong>operemur</strong></span> <span class='ocrx_word' id='word_1_828' title='bbox 489 5634 557 5689; x_wconf 90' lang='lat' dir='ltr'><strong>ad</strong></span> <span class='ocrx_word' id='word_1_829' title='bbox 586 5633 811 5705; x_wconf 89' lang='lat' dir='ltr'><strong>gloriam</strong></span> <span class='ocrx_word' id='word_1_830' title='bbox 838 5633 994 5688; x_wconf 88' lang='lat' dir='ltr'><strong>istius</strong></span> <span class='ocrx_word' id='word_1_831' title='bbox 1018 5632 1252 5689; x_wconf 89' lang='lat' dir='ltr'><strong>Domini.</strong></span> 
     </span>
    </p>
   </div>
   <div class='ocr_carea' id='block_1_101' title="bbox 247 5723 1752 5797">
    <p class='ocr_par' dir='ltr' id='par_1_101' title="bbox 247 5723 1752 5797">
     <span class='ocr_line' id='line_1_101' title="bbox 247 5723 1752 5797; baseline -0.001 -16"><span class='ocrx_word' id='word_1_832' title='bbox 247 5724 331 5782; x_wconf 77' lang='lat' dir='ltr'><strong>Ac</strong></span> <span class='ocrx_word' id='word_1_833' title='bbox 342 5727 387 5783; x_wconf 88' lang='lat' dir='ltr'><strong>si</strong></span> <span class='ocrx_word' id='word_1_834' title='bbox 418 5727 496 5781; x_wconf 89' lang='lat' dir='ltr'><strong>ita</strong></span> <span class='ocrx_word' id='word_1_835' title='bbox 520 5726 725 5781; x_wconf 90' lang='lat' dir='ltr'><strong>diceret</strong></span> <span class='ocrx_word' id='word_1_836' title='bbox 747 5724 1012 5797; x_wconf 84' lang='lat' dir='ltr'><strong>Propheta</strong></span> <span class='ocrx_word' id='word_1_837' title='bbox 1039 5738 1054 5778; x_wconf 92' lang='lat'><strong>:</strong></span> <span class='ocrx_word' id='word_1_838' title='bbox 1081 5723 1256 5780; x_wconf 85' lang='lat' dir='ltr'><strong>Nolite</strong></span> <span class='ocrx_word' id='word_1_839' title='bbox 1282 5732 1502 5781; x_wconf 89' lang='lat' dir='ltr'><strong>cantare</strong></span> <span class='ocrx_word' id='word_1_840' title='bbox 1525 5724 1752 5780; x_wconf 91' lang='lat' dir='ltr'><strong>Domino</strong></span> 
     </span>
    </p>
   </div>
   <div class='ocr_carea' id='block_1_102' title="bbox 174 5814 1754 5886">
    <p class='ocr_par' dir='ltr' id='par_1_102' title="bbox 174 5814 1754 5886">
     <span class='ocr_line' id='line_1_102' title="bbox 174 5814 1754 5886; baseline -0.002 -14"><span class='ocrx_word' id='word_1_841' title='bbox 174 5817 450 5873; x_wconf 88' lang='lat' dir='ltr'><strong>canticum</strong></span> <span class='ocrx_word' id='word_1_842' title='bbox 485 5826 661 5883; x_wconf 90' lang='lat' dir='ltr'><strong>vetus,</strong></span> <span class='ocrx_word' id='word_1_843' title='bbox 690 5824 749 5872; x_wconf 89' lang='lat' dir='ltr'><strong>ut</strong></span> <span class='ocrx_word' id='word_1_844' title='bbox 774 5816 1001 5872; x_wconf 86' lang='lat' dir='ltr'><strong>laudetis</strong></span> <span class='ocrx_word' id='word_1_845' title='bbox 1023 5832 1143 5871; x_wconf 89' lang='lat' dir='ltr'><strong>cum</strong></span> <span class='ocrx_word' id='word_1_846' title='bbox 1170 5831 1267 5886; x_wconf 91' lang='lat' dir='ltr'><strong>pro</strong></span> <span class='ocrx_word' id='word_1_847' title='bbox 1289 5814 1418 5871; x_wconf 90' lang='lat' dir='ltr'><strong>solis</strong></span> <span class='ocrx_word' id='word_1_848' title='bbox 1438 5816 1592 5872; x_wconf 91' lang='lat' dir='ltr'><strong>bonis</strong></span> <span class='ocrx_word' id='word_1_849' title='bbox 1620 5826 1754 5870; x_wconf 88' lang='lat' dir='ltr'><strong>tem-</strong></span> 
     </span>
    </p>
   </div>
   <div class='ocr_carea' id='block_1_103' title="bbox 175 5906 1753 5977">
    <p class='ocr_par' dir='ltr' id='par_1_103' title="bbox 175 5906 1753 5977">
     <span class='ocr_line' id='line_1_103' title="bbox 175 5906 1753 5977; baseline 0 -14"><span class='ocrx_word' id='word_1_850' title='bbox 175 5907 493 5977; x_wconf 86' lang='lat' dir='ltr'><strong>poralibus,</strong></span> <span class='ocrx_word' id='word_1_851' title='bbox 542 5907 634 5964; x_wconf 87' lang='lat' dir='ltr'><strong>sed</strong></span> <span class='ocrx_word' id='word_1_852' title='bbox 678 5906 856 5977; x_wconf 89' lang='lat' dir='ltr'><strong>potius</strong></span> <span class='ocrx_word' id='word_1_853' title='bbox 905 5926 922 5957; x_wconf 84' lang='grc'><strong>«</strong></span> <span class='ocrx_word' id='word_1_854' title='bbox 957 5915 1168 5962; x_wconf 88' lang='lat' dir='ltr'><strong>cantate</strong></span> <span class='ocrx_word' id='word_1_855' title='bbox 1216 5906 1443 5963; x_wconf 87' lang='lat' dir='ltr'><strong>Domino</strong></span> <span class='ocrx_word' id='word_1_856' title='bbox 1484 5907 1753 5963; x_wconf 84' lang='lat' dir='ltr'><strong>canticum</strong></span> 
     </span>
    </p>
   </div>
   <div class='ocr_carea' id='block_1_104' title="bbox 661 5998 1200 6061">
    <p class='ocr_par' dir='ltr' id='par_1_104' title="bbox 661 5998 1200 6061">
     <span class='ocr_line' id='line_1_104' title="bbox 661 5998 1200 6061; baseline -0.004 0"><span class='ocrx_word' id='word_1_857' title='bbox 661 5999 932 6061; x_wconf 69' lang='grc' dir='ltr'><strong>Ρηειοι..</strong></span> <span class='ocrx_word' id='word_1_858' title='bbox 979 5998 1200 6061; x_wconf 81' lang='lat' dir='ltr'><strong>CXVI.</strong></span> 
     </span>
    </p>
   </div>
   <div class='ocr_carea' id='block_1_105' title="bbox 1850 4798 3418 4871">
    <p class='ocr_par' dir='ltr' id='par_1_105' title="bbox 1850 4798 3418 4871">
     <span class='ocr_line' id='line_1_105' title="bbox 1850 4798 3418 4871; baseline 0.008 -19"><span class='ocrx_word' id='word_1_859' title='bbox 1850 4800 1999 4863; x_wconf 90' lang='lat' dir='ltr'><strong>tudo,</strong></span> <span class='ocrx_word' id='word_1_860' title='bbox 2038 4817 2057 4849; x_wconf 74' lang='grc' dir='ltr'><strong>ι</strong></span> <span class='ocrx_word' id='word_1_861' title='bbox 2086 4798 2141 4853; x_wconf 92' lang='lat' dir='ltr'><strong>id</strong></span> <span class='ocrx_word' id='word_1_862' title='bbox 2170 4806 2271 4863; x_wconf 90' lang='lat' dir='ltr'><strong>est,</strong></span> <span class='ocrx_word' id='word_1_863' title='bbox 2308 4808 2529 4854; x_wconf 87' lang='lat' dir='ltr'><strong>ornatus</strong></span> <span class='ocrx_word' id='word_1_864' title='bbox 2570 4801 2624 4854; x_wconf 91' lang='lat' dir='ltr'><strong>in</strong></span> <span class='ocrx_word' id='word_1_865' title='bbox 2655 4802 2834 4857; x_wconf 90' lang='lat' dir='ltr'><strong>multis</strong></span> <span class='ocrx_word' id='word_1_866' title='bbox 2863 4804 3172 4871; x_wconf 85' lang='lat' dir='ltr'><strong>virtutibus,</strong></span> <span class='ocrx_word' id='word_1_867' title='bbox 3218 4816 3273 4862; x_wconf 90' lang='lat' dir='ltr'><strong>et</strong></span> <span class='ocrx_word' id='word_1_868' title='bbox 3301 4817 3418 4864; x_wconf 87' lang='lat' dir='ltr'><strong>tan-</strong></span> 
     </span>
    </p>
   </div>
   <div class='ocr_carea' id='block_1_106' title="bbox 1851 4890 3413 4962">
    <p class='ocr_par' dir='ltr' id='par_1_106' title="bbox 1851 4890 3413 4962">
     <span class='ocr_line' id='line_1_106' title="bbox 1851 4890 3413 4962; baseline 0.004 -15"><span class='ocrx_word' id='word_1_869' title='bbox 1851 4891 1971 4947; x_wconf 90' lang='lat' dir='ltr'><strong>dem</strong></span> <span class='ocrx_word' id='word_1_870' title='bbox 2008 4910 2026 4943; x_wconf 84' lang='grc'><em>‹</em></span> <span class='ocrx_word' id='word_1_871' title='bbox 2061 4891 2117 4947; x_wconf 91' lang='lat' dir='ltr'><strong>in</strong></span> <span class='ocrx_word' id='word_1_872' title='bbox 2141 4890 2562 4947; x_wconf 86' lang='lat' dir='ltr'><strong>sanctiﬁcatione</strong></span> <span class='ocrx_word' id='word_1_873' title='bbox 2607 4891 2741 4962; x_wconf 89' lang='lat' dir='ltr'><strong>ejus,</strong></span> <span class='ocrx_word' id='word_1_874' title='bbox 2785 4917 2803 4947; x_wconf 73' lang='grc' dir='ltr'><strong>ι</strong></span> <span class='ocrx_word' id='word_1_875' title='bbox 2831 4895 2884 4950; x_wconf 90' lang='lat' dir='ltr'><strong>id</strong></span> <span class='ocrx_word' id='word_1_876' title='bbox 2912 4904 2997 4952; x_wconf 87' lang='lat' dir='ltr'><strong>est</strong></span> <span class='ocrx_word' id='word_1_877' title='bbox 3022 4896 3076 4951; x_wconf 82' lang='lat' dir='ltr'><strong>in</strong></span> <span class='ocrx_word' id='word_1_878' title='bbox 3096 4907 3280 4953; x_wconf 88' lang='lat' dir='ltr'><strong>sancta</strong></span> <span class='ocrx_word' id='word_1_879' title='bbox 3318 4901 3413 4954; x_wconf 87' lang='lat' dir='ltr'><strong>ha-</strong></span> 
     </span>
    </p>
   </div>
   <div class='ocr_carea' id='block_1_107' title="bbox 1852 4982 3411 5049">
    <p class='ocr_par' dir='ltr' id='par_1_107' title="bbox 1852 4982 3411 5049">
     <span class='ocr_line' id='line_1_107' title="bbox 1852 4982 3411 5049; baseline 0.004 -12"><span class='ocrx_word' id='word_1_880' title='bbox 1852 4982 2141 5049; x_wconf 85' lang='lat' dir='ltr'><strong>bitatione,</strong></span> <span class='ocrx_word' id='word_1_881' title='bbox 2190 4983 2395 5039; x_wconf 88' lang='lat' dir='ltr'><strong>scilicet</strong></span> <span class='ocrx_word' id='word_1_882' title='bbox 2446 4982 2682 5040; x_wconf 79' lang='lat' dir='ltr'><strong>caelestis</strong></span> <span class='ocrx_word' id='word_1_883' title='bbox 2726 4985 3079 5043; x_wconf 88' lang='lat' dir='ltr'><strong>Hierusalem.</strong></span> <span class='ocrx_word' id='word_1_884' title='bbox 3111 4986 3264 5043; x_wconf 90' lang='lat' dir='ltr'><strong>Unde</strong></span> <span class='ocrx_word' id='word_1_885' title='bbox 3310 4990 3411 5043; x_wconf 88' lang='lat' dir='ltr'><strong>alia</strong></span> 
     </span>
    </p>
   </div>
   <div class='ocr_carea' id='block_1_108' title="bbox 1855 5075 3409 5148">
    <p class='ocr_par' dir='ltr' id='par_1_108' title="bbox 1855 5075 3409 5148">
     <span class='ocr_line' id='line_1_108' title="bbox 1855 5075 3409 5148; baseline 0.003 -21"><span class='ocrx_word' id='word_1_886' title='bbox 1855 5075 2137 5131; x_wconf 87' lang='lat' dir='ltr'><strong>translatio</strong></span> <span class='ocrx_word' id='word_1_887' title='bbox 2166 5075 2295 5131; x_wconf 90' lang='lat' dir='ltr'><strong>dicit</strong></span> <span class='ocrx_word' id='word_1_888' title='bbox 2321 5095 2332 5128; x_wconf 90' lang='lat'>:</span> <span class='ocrx_word' id='word_1_889' title='bbox 2363 5094 2381 5127; x_wconf 86' lang='grc'><em>‹</em></span> <span class='ocrx_word' id='word_1_890' title='bbox 2416 5075 2470 5129; x_wconf 92' lang='lat' dir='ltr'><strong>in</strong></span> <span class='ocrx_word' id='word_1_891' title='bbox 2499 5076 2951 5148; x_wconf 88' lang='lat' dir='ltr'><strong>sanctuarioejus,</strong></span> <span class='ocrx_word' id='word_1_892' title='bbox 2985 5078 3364 5145; x_wconf 90' lang='lat' dir='ltr'><strong>sanctimonia,</strong></span> <span class='ocrx_word' id='word_1_893' title='bbox 3392 5102 3409 5132; x_wconf 75' lang='grc' dir='ltr'><strong>ι</strong></span> 
     </span>
    </p>
   </div>
   <div class='ocr_carea' id='block_1_109' title="bbox 1852 5167 3417 5243">
    <p class='ocr_par' dir='ltr' id='par_1_109' title="bbox 1852 5167 3417 5243">
     <span class='ocr_line' id='line_1_109' title="bbox 1852 5167 3417 5243; baseline 0.003 -21"><span class='ocrx_word' id='word_1_894' title='bbox 1852 5167 1908 5224; x_wconf 87' lang='lat' dir='ltr'><strong>id</strong></span> <span class='ocrx_word' id='word_1_895' title='bbox 1937 5177 2041 5233; x_wconf 90' lang='lat' dir='ltr'><strong>est,</strong></span> <span class='ocrx_word' id='word_1_896' title='bbox 2068 5169 2244 5223; x_wconf 90' lang='lat' dir='ltr'><strong>omnis</strong></span> <span class='ocrx_word' id='word_1_897' title='bbox 2267 5168 2494 5237; x_wconf 90' lang='lat' dir='ltr'><strong>puritas.</strong></span> <span class='ocrx_word' id='word_1_898' title='bbox 2524 5168 2675 5226; x_wconf 92' lang='lat' dir='ltr'><strong>Tunc</strong></span> <span class='ocrx_word' id='word_1_899' title='bbox 2723 5171 2864 5227; x_wconf 90' lang='lat' dir='ltr'><strong>enim</strong></span> <span class='ocrx_word' id='word_1_900' title='bbox 2896 5185 3068 5240; x_wconf 90' lang='lat' dir='ltr'><strong>neque</strong></span> <span class='ocrx_word' id='word_1_901' title='bbox 3094 5172 3198 5237; x_wconf 88' lang='lat' dir='ltr'><strong>ira,</strong></span> <span class='ocrx_word' id='word_1_902' title='bbox 3244 5188 3417 5243; x_wconf 81' lang='lat' dir='ltr'><strong>neque</strong></span> 
     </span>
    </p>
   </div>
   <div class='ocr_carea' id='block_1_110' title="bbox 1852 5260 3421 5333">
    <p class='ocr_par' dir='ltr' id='par_1_110' title="bbox 1852 5260 3421 5333">
     <span class='ocr_line' id='line_1_110' title="bbox 1852 5260 3421 5333; baseline 0.001 -16"><span class='ocrx_word' id='word_1_903' title='bbox 1852 5261 1976 5317; x_wconf 92' lang='lat' dir='ltr'><strong>talis</strong></span> <span class='ocrx_word' id='word_1_904' title='bbox 2009 5261 2173 5316; x_wconf 91' lang='lat' dir='ltr'><strong>motio</strong></span> <span class='ocrx_word' id='word_1_905' title='bbox 2202 5260 2378 5331; x_wconf 90' lang='lat' dir='ltr'><strong>aliqua</strong></span> <span class='ocrx_word' id='word_1_906' title='bbox 2400 5264 2504 5318; x_wconf 91' lang='lat' dir='ltr'><strong>erit</strong></span> <span class='ocrx_word' id='word_1_907' title='bbox 2539 5263 2595 5318; x_wconf 93' lang='lat' dir='ltr'><strong>in</strong></span> <span class='ocrx_word' id='word_1_908' title='bbox 2633 5264 2835 5319; x_wconf 88' lang='lat' dir='ltr'><strong>sanctis</strong></span> <span class='ocrx_word' id='word_1_909' title='bbox 2863 5263 2977 5328; x_wconf 87' lang='lat' dir='ltr'><strong>Dei,</strong></span> <span class='ocrx_word' id='word_1_910' title='bbox 3002 5263 3095 5318; x_wconf 89' lang='lat' dir='ltr'><strong>sed</strong></span> <span class='ocrx_word' id='word_1_911' title='bbox 3124 5263 3334 5333; x_wconf 90' lang='lat' dir='ltr'><strong>puritas</strong></span> <span class='ocrx_word' id='word_1_912' title='bbox 3366 5274 3421 5318; x_wconf 78' lang='lat' dir='ltr'><strong>ct</strong></span> 
     </span>
    </p>
   </div>
   <div class='ocr_carea' id='block_1_111' title="bbox 1852 5351 3421 5423">
    <p class='ocr_par' dir='ltr' id='par_1_111' title="bbox 1852 5351 3421 5423">
     <span class='ocr_line' id='line_1_111' title="bbox 1852 5351 3421 5423; baseline 0 -16"><span class='ocrx_word' id='word_1_913' title='bbox 1852 5368 1978 5409; x_wconf 91' lang='lat' dir='ltr'><strong>vera</strong></span> <span class='ocrx_word' id='word_1_914' title='bbox 2032 5351 2270 5407; x_wconf 76' lang='lat' dir='ltr'><strong>Charitas</strong></span> <span class='ocrx_word' id='word_1_915' title='bbox 2309 5354 2581 5423; x_wconf 89' lang='lat' dir='ltr'><strong>regnabit;</strong></span> <span class='ocrx_word' id='word_1_916' title='bbox 2627 5364 2681 5410; x_wconf 89' lang='lat' dir='ltr'><strong>et</strong></span> <span class='ocrx_word' id='word_1_917' title='bbox 2734 5355 2786 5408; x_wconf 93' lang='lat' dir='ltr'><strong>in</strong></span> <span class='ocrx_word' id='word_1_918' title='bbox 2838 5353 3261 5409; x_wconf 89' lang='lat' dir='ltr'><strong>sanctiﬁcatione</strong></span> <span class='ocrx_word' id='word_1_919' title='bbox 3306 5352 3421 5422; x_wconf 81' lang='lat' dir='ltr'><strong>ejus</strong></span> 
     </span>
    </p>
   </div>
   <div class='ocr_carea' id='block_1_112' title="bbox 1852 5443 3416 5516">
    <p class='ocr_par' dir='ltr' id='par_1_112' title="bbox 1852 5443 3416 5516">
     <span class='ocr_line' id='line_1_112' title="bbox 1852 5443 3416 5516; baseline -0.001 -15"><span class='ocrx_word' id='word_1_920' title='bbox 1852 5444 1959 5501; x_wconf 88' lang='lat' dir='ltr'><strong>erit</strong></span> <span class='ocrx_word' id='word_1_921' title='bbox 1987 5464 2005 5496; x_wconf 73' lang='grc' dir='ltr'><strong>ι</strong></span> <span class='ocrx_word' id='word_1_922' title='bbox 2047 5443 2464 5516; x_wconf 90' lang='lat' dir='ltr'><strong>magniﬁcentia,</strong></span> <span class='ocrx_word' id='word_1_923' title='bbox 2504 5464 2523 5496; x_wconf 73' lang='grc' dir='ltr'><strong>ι</strong></span> <span class='ocrx_word' id='word_1_924' title='bbox 2566 5445 2691 5515; x_wconf 92' lang='lat' dir='ltr'><strong>quia</strong></span> <span class='ocrx_word' id='word_1_925' title='bbox 2719 5454 2847 5501; x_wconf 90' lang='lat' dir='ltr'><strong>tunc</strong></span> <span class='ocrx_word' id='word_1_926' title='bbox 2872 5454 3031 5501; x_wconf 90' lang='lat' dir='ltr'><strong>erunt</strong></span> <span class='ocrx_word' id='word_1_927' title='bbox 3066 5445 3416 5509; x_wconf 89' lang='lat' dir='ltr'><strong>immortales,</strong></span> 
     </span>
    </p>
   </div>
   <div class='ocr_carea' id='block_1_113' title="bbox 1855 5534 2909 5606">
    <p class='ocr_par' dir='ltr' id='par_1_113' title="bbox 1855 5534 2909 5606">
     <span class='ocr_line' id='line_1_113' title="bbox 1855 5534 2909 5606; baseline -0.001 -15"><span class='ocrx_word' id='word_1_928' title='bbox 1855 5544 1911 5591; x_wconf 92' lang='lat' dir='ltr'><strong>ct</strong></span> <span class='ocrx_word' id='word_1_929' title='bbox 1934 5535 2309 5605; x_wconf 89' lang='lat' dir='ltr'><strong>impassibiles,</strong></span> <span class='ocrx_word' id='word_1_930' title='bbox 2339 5543 2393 5591; x_wconf 91' lang='lat' dir='ltr'><strong>et</strong></span> <span class='ocrx_word' id='word_1_931' title='bbox 2416 5536 2548 5592; x_wconf 90' lang='lat' dir='ltr'><strong>socii</strong></span> <span class='ocrx_word' id='word_1_932' title='bbox 2578 5534 2909 5606; x_wconf 84' lang='lat' dir='ltr'><strong>angelorum.</strong></span> 
     </span>
    </p>
   </div>
   <div class='ocr_carea' id='block_1_114' title="bbox 1933 5626 3423 5700">
    <p class='ocr_par' dir='ltr' id='par_1_114' title="bbox 1933 5626 3423 5700">
     <span class='ocr_line' id='line_1_114' title="bbox 1933 5626 3423 5700; baseline 0.003 -20"><span class='ocrx_word' id='word_1_933' title='bbox 1933 5646 1951 5680; x_wconf 83' lang='grc'>‹</span> <span class='ocrx_word' id='word_1_934' title='bbox 1986 5626 2204 5684; x_wconf 82' lang='lat' dir='ltr'><strong>Afferte.</strong></span> <span class='ocrx_word' id='word_1_935' title='bbox 2243 5648 2260 5682; x_wconf 81' lang='grc' dir='ltr'><strong>ι</strong></span> <span class='ocrx_word' id='word_1_936' title='bbox 2309 5628 2443 5684; x_wconf 88' lang='lat' dir='ltr'><strong>Pars</strong></span> <span class='ocrx_word' id='word_1_937' title='bbox 2488 5628 2741 5684; x_wconf 85' lang='lat' dir='ltr'><strong>secunda.</strong></span> <span class='ocrx_word' id='word_1_938' title='bbox 2795 5628 3234 5700; x_wconf 85' lang='lat' dir='ltr'><strong>Quandoquidem</strong></span> <span class='ocrx_word' id='word_1_939' title='bbox 3274 5636 3423 5685; x_wconf 91' lang='lat' dir='ltr'><strong>tanta</strong></span> 
     </span>
    </p>
   </div>
   <div class='ocr_carea' id='block_1_115' title="bbox 1858 5717 3425 5791">
    <p class='ocr_par' dir='ltr' id='par_1_115' title="bbox 1858 5717 3425 5791">
     <span class='ocr_line' id='line_1_115' title="bbox 1858 5717 3425 5791; baseline 0.001 -17"><span class='ocrx_word' id='word_1_940' title='bbox 1858 5726 1941 5774; x_wconf 91' lang='lat' dir='ltr'><strong>est</strong></span> <span class='ocrx_word' id='word_1_941' title='bbox 1984 5718 2219 5775; x_wconf 83' lang='lat' dir='ltr'><strong>utilitas.</strong></span> <span class='ocrx_word' id='word_1_942' title='bbox 2244 5721 2298 5775; x_wconf 92' lang='lat' dir='ltr'><strong>in</strong></span> <span class='ocrx_word' id='word_1_943' title='bbox 2341 5728 2629 5791; x_wconf 88' lang='lat' dir='ltr'><strong>conspectu</strong></span> <span class='ocrx_word' id='word_1_944' title='bbox 2675 5717 2812 5789; x_wconf 87' lang='lat' dir='ltr'><strong>ejus,</strong></span> <span class='ocrx_word' id='word_1_945' title='bbox 2864 5734 2995 5789; x_wconf 89' lang='lat' dir='ltr'><strong>ergo</strong></span> <span class='ocrx_word' id='word_1_946' title='bbox 3047 5735 3144 5774; x_wconf 89' lang='lat' dir='ltr'><strong>vos</strong></span> <span class='ocrx_word' id='word_1_947' title='bbox 3172 5739 3190 5772; x_wconf 77' lang='grc' dir='ltr'><strong>ι</strong></span> <span class='ocrx_word' id='word_1_948' title='bbox 3233 5720 3425 5790; x_wconf 83' lang='lat' dir='ltr'><strong>patriae</strong></span> 
     </span>
    </p>
   </div>
   <div class='ocr_carea' id='block_1_116' title="bbox 1862 5811 3420 5884">
    <p class='ocr_par' dir='ltr' id='par_1_116' title="bbox 1862 5811 3420 5884">
     <span class='ocr_line' id='line_1_116' title="bbox 1862 5811 3420 5884; baseline -0.003 -17"><span class='ocrx_word' id='word_1_949' title='bbox 1862 5812 2120 5884; x_wconf 86' lang='lat' dir='ltr'><strong>gentium,</strong></span> <span class='ocrx_word' id='word_1_950' title='bbox 2152 5831 2170 5867; x_wconf 77' lang='grc' dir='ltr'><strong>ι</strong></span> <span class='ocrx_word' id='word_1_951' title='bbox 2203 5811 2258 5868; x_wconf 93' lang='lat' dir='ltr'><strong>id</strong></span> <span class='ocrx_word' id='word_1_952' title='bbox 2289 5822 2371 5868; x_wconf 91' lang='lat' dir='ltr'><strong>est</strong></span> <span class='ocrx_word' id='word_1_953' title='bbox 2404 5828 2498 5867; x_wconf 86' lang='lat' dir='ltr'><strong>vos</strong></span> <span class='ocrx_word' id='word_1_954' title='bbox 2532 5820 2715 5883; x_wconf 87' lang='lat' dir='ltr'><strong>gentes</strong></span> <span class='ocrx_word' id='word_1_955' title='bbox 2745 5814 2809 5867; x_wconf 91' lang='lat' dir='ltr'><strong>de</strong></span> <span class='ocrx_word' id='word_1_956' title='bbox 2860 5825 3179 5881; x_wconf 88' lang='lat' dir='ltr'><strong>quacunque</strong></span> <span class='ocrx_word' id='word_1_957' title='bbox 3224 5812 3420 5882; x_wconf 88' lang='lat' dir='ltr'><strong>patria,</strong></span> 
     </span>
    </p>
   </div>
   <div class='ocr_carea' id='block_1_117' title="bbox 1868 5903 3424 5976">
    <p class='ocr_par' dir='ltr' id='par_1_117' title="bbox 1868 5903 3424 5976">
     <span class='ocr_line' id='line_1_117' title="bbox 1868 5903 3424 5976; baseline -0.002 -18"><span class='ocrx_word' id='word_1_958' title='bbox 1868 5927 1885 5958; x_wconf 85' lang='grc'>‹</span> <span class='ocrx_word' id='word_1_959' title='bbox 1942 5906 2128 5963; x_wconf 82' lang='lat' dir='ltr'><strong>aﬂ&#39;crte</strong></span> <span class='ocrx_word' id='word_1_960' title='bbox 2187 5906 2414 5963; x_wconf 81' lang='lat' dir='ltr'><strong>Domino</strong></span> <span class='ocrx_word' id='word_1_961' title='bbox 2467 5906 2727 5976; x_wconf 88' lang='lat' dir='ltr'><strong>gloriam,</strong></span> <span class='ocrx_word' id='word_1_962' title='bbox 2796 5924 2812 5956; x_wconf 69' lang='grc' dir='ltr'><strong>ι</strong></span> <span class='ocrx_word' id='word_1_963' title='bbox 2871 5904 2924 5959; x_wconf 94' lang='lat' dir='ltr'><strong>id</strong></span> <span class='ocrx_word' id='word_1_964' title='bbox 2987 5914 3069 5959; x_wconf 86' lang='lat' dir='ltr'><strong>cst</strong></span> <span class='ocrx_word' id='word_1_965' title='bbox 3134 5903 3424 5975; x_wconf 84' lang='lat' dir='ltr'><strong>gloriosum</strong></span> 
     </span>
    </p>
   </div>
   <div class='ocr_carea' id='block_1_118' title="bbox 2918 5996 2992 6057">
    <p class='ocr_par' dir='ltr' id='par_1_118' title="bbox 2918 5996 2992 6057">
     <span class='ocr_line' id='line_1_118' title="bbox 2918 5996 2992 6057; baseline -0.041 0"><span class='ocrx_word' id='word_1_966' title='bbox 2918 5996 2992 6057; x_wconf 85' lang='lat'><strong>17</strong></span> 
     </span>
    </p>
   </div>
  </div>
