3940 6500
550 467 657 524 523

544 577 814 635 ostendite
840 592 965 632 eum
999 575 1156 631 bonis
1193 574 1451 644 operibus
1491 573 1728 638 vestris,
1765 591 1784 624 ι
1840 580 1896 627 ει
1944 571 2117 643 hono-
2146 576 2198 639 Α

545 688 683 738 rem,
720 691 741 724 ι
774 671 831 727 id
854 678 937 726 est
983 668 1282 741 gratiarum
1311 665 1578 723 actionem
1606 665 1675 721 de
1709 663 1919 719 collatis
1950 663 2117 719 bene-

542 763 715 829 ﬁciis;
754 780 774 813 ι
834 759 1021 815 aﬁ'erte
1056 777 1075 811 ι
1118 765 1172 812 ει
1199 776 1219 809 ι
1256 755 1486 825 gloriam
1527 754 1732 809 nomini
1774 752 1912 832 ejus,
1953 771 1973 804 ι
2007 767 2119 807 am-

542 853 759 925 plianda
796 851 1012 920 quidem
1053 861 1253 903 nomen
1278 854 1337 901 et
1364 844 1564 901 famam
1593 843 1726 913 ejus,
1766 844 1822 899 id
1854 852 1970 907 est,
2015 842 2119 913 ipsi

543 944 769 1001 Domino
782 942 1006 1013 gloriam
1024 937 1388 995 conferamus.
1408 936 1513 992 Ter
1531 950 1738 1007 ponens
1758 955 1771 990 :
1799 955 1819 989 ι
1847 934 2069 999 Aﬁerte,
2096 958 2113 982 ο

542 1035 806 1107 signiﬁcat
843 1031 1193 1088 Trinitatem.

610 1127 724 1182 Hoc
766 1126 923 1182 modo
964 1123 1154 1180 aﬂ‘erte
1183 1123 1415 1178 Domino
1444 1121 1697 1192 gloriam,
1723 1119 1935 1176 scilicet
1964 1136 1983 1170 ι
2020 1118 2117 1173 ho-

538 1220 695 1285 stias,
754 1240 774 1272 ι
819 1219 875 1275 id
923 1226 1009 1274 est
1047 1217 1211 1273 facite
1253 1230 1349 1272 vos
1373 1215 1523 1285 ipsos
1551 1214 1757 1271 hostias
1777 1214 1969 1269 dantes
1994 1225 2118 1281 pas-

539 1311 679 1367 sioni
714 1312 783 1365 ad
828 1309 1092 1363 honorem
1118 1306 1238 1371 Dei,
1262 1325 1283 1358 ‹
1318 1312 1429 1362 ει»
1468 1305 1550 1362 sic
1592 1324 1610 1356 ι
1654 1304 1874 1359 introitu
1896 1303 1949 1357 in
1977 1304 2116 1356 atria

537 1403 676 1473 ejus,
715 1420 734 1453 ι
772 1400 826 1455 id
863 1408 969 1464 est,
996 1399 1050 1452 in
1097 1397 1321 1469 collegia
1355 1405 1689 1461 sanctorum,
1729 1394 1821 1465 qui
1860 1394 2116 1448 dicuntur

540 1492 701 1556 atria,
732 1490 861 1560 quia
888 1489 1033 1544 Deus
1061 1488 1117 1543 in
1161 1488 1241 1543 eis
1282 1488 1521 1554 habitat;
1547 1496 1605 1544 et
1635 1506 1654 1539 ‹
1693 1486 1916 1541 adorato
1935 1484 2117 1539 Domi-

538 1596 668 1637 num
714 1582 770 1636 in
811 1580 950 1637 atrio
976 1586 1165 1636 sancto
1186 1577 1327 1649 ejus,
1363 1598 1385 1632 ι
1424 1579 1480 1636 id
1504 1587 1590 1635 est
1637 1578 1693 1633 in
1722 1576 1934 1634 cmlesti
1958 1575 2114 1632 habi-

538 1673 763 1727 tatione.

606 1764 722 1834 Ego
759 1762 904 1829 dico,
939 1779 959 1813 ι
985 1761 1230 1828 adorate,
1263 1779 1283 1812 ι
1315 1769 1372 1816 ει
1389 1759 1593 1814 utinam
1619 1778 1638 1810 ‹
1670 1758 1926 1814 universa
1969 1765 2112 1811 terra

533 1862 937 1912 commoveatur
958 1872 979 1908 ι
998 1856 1066 1910 ad
1078 1853 1450 1924 penitentiam
1473 1871 1492 1905 ι
1524 1866 1556 1907 a
1577 1850 1715 1907 t‘acie
1739 1849 1879 1919 ejus,
1908 1868 1927 1901 ι
1948 1848 2001 1903 id
2028 1858 2111 1903 est

1010 462 1362 521 HAYMONIS
1394 457 1873 519 HALBERSTAT.
1915 457 2130 515 EPISC.
2170 454 2321 513 OPP.
2360 455 2539 512 PARS
2573 456 2617 511 l.
2646 487 2698 497 —
2750 455 3110 513 COMMENT.
3151 450 3328 513 BlBL.

3697 460 3781 519 ιιι

2684 567 2757 625 ιιι
2786 569 3118 629 PSALMUM
3156 570 3334 628 XCVI.

2275 663 2317 719 Τ
2321 679 2512 722 trusus
2537 683 2550 719 :
2579 662 2826 723 Paulinus
2851 668 2949 748 ipsi
2978 666 3169 748 David,
3202 652 3408 739 quando
3434 670 3485 725 ei
3512 672 3740 728 restituta

2806 743 2885 790 est
2909 744 3051 790 terra
3074 743 3207 806 ejus.

2292 864 2311 896 ι
2349 844 2609 901 Dominus
2653 846 2917 915 regnavit,
2977 845 3209 902 exsultet
3258 838 3439 905 terra.
3482 869 3503 901 ι
3556 836 3776 908 Psalmis

2216 935 2319 991 iste
2341 936 2596 992 convenit
2626 930 2819 1001 David,
2849 934 2902 1017 id
2927 944 3032 1003 est,
3062 937 3298 1005 Christo,
3333 955 3440 994 non
3470 940 3627 1011 quod
3652 942 3773 999 Chri-

2215 1038 2332 1100 stus
2379 1030 2468 1085 hic
2514 1029 2789 1103 loquatur.
2815 1031 2911 1085 sed
2940 1031 3065 1100 quia
3109 1022 3176 1087 de
3211 1046 3276 1088 eo
3318 1018 3519 1103 agitur.
3560 1033 3773 1093 Psalmis

2215 1123 2336 1180 dico
2381 1122 2619 1192 habitus,
2664 1123 2879 1193 quando
2924 1123 2975 1177 ei
3002 1126 3158 1178 terra
3192 1124 3442 1180 restituta
3478 1134 3593 1193 est,
3630 1126 3676 1179 id
3694 1140 3770 1193 est,

2214 1212 2493 1282 homines,
2538 1229 2676 1286 quos
2703 1212 3014 1284 perdiderat
3038 1228 3137 1283 per
3161 1213 3550 1281 idololatriam,
3594 1218 3663 1272 ad
3690 1220 3768 1273 cal-

2216 1316 2328 1362 tum
2359 1306 2453 1362 Dei
2498 1317 2623 1362 sunt
2670 1305 2932 1372 revocati,
2961 1306 3016 1361 id
3040 1314 3124 1379 est
3150 1307 3385 1363 restituti
3409 1306 3660 1365 Christo.
3687 1310 3766 1365 ila-

2213 1398 2350 1452 teria
2392 1406 2477 1453 est
2522 1396 2768 1453 Christus
2811 1396 3110 1453 Ecclesium
3155 1398 3255 1453 sibi
3287 1400 3659 1457 constituens.
3692 1402 3767 1457 llr»

2213 1486 2315 1543 dus
2344 1505 2358 1542 :
2396 1487 2452 1543 in
2478 1487 2654 1559 prima
2691 1495 2846 1558 parte
2871 1488 3109 1544 ostendit
3154 1503 3279 1557 eum
3321 1489 3530 1563 Regem
3558 1508 3697 1557 esse,
3731 1506 3765 1549 et

2212 1578 2553 1634 commendat
2572 1593 2697 1633 eum
2714 1578 2901 1634 multis
2912 1579 3108 1645 modis,
3121 1580 3277 1651 quasi
3291 1590 3449 1638 utens
3475 1582 3766 1641 demonstra-

2214 1671 2323 1728 tivo
2339 1686 2540 1743 genere
2562 1671 2691 1727 etin
2718 1672 2909 1727 eadem
2932 1682 3108 1742 parte,
3135 1681 3195 1728 ut
3211 1689 3335 1729 eum
3362 1674 3535 1730 talem
3562 1677 3761 1743 adorent

2210 1776 2319 1817 non
2348 1776 2444 1817 sua
2473 1761 2760 1832 sculptilia.
2798 1762 2860 1819 in
2886 1764 3127 1819 secunda
3156 1772 3341 1835 parte,
3370 1781 3522 1841 quae

2216 1872 2234 1904 ι
2268 1852 2510 1918 Audivit,
2533 1859 2588 1906 et
2633 1852 2812 1923 laetata
2835 1861 2919 1908 est
2950 1852 3100 1923 Sion,
3138 1872 3158 1906 ι
3191 1856 3348 1928 quasi
3375 1870 3672 1913 conversos
3698 1859 3758 1913 ad-

532 1946 602 2001 ad
648 1946 1011 2016 cognitionem
1054 1945 1245 2015 ipsius,
1274 1952 1334 1999 et
1377 1958 1476 1999 vos
1518 1940 1776 1998 commoti
1808 1958 1828 1991 ι
1867 1938 2029 1994 dicite
2051 1938 2106 1993 in
2131 1933 2182 1994 Β
2209 1953 2391 1999 monet
2419 1952 2479 1998 ut
2495 1943 2768 1999 exsultent
2786 1952 2885 2017 ,et
2903 1944 3027 2000 odio
3048 1944 3319 2001 diabolum
3338 1947 3613 2005 habeant.
3632 1949 3754 2003 lua-

532 2039 802 2112 gentibus,
838 2057 858 2090 ι
891 2038 944 2092 id
973 2045 1077 2101 est,
1110 2037 1180 2091 ad
1208 2044 1397 2107 gentes
1423 2020 1874 2097 commovendas;
1920 2037 1977 2085 et
2014 2030 2109 2085 dat

530 2132 614 2187 eis
650 2129 934 2186 materiam
976 2129 1105 2198 quid
1134 2128 1336 2193 dicant,
1380 2129 1485 2183 hoc
1522 2125 1752 2190 scilicet,
1792 2143 1811 2175 ι
1844 2122 1967 2192 quia
1998 2121 2106 2176 Do-

532 2221 711 2277 minus
737 2219 985 2292 regnavit
1013 2238 1034 2271 ο
1068 2234 1100 2274 a
1125 2218 1304 2289 ligno;
1348 2218 1424 2274 ita
1456 2217 1592 2274 dicit
1630 2216 1733 2272 alia
1779 2212 2101 2269 translatio:

527 2320 585 2368 et
608 2312 697 2366 hic
723 2311 986 2366 habemus
1033 2309 1415 2365 auctoritatem
1461 2323 1495 2364 a
1532 2306 1802 2377 Propheta
1837 2302 2105 2374 passionis

527 2401 750 2469 Christi.

595 2494 799 2553 Probat
842 2508 942 2565 per
995 2492 1247 2550 eﬂ‘ectum
1297 2491 1445 2564 quod
1506 2493 1756 2564 regnavit
1807 2491 2100 2556 Dominus,

525 2589 733 2653 dicens,
770 2605 790 2639 ι
826 2586 1031 2643 etenim
1078 2585 1339 2650 correxit,
1381 2605 1400 2639 ι
1445 2585 1502 2641 id
1537 2593 1637 2648 est,
1687 2584 2007 2654 corrigendo
2037 2584 2104 2638 de

523 2678 764 2750 peccatis
798 2677 867 2733 ad
899 2676 1126 2748 justitiae
1172 2688 1341 2744 opera
1384 2674 1605 2739 direxit,
1644 2692 1664 2726 ι
1704 2673 1889 2729 orbem
1918 2681 2099 2738 terrae,

523 2771 616 2840 qui
649 2783 759 2825 non
793 2767 1222 2824 commovebitur
1255 2785 1273 2817 ι
1309 2780 1341 2820 a
1368 2764 1494 2831 lide,
1520 2764 1699 2834 aliqua
1730 2762 2098 2827 tribulatione,

520 2860 666 2930 quod
694 2859 773 2913 ait
803 2858 1092 2928 Apostolus
1135 2875 1149 2911 :
1190 2856 1375 2925 Neque
1404 2869 1575 2920 mors,
1607 2868 1785 2923 neque
1813 2854 1920 2907 vita
1942 2860 2099 2924 pote-

522 2961 650 3006 runt
694 2966 793 3007 nos
842 2965 1095 3019 separare
1135 2965 1166 3004 a
1192 2950 1460 3004 charitate
1486 2946 1705 3003 Christi.
1741 2947 1911 3002 Dicite
1934 2946 2100 3002 etiam

527 3045 595 3099 ad
614 3044 1056 3099 commovendam
1090 3052 1309 3107 terram,
1336 3042 1463 3112 quia
1487 3042 1589 3095 iste
1624 3040 1882 3095 Dominus
1905 3060 1924 3090 ‹
1956 3036 2099 3108 judi-

522 3136 692 3202 cabit,
739 3152 758 3186 ι
786 3134 1010 3190 veniens
1037 3135 1294 3197 secundo,
1336 3152 1355 3185 ι
1392 3132 1619 3204 populos
1657 3132 1711 3187 in
1758 3132 2032 3201 aequitate,
2072 3152 2092 3183 ι

523 3226 579 3282 id
606 3235 693 3283 est
742 3226 1034 3296 unicuique
1059 3225 1290 3281 reddens
1313 3240 1413 3297 pro
1437 3227 1652 3282 merito.

2210 2033 2291 2089 dit
2337 2034 2584 2090 homines
2628 2034 2696 2089 ab
2739 2035 3040 2091 idololatria
3088 2052 3343 2094 revocare
3381 2048 3440 2095 et
3479 2028 3561 2096 ad
3605 2043 3752 2097 cultas

2210 2123 2368 2179 unius
2388 2123 2485 2178 Dei
2506 2126 2874 2194 permanentis
2907 2126 2962 2180 in
2996 2127 3192 2182 saecula
3217 2129 3519 2185 advocare.

2281 2212 2394 2267 Vox
2422 2212 2727 2283 P.r0phetaz,
2757 2215 2913 2285 quasi
2947 2215 3153 2271 diceret
3181 2234 3194 2269 :
3222 2217 3266 2273 0
3306 2233 3405 2275 vos
3433 2227 3651 2289 gentes,
3674 2235 3751 2289 qu

2204 2303 2471 2360 hactenus
2496 2305 2552 2360 in
2603 2303 2870 2362 idolorum
2917 2305 3130 2362 cultura
3172 2309 3597 2378 permansistis,
3637 2300 3751 2364 nolite

2203 2394 2459 2465 deinceps
2503 2395 2684 2451 colere
2725 2395 2889 2464 idola,
2934 2398 3030 2453 sed
3078 2398 3251 2473 solum
3292 2399 3585 2455 Christum
3620 2401 3752 2465 mlite,

2203 2485 2331 2555 quia
2356 2486 2472 2556 ipse
2502 2506 2521 2538 ι
2553 2486 2815 2542 Dominus
2851 2489 3116 2559 regnavit,
3160 2508 3181 2541 ι
3209 2489 3263 2545 id
3290 2498 3375 2544 est
3428 2506 3656 2562 regnum

2204 2583 2260 2630 et
2281 2575 2338 2630 in
2361 2574 2583 2643 ludatis,
2615 2586 2672 2632 et
2690 2578 2941 2649 gentibus
2969 2580 3290 2651 acquisivit;
3319 2588 3376 2635 et
3406 2580 3541 2638 ideo
3571 2601 3589 2633 ι
3620 2579 3752 2637 etsui-

2205 2671 2281 2719 tet
2308 2672 2451 2720 terra
2490 2684 2510 2718 ι
2540 2665 2749 2733 Ιυὼεε,
2769 2682 2890 2739 qua:
2917 2669 3153 2741 suscepit
3181 2669 3343 2725 istum
3370 2654 3606 2743 Regem.
3633 2692 3647 2722 ι
3672 2671 3751 2726 La-

2202 2764 2385 2810 tentur
2438 2775 2458 2809 ι
2514 2758 2678 2813 etiam
2722 2777 2743 2811 ‹
2795 2759 2984 2819 insulae
3029 2761 3232 2826 multae,
3262 2782 3283 2814 ι
3320 2763 3374 2821 id
3433 2774 3527 2820 est
3564 2765 3748 2821 eodem

2200 2862 2300 2919 per
2324 2851 2718 2908 remotissimas
2744 2862 2926 2923 partes
2950 2844 3432 2927 constitutaque:
3455 2861 3748 2915 contundan-

2199 2949 2291 2994 tur
2310 2939 2562 2998 ﬂuctibus
2586 2943 2748 3015 hujus
2770 2947 2978 3010 mundi,
3004 2963 3105 3004 nec
3134 2958 3312 3005 tamen
3342 2953 3749 3023 submerguntur.

2199 3031 2344 3088 sicut
2364 3033 2553 3090 insulae
2578 3037 2765 3092 maris.
2796 3038 3065 3094 Describit
3091 3040 3254 3096 istum
3275 3042 3594 3111 Dominum,
3620 3042 3749 3114 qualis

2198 3121 2271 3176 sit
2299 3122 2478 3190 malis,
2501 3131 2556 3179 et
2579 3126 2756 3194 qualis
2776 3128 2848 3181 sit
2870 3130 3048 3196 bonis,
3076 3130 3257 3186 dicens
3290 3146 3306 3185 :
3340 3152 3359 3185 ι
3396 3133 3583 3190 Nubes
3613 3146 3662 3190 et
3680 3150 3747 3190 σε·
3856 3174 3859 3183 ι

2199 3211 2306 3283 ligo
2345 3214 2409 3291 in‘
2440 3214 2670 3270 circuitu
2698 3215 2835 3286 ejus,
2863 3238 2882 3271 ι
2912 3220 2968 3274 id
2996 3232 3080 3277 est
3119 3222 3460 3280 obumbrans
3507 3243 3645 3291 eum,
3671 3242 3751 3281 non

588 3317 659 3373 Et
696 3318 817 3374 ideo
845 3336 867 3369 ε
905 3288 1158 3372 immatur
1195 3288 1340 3382 coeti,
1374 3337 1394 3368 ι
1436 3317 1492 3372 id
1518 3324 1605 3372 est
1653 3315 1873 3370 altiores
1894 3316 2093 3381 sancti,
2120 3300 2166 3367 C
2199 3306 2343 3373 quod
2363 3288 2559 3377 iﬁ'ipso
2590 3322 2925 3379 remaneant.
2947 3312 3077 3383 quia
3103 3314 3217 3383 ipse
3243 3325 3328 3370 est
3353 3316 3453 3372 lux
3474 3319 3529 3373 in
3552 3288 3754 3374 ιώώὼ

524 3429 543 3461 ι
595 3417 651 3464 ει
694 3407 929 3464 exsultet
976 3416 1141 3473 terra,
1196 3427 1216 3458 ι
1264 3408 1318 3464 id
1361 3416 1465 3474 est,
1524 3408 1839 3463 humiliores
1880 3407 2092 3472 sancti;

523 3522 543 3552 ι
582 3508 985 3558 commoveatur
1034 3515 1203 3565 mare,
1256 3518 1275 3553 ι
1306 3500 1361 3556 id
1383 3507 1469 3557 est
1500 3500 1861 3561 amaricantes
1890 3499 1943 3553 in
1993 3497 2097 3554 hac

517 3593 624 3647 vita
655 3605 767 3661 prae
792 3592 987 3647 timore
1017 3588 1419 3660 futurijudicii;
1450 3610 1468 3643 ‹
1502 3600 1563 3646 ει
1590 3590 1867 3661 plenitudo
1893 3589 2027 3659 ejus,
2069 3610 2089 3644 ι

516 3685 569 3740 id
598 3691 683 3740 est
732 3683 941 3756 singula
983 3685 1112 3751 vita,
1154 3684 1207 3738 id
1235 3691 1319 3739 est
1375 3684 1622 3739 homines
1647 3698 1746 3753 pro
1770 3681 1995 3753 singulis
2015 3681 2095 3736 vi-

516 3780 606 3834 tiis
631 3786 953 3834 moveantur
979 3778 1047 3832 ad
1076 3777 1570 3848 compunctionem,
1595 3785 1652 3831 et
1681 3784 1884 3845 quanto
1920 3776 2092 3846 magis

514 3884 736 3926 necesse
772 3879 858 3926 est
903 3878 964 3925 ut
1010 3876 1473 3933 commoveantur,
1525 3868 1647 3924 dico
1675 3886 1697 3920 ί
1737 3867 2019 3933 lmtentur;
2065 3884 2087 3920 ›

512 3972 567 4017 ει
596 3963 671 4019 ita
694 3963 819 4029 erit,
849 3961 977 4032 quia
1007 3979 1028 4013 ι
1062 3962 1263 4031 campi,
1285 3980 1305 4013 ι
1338 3962 1394 4017 id
1422 3968 1507 4016 est
1557 3960 1789 4016 humiles
1817 3967 1873 4015 et
1899 3961 2092 4015 fructi-

513 4053 755 4117 ﬁcantes,
786 4071 807 4105 ‹
860 4053 1173 4124 gaudebunt
1226 4071 1245 4103 ι
1285 4052 1351 4107 de
1391 4052 1632 4122 puritate
1659 4066 1771 4107 sum
1799 4052 2086 4108 conscien-

400 4130 409 4141 ’
514 4146 630 4213 tiae;
685 4165 704 4199 ‹
762 4153 816 4201 ει
867 4144 1049 4200 omnia
1075 4157 1195 4213 quae
1250 4144 1303 4197 in
1332 4144 1413 4199 eis
1448 4154 1596 4209 sunt,
1630 4161 1649 4195 ›
1683 4142 1738 4198 id
1770 4150 1855 4198 est
1901 4157 2091 4199 omnes

513 4252 708 4294 sensus
728 4249 936 4301 eorum,
963 4235 1091 4306 quia
1114 4235 1410 4291 secundum
1437 4246 1627 4290 omnes
1658 4248 1853 4290 sensus
1885 4243 1942 4290 et
1973 4248 2090 4290 om-

513 4343 608 4384 nes
636 4328 884 4397 virtutes,
930 4328 1239 4399 gaudebunt
1282 4326 1372 4383 hic
1400 4341 1496 4398 8pc
1523 4326 1721 4383 futurae
1749 4327 2083 4383 salvationis.

584 4418 653 4473 Et
680 4426 829 4484 tunc,
862 4418 919 4473 id
944 4426 1030 4473 est
1081 4433 1205 4472 cum
1229 4418 1344 4488 ipse
1366 4416 1650 4486 judicabit,
1684 4437 1704 4471 ι
1740 4417 2087 4474 exsultabunt

510 4507 855 4579 owialigna
901 4507 1180 4572 silvarum,
1224 4525 1245 4559 ι
1290 4506 1343 4562 id
1398 4516 1482 4562 est
1520 4516 1725 4579 gentes,
1776 4522 1896 4576 qua:
1934 4507 2086 4577 prius

510 4609 668 4654 erant
684 4600 962 4655 silvestres
980 4608 1035 4653 et
1063 4599 1298 4664 incultae,
1327 4617 1346 4651 ι
1379 4597 1566 4654 afacie
1588 4599 1820 4664 Domini,
1853 4618 1872 4651 ι
1903 4600 1955 4655 id
2000 4608 2083 4656 est

2198 3393 2405 3460 lucens,
2433 3396 2531 3451 sed
2560 3398 2663 3467 ipsi
2695 3400 2897 3456 habent
2930 3401 3216 3474 lippientes
3240 3407 3460 3476 oculos,
3491 3425 3554 3464 ne
3572 3408 3757 3478 possint

2197 3482 2328 3539 solis
2362 3486 2666 3543 claritatem
2711 3490 2908 3547 intueri
2937 3533 2953 3559 ,
2998 3504 3053 3548 et
3100 3496 3296 3552 dicitur
3322 3499 3434 3555 hoc
3460 3517 3521 3556 ει
3552 3501 3661 3555 sola
3695 3500 3755 3554 si-

2195 3574 2498 3633 militudine
2552 3579 2780 3649 alicujus
2830 3584 2942 3649 rei,
2989 3601 3109 3655 quae
3156 3600 3382 3659 propter
3437 3595 3627 3647 nubem
3670 3608 3757 3649 non

2192 3676 2379 3735 posset
2404 3668 2595 3724 videri.
2624 3670 2895 3738 Quantum
2920 3675 2988 3730 ad
3015 3677 3207 3745 bonos,
3234 3699 3252 3731 ι
3275 3681 3493 3751 justitia
3550 3695 3607 3739 et
3638 3684 3761 3753 judi-

2192 3760 2335 3815 cium
2387 3781 2407 3814 ι
2462 3772 2547 3819 εει
2597 3785 2616 3816 ε
2670 3769 2941 3825 correctio
2970 3771 3119 3827 sedis
3158 3773 3300 3844 ejus,
3339 3777 3439 3831 »Μ
3475 3787 3563 3834 est
3616 3777 3766 3849 aliqui

2194 3852 2560 3923 corriguntur,
2590 3865 2645 3912 et
2672 3856 2809 3914 ﬁunt
2833 3872 2989 3932 seges
3015 3862 3133 3934 ejus
3153 3876 3253 3935 per
3269 3864 3539 3936 judicium,
3599 3870 3660 3923 id
3696 3874 3771 3924 est

2192 3964 2289 4018 per
2341 3950 2725 4009 discretionem
2774 3957 2925 4023 boni,
2974 3968 3030 4015 et
3074 3961 3205 4017 mali
3251 3978 3401 4033 quam
3432 3963 3673 4031 habent,
3722 3975 3772 4021 et

2191 4036 2399 4094 iaciunt
2422 4039 2715 4111 justitiam,
2754 4047 2883 4117 quia
2910 4048 3112 4105 bonum
3151 4062 3553 4124 exsequuntur,
3572 4066 3639 4110 et
3662 4072 3767 4111 ma-

2192 4129 2301 4185 lum
2334 4132 2525 4188 vitant.
3294 4184 3299 4189 ι

2259 4223 2328 4277 Et
2346 4226 2579 4281 ostendit
2595 4227 2865 4297 quomodo
2882 4230 3225 4304 corrigantur
3238 4236 3343 4300 sui,
3363 4238 3496 4307 quia
3538 4258 3560 4290 ι
3593 4240 3764 4311 ignis,»

2190 4313 2245 4369 id
2264 4323 2347 4370 est
2367 4317 2622 4386 Charitas,
2655 4335 2816 4391 quam
2841 4323 3040 4379 emittit
3069 4324 3303 4396 Spiritus
3320 4340 3578 4397 sanctus,
3601 4332 3667 4387 de
3682 4345 3772 4402 quo

2188 4404 2302 4475 ipse
2341 4406 2589 4467 Christus
2613 4412 2733 4468 ait:
2769 4432 2788 4464 ‹
2820 4413 3005 4486 Ignem
3032 4418 3155 4473 veni
3191 4418 3411 4475 mittere
3455 4422 3516 4476 in
3566 4432 3767 4485 terram,

2188 4498 2386 4576 etquid
2403 4501 2545 4567 volo,
2562 4503 2741 4560 nisiut
2757 4506 2950 4563 ardeat
2967 4527 2987 4561 ι
3010 4526 3025 4562 :
3045 4527 3065 4559 ι
3092 4513 3362 4580 praecedet
3380 4522 3523 4570 ante
3545 4515 3735 4586 ipsum,
3753 4534 3769 4565 ι

2188 4586 2244 4644 id
2277 4598 2361 4647 est
2384 4595 2598 4662 parabit
2625 4595 2730 4667 ipsi
2781 4596 3033 4656 Domino.
3068 4599 3257 4658 Nullus
3283 4603 3436 4659 enim
3468 4616 3567 4661 est
3604 4609 3774 4678 dignus

512 4697 732 4759 μωρία
750 4689 1089 4758 ΡΜιίθω
1106 4705 1214 4759 qua
1242 4659 1487 4745 “nentur
1511 4707 1524 4744 ³
1548 4710 1565 4741 ⁸
1588 4691 1714 4760 qm“
1740 4659 1910 4756 νθίλίίν
1944 4709 1963 4742 ’
1988 4704 2090 4747 nec
2112 4659 2167 4721 Β
2193 4682 2250 4736 in
2276 4659 2620 4753 (luo—habitet
2646 4659 2942 4758 Dominus,
2983 4692 3092 4749 nisi
3144 4694 3298 4764 Prius
3335 4710 3370 4750 a

513 4779 636 4833 dico
684 4779 753 4834 de
800 4779 975 4849 primo
1023 4781 1277 4846 adventu,
1327 4781 1420 4837 sed
1454 4800 1473 4833 ι
1522 4781 1647 4851 quia
1676 4782 1824 4838 venit
1842 4780 2088 4851 judicare

515 4878 736 4924 terram.

581 4964 650 5018 Et
677 4964 791 5034 ipse
823 4982 843 5017 ι
866 4963 1131 5036 judicabit
1154 4967 1342 5021 orbem
1368 4974 1545 5031 terrae,
1577 4986 1595 5018 ι
1632 4965 1687 5021 id
1711 4975 1797 5022 est
1838 4967 2086 5023 homines

508 5054 763 5111 collectos
806 5055 872 5110 de
914 5063 1028 5111 toto
1050 5055 1280 5111 circuitu
1306 5066 1485 5123 terrm,
1531 5075 1550 5108 ι
1584 5057 1639 5111 in
1668 5058 1941 5127 aequitate,
1980 5077 1999 5111 ι
2028 5058 2082 5114 id

508 5152 594 5200 est
634 5145 862 5216 singulis
899 5145 1132 5202 reddens
1180 5162 1280 5217 pro
1326 5148 1565 5213 meritis;
1611 5167 1630 5200 ι
1682 5156 1739 5204 ει
1790 5147 2016 5218 populos
2056 5168 2076 5201 ι

508 5252 859 5309 quoscunque
884 5258 903 5291 ι
931 5239 986 5294 in
1004 5240 1236 5295 veritate
1256 5254 1372 5306 sua,
1403 5258 1423 5294 ι
1446 5241 1503 5298 id
1526 5250 1611 5297 est
1655 5241 1949 5297 secundum
1980 5241 2083 5297 hoc

506 5329 651 5399 quod
675 5331 1045 5402 unusquisque
1068 5346 1255 5387 eorum
1285 5332 1568 5388 veritatem
1607 5332 1710 5388 sibi
1735 5331 2081 5387 commissam

507 5420 854 5491 dispensavit.
892 5420 989 5477 Vel
1025 5422 1212 5477 orbem
1240 5432 1525 5492 possumus
1553 5423 1799 5492 accipere
1827 5424 1897 5478 ad
1932 5422 2079 5479 litte-

509 5522 646 5573 ram,
677 5525 836 5579 quem
876 5509 1138 5577 judicabit
1164 5510 1443 5575 Dominus,
1491 5511 1618 5579 quia
1652 5510 1874 5566 veniens
1905 5512 1974 5568 ad
1994 5511 2081 5581 ju-

2186 4781 2409 4842 paretur
2458 4785 2684 4846 sancto;
2745 4796 2764 4832 ι
2813 4788 2873 4836 ει
2912 4799 2932 4833 ι
2974 4780 3067 4838 ille
3106 4782 3247 4855 ignis
3290 4802 3311 4838 ι
3366 4784 3773 4844 inﬂammabitn

2188 4878 2374 4921 amore
2410 4866 2507 4923 Dei
2541 4889 2561 4922 ι
2597 4869 2847 4929 inimicos
2869 4872 3006 4943 ejus,
3045 4894 3065 4927 ι
3101 4874 3223 4954 illos
3261 4877 3489 4936 scilicet
3522 4884 3629 4953 qui
3652 4882 3781 4955 prius

2185 4963 2343 5011 erant
2366 4956 2574 5014 inimici
2605 4979 2625 5012 ι
2668 4961 2721 5016 in
2751 4962 3004 5032 circuitu,
3042 4985 3062 5019 ι
3094 4966 3150 5023 id
3178 4977 3261 5023 est
3293 4983 3362 5024 ex
3422 4974 3597 5028 omni
3629 4984 3782 5044 parte.

2254 5046 2360 5103 Per
2385 5048 2522 5106 alias
2550 5061 2737 5121 partes
2777 5057 3122 5114 commendat
3146 5074 3269 5116 eum
3310 5060 3393 5117 sic
3448 5082 3465 5116 :
3506 5083 3529 5116 ι
3566 5066 3787 5139 Fulgura

2185 5136 2331 5206 ejus,
2372 5158 2393 5193 ι
2425 5140 2481 5196 id
2518 5151 2607 5199 est
2648 5146 2909 5202 miracula
2949 5163 3071 5219 quae
3118 5150 3236 5222 ipse
3276 5150 3403 5208 fecit
3472 5155 3543 5211 in
3576 5136 3791 5219 munda.

2191 5247 2208 5279 ι
2248 5227 2551 5287 alluxerunt
2571 5233 2692 5290 orbi
2719 5244 2896 5303 terrae,
2931 5256 2950 5289 ι
2980 5238 3032 5294 id
3051 5247 3155 5306 est,
3187 5241 3684 5311 resplenduerunt
3711 5261 3793 5320 per

2186 5327 2354 5376 totum
2381 5323 2666 5390 mundum,
2699 5336 2754 5382 et
2784 5346 2802 5378 ι
2849 5335 2993 5383 terra
3020 5330 3157 5385 vidit
3194 5349 3215 5385 ›
3250 5332 3373 5397 hoc,
3418 5334 3488 5391 id
3558 5349 3655 5394 est
3697 5349 3796 5394 ter-

2183 5416 2303 5471 reni
2344 5430 2715 5489 cognoverunt
2750 5422 2875 5490 hoc,
2904 5442 2923 5475 ι
2956 5431 3013 5480 ει
3036 5434 3305 5482 commota
3332 5435 3421 5483 est
3456 5448 3483 5481 ι
3519 5433 3603 5488 ad
3633 5433 3799 5507 peni-

2188 5507 2428 5562 tentiam.

2256 5594 2320 5650 Et
2349 5603 2477 5652 tunc
2510 5616 2529 5649 ‹
2562 5607 2792 5676 montes,
2832 5620 2861 5665 ι,
2879 5602 2932 5657 id
2957 5611 3039 5658 est
3094 5611 3344 5673 potentes
3370 5605 3566 5677 huius
3594 5611 3804 5678 saeculi,

2192 5705 2211 5739 ι
2246 5684 2519 5744 fluxerunt
2550 5709 2570 5742 ι
2600 5706 2632 5744 a
2680 5692 2827 5748 vitiis
2853 5692 2968 5771 suis
2998 5712 3017 5744 ε
3057 5694 3197 5750 sicut
3230 5710 3374 5760 cera,
3407 5715 3432 5749 ι
3470 5698 3807 5770 ﬂuxerunt;

2187 5776 2328 5843 dico,
2356 5788 2564 5835 montes
2588 5800 2608 5833 ί
2631 5797 2662 5835 a
2682 5782 2820 5838 facie
2844 5782 3077 5850 Domini,
3107 5805 3126 5837 ι
3152 5786 3207 5841 id
3227 5794 3329 5853 est,
3352 5800 3618 5861 propter
3632 5796 3814 5866 cogni-

2190 5869 2389 5926 tionem
2447 5870 2561 5940 Dei,
2608 5882 2660 5929 et
2710 5889 2814 5931 non
2859 5885 3065 5933 tantum
3110 5886 3341 5948 montes,
3376 5882 3492 5937 sed
3560 5905 3583 5938 ι
3634 5890 3817 5944 cumis

508 5597 727 5663 dicium.
762 5599 886 5669 igne
919 5601 1169 5672 purgabit
1197 5603 1386 5656 sordes
1409 5598 1823 5667 elementorum,
1852 5615 1988 5670 quas
2014 5618 2083 5659 ex

510 5685 785 5744 hominum
808 5690 1179 5760 iniquitatibus
1204 5699 1604 5748 contraxerunt.
