3940 6470
180 498 286 558 525

1332 492 1765 551 EXPLANA'I’IO
1808 492 1875 546 IN
1915 488 2252 548 PSALMOS.

3303 490 3407 547 528

180 617 323 665 terra
374 624 396 658 ι
442 604 598 661 tinxit
644 620 662 657 (
695 618 726 661 a
755 602 911 660 facie
944 602 1063 668 Dei,
1101 620 1122 656 ι
1156 601 1211 659 id
1255 611 1356 670 eat,
1387 601 1454 661 de
1496 603 1743 659 universa
1770 602 1825 663 Α
1846 599 1925 655 eis
1952 606 2076 671 agat
2110 605 2315 654 tantum
2344 613 2444 671 per
2469 605 2641 653 totum
2675 602 2985 652 contextum
3007 638 3022 664 ,
3048 606 3229 655 tamen
3262 600 3407 670 psal—

180 706 323 751 terra
348 695 611 753 homines.

249 787 566 843 Alluxerunt
620 784 897 850 miracula,
930 792 984 839 et
1029 803 1048 838 ι
1092 784 1235 851 cmli,
1268 804 1289 837 ι
1334 784 1389 839 id
1432 791 1518 839 est
1569 782 1742 838 sancti

179 877 407 949 apostoli
447 886 505 935 et
529 877 905 948 pmdicatores
948 893 966 927 t
998 875 1467 939 annuntiaverunt
1475 873 1741 944 justitiam

177 969 311 1041 ejus,
346 990 366 1024 ι
400 970 666 1040 quomodo
696 970 814 1040 ipse
846 968 1107 1039 justiﬁcat
1150 968 1458 1037 hominem;
1509 974 1565 1022 et
1616 973 1743 1020 tunc

185 1077 205 1113 ι
236 1075 427 1119 omnes
445 1059 651 1131 populi,
686 1078 706 1112 ι
734 1060 790 1117 id
822 1067 909 1117 est
938 1059 1104 1130 aliqui
1143 1059 1208 1115 de
1238 1058 1487 1115 omnibus
1505 1055 1738 1126 populis,

184 1172 202 1206 ι
234 1155 479 1211 viderunt
519 1152 745 1225 gloriam
789 1150 930 1224 ejus,
956 1172 976 1206 ι
1007 1152 1062 1209 id
1099 1158 1183 1207 est
1214 1158 1581 1222 cognoverunt
1616 1162 1742 1203 eum

177 1244 469 1316 gloriosum
499 1259 640 1301 esse.

243 1337 313 1392 Et
365 1336 799 1407 quandoquidem
841 1337 956 1406 ipse
992 1333 1115 1391 talis
1149 1342 1253 1400 est,
1293 1348 1422 1407 ergo
1461 1352 1477 1385 ι
1511 1330 1740 1388 confun-

176 1429 388 1492 dantur,
421 1447 440 1483 ι
475 1430 529 1485 id
547 1438 631 1484 est
653 1428 799 1500 digni
831 1434 959 1483 sunt
1005 1424 1342 1491 confusione,
1371 1442 1390 1477 ι
1435 1438 1623 1479 omnes
1645 1421 1735 1492 qui

174 1518 400 1574 adorant
419 1518 708 1588 sculptilia,
735 1536 755 1571 ι
784 1516 838 1575 id
880 1526 963 1572 est
986 1515 1248 1586 imagines
1288 1515 1484 1586 pictas,
1516 1532 1535 1565 (
1566 1521 1622 1571 et
1648 1511 1738 1582 qui

174 1607 466 1679 gloriantur
489 1609 543 1663 in
570 1607 873 1665 simulacris
896 1605 1025 1663 suis.

241 1702 381 1758 Vere
402 1701 612 1758 debetis
660 1700 748 1758 illa
790 1700 934 1756 idola
974 1698 1245 1756 dimittere
1275 1704 1329 1752 et
1371 1697 1545 1768 ipsum
1587 1695 1741 1751 Chri-

172 1806 313 1854 stum
355 1798 605 1863 adorare,
644 1798 772 1868 quia
810 1804 867 1852 et
904 1794 1008 1864 ipsi
1037 1793 1209 1865 angeli
1246 1792 1472 1851 adorant
1511 1806 1654 1856 eum,
1686 1796 1740 1845 et

172 1890 276 1945 hoc
309 1889 444 1945 dicit
479 1888 580 1945 sub
612 1888 847 1958 quadam
883 1883 1291 1943 admonitione:
1331 1902 1354 1938 ι
1409 1881 1608 1941 Graues
1636 1897 1737 1936 an—

169 1980 277 2051 geli
301 1981 568 2047 cmlestas,
597 1981 820 2036 adorato
850 1993 992 2034 eum.
1022 1996 1043 2031 ι

243 2071 377 2126 Pars
412 2072 665 2127 secanda.
692 2070 806 2142 Ego
840 2070 920 2125 sic
943 2068 1205 2124 admoneo
1236 2068 1483 2133 adorare,
1510 2073 1569 2122 et
1596 2067 1735 2123 hanc

169 2161 589 2219 admonitionem
622 2180 640 2213 (
666 2161 870 2218 audivit
907 2158 1099 2227 Sion,»
1131 2159 1188 2216 id
1223 2168 1346 2226 est,
1390 2158 1627 2216 Ecclesia
1670 2158 1736 2213 de

164 2250 369 2309 Judaéis
400 2273 421 2307 (
447 2262 504 2310 et
530 2254 709 2310 laetata
736 2262 839 2310 est.
858 2273 882 2305 ι

242 2362 264 2395 ί
289 2344 357 2398 Ει
380 2363 401 2396 ι
433 2345 595 2401 etiam
628 2363 648 2396 (
674 2343 798 2399 ﬁliae
824 2343 995 2409 ludat,
1020 2363 1040 2396 ι
1068 2342 1128 2399 id
1153 2350 1255 2409 est,
1302 2339 1560 2412 gentiles,
1602 2338 1734 2396 facti

164 2433 265 2489 ﬁlii
293 2434 513 2499 Christi,
540 2434 633 2504 qui
666 2436 732 2490 de
776 2434 918 2489 tribu
947 2432 1085 2488 Juda
1113 2432 1231 2498 fuit,
1275 2432 1380 2499 vel,
1411 2431 1534 2486 ﬁliae
1558 2428 1733 2496 indm,

164 2525 221 2580 id
251 2535 352 2590 est,
383 2524 736 2581 confessionis
777 2523 901 2580 ﬁliae
930 2544 948 2577 I
983 2523 1387 2585 exsultaverunt
1412 2544 1432 2578 ι
1466 2524 1535 2579 de
1579 2538 1735 2593 repa-

162 2618 375 2673 ratione
395 2632 510 2684 sua,
533 2632 694 2688 quam
713 2615 1089 2672 intellexerunt
1110 2631 1226 2672 esse
1244 2616 1441 2673 iactam
1464 2632 1562 2687 per
1580 2614 1735 2671 Chri-

162 2717 344 2773 stum;
368 2727 393 2761 ι
421 2709 843 2774 exsultaverunt,
883 2726 902 2762 ›
928 2708 1077 2773 dico,
1102 2725 1122 2759 ι
1150 2717 1370 2779 propter
1382 2706 1588 2779 judicia
1618 2716 1731 2773 tua,

160 2801 411 2866 Domine,
449 2819 469 2853 ι
503 2800 710 2857 scilicet
735 2800 950 2856 cmcitas
994 2814 1061 2855 ex
1100 2807 1254 2869 parte
1286 2798 1344 2854 in
1371 2798 1538 2855 Israel
1563 2796 1737 2854 conti-

160 2888 266 2959 git,
315 2898 373 2945 ut
396 2888 669 2958 plenitudo
702 2888 942 2960 gentium
985 2887 1234 2955 intraret,
1261 2895 1315 2943 et
1351 2886 1455 2951 alia
1486 2902 1736 2958 qutecun-

159 2992 272 3047 que
300 2977 394 3033 Dei
418 2978 642 3049 judicia.

235 3070 360 3127 Ideo
384 3072 810 3140 exsultaverunt,
847 3091 866 3125 (
890 3073 1144 3145 quoniam
1168 3082 1225 3129 tu
1252 3072 1511 3131 Dominus
1535 3073 1736 3130 altissi-

160 3178 288 3217 mus
310 3178 470 3233 super
490 3179 703 3220 omnem
733 3175 952 3231 terram,
981 3185 999 3217 ι
1035 3164 1087 3220 id
1117 3173 1218 3230 est,
1244 3164 1549 3221 habitantes
1573 3179 1735 3234 super

158 3267 379 3307 onmem
411 3262 631 3322 terram,
656 3263 710 3310 et
743 3274 762 3307 (
781 3255 1048 3312 exaltatus
1082 3272 1142 3311 es
1166 3272 1327 3326 super
1345 3272 1534 3312 omnes
1556 3258 1685 3312 deos
1706 3275 1724 3307 ι

159 3344 428 3412 gentium,
451 3340 536 3401 vel
580 3346 850 3419 angelicas
889 3357 1185 3415 creaturas,
1226 3355 1280 3403 et
1324 3346 1429 3402 hoc
1474 3364 1493 3398 ι
1521 3346 1683 3405 nimis
1710 3365 1729 3397 ι

157 3434 606 3491 inscrutabiliter.

236 3525 305 3578 Et
329 3524 454 3594 quia
489 3526 605 3595 ipse
630 3524 753 3580 talis
788 3534 873 3581 est
892 3566 909 3592 ,
939 3526 1061 3582 ideo
1086 3542 1183 3581 vos
1214 3546 1233 3578 (
1257 3526 1348 3598 qui
1377 3520 1596 3601 diligitis
1628 3528 1735 3583 Do-

163 3616 407 3678 minum,
445 3614 590 3671 odite
617 3615 817 3671 malum
840 3657 857 3683 ,
878 3635 898 3669 ι
931 3615 984 3671 id
1018 3624 1132 3684 est,
1177 3617 1544 3673 adversarium
1586 3619 1740 3675 istius

164 3706 405 3773 Domini,
442 3706 545 3763 etsi
590 3707 702 3777 ipse
744 3709 1062 3779 corporibus
1094 3709 1268 3780 possit
1307 3708 1511 3766 inferre
1561 3709 1735 3777 mala,

163 3809 351 3854 tamen
414 3818 433 3851 (
460 3800 718 3855 Dominus
776 3799 1009 3856 custodit
1035 3821 1054 3853 ι
1114 3810 1302 3857 contra
1367 3801 1739 3859 tribulationes

170 3912 189 3942 ε
222 3893 433 3948 animas
483 3898 792 3947 Sanctorum
841 3909 1061 3948 suorum
1091 3915 1110 3948 ι
1152 3910 1220 3949 ne
1256 3894 1670 3966 incorporentur
1705 3912 1737 3951 a

161 3982 402 4050 diabolo,
432 3991 488 4039 et
518 3980 731 4039 tandem
767 4003 786 4035 (
815 3982 1065 4041 liberabit
1101 3996 1194 4041 eos
1231 3984 1299 4041 de
1337 3998 1503 4041 manu
1541 3996 1736 4057 pecca-

160 4076 324 4141 toris,
343 4095 363 4128 ›
402 4074 455 4130 id
484 4084 587 4143 est,
619 4076 684 4132 de
711 4084 977 4146 potestate
1003 4077 1219 4132 diaboli.

237 4168 305 4223 Et
336 4168 543 4223 debetis
583 4167 802 4241 diligere
824 4168 1135 4236 Dominum,
1163 4170 1289 4240 quia
1326 4169 1383 4225 in
1412 4169 1529 4241 ipso
1552 4168 1736 4226 Domi-

164 4277 261 4329 no,
291 4261 346 4317 id
374 4270 479 4327 est,
506 4261 559 4316 in
591 4260 806 4317 Christo
840 4282 858 4314 ι
879 4261 1028 4331 justo
1065 4270 1149 4318 est
1192 4270 1310 4318 orta
1346 4261 1461 4333 lux,
1483 4276 1503 4315 ι
1534 4260 1589 4319 id
1633 4270 1734 4331 est,

142 4357 402 4428 cognitio
430 4356 733 4414 Divinitatis
760 4374 857 4429 per
883 4358 1040 4415 ﬁdem
1074 4377 1093 4411 (
1121 4367 1178 4415 et
1220 4354 1385 4415 rectis
1422 4358 1583 4416 corde
1620 4362 1740 4415 orta

162 4456 255 4504 est
282 4448 502 4504 laetitia)
533 4449 599 4505 de
625 4450 858 4521 puritate
884 4466 992 4506 suae
1018 4450 1381 4507 conscientiae.

239 4547 310 4601 Et
332 4546 463 4617 quia
497 4545 587 4601 lux
617 4557 734 4601 orta
763 4555 848 4602 est
877 4546 1043 4621 justo,
1077 4562 1206 4618 ergo
1234 4562 1348 4611 vos,
1374 4563 1392 4596 (
1414 4543 1569 4614 justi,
1592 4543 1740 4599 laeta-

167 4638 345 4692 minit
380 4653 487 4692 non
517 4638 571 4693 in
601 4637 918 4702 mundanis,
949 4637 1043 4692 sed
1074 4656 1091 4687 (
1123 4638 1176 4691 in
1210 4636 1460 4702 Domino,
1487 4641 1541 4691 et
1569 4634 1739 4692 conli-

172 4729 358 4784 temini
389 4730 662 4797 memoria:
699 4727 1140 4782 sanctiﬁcationis
1177 4724 1315 4797 ejus,
1340 4747 1357 4779 ι
1393 4726 1445 4783 id
1483 4734 1595 4793 est,
1626 4725 1741 4782 lau-

171 4823 299 4877 date
325 4837 470 4890 eum,
496 4822 621 4892 quia
648 4835 854 4876 memor
877 4812 980 4874 fuit
1008 4826 1070 4873 ut
1095 4834 1188 4873 vos
1215 4816 1596 4875 sanetiiicaret.

624 4950 691 5005 IN
728 4948 1060 5007 PSALMUM
1096 4948 1297 5006 XCVII.

561 5060 801 5121 Tlruws
831 5082 845 5119 :
884 5063 1129 5120 Psalmus
1166 5066 1356 5121 David.

258 5200 274 5234 ι
302 5178 527 5236 Cantate
559 5172 807 5238 Domino.
838 5200 858 5234 ι
891 5174 1136 5237 Psalmus
1166 5181 1267 5237 iste
1298 5183 1550 5239 convenit
1581 5180 1749 5241 David

179 5271 473 5343 prophetae,
510 5271 602 5342 qui
628 5270 718 5326 hic
748 5270 1000 5340 loquitur.
1025 5268 1300 5333 Materiam
1323 5271 1485 5329 habet
1514 5274 1749 5345 primum

181 5374 237 5423 et
272 5362 564 5420 secundum
602 5362 801 5417 Christi
847 5360 1153 5417 adventum.
1201 5361 1431 5419 Modus:
1473 5364 1525 5419 in
1576 5366 1747 5434 prima

181 5464 336 5525 parte
360 5466 542 5510 monet
572 5452 816 5509 homines
837 5464 1055 5509 cantare
1082 5450 1327 5521 Domino,
1359 5465 1603 5525 respectu
1633 5458 1748 5528 pri-

182 5547 255 5601 mi
296 5549 577 5616 adventus,
605 5557 662 5603 et
689 5547 937 5618 supponit
974 5562 1184 5603 causas.
1215 5546 1274 5613 In
1312 5549 1543 5605 secunda
1572 5559 1746 5621 parte,

184 5654 303 5709 quas
345 5640 575 5711 incipit:
619 5659 638 5691 (
664 5637 894 5696 Jubilate
935 5630 1067 5706 Deo,
1104 5632 1279 5703 omnis
1323 5651 1491 5709 terra,
1516 5663 1537 5696 ι
1568 5653 1750 5702 monet

188 5730 433 5788 homines
458 5729 688 5802 jubilare
716 5730 844 5798 Deo,
891 5743 945 5807 et
970 5732 1183 5787 actione
1210 5724 1263 5787 et
1302 5733 1752 5806 contemplatione

188 5835 369 5891 agere,
412 5831 659 5893 respectu
705 5823 921 5877 secundi
973 5822 1252 5877 adventus.
1298 5819 1533 5881 lntentid
1572 5835 1652 5882 est
1698 5828 1753 5881 in

191 5913 321 5985 ipsis
371 5914 823 5985 admonitionibus
870 5926 927 5971 ut
966 5916 1079 5991 Deo
1116 5925 1415 5974 cantemus.
1447 5928 1501 5975 et
1539 5919 1661 5975 licet
1689 5920 1754 5976 de

1844 706 1963 745 mus
1993 691 2095 746 iste
2120 691 2186 746 ab
2220 689 2326 745 alio
2357 709 2376 742 (
2404 690 2630 746 Cantate
2658 710 2676 745 ι
2710 691 2913 747 divisus
2940 698 3024 745 est
3053 710 3065 743 :

1848 856 1849 859 η
1909 781 2078 849 Quasi
2120 781 2192 837 ita
2233 782 2437 838 diceret
2462 782 2729 855 Propheta
2762 801 2775 836 :
2816 780 2991 837 Nolite
3018 781 3245 837 Domino
3287 793 3403 837 tan-

1844 880 1955 928 tum
1984 881 2205 928 cantare
2232 880 2452 943 propter
2476 873 2692 945 antiqua
2721 872 3002 941 beneﬁcia,
3038 873 3244 929 scilicet
3282 875 3404 943 quia

1843 978 1940 1018 vos
1968 964 2033 1018 de
2061 961 2296 1034 Egypto
2321 963 2524 1027 eduxit,
2552 970 2605 1017 et
2631 962 2735 1018 alia
2762 964 2915 1020 vobis
2940 963 3202 1020 mirabilia
3229 974 3407 1019 osten-

1843 1055 1952 1122 dit,
1980 1055 2073 1111 sed
2104 1076 2122 1108 (
2141 1063 2355 1112 cantate
2383 1056 2609 1111 Domino
2630 1057 2899 1111 canticum
2926 1071 3141 1123 novum,
3166 1072 3184 1108 ι
3220 1055 3272 1110 id
3299 1065 3405 1119 est,

1840 1144 2058 1202 laudate
2080 1163 2204 1203 eum
2225 1147 2290 1202 de
2312 1145 2648 1216 reparatione
2673 1145 2812 1201 facta
2836 1160 2935 1216 per
2955 1139 3167 1211 Filium,
3194 1156 3248 1201 et
3269 1145 3407 1203 bene

1843 1235 2070 1302 debetis,
2100 1255 2118 1286 (
2141 1237 2263 1306 quia
2287 1258 2305 1289 ι
2336 1237 2448 1305 ipse
2468 1234 2625 1291 «fecit
2645 1255 2662 1286 ι
2688 1235 2843 1290 nobis
2862 1234 3028 1290 multa
3052 1235 3403 1290 «mirabilia»

1910 1324 2055 1379 Inter
2090 1333 2282 1381 caetera
2320 1325 2585 1380 mirabilia
2624 1324 2753 1389 Dei,
2795 1339 2960 1379 unum
3005 1326 3155 1395 ponit
3197 1326 3408 1397 insigne

1840 1414 2025 1470 dicens
2061 1434 2081 1467 (
2109 1416 2339 1471 salvavit
2376 1416 2475 1471 sibi
2507 1416 2747 1481 dextera,
2777 1433 2796 1468 ι
2827 1417 2967 1470 sicut
2995 1415 3096 1469 alia
3128 1416 3409 1475 translatio

1840 1509 1973 1565 dicit
2009 1528 2027 1561 (
2053 1510 2280 1565 salvavit
2323 1522 2444 1566 eum
2473 1509 2693 1566 dextera
2726 1506 2861 1578 ejus,
2888 1512 2943 1564 et
2967 1509 3245 1564 brachium
3277 1524 3405 1564 san-

1841 1609 1987 1656 ctum
2028 1601 2162 1673 ejus.
2187 1622 2206 1655 ι
2254 1600 2358 1657 Per
2385 1602 2663 1657 dexteram
2691 1610 2746 1657 et
2784 1600 3063 1655 brachium
3094 1599 3209 1669 ejus
3241 1601 3408 1671 ipsam

1841 1692 2205 1759 divinitatem,
2239 1693 2441 1748 scilicet
2469 1691 2704 1748 Verbum
2742 1692 2867 1758 Dei,
2912 1691 3237 1761 accipimus,
3267 1692 3411 1761 quod

1838 1791 2062 1839 vocatur
2087 1784 2308 1839 dextera
2346 1785 2640 1851 secundum
2683 1783 3069 1854 Operationem,
3102 1781 3399 1849 brachium,

1836 1881 2056 1943 propter
2096 1872 2460 1929 fortitudinem
2484 1915 2498 1940 ,
2534 1873 2739 1929 scilicet
2783 1872 2910 1943 quia
2940 1872 2994 1926 in
3023 1872 3137 1942 ipsa
3164 1871 3411 1926 humani-

1760 1956 1809 2016 B
1838 1973 1947 2021 tate
1970 1965 2215 2021 Christus
2240 1980 2360 2036 quae
2385 1962 2514 2021 fecit
2533 2007 2549 2031 ,
2583 1978 2688 2019 non
2715 1963 2913 2029 aliena,
2947 1963 3041 2019 sed
3066 1963 3283 2033 propria
3309 1976 3407 2019 sua

1836 2054 2035 2110 virtute
2061 2053 2208 2109 fecit.
2233 2054 2468 2112 Verbum
2498 2062 2677 2110 autem
2708 2053 2837 2110 illud
2860 2052 3134 2109 Christum
3158 2053 3407 2121 salvavit,

1836 2148 1960 2219 quia
1989 2157 2043 2205 et
2071 2147 2364 2203 immunem
2392 2163 2423 2203 a
2460 2155 2683 2218 peccato
2707 2146 3028 2211 custodivit,
3058 2156 3113 2203 et
3135 2156 3409 2204 mortuum

1837 2254 1961 2295 eum
1986 2238 2096 2293 vita
2123 2247 2327 2294 :eterna
2357 2238 2653 2294 suscitavit.

1904 2328 1974 2386 Et
2006 2328 2181 2401 ipsum
2202 2328 2504 2396 brachium,
2535 2328 2741 2384 scilicet
2775 2348 2793 2379 (
2823 2328 3057 2384 salutare
3078 2336 3265 2394 suum,
3302 2347 3322 2380 ›
3358 2326 3409 2383 id

1836 2427 1939 2487 est,
1957 2418 2162 2487 Iesum,
2190 2437 2288 2492 per
2310 2436 2468 2490 quem
2497 2420 2722 2474 salvavit
2746 2434 2913 2490 genus
2936 2419 3252 2483 humanum,
3273 2436 3292 2470 (
3316 2433 3406 2474 no-

1838 2523 1950 2567 tum
1981 2510 2108 2568 fecit
2134 2510 2393 2567 Dominus
2417 2532 2435 2565 ι
2479 2511 2657 2578 Pater,
2686 2519 2745 2566 ut
2772 2513 2827 2566 in
2850 2510 3051 2568 Christi
3082 2511 3412 2566 humanitate

1836 2611 2187 2674 cognosceret
2214 2603 2571 2670 divinitatem,
2600 2613 2653 2660 et
2682 2603 2823 2660 idem
2850 2604 3084 2660 salutare
3115 2623 3133 2656 (
3158 2603 3414 2660 revelavit

1780 2704 1785 2709 ‘
1828 2690 2095 2761 justitiam
2125 2710 2307 2760 suam,
2333 2715 2351 2748 ι
2384 2694 2438 2749 id
2464 2706 2576 2761 est,
2611 2711 2717 2750 non
2746 2710 2843 2765 per
2866 2694 3087 2766 ﬁguras,
3118 2696 3211 2750 sed
3240 2693 3413 2750 mani-

1836 2783 1973 2840 feste
1999 2786 2402 2851 demonstravit,
2432 2794 2487 2841 et
2508 2786 2613 2842 hoc
2640 2805 2658 2837 (
2687 2786 2740 2841 ἰη
2772 2795 3064 2856 conspectu
3092 2786 3351 2858 gentium,
3386 2806 3404 2839 ι

1836 2876 2046 2933 scilicet
2070 2886 2129 2931 ut
2154 2892 2276 2932 eum
2302 2887 2488 2950 gentes
2516 2893 2615 2947 per
2642 2878 2801 2933 tidem
2828 2886 3235 2948 cognoscerent.
3265 2878 3410 2934 Idem

1837 2970 1929 3040 qui
1957 2980 2181 3025 vocatur
2211 2970 2446 3025 salutare
2487 2972 2615 3042 quia
2660 2970 2833 3026 salvat
2876 2988 3045 3043 genus
3088 2973 3409 3039 humanum,

1836 3069 2060 3117 vocatur
2081 3059 2312 3133 justitia,
2339 3062 2464 3134 quia
2492 3061 2738 3117 homines
2770 3061 3035 3132 justiﬁcat

1908 3152 1976 3208 Et
2009 3168 2104 3223 per
2133 3154 2235 3209 hoc
2264 3152 2405 3224 quod
2435 3162 2619 3209 notum
2648 3151 2777 3209 fecit
2808 3153 3063 3219 salutare,
3103 3150 3190 3209 ille
3215 3152 3308 3223 qui
3332 3152 3412 3208 vi-

1839 3247 2065 3302 debatur
2098 3246 2313 3311 oblitus,
2346 3245 2638 3303 diiierendo
2668 3245 3115 3311 misericordiam,
3162 3245 3413 3301 recorda-

1760 3313 1809 3378 ο
1842 3346 1929 3392 tus
1953 3344 2036 3391 est
2063 3336 2448 3392 misericordiae
2477 3352 2588 3392 suae
2611 3345 2667 3392 et
2689 3337 2933 3392 veritatis
2960 3353 3088 3401 suae,
3119 3356 3137 3388 ι
3171 3344 3226 3391 et
3255 3337 3356 3392 hoc
3383 3355 3404 3388 ι

1845 3445 1863 3478 (
1892 3425 2073 3481 domui
2100 3424 2283 3491 Israel,
2309 3447 2326 3479 ι
2362 3425 2416 3481 id
2451 3434 2565 3494 est‘,
2606 3426 2674 3482 ad
2717 3437 2852 3497 opus
2894 3426 3218 3481 Iudaeorum.
3265 3425 3409 3482 Idem

1836 3517 2159 3574 beneﬁcium
2188 3517 2315 3584 Dei,
2342 3520 2483 3589 quod
2511 3526 2667 3574 vocat
2701 3518 3159 3584 misericordiam,
3188 3518 3312 3589 quia
3340 3531 3405 3572 ex

1838 3607 1951 3662 sola
1975 3605 2068 3661 Dei
2093 3606 2420 3678 benignitate
2442 3617 2524 3661 est
2544 3607 2750 3671 datum,
2773 3614 2932 3662 vocat
2954 3608 3258 3671 veritatem,
3281 3608 3405 3676 quia

1839 3699 1894 3755 in
1926 3699 2041 3768 ipso
2066 3698 2344 3768 completa:
2370 3702 2495 3753 sunt
2526 3698 2911 3769 promissiones
2935 3698 3051 3753 Dei.

1910 3789 1976 3844 Et
2015 3805 2122 3845 non
2160 3798 2365 3844 tantum
2403 3788 2581 3844 domui
2612 3787 2812 3854 Israel,
2845 3788 2940 3844 sed
2970 3788 3132 3843 etiam
3157 3789 3407 3845 omnibus

1840 3880 2119 3952 gentibus;
2149 3879 2447 3945 undedicit,
2484 3899 2502 3931 (
2534 3879 2746 3934 termini
2776 3889 2955 3945 terrae,
2985 3899 3005 3932 ι
3036 3878 3090 3934 id
3105 3887 3205 3945 est,
3232 3881 3407 3935 homi-

1839 3988 1938 4028 nes
1987 3971 2148 4043 positi
2189 3971 2242 4027 in
2270 3970 2644 4028 remotissimis
2666 3969 2863 4026 ﬁnibus
2889 3977 3070 4036 terrae,
3092 3980 3146 4025 et
3174 3971 3277 4027 hoc
3300 3987 3407 4028 non

1839 4064 1896 4119 in
1915 4063 2035 4119 loco
2053 4079 2177 4129 uno,
2193 4063 2287 4118 sed
2307 4078 2521 4119 «omnes
2544 4062 2806 4126 viderunt,
2819 4080 2838 4113 ι
2858 4062 2911 4117 id
2929 4070 3032 4127 est,
3046 4069 3412 4133 cognoverunt

1846 4172 1865 4204 (
1890 4152 2125 4208 salutare
2164 4151 2280 4219 Dei,
2304 4172 2323 4205 ι
2358 4151 2484 4207 facti
2516 4170 2535 4203 (
2564 4149 2736 4207 nostri
2761 4171 2781 4204 ι
2814 4165 2911 4221 per
2936 4159 3268 4222 assumptum
3302 4150 3407 4207 hn-

1840 4246 2173 4302 manitatem.

1919 4354 1937 4387 (
1967 4333 2215 4391 Jubilate.
2242 4354 2261 4387 ι
2292 4335 2425 4390 Pars
2451 4335 2702 4391 secunda.
2735 4332 2803 4388 Et
2825 4333 3078 4403 quoniam
3099 4332 3414 4388 recordatus

1843 4434 1927 4482 est
1951 4424 2332 4480 misericordiae
2357 4432 2412 4480 et
2436 4424 2540 4478 alia
2566 4423 2711 4488 fecit,
2740 4436 2867 4493 ergo
2895 4439 2916 4472 (
2946 4421 3123 4476 omnis
3145 4429 3290 4476 terra
3319 4420 3412 4491 ju-

1842 4515 2006 4571 bilate
2036 4535 2055 4567 »
2088 4514 2214 4570 huic
2244 4533 2263 4566 (
2293 4514 2540 4579 Domino,
2575 4532 2593 4564 ι
2623 4511 2677 4568 id
2703 4519 2814 4578 est,
2862 4509 3184 4567 ineil‘abilem
3215 4511 3412 4579 jucun-

1843 4607 2065 4664 ditatem
2088 4608 2155 4663 de
2174 4606 2290 4677 ipso
2314 4615 2490 4662 mente
2513 4604 2808 4676 concipite;
2845 4624 2863 4651 ι
2889 4612 3104 4659 cantate
3125 4622 3144 4656 ι
3174 4604 3224 4659 ei
3244 4602 3412 4657 etiam

1844 4705 2023 4753 mente
2048 4706 2103 4752 et
2127 4713 2277 4762 voce,
2301 4704 2357 4752 et
2387 4696 2669 4762 exsultate,
2693 4713 2713 4747 ι
2736 4695 2790 4751 id
2815 4703 2918 4763 est,
2936 4695 3189 4767 gaudium
3214 4693 3414 4752 mentis

1846 4791 1900 4845 in
1927 4791 2043 4861 ipso
2062 4804 2288 4861 corpore
2330 4789 2627 4855 ostendite;
2663 4807 2681 4840 ι
2711 4796 2766 4844 et
2783 4787 3018 4860 psallite,
3047 4808 3067 4841 ι
3093 4788 3147 4843 id
3167 4796 3250 4845 est
3276 4789 3416 4846 bene
3494 4828 3499 4837 .

1845 4881 2141 4952 operamini
2172 4881 2486 4953 operatione
2510 4878 2758 4951 spiritali.

1923 5009 1941 5041 (
1969 4989 2187 5045 Psallite
2215 5009 2234 5042 ι
2269 4989 2389 5045 dico
2420 5008 2438 5041 (
2471 4988 2527 5043 in
2553 4989 2781 5057 cithara,
2813 5008 2832 5043 ι
2862 4989 2920 5046 id
2945 4998 3033 5045 est
3052 5028 3067 5056 ,
3099 4995 3161 5044 ut
3194 5002 3226 5042 (ι
3252 4987 3416 5057 spiri-

1851 5080 1944 5137 tali
1996 5082 2304 5151 operatione
2349 5080 2416 5135 ad
2463 5080 2692 5137 activam
2748 5080 3082 5138 descendatis
3106 5118 3121 5145 ,
3161 5077 3323 5133 veluti
3370 5077 3418 5134 si

1850 5177 2153 5247 proximum
2182 5175 2271 5248 pio
2292 5190 2356 5231 ac
2377 5174 2517 5232 ﬁdeli
2539 5191 2723 5233 amore
2743 5174 2999 5246 diligatis,
3030 5172 3194 5227 etiam
3222 5172 3289 5227 de
3322 5185 3414 5226 re-

1850 5270 1951 5326 bus
1995 5268 2224 5340 propriis
2269 5269 2536 5336 serviatis,
2570 5269 2731 5325 etiam
2761 5272 3043 5323 cantantes
3072 5282 3092 5315 (
3122 5264 3176 5318 in
3205 5262 3415 5318 cithara

1851 5367 1905 5416 et
1927 5374 2057 5415 voce
2088 5359 2299 5430 psalmi,
2334 5374 2352 5411 ι
2380 5360 2435 5415 id
2464 5367 2577 5426 est,
2605 5366 2665 5414 ut
2692 5356 2760 5413 ab
2786 5355 2980 5412 actuali
3007 5354 3322 5426 operatione
3347 5352 3415 5407 ad

1852 5451 2146 5524 spiritalem
2172 5460 2227 5505 et
2265 5450 2735 5521 contemplativam
2779 5446 3104 5502 ascendatis.
3130 5443 3288 5500 Sicut
3320 5458 3418 5514 per

1851 5544 2112 5601 citharam
2136 5543 2364 5598 activam
2381 5543 2771 5613 operationem,
2796 5539 2871 5594 ita
2900 5553 2998 5610 per
3020 5536 3334 5608 psalterium
3362 5544 3421 5590 et

1854 5652 2035 5692 vocem
2063 5634 2254 5705 psalmi
2282 5633 2577 5706 spiritalem
2609 5632 2917 5702 accipimus.
2941 5626 3231 5685 Cantantes
3248 5629 3415 5682 etiam

1858 5749 1875 5782 (
1907 5729 1960 5784 in
1986 5728 2125 5784 tubis
2149 5727 2463 5783 ductilibus:
2495 5746 2506 5780 :
2536 5742 2631 5796 per
2644 5727 2797 5781 tubas
2821 5724 3011 5794 quibus
3034 5722 3197 5779 ﬁebat
3220 5722 3416 5777 exhor-

1855 5824 1986 5879 tatio
2024 5822 2090 5877 ad
2129 5821 2350 5886 bellum,
2372 5818 2455 5876 vel
2486 5820 2707 5875 monitio
2739 5819 2803 5872 ad
2847 5817 3103 5872 solemnia
3124 5858 3138 5882 ,
3169 5815 3420 5884 intelligi-

1858 5931 1977 5973 mus
2019 5912 2447 5971 exhortationem
2492 5910 2923 5983 praedicationis;
2972 5908 3198 5967 ductiles
3240 5918 3416 5974 erant,
