3940 6528
507 512 611 566 527

966 509 1322 569 HAYMONIS
1361 511 1841 570 HALBERSTAT.
1873 513 2098 600 .EPISC.
2135 514 2285 570 OPP.
2326 515 2505 570 PARS
2542 515 2584 570 Ι.
2624 544 2694 556 --
2726 514 3081 574 COMMENT.
3121 519 3292 576 BIBL.

3673 524 3779 579 528

500 627 624 697 quia
654 641 720 683 de
749 643 887 701 puro
912 638 1131 698 argento
1156 638 1330 695 erant,
1362 630 1506 698 quod
1528 645 1635 686 non
1663 630 1916 699 crepabat
1945 631 2070 684 dum
2095 632 2151 694 Α
2175 629 2343 684 tendit
2372 644 2470 685 nos
2495 644 2525 683 a
2551 628 2779 699 perﬁdia
2825 645 3085 686 revocare
3119 639 3175 686 et
3225 632 3292 687 ad
3333 629 3621 687 Christum
3651 633 3778 689 ado-

499 719 692 778 malleo
729 722 1032 786 cuderetur,
1079 722 1171 776 sed
1214 723 1352 776 bene
1390 721 1706 786 ducebatur,
1755 731 1811 776 et
1845 721 2072 776 dilatan-

498 813 626 869 dum
651 821 754 870 est.
781 814 858 868 Ac
883 815 927 869 si
949 813 1183 867 breviter
1203 813 1410 868 diceret
1434 832 1446 866 :
1473 813 1767 868 Praedicate
1795 821 1848 867 et
1870 813 2069 867 exhor-

498 903 687 959 tamini
715 902 849 960 alios
878 903 944 958 ad
970 903 1190 968 bellum,
1219 911 1274 958 et
1313 911 1372 958 ut
1410 910 1574 974 agant
1601 902 1883 969 solemnia,
1913 923 1931 953 ‹
1961 910 2015 958 ει
2045 921 2066 954 ι

493 995 927 1066 praedicationem
951 1004 1185 1051 vestram
1235 996 1454 1051 dilatate
1492 1003 1774 1051 cantantes
1805 997 1968 1050 etiam
2015 995 2070 1050 in

497 1104 514 1134 ‹
549 1101 677 1140 voce
704 1086 843 1142 tubae
869 1100 1098 1151 corneis,
1133 1105 1150 1137 ι
1182 1086 1234 1140 id
1265 1095 1348 1141 est
1393 1095 1454 1141 ut
1492 1101 1661 1141 cornu
1687 1085 2070 1156 comparabiles

491 1176 610 1232 sitis
633 1178 789 1244 duri,
818 1193 917 1234 nec
942 1189 1165 1250 propter
1190 1179 1426 1248 aliquam
1453 1178 1851 1233 tribulationem
1877 1194 1906 1231 a
1937 1192 2070 1248 prae-

490 1267 757 1324 dicatione
777 1270 1024 1324 veritatis
1045 1277 1341 1324 cessantes.
1363 1267 1542 1323 Cornu
1573 1268 1790 1338 quidem
1815 1282 1881 1322 ex
1907 1282 2070 1324 carne

487 1361 759 1416 excrescit
788 1361 842 1414 in
868 1361 1156 1430 quamdam
1202 1361 1490 1426 duritiem,
1536 1362 1623 1416 cui
1665 1361 1804 1416 bene
1846 1375 2065 1429 compa-

485 1461 675 1504 rantur
703 1449 774 1503 illi
812 1451 926 1519 qui,
972 1449 1098 1505 licet
1122 1451 1178 1504 in
1223 1465 1384 1505 carne
1424 1449 1600 1522 fragili
1641 1450 1845 1515 vivant,
1886 1461 2064 1504 tamen

487 1539 606 1593 duri
652 1555 715 1594 ac
754 1540 1022 1608 patientes
1068 1539 1203 1594 ﬁunt
1251 1540 1514 1596 laborum.
1541 1540 1694 1597 Unde
1731 1541 2060 1611 Apostolus:

490 1649 507 1680 ι
530 1629 590 1684 1η
606 1645 789 1696 carne,
812 1631 1145 1687 ambulantes
1163 1647 1270 1687 non
1289 1631 1602 1698 secundum,
1628 1647 1846 1689 carnem
1860 1632 2061 1686 milita-

486 1734 626 1775 mus.
661 1741 679 1770 ι

551 1811 697 1865 Dixit
728 1831 746 1863 ι
775 1810 1019 1881 jubilate,
1046 1833 1062 1862 ι
1097 1812 1258 1869 modo
1286 1814 1419 1871 dicit
1441 1829 1612 1886 quare
1638 1814 1943 1869 iaciendum
1968 1814 2058 1882 sit,

479 1902 687 1957 scilicet
714 1904 839 1972 quia
868 1905 1200 1974 conspicitis,
1232 1907 1386 1976 quasi
1418 1905 1529 1975 jam
1560 1915 1876 1976 praesentem
1909 1905 2060 1960 vide-

2178 718 2408 772 randum
2433 718 2728 773 concitare.

2241 807 2407 875 Quasi
2436 809 2639 864 diceret
2677 826 2690 863 :
2742 828 2761 862 ι
2799 808 2974 866 Nolite
3009 831 3027 862 ι
3073 810 3346 866 Christum
3387 821 3769 882 contemnere,

2173 899 2298 969 quia
2322 901 2439 969 ipse
2469 918 2489 952 ‹
2532 900 2793 956 Dominus
2818 903 3096 973 regnavit,
3139 922 3158 954 ι
3199 903 3251 958 id
3274 910 3377 968 est,
3404 905 3630 960 devicto
3653 907 3769 960 dia-

2175 988 2329 1056 bolo,
2361 1004 2587 1061 regnum
2617 990 2718 1046 sibi
2764 990 2818 1046 in
2847 989 3046 1047 Iudaeis
3074 1001 3132 1047 et
3167 992 3415 1063 gentibus
3460 994 3713 1050 obtinuit
3755 1015 3766 1049 :

2171 1083 2332 1136 modo
2361 1082 2610 1138 deridens
2639 1083 2887 1139 inimicos
2919 1083 3140 1149 Christi,
3166 1086 3259 1156 qui
3299 1086 3601 1156 aliquando
3631 1087 3767 1144 sole-

2169 1168 2300 1228 bant
2328 1173 2490 1230 irasci
2514 1175 2594 1239 ei,
2632 1191 2651 1226 ι
2689 1174 2994 1231 irascantur
3019 1176 3201 1248 populi
3233 1195 3253 1228 ›
3285 1179 3438 1248 quasi
3481 1179 3688 1235 stultos
3712 1196 3763 1236 se

2169 1271 2729 1334 possunt.reputare,
2776 1265 2870 1336 qui
2922 1266 3214 1336 aliquando
3261 1267 3650 1324 irascebantur
3693 1272 3759 1334 ei,

2174 1373 2192 1404 ι
2225 1353 2482 1408 Dominus
2510 1371 2528 1404 α
2551 1354 2670 1410 dico
2694 1373 2713 1406 ι
2743 1355 3006 1425 regnavit,
3056 1355 3148 1426 qui
3184 1373 3204 1408 ι
3239 1355 3502 1412 Dominus
3539 1377 3559 1408 ‹
3605 1359 3758 1414 sedes

2167 1459 2332 1514 super
2362 1444 2623 1499 cherubin
2661 1463 2679 1496 ι
2716 1443 2769 1497 id
2791 1453 2903 1511 est,
2935 1445 3168 1514 quiescis
3194 1460 3356 1518 super
3396 1449 3629 1504 ordines
3661 1466 3752 1504 an-

2167 1535 2427 1607 gelorum,
2455 1542 2515 1589 ut
2537 1535 2796 1590 Dominus
2820 1551 3027 1591 eorum.
3071 1537 3202 1593 Item
3223 1539 3475 1595 deridens
3507 1541 3752 1598 inimicos

2166 1623 2304 1693 ejus,
2347 1625 2482 1681 dicit
2531 1639 2546 1679 :
2595 1645 2612 1677 ι
2673 1625 2948 1682 Moveatur
2987 1633 3151 1694 terra,
3193 1649 3213 1681 ι
3248 1631 3405 1699 quasi
3443 1633 3752 1689 stultissimi

2165 1716 2272 1771 sint
2288 1757 2304 1783 ,
2335 1717 2426 1786 qui
2449 1705 2736 1787 aliquando
2764 1717 2896 1772 moti
2917 1727 3044 1777 sunt
3069 1725 3260 1775 contra
3305 1733 3427 1776 eum
3447 1735 3650 1778 omnes
3669 1738 3746 1777 or-

2165 1806 2318 1862 dines
2337 1807 2667 1878 angelorum.
2861 1813 2866 1816 ’

2235 1898 2365 1954 Dico
2413 1917 2431 1950 ι
2464 1898 2724 1954 Dominus
2769 1899 3034 1970 regnavit,
3065 1919 3084 1952 ι
3119 1903 3211 1972 qui
3243 1921 3262 1953 ‹
3311 1902 3581 1960 Dominus
3611 1923 3632 1956 ι
3660 1905 3739 1959 ha-

477 1992 566 2057 tis,
605 1993 781 2062 ipsum
807 1995 1006 2065 Regem
1036 1996 1088 2048 in
1111 1994 1372 2063 judicium
1396 1993 1720 2061 venientem,
1754 1996 1857 2049 hoc
1885 1995 2051 2048 dicit:
2084 1991 2132 2058 Β
2158 1990 2349 2046 bitavit
2383 2010 2402 2042 ›
2437 1991 2493 2045 in
2538 1990 2667 2046 Sion
2697 1993 3068 2061 corporaliter,
3113 1993 3206 2063 qui
3249 1995 3516 2051 Dominus
3558 2017 3576 2048 ι
3634 2014 3736 2051 ma-

480 2103 499 2136 i
528 2083 761 2140 Jubilate
792 2087 849 2139 in
883 2095 1172 2156 conspectu
1211 2087 1353 2158 regis
1378 2087 1615 2152 Domini,
1651 2106 1669 2137 ι
1699 2071 1754 2141 et
1777 2085 1902 2156 quia
1942 2083 2056 2153 jam

473 2177 631 2247 quasi
677 2177 899 2232 veniens
948 2178 1306 2247 conspicitur,
1354 2178 1473 2232 ideo
1526 2196 1543 2227 ι
1579 2191 1758 2242 mare,
1802 2195 1820 2228 ι
1868 2176 1921 2230 id
1975 2184 2058 2231 est

471 2284 661 2325 omnes
705 2269 1093 2335 amaricantes,
1143 2290 1161 2320 ‹
1193 2278 1476 2325 moveatur
1507 2289 1526 2321 ι
1566 2269 2050 2340 εάρωηίιεηιίθιη,

477 2378 495 2410 ‹
527 2367 582 2414 ει
647 2358 922 2429 plenitudo
971 2360 1118 2431 ejus,
1164 2380 1182 2412 ι
1233 2361 1285 2415 id
1333 2369 1419 2415 est
1473 2358 1751 2430 plenitudo
1799 2359 2053 2413 vitiorum

469 2450 542 2505 sit
589 2449 666 2504 eis
722 2464 887 2505 causa
937 2465 1104 2518 quare
1168 2449 1347 2520 potius
1423 2457 1765 2504 moveantur.
1832 2447 2047 2502 Μενεδ-

467 2546 557 2594 tur
619 2547 674 2594 et
723 2541 1108 2596 eontremiscat
1141 2560 1158 2590 ι
1213 2539 1362 2594 orbis
1414 2546 1727 2593 terrarum:
1790 2556 1808 2588 ι
1851 2538 1919 2592 ad
1964 2537 2051 2591 lit-

465 2638 678 2697 teram,
728 2632 819 2703 qui
864 2632 1026 2686 etiam
1078 2631 1133 2686 in
1183 2632 1412 2686 adventu
1463 2630 1631 2700 ipsius
1677 2629 1877 2700 judicis
1925 2645 2047 2685 cre-

465 2725 742 2790 mabitur,
799 2743 818 2778 ‹
850 2731 905 2779 ει
956 2737 1143 2780 omnes
1204 2722 1297 2792 qui
1349 2719 1595 2775 habitant
1653 2720 1710 2774 in
1761 2735 1826 2776 eo
1856 2739 1875 2771 ι
1926 2736 2045 2776 mo-

467 2822 737 2880 veanlur;
768 2815 873 2871 hoc
896 2822 980 2870 est
1007 2814 1149 2884 quod
1196 2815 1409 2870 dixerat
1439 2833 1458 2866 ‹
1490 2828 1642 2869 mare
1675 2821 1730 2868 et
1770 2811 2046 2884 plenitudo

463 2905 599 2974 ejus.
633 2926 652 2958 ι

537 2999 711 3054 Βίου(
743 3013 895 3054 mare
933 3007 1234 3065 moveatur,
1278 2996 1498 3052 ﬁumina
1547 3015 1568 3048 ›
1614 3005 1818 3062 autem,
1862 2997 1915 3051 id
1962 3005 2044 3051 est

466 3088 738 3158 sapientes
767 3087 893 3154 viri,
929 3089 1020 3158 qui
1067 3089 1200 3143 alios
1236 3095 1426 3160 potant
1469 3087 1733 3156 spirituali
1771 3087 2036 3154 doctrina,

469 3200 488 3230 ‹
519 3180 776 3249 plaudent
822 3195 1002 3244 manu,
1038 3201 1056 3232 ι
1089 3180 1143 3235 id
1169 3189 1282 3245 est,
1331 3195 1454 3234 cum
1493 3178 1852 3234 exsultatione
1901 3180 2040 3235 bene

462 3270 829 3338 operabuntur
862 3289 880 3321 ‹
912 3269 1091 3335 simul,
1137 3289 1155 3321 ι
1191 3271 1246 3324 id
1292 3278 1379 3325 est
1436 3270 1714 3325 tendentes
1758 3271 1814 3325 in
1849 3286 2034 3338 unum,

461 3362 667 3418 scilicet
718 3363 785 3418 ad
837 3363 1008 3434 ipsum
1062 3362 1268 3428 Deum;
1315 3369 1557 3417 tenentes
1611 3375 1777 3414 unam
1833 3361 2031 3427 ﬁdem,

466 3473 485 3505 ς
521 3462 732 3510 montes
761 3473 779 3504 ι
813 3454 984 3508 sancti
1034 3454 1088 3507 in
1115 3452 1405 3508 virtutibus
1449 3451 1769 3516 eminentes,
1798 3458 1853 3506 et
1896 3453 2034 3506 bene

460 3545 681 3601 stabiles
715 3566 734 3596 ‹
766 3545 1113 3600 exsultabunt
1141 3561 1169 3599 a
1203 3553 1497 3615 conspectu
1521 3543 1755 3610 Domini,
1792 3562 1810 3595 ι
1862 3543 1917 3598 id
1952 3555 2034 3600 est

460 3636 585 3705 quia
613 3635 955 3706 conspiciunt
1002 3636 1287 3690 Dominum
1325 3647 1786 3693 remuneratorem
1830 3653 1983 3694 suum
2014 3657 2026 3692 :

454 3725 593 3784 bene
638 3727 778 3793 dico,
831 3747 850 3780 ι
901 3721 955 3781 a
981 3736 1272 3798 conspectu
1320 3729 1530 3783 Domini
1575 3730 1831 3798 quoniam
1865 3749 1882 3782 ι
1919 3731 2031 3799 ipse

457 3817 717 3873 Dominus
731 3818 844 3888 jam
873 3837 893 3868 ι
925 3819 1330 3886 venitjudicare
1350 3827 1572 3885 terram,
1598 3838 1616 3872 ι
1639 3820 1694 3874 id
1709 3829 1811 3887 est,
1840 3835 2030 3876 omnes

455 3909 522 3964 de
547 3925 864 3981 quacunque
891 3918 1042 3980 parte
1067 3918 1244 3976 terrae,
1259 3911 1412 3979 quasi
1434 3912 1488 3966 in
1512 3913 1763 3980 praesenti
1785 3923 1868 3967 est
1888 3913 2031 3984 quod

449 4000 735 4072 judicabit.

528 4093 596 4146 Et
635 4092 750 4161 ipse
783 4111 801 4141 ι
825 4090 1090 4162 judicabit
1133 4089 1317 4147 orbem
1345 4099 1526 4159 terrae,
1571 4111 1590 4145 ι
1619 4094 1675 4150 id
1715 4103 1796 4150 est
1839 4111 2026 4154 omnes

453 4183 660 4247 malos,
712 4182 778 4238 de
824 4182 972 4236 omni
1023 4182 1251 4238 circuitu
1299 4190 1460 4238 terrae
1504 4193 1879 4255 congregatos,
1909 4205 1929 4238 ‹
1973 4188 2029 4242 in

447 4275 659 4345 justitia
689 4293 708 4326 ι
756 4273 1047 4345 unicuique
1093 4274 1322 4329 reddens
1355 4289 1454 4344 pro
1497 4276 1734 4342 meritis,
1783 4297 1800 4328 α
1826 4286 1882 4332 ει
1930 4293 2028 4349 po-

452 4369 610 4439 pulos
638 4387 657 4420 »
702 4369 768 4423 ad
813 4369 950 4423 bene
994 4368 1284 4423 vivendum
1325 4367 1583 4425 collectos
1609 4411 1623 4435 ,
1675 4369 1884 4426 scilicet
1929 4372 2027 4427 bo-

448 4476 550 4516 nos
599 4459 862 4530 iudicabit
892 4477 910 4510 ‹
944 4459 1000 4515 in
1034 4459 1306 4529 aequitate,
1339 4478 1358 4512 ι
1393 4461 1524 4516 item
1556 4460 1662 4516 illis
1692 4463 1897 4519 faciens
1924 4479 2024 4534 pro

450 4554 678 4610 meritis.

888 4641 957 4699 IN
990 4643 1319 4700 PSALMUM
1344 4643 1568 4700 XCVIII.

784 4783 802 4800 .
838 4737 1075 4794 Tr'ruws
1104 4736 1389 4792 :Psalmus
1423 4738 1616 4793 David.

525 4869 544 4903 ι
579 4846 835 4905 Dominus
861 4848 1128 4919 regnavit,
1167 4847 1468 4904 irascantur
1489 4849 1687 4918 populi.
1729 4870 1747 4901 ι
1773 4849 2019 4909 Psalmus

447 4948 549 5002 iste
577 4943 827 5000 convenit
854 4940 1022 4996 David
1045 4941 1339 5010 prophetae,
1369 4943 1461 5012 qui
1496 4941 1584 4996 hic
1624 4942 1878 5012 loquitur.
1907 4945 2019 5000 Ma-

446 5038 580 5093 teria
625 5044 710 5092 est
752 5033 1022 5099 Christus,
1069 5041 1260 5102 potens
1285 5032 1422 5089 Rex.
1452 5033 1640 5090 Modus
1685 5052 1696 5087 :
1738 5035 1790 5090 in
1841 5036 2015 5105 prima

443 5138 620 5200 parte,
636 5127 871 5184 ostendit
893 5142 1016 5183 eum
1031 5127 1254 5197 Regem,
1278 5135 1334 5181 et
1353 5126 1684 5183 demonstrat
1705 5143 1826 5184 eum
1843 5129 2016 5184 modis

440 5222 686 5295 pluribus
713 5221 1056 5278 veneratione
1096 5219 1334 5290 dignum,
1371 5229 1426 5276 et
1450 5221 1700 5277 admonet
1753 5221 2012 5288 infideles,

441 5323 496 5369 et
515 5314 750 5369 maxime
776 5311 1005 5377 Iudaeos,
1039 5319 1099 5366 ut
1122 5326 1244 5366 eum
1267 5323 1606 5368 venerentur.
1644 5333 1662 5366 ›
1691 5313 1748 5367 In
1776 5315 2011 5370 secunda

440 5417 617 5477 parte,
639 5422 757 5478 qua:
778 5405 964 5475 incipit
991 5423 1002 5458 :
1036 5423 1055 5457 ‹
1085 5402 1165 5459 Tu
1184 5406 1388 5476 parasti
1413 5406 1755 5470 directiones,
1791 5426 1810 5458 ›
1834 5417 2014 5464 οειεη-

441 5501 522 5557 dit
545 5517 664 5572 qua:
685 5515 912 5557 munera
931 5497 1175 5554 conferat
1207 5497 1341 5563 suis,
1385 5507 1439 5552 et
1475 5497 1724 5568 supponit
1771 5498 2013 5555 admoni-

439 5593 663 5661 tionem,
699 5601 758 5648 ut
804 5593 948 5648 hunc
985 5590 1287 5646 adoremus.
1342 5587 1401 5642 ln
1449 5589 1609 5643 tertia
1657 5597 1830 5659 parte,
1887 5605 2009 5661 qua:

441 5684 631 5753 incipit
660 5702 672 5738 :
707 5703 725 5735 ε
766 5683 972 5754 Moyses
1001 5691 1056 5737 et
1077 5681 1280 5747 Aaron,
1318 5699 1335 5732 ι
1369 5678 1604 5736 ostendit
1623 5682 1765 5749 quod
1798 5680 2008 5750 priores

440 5783 625 5843 patres
652 5776 776 5830 huic
796 5775 926 5846 Regi
949 5774 1274 5837 servierunt,
1306 5782 1360 5828 et
1381 5770 1576 5827 multas
1602 5771 1863 5828 utilitates
1885 5773 2006 5830 inde

439 5865 775 5931 habuerunt,
822 5876 877 5921 et
922 5867 1111 5922 deinde
1157 5865 1408 5936 supponit
1452 5863 1902 5932 admonitidnem,
1949 5876 2009 5922 ut

442 5958 586 6014 hunc
613 5963 896 6016 adoremus
917 5998 932 6023 ,
963 5975 1068 6014 non
1097 5975 1292 6016 novum
1333 5974 1512 6029 regem
1559 5958 1870 6018 sentiamus.
1922 5958 2006 6016 In-

2163 2096 2300 2152 gnus
2340 2099 2358 2132 ›
2389 2079 2490 2136 fuit
2514 2069 2570 2138 et
2594 2081 2746 2136 mirae
2771 2083 3027 2152 potentiae
3061 2103 3072 2138 :
3108 2099 3207 2154 per
3233 2085 3338 2142 hoc
3363 2086 3530 2156 plane
3575 2088 3734 2144 deter-

2160 2173 2387 2229 minavit
2435 2189 2493 2229 se
2540 2173 2608 2229 de
2660 2173 2876 2230 Christo
2913 2175 3114 2245 dicere,
3162 2179 3290 2248 quia
3337 2179 3455 2250 ipse
3505 2182 3564 2236 in
3622 2182 3731 2237 Sion

2159 2265 2422 2321 habitavit
2451 2267 2736 2336 praesentia
2761 2270 3024 2339 corporis,
3059 2290 3078 2322 ‹
3113 2280 3168 2326 ει
3201 2291 3221 2323 ι
3258 2273 3358 2327 iste
3383 2273 3730 2331 Dominusest

2163 2373 2181 2405 ‹
2219 2355 2462 2412 excelsus
2487 2371 2649 2427 super
2677 2370 2864 2414 omnes
2905 2358 3150 2430 populos,
3185 2380 3206 2413 ι
3233 2361 3362 2432 quia
3385 2362 3575 2418 nullus
3611 2365 3727 2418 altas

2155 2461 2258 2501 ms:
2281 2462 2377 2516 per
2393 2463 2536 2502 eum.

2223 2558 2290 2612 Et
2313 2559 2569 2630 quoniam
2602 2560 2718 2630 ipse
2743 2561 2868 2618 talis
2913 2569 3018 2630 est,
3060 2581 3079 2614 i
3131 2563 3501 2620 conﬁteantur
3550 2587 3570 2620 ι
3621 2582 3723 2638 ergo

2151 2661 2339 2704 omnes
2377 2658 2564 2719 gentes
2595 2669 2615 2703 ε
2647 2652 2854 2707 nomini
2885 2660 2998 2718 tuo,
3039 2671 3057 2703 ι
3095 2652 3150 2708 id
3183 2663 3270 2709 est
3309 2653 3539 2711 laudent
3586 2665 3636 2711 et
3661 2659 3724 2709 di-

2150 2737 2319 2793 latent
2359 2755 2555 2795 nomen
2607 2749 2758 2797 tuum
2799 2750 2854 2797 et
2902 2742 3102 2798 famam
3150 2753 3320 2813 tuam,
3355 2749 3574 2804 nomini
3620 2749 3719 2803 dico

2154 2848 2174 2879 ‹
2210 2819 2426 2902 magno,
2465 2850 2483 2883 ι
2517 2832 2890 2905 scilicetquod
2913 2836 3280 2905 ampliandum
3323 2847 3381 2892 et
3408 2839 3717 2896 laudandum

2147 2929 2248 2989 est,
2296 2942 2314 2975 ι
2363 2925 2617 2994 quoniam
2675 2945 2694 2978 ι
2736 2942 2987 2999 magnum
3039 2937 3123 2985 est
3169 2941 3225 2985 et
3267 2931 3504 2988 multum
3558 2934 3718 2989 valens

2143 3016 2284 3073 bene
2314 3020 2688 3088 credentibus,
2718 3023 2805 3078 cui
2835 3020 3194 3081 co'nﬁtendum
3217 3035 3302 3081 est
3319 3028 3582 3098 quoniam
3609 3028 3717 3082 illud

2143 3125 2339 3165 nomen
2378 3130 2397 3163 ι
2435 3121 2519 3169 εει
2545 3113 2785 3169 terribile
2820 3133 2839 3166 ι
2875 3115 3054 3186 impiis
3082 3117 3280 3172 timore
3323 3118 3497 3174 futuri
3520 3120 3710 3189 judicii,

2149 3221 2167 3253 ‹
2201 3213 2256 3258 et
2276 3215 2523 3261 sanctum
2558 3225 2577 3258 ι
2604 3215 2688 3262 εει
2714 3208 2896 3274 bonis,
2932 3209 3058 3278 quia
3102 3223 3199 3278 per
3230 3211 3426 3279 ipsum.
3454 3222 3584 3266 sunt
3607 3229 3714 3268 san—

2140 3294 2365 3352 ctiﬁcati
2395 3315 2407 3350 :
2441 3305 2497 3352 et
2543 3297 2658 3368 ipse
2703 3298 2961 3355 Dominus
2995 3317 3016 3351 ι
3061 3299 3233 3371 diligit
3270 3301 3570 3370 judicium,
3618 3324 3634 3356 ι
3670 3306 3716 3359 id

2139 3394 2224 3442 est
2274 3396 2336 3442 ut
2364 3387 2609 3444 homines
2623 3389 2768 3459 juste
2792 3390 3062 3461 judicent,
3090 3393 3202 3458 vel,
3241 3413 3260 3446 ‹
3297 3392 3576 3462 judicium,
3608 3416 3628 3445 ι
3659 3397 3716 3450 id

2137 3486 2222 3533 est
2271 3493 2649 3551 quamcunque
2683 3481 2877 3536 animae
2919 3482 3327 3552 discretionem,
3360 3487 3496 3557 quod
3535 3486 3715 3541 facere

2136 3579 2191 3626 et
2240 3590 2258 3622 ι
2307 3571 2482 3628 honor
2517 3572 2658 3644 regis
2705 3593 2725 3624 ›
2771 3582 2872 3638 εει,
2906 3582 2967 3628 ut
2997 3589 3092 3630 rex
3129 3574 3395 3643 judicium
3423 3578 3623 3649 diligat,
3665 3587 3718 3632 et

2133 3658 2250 3715 haec
2279 3674 2494 3731 quoque
2521 3669 2606 3716 est
2627 3675 2733 3716 una
2759 3663 3154 3719 commendatio
3176 3663 3400 3720 Christi.

2211 3788 2228 3821 ι
2267 3770 2349 3824 Tu
2383 3769 2604 3840 parasti.
2639 3790 2659 3823 ι
2702 3770 2835 3827 Pars
2884 3775 3140 3830 secunda.
3190 3773 3536 3831 Continuatio
3582 3797 3595 3830 :
3657 3777 3723 3832 Et

2138 3879 2155 3911 ι
2194 3867 2251 3914 ιιι
2283 3878 2302 3911 ι
2334 3861 2549 3931 quidem
2573 3862 2664 3931 qui
2691 3861 2811 3918 talis
2835 3877 2913 3930 es,
2941 3881 2961 3916 ε
2992 3865 3200 3934 parasti
3224 3866 3557 3930 directiones,
3604 3887 3630 3920 ι
3666 3869 3726 3922 id

2131 3959 2248 4016 est,
2302 3952 2548 4007 homines
2595 3953 2738 4008 intus
2786 3967 2884 4023 per
2948 3955 3181 4025 gratiam
3227 3963 3354 4010 tuam
3407 3956 3728 4026 aspirando

2130 4045 2446 4115 praeparasti
2471 4052 2530 4099 ut
2550 4045 2852 4117 dirigantur
2881 4046 2948 4102 ad
2977 4048 3226 4115 virtutes,
3256 4055 3312 4104 et
3343 4047 3503 4102 etiam
3527 4047 3727 4104 iecisti

2131 4135 2451 4191 directiones
2471 4176 2485 4202 ,
2509 4151 2616 4192 non
2641 4136 2814 4192 solum
2840 4139 3080 4206 parasti,
3104 4139 3198 4195 sed
3233 4159 3251 4191 ι
3284 4138 3567 4207 judicium,
3615 4159 3637 4192 ι
3674 4142 3726 4195 id

2128 4234 2232 4293 est,
2257 4235 2319 4282 ut
2355 4226 2455 4296 ipsi
2491 4227 2635 4298 juste
2673 4228 2984 4283 discernant
3005 4230 3133 4300 quid
3155 4232 3228 4286 sit
3245 4233 3446 4286 bonum
3487 4242 3548 4287 et
3590 4235 3725 4303 quid

2128 4315 2199 4370 sit
2231 4315 2463 4382 malum;
2498 4335 2518 4368 ι
2562 4325 2623 4391 ει,
2647 4335 2666 4370 ι
2691 4317 2835 4374 hanc
2862 4317 3024 4373 aliam
3045 4319 3460 4388 discretionem,
3509 4323 3725 4378 scilicet

2132 4405 2436 4476 «justitiam
2471 4406 2576 4462 r‘id
2622 4417 2738 4474 est,
2769 4416 2830 4463 ut
2849 4407 3049 4465 bonum
3070 4411 3348 4479 cognitum
3399 4412 3633 4480 faciant,
3674 4422 3727 4469 et

2124 4499 2327 4556 malum
2372 4501 2660 4568 dimittant,
2721 4521 2739 4553 ι
2776 4503 2984 4572 fecisti,
3035 4524 3053 4556 ι
3083 4505 3225 4572 dico,
3255 4526 3274 4558 ί
3309 4508 3366 4562 in
3387 4507 3589 4578 Iacob,
3624 4533 3642 4562 ι
3675 4512 3727 4565 id

2123 4601 2208 4649 est
2239 4594 2296 4650 in
2339 4593 2481 4650 ﬁdeli
2519 4594 2735 4665 populo,
2763 4595 2856 4666 qui
2894 4597 3328 4654 benedictionem
3371 4600 3519 4656 sicut
3547 4601 3726 4658 Jamb

2046 4693 2100 4754 1)
2125 4687 2353 4758 accepit.

2195 4779 2400 4849 thuia
2416 4777 2662 4836 Christus
2679 4781 2899 4838 exhibet
2922 4783 3040 4839 haec
3064 4799 3288 4841 munera
3315 4786 3447 4851 suis,
3471 4786 3616 4843 ideo
3639 4804 3735 4842 vos

2130 4886 2148 4919 ε
2186 4867 2420 4924 exaltate
2457 4887 2475 4920 ι
2524 4869 2700 4940 ipsum
2753 4869 3027 4927 Christum
3082 4872 3281 4929 factum
3339 4894 3358 4927 ε
3421 4875 3734 4932 Dominum

2123 4959 2292 5013 Deum
2313 4967 2555 5014 nostrum
2591 4981 2610 5012 ι
2654 4975 2755 5030 per
2783 4970 3115 5033 assumptam
3144 4962 3581 5032 humanitatem,
3615 4988 3636 5019 ί
3685 4979 3741 5022 et

2123 5051 2346 5107 adorate
2389 5051 2679 5108 scabellum
2706 5092 2722 5118 ,
2774 5073 2791 5105 ›
2829 5054 2882 5108 id
2923 5063 3045 5120 est,
3097 5057 3494 5114 humanitatem
3553 5062 3740 5132 ipsius

2122 5158 2240 5212 quae
2279 5141 2380 5198 fuit
2399 5142 2710 5210 scabellum,
2733 5144 2789 5200 id
2825 5153 2929 5211 est,
2958 5147 3176 5217 requies
3196 5156 3252 5204 et
3269 5149 3433 5204 sedes
3457 5169 3479 5202 ‹
3516 5154 3743 5222 pedum

2119 5233 2252 5301 ejus,
2309 5253 2326 5285 ι
2383 5233 2435 5287 id
2481 5243 2596 5300 est,
2645 5234 2912 5292 stabilitas
2941 5237 3256 5304 divinitatis,
3301 5258 3321 5292 ι
3367 5244 3671 5312 quoniam
3721 5266 3740 5296 ι

2118 5323 2246 5378 illud
2270 5322 2563 5377 scabellum
2617 5342 2637 5375 ‹
2677 5331 2922 5380 sanctum
2943 5335 3058 5392 est,
3091 5345 3110 5377 ι
3145 5327 3198 5382 id
3228 5335 3329 5391 est,
3353 5317 3594 5387 Christi
3639 5333 3749 5389 hu-

2117 5413 2348 5466 manitas
2373 5430 2386 5477 ;
2415 5412 2500 5467 vel
2537 5411 2616 5468 sic
2649 5413 3009 5480 intransitive,
3040 5434 3058 5467 ι
3097 5417 3387 5472 scabellum
3419 5422 3689 5490 pedum,
3727 5445 3746 5476 ι

2115 5510 2173 5556 ut
2220 5516 2316 5572 per
2355 5503 2518 5572 pedes
2556 5503 2884 5573 accipiamus
2914 5504 3085 5574 ipsam
3137 5506 3586 5578 humanitatem,
3646 5531 3754 5586 per

2114 5607 2274 5662 quam
2297 5592 2444 5647 venit
2463 5593 2531 5648 ad
2563 5607 2664 5649 nos
2683 5593 2922 5650 calceata
2943 5595 3196 5652 divinitas
3217 5613 3334 5667 quae
3355 5596 3462 5653 fuit
3490 5606 3754 5664 δείδω..

2113 5681 2247 5746 lum,
2272 5683 2326 5738 id
2353 5689 2455 5749 est,
2476 5697 2702 5753 prorsus
2723 5684 2936 5739 subdita
2967 5685 3170 5741 deitati.

2189 5793 2208 5826 ‹
2240 5773 2469 5846 Moyses.
2501 5793 2520 5828 ι
2551 5773 2686 5831 Pars
2709 5775 2886 5830 tertia.
2913 5775 2984 5830 Et
3002 5777 3139 5832 bene
3166 5777 3372 5834 debetis
3397 5794 3557 5840 eum
3603 5790 3762 5848 ado-

2112 5883 2255 5935 rare,
2282 5869 2406 5938 quia
2454 5869 2568 5939 ipse
2601 5883 2705 5923 non
2739 5877 2824 5925 est
2849 5882 3038 5924 recens
3069 5869 3233 5936 Deus,
3271 5871 3410 5926 sicut
3474 5880 3767 5947 quidem

2113 5962 2318 6028 dicunt,
2345 5961 2434 6018 sed
2458 5961 2570 6032 ipse
2599 5970 2680 6017 est
2707 5960 2794 6017 cui
2829 5979 2848 6014 ι
2895 5961 3104 6034 Moyses
3131 5972 3186 6019 et
3217 5965 3394 6021 Aaron
3418 5966 3492 6024 in
3532 5987 3767 6036 sacer-
