  <div class='ocr_page' id='page_1' title='image "/cluster/home/n/w/nwhite01/storage/ocr_20150623/116/hvd.32044015466881/266.png"; bbox 0 0 3940 6488; ppageno 0'>
   <div class='ocr_carea' id='block_1_1' title="bbox 258 451 3501 519">
    <p class='ocr_par' dir='ltr' id='par_1_1' title="bbox 258 451 3501 519">
     <span class='ocr_line' id='line_1_1' title="bbox 258 451 3501 519; baseline 0 -1"><span class='ocrx_word' id='word_1_1' title='bbox 258 459 367 519; x_wconf 66' lang='lat'><strong>529</strong></span> <span class='ocrx_word' id='word_1_2' title='bbox 1419 451 1858 513; x_wconf 78' lang='lat' dir='ltr'><strong>EXPLANATIO</strong></span> <span class='ocrx_word' id='word_1_3' title='bbox 1895 455 1964 510; x_wconf 82' lang='grc' dir='ltr'>ΙΝ</span> <span class='ocrx_word' id='word_1_4' title='bbox 1997 456 2334 516; x_wconf 78' lang='lat' dir='ltr'><strong>PSALMOS.</strong></span> <span class='ocrx_word' id='word_1_5' title='bbox 3398 463 3501 518; x_wconf 72' lang='lat'><strong>530</strong></span> 
     </span>
    </p>
   </div>
   <div class='ocr_carea' id='block_1_2' title="bbox 259 570 3498 647">
    <p class='ocr_par' dir='ltr' id='par_1_2' title="bbox 259 570 3498 647">
     <span class='ocr_line' id='line_1_2' title="bbox 259 570 3498 647; baseline -0.002 -10"><span class='ocrx_word' id='word_1_6' title='bbox 259 581 476 638; x_wconf 78' lang='lat' dir='ltr'><strong>dotibus</strong></span> <span class='ocrx_word' id='word_1_7' title='bbox 501 577 636 646; x_wconf 83' lang='lat' dir='ltr'><strong>ejus.</strong></span> <span class='ocrx_word' id='word_1_8' title='bbox 676 597 691 624; x_wconf 72' lang='grc' dir='ltr'><strong>ι</strong></span> <span class='ocrx_word' id='word_1_9' title='bbox 718 578 865 630; x_wconf 81' lang='lat' dir='ltr'><strong>Licet</strong></span> <span class='ocrx_word' id='word_1_10' title='bbox 891 577 1031 630; x_wconf 88' lang='lat' dir='ltr'><strong>enim</strong></span> <span class='ocrx_word' id='word_1_11' title='bbox 1055 575 1264 645; x_wconf 76' lang='lat' dir='ltr'><strong>Moyses</strong></span> <span class='ocrx_word' id='word_1_12' title='bbox 1291 574 1542 628; x_wconf 84' lang='lat' dir='ltr'><strong>sacerdos</strong></span> <span class='ocrx_word' id='word_1_13' title='bbox 1568 588 1676 628; x_wconf 88' lang='lat' dir='ltr'><strong>non</strong></span> <span class='ocrx_word' id='word_1_14' title='bbox 1701 570 1830 627; x_wconf 87' lang='lat' dir='ltr'><strong>fuis-</strong></span> <span class='ocrx_word' id='word_1_15' title='bbox 1855 572 1906 632; x_wconf 75' lang='grc' dir='ltr'><strong>Α</strong></span> <span class='ocrx_word' id='word_1_16' title='bbox 1933 571 2194 628; x_wconf 83' lang='lat' dir='ltr'><strong>beneficia</strong></span> <span class='ocrx_word' id='word_1_17' title='bbox 2223 582 2278 628; x_wconf 89' lang='lat' dir='ltr'><strong>et</strong></span> <span class='ocrx_word' id='word_1_18' title='bbox 2318 575 2598 643; x_wconf 90' lang='lat' dir='ltr'><strong>pietatem,</strong></span> <span class='ocrx_word' id='word_1_19' title='bbox 2633 584 2691 628; x_wconf 92' lang='lat' dir='ltr'><strong>ut</strong></span> <span class='ocrx_word' id='word_1_20' title='bbox 2719 589 2815 644; x_wconf 92' lang='lat' dir='ltr'><strong>per</strong></span> <span class='ocrx_word' id='word_1_21' title='bbox 2840 589 2905 629; x_wconf 83' lang='lat' dir='ltr'><strong>ea</strong></span> <span class='ocrx_word' id='word_1_22' title='bbox 2935 575 3152 631; x_wconf 88' lang='lat' dir='ltr'><strong>tollatur</strong></span> <span class='ocrx_word' id='word_1_23' title='bbox 3177 577 3498 647; x_wconf 75' lang='lat' dir='ltr'><strong>desperatio.</strong></span> 
     </span>
    </p>
   </div>
   <div class='ocr_carea' id='block_1_3' title="bbox 259 663 3503 740">
    <p class='ocr_par' dir='ltr' id='par_1_3' title="bbox 259 663 3503 740">
     <span class='ocr_line' id='line_1_3' title="bbox 259 663 3503 740; baseline -0.003 -8"><span class='ocrx_word' id='word_1_24' title='bbox 259 683 373 740; x_wconf 82' lang='lat' dir='ltr'><strong>set,</strong></span> <span class='ocrx_word' id='word_1_25' title='bbox 401 682 580 728; x_wconf 87' lang='lat' dir='ltr'><strong>tamen</strong></span> <span class='ocrx_word' id='word_1_26' title='bbox 605 670 768 727; x_wconf 90' lang='lat' dir='ltr'><strong>etiam</strong></span> <span class='ocrx_word' id='word_1_27' title='bbox 807 668 1138 725; x_wconf 79' lang='lat' dir='ltr'><strong>sacerdotem</strong></span> <span class='ocrx_word' id='word_1_28' title='bbox 1167 681 1289 723; x_wconf 91' lang='lat' dir='ltr'><strong>eum</strong></span> <span class='ocrx_word' id='word_1_29' title='bbox 1321 665 1476 732; x_wconf 90' lang='lat' dir='ltr'><strong>dicit,</strong></span> <span class='ocrx_word' id='word_1_30' title='bbox 1499 666 1623 736; x_wconf 86' lang='lat' dir='ltr'><strong>quia</strong></span> <span class='ocrx_word' id='word_1_31' title='bbox 1645 673 1702 720; x_wconf 90' lang='lat' dir='ltr'><strong>et</strong></span> <span class='ocrx_word' id='word_1_32' title='bbox 1727 679 1825 734; x_wconf 93' lang='lat' dir='ltr'><strong>pro</strong></span> <span class='ocrx_word' id='word_1_33' title='bbox 1925 663 2058 717; x_wconf 91' lang='lat' dir='ltr'><strong>ltem</strong></span> <span class='ocrx_word' id='word_1_34' title='bbox 2104 678 2205 719; x_wconf 90' lang='lat' dir='ltr'><strong>nec</strong></span> <span class='ocrx_word' id='word_1_35' title='bbox 2253 664 2424 720; x_wconf 90' lang='lat' dir='ltr'><strong>solam</strong></span> <span class='ocrx_word' id='word_1_36' title='bbox 2456 666 2797 721; x_wconf 87' lang='lat' dir='ltr'><strong>attendamus</strong></span> <span class='ocrx_word' id='word_1_37' title='bbox 2822 666 2918 721; x_wconf 91' lang='lat' dir='ltr'><strong>Dei</strong></span> <span class='ocrx_word' id='word_1_38' title='bbox 2964 667 3392 723; x_wconf 90' lang='lat' dir='ltr'><strong>misericordiam</strong></span> <span class='ocrx_word' id='word_1_39' title='bbox 3446 677 3503 726; x_wconf 89' lang='lat' dir='ltr'><strong>et</strong></span> 
     </span>
    </p>
   </div>
   <div class='ocr_carea' id='block_1_4' title="bbox 257 755 3504 836">
    <p class='ocr_par' dir='ltr' id='par_1_4' title="bbox 257 755 3504 836">
     <span class='ocr_line' id='line_1_4' title="bbox 257 755 3504 836; baseline -0.001 -17"><span class='ocrx_word' id='word_1_40' title='bbox 257 763 456 836; x_wconf 89' lang='lat' dir='ltr'><strong>populo</strong></span> <span class='ocrx_word' id='word_1_41' title='bbox 493 760 778 817; x_wconf 78' lang='lat' dir='ltr'><strong>invocabat</strong></span> <span class='ocrx_word' id='word_1_42' title='bbox 817 760 959 815; x_wconf 80' lang='lat' dir='ltr'><strong>sicut</strong></span> <span class='ocrx_word' id='word_1_43' title='bbox 983 766 1038 814; x_wconf 91' lang='lat' dir='ltr'><strong>et</strong></span> <span class='ocrx_word' id='word_1_44' title='bbox 1082 758 1174 814; x_wconf 89' lang='lat' dir='ltr'><strong>alii</strong></span> <span class='ocrx_word' id='word_1_45' title='bbox 1216 756 1553 820; x_wconf 85' lang='lat' dir='ltr'><strong>sacerdotes,</strong></span> <span class='ocrx_word' id='word_1_46' title='bbox 1585 763 1641 810; x_wconf 88' lang='lat' dir='ltr'><strong>et</strong></span> <span class='ocrx_word' id='word_1_47' title='bbox 1681 755 1827 824; x_wconf 89' lang='lat' dir='ltr'><strong>ipsos</strong></span> <span class='ocrx_word' id='word_1_48' title='bbox 1925 755 2181 824; x_wconf 83' lang='lat' dir='ltr'><strong>pietatem</strong></span> <span class='ocrx_word' id='word_1_49' title='bbox 2204 795 2220 821; x_wconf 90' lang='lat'><strong>,</strong></span> <span class='ocrx_word' id='word_1_50' title='bbox 2257 771 2376 825; x_wconf 67' lang='lat' dir='ltr'><strong>quae</strong></span> <span class='ocrx_word' id='word_1_51' title='bbox 2401 756 2457 810; x_wconf 91' lang='lat' dir='ltr'><strong>in</strong></span> <span class='ocrx_word' id='word_1_52' title='bbox 2487 757 2642 812; x_wconf 91' lang='lat' dir='ltr'><strong>nobis</strong></span> <span class='ocrx_word' id='word_1_53' title='bbox 2672 757 2874 813; x_wconf 87' lang='lat' dir='ltr'><strong>faceret</strong></span> <span class='ocrx_word' id='word_1_54' title='bbox 2899 759 3279 830; x_wconf 76' lang='lat' dir='ltr'><strong>negligentiam</strong></span> <span class='ocrx_word' id='word_1_55' title='bbox 3311 770 3366 815; x_wconf 92' lang='lat' dir='ltr'><strong>et</strong></span> <span class='ocrx_word' id='word_1_56' title='bbox 3392 761 3504 816; x_wconf 83' lang='lat' dir='ltr'><strong>ela-</strong></span> 
     </span>
    </p>
   </div>
   <div class='ocr_carea' id='block_1_5' title="bbox 261 846 1830 920">
    <p class='ocr_par' dir='ltr' id='par_1_5' title="bbox 261 846 1830 920">
     <span class='ocr_line' id='line_1_5' title="bbox 261 846 1830 920; baseline -0.006 -9"><span class='ocrx_word' id='word_1_57' title='bbox 261 853 571 911; x_wconf 87' lang='lat' dir='ltr'><strong>sacerdotes</strong></span> <span class='ocrx_word' id='word_1_58' title='bbox 626 849 984 907; x_wconf 86' lang='lat' dir='ltr'><strong>constituebat</strong></span> <span class='ocrx_word' id='word_1_59' title='bbox 1031 857 1086 904; x_wconf 89' lang='lat' dir='ltr'><strong>et</strong></span> <span class='ocrx_word' id='word_1_60' title='bbox 1139 848 1393 920; x_wconf 86' lang='lat' dir='ltr'><strong>ungebat.</strong></span> <span class='ocrx_word' id='word_1_61' title='bbox 1440 866 1458 898; x_wconf 84' lang='grc'>‹</span> <span class='ocrx_word' id='word_1_62' title='bbox 1510 846 1578 901; x_wconf 87' lang='grc' dir='ltr'>Ει</span> <span class='ocrx_word' id='word_1_63' title='bbox 1632 865 1651 898; x_wconf 83' lang='grc'><strong>›</strong></span> <span class='ocrx_word' id='word_1_64' title='bbox 1713 846 1830 915; x_wconf 92' lang='lat' dir='ltr'><strong>ipse</strong></span> 
     </span>
    </p>
   </div>
   <div class='ocr_carea' id='block_1_6' title="bbox 265 937 1830 1009">
    <p class='ocr_par' dir='ltr' id='par_1_6' title="bbox 265 937 1830 1009">
     <span class='ocr_line' id='line_1_6' title="bbox 265 937 1830 1009; baseline -0.004 -9"><span class='ocrx_word' id='word_1_65' title='bbox 265 967 286 999; x_wconf 75' lang='grc' dir='ltr'><strong>ι</strong></span> <span class='ocrx_word' id='word_1_66' title='bbox 338 943 576 1009; x_wconf 86' lang='lat' dir='ltr'><strong>Samuel,</strong></span> <span class='ocrx_word' id='word_1_67' title='bbox 610 962 629 994; x_wconf 71' lang='grc' dir='ltr'><strong>ι</strong></span> <span class='ocrx_word' id='word_1_68' title='bbox 661 942 786 998; x_wconf 91' lang='lat' dir='ltr'><strong>licet</strong></span> <span class='ocrx_word' id='word_1_69' title='bbox 812 956 918 996; x_wconf 89' lang='lat' dir='ltr'><strong>non</strong></span> <span class='ocrx_word' id='word_1_70' title='bbox 961 941 1152 996; x_wconf 85' lang='lat' dir='ltr'><strong>fuisset</strong></span> <span class='ocrx_word' id='word_1_71' title='bbox 1202 940 1269 995; x_wconf 92' lang='lat' dir='ltr'><strong>de</strong></span> <span class='ocrx_word' id='word_1_72' title='bbox 1309 939 1450 994; x_wconf 86' lang='lat' dir='ltr'><strong>tribu</strong></span> <span class='ocrx_word' id='word_1_73' title='bbox 1485 937 1641 1003; x_wconf 86' lang='lat' dir='ltr'><strong>Levi,</strong></span> <span class='ocrx_word' id='word_1_74' title='bbox 1687 938 1830 994; x_wconf 90' lang='lat' dir='ltr'><strong>unde</strong></span> 
     </span>
    </p>
   </div>
   <div class='ocr_carea' id='block_1_7' title="bbox 260 1030 1832 1102">
    <p class='ocr_par' dir='ltr' id='par_1_7' title="bbox 260 1030 1832 1102">
     <span class='ocr_line' id='line_1_7' title="bbox 260 1030 1832 1102; baseline -0.005 -10"><span class='ocrx_word' id='word_1_75' title='bbox 260 1037 353 1092; x_wconf 87' lang='lat' dir='ltr'><strong>alii</strong></span> <span class='ocrx_word' id='word_1_76' title='bbox 387 1035 710 1101; x_wconf 85' lang='lat' dir='ltr'><strong>sacerdotes,</strong></span> <span class='ocrx_word' id='word_1_77' title='bbox 759 1041 942 1089; x_wconf 89' lang='lat' dir='ltr'><strong>tamen</strong></span> <span class='ocrx_word' id='word_1_78' title='bbox 973 1032 1072 1088; x_wconf 89' lang='lat' dir='ltr'><strong>fuit</strong></span> <span class='ocrx_word' id='word_1_79' title='bbox 1099 1051 1118 1084; x_wconf 75' lang='grc' dir='ltr'><strong>ι</strong></span> <span class='ocrx_word' id='word_1_80' title='bbox 1148 1033 1290 1088; x_wconf 89' lang='lat' dir='ltr'><strong>inter</strong></span> <span class='ocrx_word' id='word_1_81' title='bbox 1319 1046 1414 1087; x_wconf 91' lang='lat' dir='ltr'><strong>eos</strong></span> <span class='ocrx_word' id='word_1_82' title='bbox 1450 1030 1543 1102; x_wconf 89' lang='lat' dir='ltr'><strong>qui</strong></span> <span class='ocrx_word' id='word_1_83' title='bbox 1579 1030 1832 1085; x_wconf 87' lang='lat' dir='ltr'><strong>invocant</strong></span> 
     </span>
    </p>
   </div>
   <div class='ocr_carea' id='block_1_8' title="bbox 260 1125 1448 1200">
    <p class='ocr_par' dir='ltr' id='par_1_8' title="bbox 260 1125 1448 1200">
     <span class='ocr_line' id='line_1_8' title="bbox 260 1125 1448 1200; baseline -0.008 -13"><span class='ocrx_word' id='word_1_84' title='bbox 260 1146 456 1187; x_wconf 88' lang='lat' dir='ltr'><strong>nomen</strong></span> <span class='ocrx_word' id='word_1_85' title='bbox 483 1129 618 1200; x_wconf 88' lang='lat' dir='ltr'><strong>ejus,</strong></span> <span class='ocrx_word' id='word_1_86' title='bbox 661 1147 680 1180; x_wconf 72' lang='grc' dir='ltr'><strong>ι</strong></span> <span class='ocrx_word' id='word_1_87' title='bbox 704 1127 828 1198; x_wconf 88' lang='lat' dir='ltr'><strong>quia</strong></span> <span class='ocrx_word' id='word_1_88' title='bbox 861 1127 1110 1182; x_wconf 84' lang='lat' dir='ltr'><strong>sacerdos</strong></span> <span class='ocrx_word' id='word_1_89' title='bbox 1138 1125 1236 1179; x_wconf 90' lang='lat' dir='ltr'><strong>fuit</strong></span> <span class='ocrx_word' id='word_1_90' title='bbox 1260 1125 1448 1194; x_wconf 89' lang='lat' dir='ltr'><strong>ipsius.</strong></span> 
     </span>
    </p>
   </div>
   <div class='ocr_carea' id='block_1_9' title="bbox 331 1209 1832 1278">
    <p class='ocr_par' dir='ltr' id='par_1_9' title="bbox 331 1209 1832 1278">
     <span class='ocr_line' id='line_1_9' title="bbox 331 1209 1832 1278; baseline -0.007 -4"><span class='ocrx_word' id='word_1_91' title='bbox 331 1219 421 1274; x_wconf 90' lang='lat' dir='ltr'><strong>lsti</strong></span> <span class='ocrx_word' id='word_1_92' title='bbox 449 1217 751 1273; x_wconf 89' lang='lat' dir='ltr'><strong>servierunt</strong></span> <span class='ocrx_word' id='word_1_93' title='bbox 781 1215 1036 1278; x_wconf 92' lang='lat' dir='ltr'><strong>Domino,</strong></span> <span class='ocrx_word' id='word_1_94' title='bbox 1067 1221 1124 1269; x_wconf 91' lang='lat' dir='ltr'><strong>et</strong></span> <span class='ocrx_word' id='word_1_95' title='bbox 1164 1213 1266 1267; x_wconf 91' lang='lat' dir='ltr'><strong>hoc</strong></span> <span class='ocrx_word' id='word_1_96' title='bbox 1315 1211 1438 1266; x_wconf 90' lang='lat' dir='ltr'><strong>inde</strong></span> <span class='ocrx_word' id='word_1_97' title='bbox 1489 1209 1832 1265; x_wconf 91' lang='lat' dir='ltr'><strong>commodum</strong></span> 
     </span>
    </p>
   </div>
   <div class='ocr_carea' id='block_1_10' title="bbox 259 1304 1834 1382">
    <p class='ocr_par' dir='ltr' id='par_1_10' title="bbox 259 1304 1834 1382">
     <span class='ocr_line' id='line_1_10' title="bbox 259 1304 1834 1382; baseline -0.008 -13"><span class='ocrx_word' id='word_1_98' title='bbox 259 1315 586 1378; x_wconf 89' lang='lat' dir='ltr'><strong>habuerunt,</strong></span> <span class='ocrx_word' id='word_1_99' title='bbox 612 1311 752 1382; x_wconf 91' lang='lat' dir='ltr'><strong>quod</strong></span> <span class='ocrx_word' id='word_1_100' title='bbox 774 1311 875 1380; x_wconf 85' lang='lat' dir='ltr'><strong>ipsi</strong></span> <span class='ocrx_word' id='word_1_101' title='bbox 913 1329 933 1362; x_wconf 76' lang='grc' dir='ltr'><strong>ι</strong></span> <span class='ocrx_word' id='word_1_102' title='bbox 969 1307 1287 1363; x_wconf 84' lang='lat' dir='ltr'><strong>invocabant</strong></span> <span class='ocrx_word' id='word_1_103' title='bbox 1306 1304 1612 1370; x_wconf 90' lang='lat' dir='ltr'><strong>Dominum,</strong></span> <span class='ocrx_word' id='word_1_104' title='bbox 1643 1311 1700 1358; x_wconf 89' lang='lat' dir='ltr'><strong>et</strong></span> <span class='ocrx_word' id='word_1_105' title='bbox 1719 1304 1834 1373; x_wconf 90' lang='lat' dir='ltr'><strong>ipse</strong></span> 
     </span>
    </p>
   </div>
   <div class='ocr_carea' id='block_1_11' title="bbox 257 1393 1836 1467">
    <p class='ocr_par' dir='ltr' id='par_1_11' title="bbox 257 1393 1836 1467">
     <span class='ocr_line' id='line_1_11' title="bbox 257 1393 1836 1467; baseline -0.009 -6"><span class='ocrx_word' id='word_1_106' title='bbox 257 1407 510 1462; x_wconf 83' lang='lat' dir='ltr'><strong>audiebat</strong></span> <span class='ocrx_word' id='word_1_107' title='bbox 557 1418 651 1459; x_wconf 91' lang='lat' dir='ltr'><strong>eos</strong></span> <span class='ocrx_word' id='word_1_108' title='bbox 693 1401 796 1456; x_wconf 90' lang='lat' dir='ltr'><strong>:in</strong></span> <span class='ocrx_word' id='word_1_109' title='bbox 854 1400 1102 1456; x_wconf 88' lang='lat' dir='ltr'><strong>columna</strong></span> <span class='ocrx_word' id='word_1_110' title='bbox 1163 1397 1321 1453; x_wconf 91' lang='lat' dir='ltr'><strong>nubis</strong></span> <span class='ocrx_word' id='word_1_111' title='bbox 1381 1396 1700 1467; x_wconf 86' lang='lat' dir='ltr'><strong>loquebatur</strong></span> <span class='ocrx_word' id='word_1_112' title='bbox 1767 1393 1836 1448; x_wconf 89' lang='lat' dir='ltr'><strong>ad</strong></span> 
     </span>
    </p>
   </div>
   <div class='ocr_carea' id='block_1_12' title="bbox 261 1488 1836 1560">
    <p class='ocr_par' dir='ltr' id='par_1_12' title="bbox 261 1488 1836 1560">
     <span class='ocr_line' id='line_1_12' title="bbox 261 1488 1836 1560; baseline -0.007 -10"><span class='ocrx_word' id='word_1_113' title='bbox 261 1511 373 1550; x_wconf 88' lang='lat' dir='ltr'><strong>eos.</strong></span> <span class='ocrx_word' id='word_1_114' title='bbox 439 1513 459 1546; x_wconf 75' lang='grc' dir='ltr'><strong>ι</strong></span> <span class='ocrx_word' id='word_1_115' title='bbox 525 1493 651 1549; x_wconf 87' lang='lat' dir='ltr'><strong>Ideo</strong></span> <span class='ocrx_word' id='word_1_116' title='bbox 694 1492 750 1547; x_wconf 91' lang='lat' dir='ltr'><strong>in</strong></span> <span class='ocrx_word' id='word_1_117' title='bbox 785 1491 930 1547; x_wconf 89' lang='lat' dir='ltr'><strong>nube</strong></span> <span class='ocrx_word' id='word_1_118' title='bbox 983 1491 1324 1560; x_wconf 89' lang='lat' dir='ltr'><strong>loquebatur,</strong></span> <span class='ocrx_word' id='word_1_119' title='bbox 1374 1488 1502 1558; x_wconf 85' lang='lat' dir='ltr'><strong>quia</strong></span> <span class='ocrx_word' id='word_1_120' title='bbox 1543 1488 1836 1543; x_wconf 90' lang='lat' dir='ltr'><strong>obscurum</strong></span> 
     </span>
    </p>
   </div>
   <div class='ocr_carea' id='block_1_13' title="bbox 255 1575 1838 1656">
    <p class='ocr_par' dir='ltr' id='par_1_13' title="bbox 255 1575 1838 1656">
     <span class='ocr_line' id='line_1_13' title="bbox 255 1575 1838 1656; baseline -0.008 -15"><span class='ocrx_word' id='word_1_121' title='bbox 255 1595 374 1642; x_wconf 88' lang='lat' dir='ltr'><strong>erat</strong></span> <span class='ocrx_word' id='word_1_122' title='bbox 419 1585 562 1656; x_wconf 93' lang='lat' dir='ltr'><strong>quod</strong></span> <span class='ocrx_word' id='word_1_123' title='bbox 605 1582 817 1639; x_wconf 88' lang='lat' dir='ltr'><strong>dicebat</strong></span> <span class='ocrx_word' id='word_1_124' title='bbox 842 1582 951 1648; x_wconf 89' lang='lat' dir='ltr'><strong>eis;</strong></span> <span class='ocrx_word' id='word_1_125' title='bbox 991 1581 1119 1651; x_wconf 87' lang='lat' dir='ltr'><strong>quia</strong></span> <span class='ocrx_word' id='word_1_126' title='bbox 1149 1579 1390 1635; x_wconf 85' lang='lat' dir='ltr'><strong>futurum</strong></span> <span class='ocrx_word' id='word_1_127' title='bbox 1436 1585 1586 1643; x_wconf 89' lang='lat' dir='ltr'><strong>erat,</strong></span> <span class='ocrx_word' id='word_1_128' title='bbox 1629 1575 1838 1632; x_wconf 88' lang='lat' dir='ltr'><strong>scilicet</strong></span> 
     </span>
    </p>
   </div>
   <div class='ocr_carea' id='block_1_14' title="bbox 255 1671 1836 1742">
    <p class='ocr_par' dir='ltr' id='par_1_14' title="bbox 255 1671 1836 1742">
     <span class='ocr_line' id='line_1_14' title="bbox 255 1671 1836 1742; baseline -0.005 -10"><span class='ocrx_word' id='word_1_129' title='bbox 255 1679 517 1732; x_wconf 86' lang='lat' dir='ltr'><strong>adventus</strong></span> <span class='ocrx_word' id='word_1_130' title='bbox 542 1675 762 1732; x_wconf 87' lang='lat' dir='ltr'><strong>Christi.</strong></span> <span class='ocrx_word' id='word_1_131' title='bbox 792 1674 920 1742; x_wconf 66' lang='lat' dir='ltr'><strong>Quae</strong></span> <span class='ocrx_word' id='word_1_132' title='bbox 956 1674 1127 1728; x_wconf 89' lang='lat' dir='ltr'><strong>nubes</strong></span> <span class='ocrx_word' id='word_1_133' title='bbox 1145 1671 1417 1728; x_wconf 87' lang='lat' dir='ltr'><strong>Christum</strong></span> <span class='ocrx_word' id='word_1_134' title='bbox 1451 1671 1720 1742; x_wconf 74' lang='lat' dir='ltr'><strong>signabat,</strong></span> <span class='ocrx_word' id='word_1_135' title='bbox 1744 1681 1836 1740; x_wconf 79' lang='lat' dir='ltr'><strong>qui</strong></span> 
     </span>
    </p>
   </div>
   <div class='ocr_carea' id='block_1_15' title="bbox 253 1761 1835 1832">
    <p class='ocr_par' dir='ltr' id='par_1_15' title="bbox 253 1761 1835 1832">
     <span class='ocr_line' id='line_1_15' title="bbox 253 1761 1835 1832; baseline -0.003 -12"><span class='ocrx_word' id='word_1_136' title='bbox 253 1775 338 1822; x_wconf 88' lang='lat' dir='ltr'><strong>est</strong></span> <span class='ocrx_word' id='word_1_137' title='bbox 382 1765 537 1822; x_wconf 91' lang='lat' dir='ltr'><strong>nobis</strong></span> <span class='ocrx_word' id='word_1_138' title='bbox 590 1763 860 1820; x_wconf 89' lang='lat' dir='ltr'><strong>umbratio</strong></span> <span class='ocrx_word' id='word_1_139' title='bbox 897 1770 952 1817; x_wconf 93' lang='lat' dir='ltr'><strong>et</strong></span> <span class='ocrx_word' id='word_1_140' title='bbox 1008 1761 1347 1832; x_wconf 81' lang='lat' dir='ltr'><strong>refrigerium</strong></span> <span class='ocrx_word' id='word_1_141' title='bbox 1395 1769 1586 1816; x_wconf 89' lang='lat' dir='ltr'><strong>contra</strong></span> <span class='ocrx_word' id='word_1_142' title='bbox 1641 1768 1835 1816; x_wconf 85' lang='lat' dir='ltr'><strong>aestum</strong></span> 
     </span>
    </p>
   </div>
   <div class='ocr_carea' id='block_1_16' title="bbox 256 1852 1831 1926">
    <p class='ocr_par' dir='ltr' id='par_1_16' title="bbox 256 1852 1831 1926">
     <span class='ocr_line' id='line_1_16' title="bbox 256 1852 1831 1926; baseline -0.006 -11"><span class='ocrx_word' id='word_1_143' title='bbox 256 1860 654 1922; x_wconf 70' lang='lat' dir='ltr'><strong>hmreticorum,</strong></span> <span class='ocrx_word' id='word_1_144' title='bbox 677 1866 734 1912; x_wconf 92' lang='lat' dir='ltr'><strong>et</strong></span> <span class='ocrx_word' id='word_1_145' title='bbox 751 1857 864 1926; x_wconf 90' lang='lat' dir='ltr'><strong>ipse</strong></span> <span class='ocrx_word' id='word_1_146' title='bbox 887 1856 1051 1910; x_wconf 90' lang='lat' dir='ltr'><strong>etiam</strong></span> <span class='ocrx_word' id='word_1_147' title='bbox 1090 1869 1192 1926; x_wconf 90' lang='lat' dir='ltr'><strong>per</strong></span> <span class='ocrx_word' id='word_1_148' title='bbox 1219 1853 1521 1909; x_wconf 89' lang='lat' dir='ltr'><strong>columnam</strong></span> <span class='ocrx_word' id='word_1_149' title='bbox 1557 1852 1831 1924; x_wconf 83' lang='lat' dir='ltr'><strong>signiﬁca-</strong></span> 
     </span>
    </p>
   </div>
   <div class='ocr_carea' id='block_1_17' title="bbox 1931 846 3502 920">
    <p class='ocr_par' dir='ltr' id='par_1_17' title="bbox 1931 846 3502 920">
     <span class='ocr_line' id='line_1_17' title="bbox 1931 846 3502 920; baseline 0.004 -19"><span class='ocrx_word' id='word_1_150' title='bbox 1931 846 2152 910; x_wconf 89' lang='lat' dir='ltr'><strong>tionem,</strong></span> <span class='ocrx_word' id='word_1_151' title='bbox 2207 846 2302 901; x_wconf 91' lang='lat' dir='ltr'><strong>sed</strong></span> <span class='ocrx_word' id='word_1_152' title='bbox 2351 856 2542 903; x_wconf 89' lang='lat' dir='ltr'><strong>contra</strong></span> <span class='ocrx_word' id='word_1_153' title='bbox 2589 857 2804 904; x_wconf 89' lang='lat' dir='ltr'><strong>nostras</strong></span> <span class='ocrx_word' id='word_1_154' title='bbox 2855 849 3209 920; x_wconf 87' lang='lat' dir='ltr'><strong>respiciamus</strong></span> <span class='ocrx_word' id='word_1_155' title='bbox 3252 851 3502 908; x_wconf 84' lang='lat' dir='ltr'><strong>miserias</strong></span> 
     </span>
    </p>
   </div>
   <div class='ocr_carea' id='block_1_18' title="bbox 1931 935 3501 1012">
    <p class='ocr_par' dir='ltr' id='par_1_18' title="bbox 1931 935 3501 1012">
     <span class='ocr_line' id='line_1_18' title="bbox 1931 935 3501 1012; baseline 0.004 -20"><span class='ocrx_word' id='word_1_156' title='bbox 1931 944 1987 992; x_wconf 90' lang='lat' dir='ltr'><strong>et</strong></span> <span class='ocrx_word' id='word_1_157' title='bbox 2031 935 2370 1007; x_wconf 88' lang='lat' dir='ltr'><strong>fragilitates,</strong></span> <span class='ocrx_word' id='word_1_158' title='bbox 2416 947 2478 992; x_wconf 90' lang='lat' dir='ltr'><strong>ut</strong></span> <span class='ocrx_word' id='word_1_159' title='bbox 2540 948 2758 1011; x_wconf 88' lang='lat' dir='ltr'><strong>propter</strong></span> <span class='ocrx_word' id='word_1_160' title='bbox 2800 941 2904 996; x_wconf 90' lang='lat' dir='ltr'><strong>hoc</strong></span> <span class='ocrx_word' id='word_1_161' title='bbox 2954 957 3242 1012; x_wconf 84' lang='lat' dir='ltr'><strong>operemur</strong></span> <span class='ocrx_word' id='word_1_162' title='bbox 3298 952 3354 998; x_wconf 94' lang='lat' dir='ltr'><strong>et</strong></span> <span class='ocrx_word' id='word_1_163' title='bbox 3388 943 3501 1000; x_wconf 90' lang='lat' dir='ltr'><strong>Deo</strong></span> 
     </span>
    </p>
   </div>
   <div class='ocr_carea' id='block_1_19' title="bbox 1929 1027 2514 1096">
    <p class='ocr_par' dir='ltr' id='par_1_19' title="bbox 1929 1027 2514 1096">
     <span class='ocr_line' id='line_1_19' title="bbox 1929 1027 2514 1096; baseline 0.002 -16"><span class='ocrx_word' id='word_1_164' title='bbox 1929 1027 2146 1096; x_wconf 88' lang='lat' dir='ltr'><strong>placere</strong></span> <span class='ocrx_word' id='word_1_165' title='bbox 2183 1027 2514 1082; x_wconf 89' lang='lat' dir='ltr'><strong>studeamus.</strong></span> 
     </span>
    </p>
   </div>
   <div class='ocr_carea' id='block_1_20' title="bbox 2004 1115 3504 1178">
    <p class='ocr_par' dir='ltr' id='par_1_20' title="bbox 2004 1115 3504 1178">
     <span class='ocr_line' id='line_1_20' title="bbox 2004 1115 3504 1178; baseline 0.005 -6"><span class='ocrx_word' id='word_1_166' title='bbox 2004 1117 2069 1172; x_wconf 87' lang='lat' dir='ltr'><strong>Et</strong></span> <span class='ocrx_word' id='word_1_167' title='bbox 2099 1115 2165 1172; x_wconf 92' lang='lat' dir='ltr'><strong>ad</strong></span> <span class='ocrx_word' id='word_1_168' title='bbox 2191 1116 2586 1172; x_wconf 82' lang='lat' dir='ltr'><strong>confessionem</strong></span> <span class='ocrx_word' id='word_1_169' title='bbox 2626 1117 2803 1174; x_wconf 89' lang='lat' dir='ltr'><strong>laudis</strong></span> <span class='ocrx_word' id='word_1_170' title='bbox 2823 1121 2904 1174; x_wconf 88' lang='lat' dir='ltr'><strong>sic</strong></span> <span class='ocrx_word' id='word_1_171' title='bbox 2931 1122 3220 1176; x_wconf 80' lang='lat' dir='ltr'><strong>admonet:</strong></span> <span class='ocrx_word' id='word_1_172' title='bbox 3254 1121 3298 1177; x_wconf 92' lang='grc' dir='ltr'>Ο</span> <span class='ocrx_word' id='word_1_173' title='bbox 3327 1141 3345 1173; x_wconf 74' lang='grc' dir='ltr'><strong>ι</strong></span> <span class='ocrx_word' id='word_1_174' title='bbox 3384 1139 3504 1178; x_wconf 89' lang='lat' dir='ltr'><strong>om-</strong></span> 
     </span>
    </p>
   </div>
   <div class='ocr_carea' id='block_1_21' title="bbox 1933 1207 3508 1284">
    <p class='ocr_par' dir='ltr' id='par_1_21' title="bbox 1933 1207 3508 1284">
     <span class='ocr_line' id='line_1_21' title="bbox 1933 1207 3508 1284; baseline 0.004 -22"><span class='ocrx_word' id='word_1_175' title='bbox 1933 1209 2019 1263; x_wconf 88' lang='lat' dir='ltr'><strong>nis</strong></span> <span class='ocrx_word' id='word_1_176' title='bbox 2065 1217 2229 1274; x_wconf 85' lang='lat' dir='ltr'><strong>terra,</strong></span> <span class='ocrx_word' id='word_1_177' title='bbox 2251 1207 2475 1277; x_wconf 89' lang='lat' dir='ltr'><strong>jubilate</strong></span> <span class='ocrx_word' id='word_1_178' title='bbox 2506 1209 2646 1272; x_wconf 89' lang='lat' dir='ltr'><strong>Deo,</strong></span> <span class='ocrx_word' id='word_1_179' title='bbox 2683 1228 2702 1260; x_wconf 84' lang='grc'><strong>›</strong></span> <span class='ocrx_word' id='word_1_180' title='bbox 2737 1210 2790 1264; x_wconf 89' lang='lat' dir='ltr'><strong>id</strong></span> <span class='ocrx_word' id='word_1_181' title='bbox 2835 1221 2940 1276; x_wconf 90' lang='lat' dir='ltr'><strong>est,</strong></span> <span class='ocrx_word' id='word_1_182' title='bbox 2969 1211 3291 1268; x_wconf 82' lang='lat' dir='ltr'><strong>ineffabilem</strong></span> <span class='ocrx_word' id='word_1_183' title='bbox 3309 1213 3508 1284; x_wconf 84' lang='lat' dir='ltr'><strong>jucun-</strong></span> 
     </span>
    </p>
   </div>
   <div class='ocr_carea' id='block_1_22' title="bbox 1936 1299 3511 1371">
    <p class='ocr_par' dir='ltr' id='par_1_22' title="bbox 1936 1299 3511 1371">
     <span class='ocr_line' id='line_1_22' title="bbox 1936 1299 3511 1371; baseline 0.003 -17"><span class='ocrx_word' id='word_1_184' title='bbox 1936 1299 2157 1354; x_wconf 88' lang='lat' dir='ltr'><strong>ditatem</strong></span> <span class='ocrx_word' id='word_1_185' title='bbox 2201 1299 2266 1353; x_wconf 91' lang='lat' dir='ltr'><strong>de</strong></span> <span class='ocrx_word' id='word_1_186' title='bbox 2309 1299 2424 1368; x_wconf 88' lang='lat' dir='ltr'><strong>ipso</strong></span> <span class='ocrx_word' id='word_1_187' title='bbox 2464 1306 2643 1353; x_wconf 86' lang='lat' dir='ltr'><strong>mente</strong></span> <span class='ocrx_word' id='word_1_188' title='bbox 2688 1302 2984 1371; x_wconf 88' lang='lat' dir='ltr'><strong>concipite;</strong></span> <span class='ocrx_word' id='word_1_189' title='bbox 3017 1313 3071 1356; x_wconf 92' lang='lat' dir='ltr'><strong>et</strong></span> <span class='ocrx_word' id='word_1_190' title='bbox 3102 1323 3119 1353; x_wconf 73' lang='grc' dir='ltr'>ί</span> <span class='ocrx_word' id='word_1_191' title='bbox 3159 1304 3357 1358; x_wconf 80' lang='lat' dir='ltr'><strong>servile</strong></span> <span class='ocrx_word' id='word_1_192' title='bbox 3404 1305 3511 1358; x_wconf 85' lang='lat' dir='ltr'><strong>Do-</strong></span> 
     </span>
    </p>
   </div>
   <div class='ocr_carea' id='block_1_23' title="bbox 1935 1390 3508 1465">
    <p class='ocr_par' dir='ltr' id='par_1_23' title="bbox 1935 1390 3508 1465">
     <span class='ocr_line' id='line_1_23' title="bbox 1935 1390 3508 1465; baseline 0.002 -19"><span class='ocrx_word' id='word_1_193' title='bbox 1935 1390 2083 1446; x_wconf 89' lang='lat' dir='ltr'><strong>mino</strong></span> <span class='ocrx_word' id='word_1_194' title='bbox 2122 1409 2140 1441; x_wconf 73' lang='grc' dir='ltr'><strong>ι</strong></span> <span class='ocrx_word' id='word_1_195' title='bbox 2180 1390 2328 1455; x_wconf 90' lang='lat' dir='ltr'><strong>huic,</strong></span> <span class='ocrx_word' id='word_1_196' title='bbox 2366 1390 2434 1445; x_wconf 89' lang='lat' dir='ltr'><strong>ad</strong></span> <span class='ocrx_word' id='word_1_197' title='bbox 2483 1390 2695 1446; x_wconf 88' lang='lat' dir='ltr'><strong>laudem</strong></span> <span class='ocrx_word' id='word_1_198' title='bbox 2753 1392 2922 1461; x_wconf 87' lang='lat' dir='ltr'><strong>ipsius</strong></span> <span class='ocrx_word' id='word_1_199' title='bbox 2978 1394 3117 1449; x_wconf 91' lang='lat' dir='ltr'><strong>bene</strong></span> <span class='ocrx_word' id='word_1_200' title='bbox 3173 1405 3508 1465; x_wconf 87' lang='lat' dir='ltr'><strong>operantes:</strong></span> 
     </span>
    </p>
   </div>
   <div class='ocr_carea' id='block_1_24' title="bbox 1933 1481 3511 1552">
    <p class='ocr_par' dir='ltr' id='par_1_24' title="bbox 1933 1481 3511 1552">
     <span class='ocr_line' id='line_1_24' title="bbox 1933 1481 3511 1552; baseline 0.003 -16"><span class='ocrx_word' id='word_1_201' title='bbox 1933 1488 1992 1536; x_wconf 89' lang='lat' dir='ltr'><strong>et</strong></span> <span class='ocrx_word' id='word_1_202' title='bbox 2018 1482 2121 1536; x_wconf 91' lang='lat' dir='ltr'><strong>hoc</strong></span> <span class='ocrx_word' id='word_1_203' title='bbox 2145 1496 2250 1536; x_wconf 90' lang='lat' dir='ltr'><strong>non</strong></span> <span class='ocrx_word' id='word_1_204' title='bbox 2279 1481 2451 1536; x_wconf 89' lang='lat' dir='ltr'><strong>coacti</strong></span> <span class='ocrx_word' id='word_1_205' title='bbox 2475 1522 2490 1546; x_wconf 92' lang='lat'><strong>,</strong></span> <span class='ocrx_word' id='word_1_206' title='bbox 2526 1481 2612 1536; x_wconf 91' lang='lat' dir='ltr'><strong>vel</strong></span> <span class='ocrx_word' id='word_1_207' title='bbox 2646 1486 2780 1536; x_wconf 76' lang='lat' dir='ltr'><strong>cum‘</strong></span> <span class='ocrx_word' id='word_1_208' title='bbox 2798 1481 2977 1552; x_wconf 88' lang='lat' dir='ltr'><strong>aliqua</strong></span> <span class='ocrx_word' id='word_1_209' title='bbox 3005 1483 3249 1548; x_wconf 88' lang='lat' dir='ltr'><strong>tristitia,</strong></span> <span class='ocrx_word' id='word_1_210' title='bbox 3279 1486 3375 1540; x_wconf 89' lang='lat' dir='ltr'><strong>sed</strong></span> <span class='ocrx_word' id='word_1_211' title='bbox 3406 1505 3423 1536; x_wconf 87' lang='grc'><strong>‹</strong></span> <span class='ocrx_word' id='word_1_212' title='bbox 3456 1486 3511 1540; x_wconf 94' lang='lat' dir='ltr'><strong>in</strong></span> 
     </span>
    </p>
   </div>
   <div class='ocr_carea' id='block_1_25' title="bbox 1937 1558 3306 1642">
    <p class='ocr_par' dir='ltr' id='par_1_25' title="bbox 1937 1558 3306 1642">
     <span class='ocr_line' id='line_1_25' title="bbox 1937 1558 3306 1642; baseline -0.003 -14"><span class='ocrx_word' id='word_1_213' title='bbox 1937 1558 2145 1638; x_wconf 63' lang='lat' dir='ltr'><strong>latitia,</strong></span> <span class='ocrx_word' id='word_1_214' title='bbox 2173 1570 2398 1627; x_wconf 87' lang='lat' dir='ltr'><strong>hilarem</strong></span> <span class='ocrx_word' id='word_1_215' title='bbox 2427 1572 2571 1626; x_wconf 90' lang='lat' dir='ltr'><strong>enim</strong></span> <span class='ocrx_word' id='word_1_216' title='bbox 2600 1572 2840 1628; x_wconf 86' lang='lat' dir='ltr'><strong>datorem</strong></span> <span class='ocrx_word' id='word_1_217' title='bbox 2877 1573 3048 1642; x_wconf 79' lang='lat' dir='ltr'><strong>diligit</strong></span> <span class='ocrx_word' id='word_1_218' title='bbox 3077 1572 3237 1628; x_wconf 91' lang='lat' dir='ltr'><strong>Deus.</strong></span> <span class='ocrx_word' id='word_1_219' title='bbox 3288 1594 3306 1624; x_wconf 77' lang='grc' dir='ltr'><strong>ι</strong></span> 
     </span>
    </p>
   </div>
   <div class='ocr_carea' id='block_1_26' title="bbox 2015 1663 3512 1734">
    <p class='ocr_par' dir='ltr' id='par_1_26' title="bbox 2015 1663 3512 1734">
     <span class='ocr_line' id='line_1_26' title="bbox 2015 1663 3512 1734; baseline 0.002 -18"><span class='ocrx_word' id='word_1_220' title='bbox 2015 1684 2034 1716; x_wconf 75' lang='grc' dir='ltr'><strong>ι</strong></span> <span class='ocrx_word' id='word_1_221' title='bbox 2070 1663 2313 1719; x_wconf 86' lang='lat' dir='ltr'><strong>lntroite.</strong></span> <span class='ocrx_word' id='word_1_222' title='bbox 2354 1684 2372 1716; x_wconf 73' lang='grc' dir='ltr'><strong>ι</strong></span> <span class='ocrx_word' id='word_1_223' title='bbox 2407 1663 2565 1718; x_wconf 87' lang='lat' dir='ltr'><strong>Ponit</strong></span> <span class='ocrx_word' id='word_1_224' title='bbox 2610 1678 2826 1718; x_wconf 88' lang='lat' dir='ltr'><strong>causam</strong></span> <span class='ocrx_word' id='word_1_225' title='bbox 2866 1672 2920 1718; x_wconf 91' lang='lat' dir='ltr'><strong>et</strong></span> <span class='ocrx_word' id='word_1_226' title='bbox 2949 1679 3195 1734; x_wconf 90' lang='lat' dir='ltr'><strong>magnam</strong></span> <span class='ocrx_word' id='word_1_227' title='bbox 3225 1665 3512 1720; x_wconf 87' lang='lat' dir='ltr'><strong>utilitatem</strong></span> 
     </span>
    </p>
   </div>
   <div class='ocr_carea' id='block_1_27' title="bbox 1942 1753 3510 1824">
    <p class='ocr_par' dir='ltr' id='par_1_27' title="bbox 1942 1753 3510 1824">
     <span class='ocr_line' id='line_1_27' title="bbox 1942 1753 3510 1824; baseline -0.001 -12"><span class='ocrx_word' id='word_1_228' title='bbox 1942 1769 2149 1820; x_wconf 89' lang='lat' dir='ltr'><strong>eorum,</strong></span> <span class='ocrx_word' id='word_1_229' title='bbox 2188 1770 2356 1824; x_wconf 91' lang='lat' dir='ltr'><strong>quare</strong></span> <span class='ocrx_word' id='word_1_230' title='bbox 2395 1755 2562 1809; x_wconf 91' lang='lat' dir='ltr'><strong>Deum</strong></span> <span class='ocrx_word' id='word_1_231' title='bbox 2598 1753 2820 1809; x_wconf 89' lang='lat' dir='ltr'><strong>laudare</strong></span> <span class='ocrx_word' id='word_1_232' title='bbox 2848 1755 3092 1810; x_wconf 89' lang='lat' dir='ltr'><strong>debeant.</strong></span> <span class='ocrx_word' id='word_1_233' title='bbox 3148 1753 3510 1810; x_wconf 90' lang='lat' dir='ltr'><strong>Continuatio.</strong></span> 
     </span>
    </p>
   </div>
   <div class='ocr_carea' id='block_1_28' title="bbox 1942 1845 3516 1916">
    <p class='ocr_par' dir='ltr' id='par_1_28' title="bbox 1942 1845 3516 1916">
     <span class='ocr_line' id='line_1_28' title="bbox 1942 1845 3516 1916; baseline -0.001 -14"><span class='ocrx_word' id='word_1_234' title='bbox 1942 1847 2086 1902; x_wconf 87' lang='lat' dir='ltr'><strong>Bene</strong></span> <span class='ocrx_word' id='word_1_235' title='bbox 2109 1845 2318 1901; x_wconf 89' lang='lat' dir='ltr'><strong>debetis</strong></span> <span class='ocrx_word' id='word_1_236' title='bbox 2341 1845 2392 1900; x_wconf 90' lang='lat' dir='ltr'><strong>ei</strong></span> <span class='ocrx_word' id='word_1_237' title='bbox 2420 1845 2626 1901; x_wconf 87' lang='lat' dir='ltr'><strong>servire</strong></span> <span class='ocrx_word' id='word_1_238' title='bbox 2647 1845 2702 1900; x_wconf 91' lang='lat' dir='ltr'><strong>in</strong></span> <span class='ocrx_word' id='word_1_239' title='bbox 2725 1845 2928 1912; x_wconf 58' lang='lat' dir='ltr'><strong>latitia,</strong></span> <span class='ocrx_word' id='word_1_240' title='bbox 2955 1846 3078 1916; x_wconf 91' lang='lat' dir='ltr'><strong>quia</strong></span> <span class='ocrx_word' id='word_1_241' title='bbox 3101 1861 3199 1916; x_wconf 90' lang='lat' dir='ltr'><strong>per</strong></span> <span class='ocrx_word' id='word_1_242' title='bbox 3222 1846 3326 1900; x_wconf 87' lang='lat' dir='ltr'><strong>hoc</strong></span> <span class='ocrx_word' id='word_1_243' title='bbox 3346 1846 3516 1900; x_wconf 88' lang='lat' dir='ltr'><strong>intra-</strong></span> 
     </span>
    </p>
   </div>
   <div class='ocr_carea' id='block_1_29' title="bbox 260 1915 3509 2019">
    <p class='ocr_par' dir='ltr' id='par_1_29' title="bbox 260 1915 3509 2019">
     <span class='ocr_line' id='line_1_29' title="bbox 260 1915 3509 2019; baseline -0.003 -16"><span class='ocrx_word' id='word_1_244' title='bbox 260 1959 368 2013; x_wconf 90' lang='lat' dir='ltr'><strong>tur,</strong></span> <span class='ocrx_word' id='word_1_245' title='bbox 389 1964 513 2003; x_wconf 90' lang='lat' dir='ltr'><strong>nam</strong></span> <span class='ocrx_word' id='word_1_246' title='bbox 546 1949 659 2019; x_wconf 88' lang='lat' dir='ltr'><strong>ipse</strong></span> <span class='ocrx_word' id='word_1_247' title='bbox 696 1915 789 2003; x_wconf 66' lang='lat' dir='ltr'><strong>est</strong></span> <span class='ocrx_word' id='word_1_248' title='bbox 807 1945 1052 2002; x_wconf 89' lang='lat' dir='ltr'><strong>columna</strong></span> <span class='ocrx_word' id='word_1_249' title='bbox 1074 1915 1237 2016; x_wconf 50' lang='lat' dir='ltr'><strong>,.qu:e</strong></span> <span class='ocrx_word' id='word_1_250' title='bbox 1261 1944 1571 2000; x_wconf 84' lang='lat' dir='ltr'><strong>universam</strong></span> <span class='ocrx_word' id='word_1_251' title='bbox 1602 1915 1833 2000; x_wconf 67' lang='lat' dir='ltr'><strong>sustinet</strong></span> <span class='ocrx_word' id='word_1_252' title='bbox 1859 1915 1909 1976; x_wconf 77' lang='grc' dir='ltr'><strong>Β</strong></span> <span class='ocrx_word' id='word_1_253' title='bbox 1935 1939 2064 1995; x_wconf 89' lang='lat' dir='ltr'><strong>bitis</strong></span> <span class='ocrx_word' id='word_1_254' title='bbox 2101 1939 2156 1993; x_wconf 87' lang='lat' dir='ltr'><strong>in</strong></span> <span class='ocrx_word' id='word_1_255' title='bbox 2207 1945 2555 2008; x_wconf 90' lang='lat' dir='ltr'><strong>conspectum</strong></span> <span class='ocrx_word' id='word_1_256' title='bbox 2603 1936 2740 2007; x_wconf 89' lang='lat' dir='ltr'><strong>ejus.</strong></span> <span class='ocrx_word' id='word_1_257' title='bbox 2783 1936 2896 1992; x_wconf 83' lang='lat' dir='ltr'><strong>Hoc</strong></span> <span class='ocrx_word' id='word_1_258' title='bbox 2946 1915 3079 1993; x_wconf 88' lang='lat' dir='ltr'><strong>dicit</strong></span> <span class='ocrx_word' id='word_1_259' title='bbox 3108 1915 3122 1992; x_wconf 9' lang='grc' dir='ltr'>γε</span> <span class='ocrx_word' id='word_1_260' title='bbox 3171 1959 3189 1989; x_wconf 75' lang='lat'><em>«</em></span> <span class='ocrx_word' id='word_1_261' title='bbox 3237 1937 3460 1994; x_wconf 91' lang='lat' dir='ltr'><strong>lntroite</strong></span> <span class='ocrx_word' id='word_1_262' title='bbox 3491 1957 3509 1992; x_wconf 76' lang='grc' dir='ltr'><strong>ι</strong></span> 
     </span>
    </p>
   </div>
   <div class='ocr_carea' id='block_1_30' title="bbox 260 2041 578 2096">
    <p class='ocr_par' dir='ltr' id='par_1_30' title="bbox 260 2041 578 2096">
     <span class='ocr_line' id='line_1_30' title="bbox 260 2041 578 2096; baseline -0.013 0"><span class='ocrx_word' id='word_1_263' title='bbox 260 2041 578 2096; x_wconf 83' lang='lat' dir='ltr'><strong>Ecclesiam.</strong></span> 
     </span>
    </p>
   </div>
   <div class='ocr_carea' id='block_1_31' title="bbox 326 2124 1832 2201">
    <p class='ocr_par' dir='ltr' id='par_1_31' title="bbox 326 2124 1832 2201">
     <span class='ocr_line' id='line_1_31' title="bbox 326 2124 1832 2201; baseline -0.006 -14"><span class='ocrx_word' id='word_1_264' title='bbox 326 2131 444 2201; x_wconf 91' lang='lat' dir='ltr'><strong>lpse</strong></span> <span class='ocrx_word' id='word_1_265' title='bbox 468 2129 790 2200; x_wconf 89' lang='lat' dir='ltr'><strong>loquebatur</strong></span> <span class='ocrx_word' id='word_1_266' title='bbox 807 2127 875 2183; x_wconf 88' lang='lat' dir='ltr'><strong>ad</strong></span> <span class='ocrx_word' id='word_1_267' title='bbox 903 2142 1012 2192; x_wconf 91' lang='lat' dir='ltr'><strong>eos,</strong></span> <span class='ocrx_word' id='word_1_268' title='bbox 1044 2135 1100 2183; x_wconf 91' lang='lat' dir='ltr'><strong>et</strong></span> <span class='ocrx_word' id='word_1_269' title='bbox 1123 2127 1225 2198; x_wconf 90' lang='lat' dir='ltr'><strong>ipsi</strong></span> <span class='ocrx_word' id='word_1_270' title='bbox 1264 2145 1284 2182; x_wconf 74' lang='grc' dir='ltr'><strong>ι</strong></span> <span class='ocrx_word' id='word_1_271' title='bbox 1333 2124 1708 2182; x_wconf 89' lang='lat' dir='ltr'><strong>custodiebant</strong></span> <span class='ocrx_word' id='word_1_272' title='bbox 1752 2133 1832 2179; x_wconf 81' lang='lat' dir='ltr'><strong>te-</strong></span> 
     </span>
    </p>
   </div>
   <div class='ocr_carea' id='block_1_32' title="bbox 256 2215 1828 2288">
    <p class='ocr_par' dir='ltr' id='par_1_32' title="bbox 256 2215 1828 2288">
     <span class='ocr_line' id='line_1_32' title="bbox 256 2215 1828 2288; baseline -0.003 -14"><span class='ocrx_word' id='word_1_273' title='bbox 256 2220 510 2275; x_wconf 88' lang='lat' dir='ltr'><strong>stimonia</strong></span> <span class='ocrx_word' id='word_1_274' title='bbox 554 2218 698 2288; x_wconf 86' lang='lat' dir='ltr'><strong>ejus,</strong></span> <span class='ocrx_word' id='word_1_275' title='bbox 736 2237 755 2269; x_wconf 77' lang='grc' dir='ltr'><strong>ι</strong></span> <span class='ocrx_word' id='word_1_276' title='bbox 788 2217 844 2273; x_wconf 89' lang='lat' dir='ltr'><strong>id</strong></span> <span class='ocrx_word' id='word_1_277' title='bbox 870 2225 981 2284; x_wconf 88' lang='lat' dir='ltr'><strong>est,</strong></span> <span class='ocrx_word' id='word_1_278' title='bbox 1018 2216 1320 2272; x_wconf 90' lang='lat' dir='ltr'><strong>communia</strong></span> <span class='ocrx_word' id='word_1_279' title='bbox 1357 2223 1626 2286; x_wconf 70' lang='lat' dir='ltr'><strong>pmepta</strong></span> <span class='ocrx_word' id='word_1_280' title='bbox 1675 2215 1828 2286; x_wconf 88' lang='lat' dir='ltr'><strong>legis,</strong></span> 
     </span>
    </p>
   </div>
   <div class='ocr_carea' id='block_1_33' title="bbox 253 2307 1828 2381">
    <p class='ocr_par' dir='ltr' id='par_1_33' title="bbox 253 2307 1828 2381">
     <span class='ocr_line' id='line_1_33' title="bbox 253 2307 1828 2381; baseline -0.004 -17"><span class='ocrx_word' id='word_1_281' title='bbox 253 2311 310 2365; x_wconf 93' lang='lat' dir='ltr'><strong>in</strong></span> <span class='ocrx_word' id='word_1_282' title='bbox 337 2310 532 2381; x_wconf 91' lang='lat' dir='ltr'><strong>quibus</strong></span> <span class='ocrx_word' id='word_1_283' title='bbox 567 2309 867 2364; x_wconf 86' lang='lat' dir='ltr'><strong>testabatur</strong></span> <span class='ocrx_word' id='word_1_284' title='bbox 893 2309 972 2365; x_wconf 90' lang='lat' dir='ltr'><strong>eis</strong></span> <span class='ocrx_word' id='word_1_285' title='bbox 1008 2309 1151 2379; x_wconf 90' lang='lat' dir='ltr'><strong>quod</strong></span> <span class='ocrx_word' id='word_1_286' title='bbox 1174 2315 1317 2364; x_wconf 89' lang='lat' dir='ltr'><strong>esset</strong></span> <span class='ocrx_word' id='word_1_287' title='bbox 1337 2307 1643 2363; x_wconf 86' lang='lat' dir='ltr'><strong>faciendum</strong></span> <span class='ocrx_word' id='word_1_288' title='bbox 1677 2325 1696 2359; x_wconf 85' lang='grc'><strong>‹</strong></span> <span class='ocrx_word' id='word_1_289' title='bbox 1725 2315 1780 2362; x_wconf 89' lang='grc' dir='ltr'><strong>ει</strong></span> <span class='ocrx_word' id='word_1_290' title='bbox 1809 2327 1828 2358; x_wconf 76' lang='grc' dir='ltr'><strong>ι</strong></span> 
     </span>
    </p>
   </div>
   <div class='ocr_carea' id='block_1_34' title="bbox 253 2394 1831 2471">
    <p class='ocr_par' dir='ltr' id='par_1_34' title="bbox 253 2394 1831 2471">
     <span class='ocr_line' id='line_1_34' title="bbox 253 2394 1831 2471; baseline -0.001 -17"><span class='ocrx_word' id='word_1_291' title='bbox 253 2400 382 2471; x_wconf 89' lang='lat' dir='ltr'><strong>quid</strong></span> <span class='ocrx_word' id='word_1_292' title='bbox 408 2415 548 2466; x_wconf 91' lang='lat' dir='ltr'><strong>non,</strong></span> <span class='ocrx_word' id='word_1_293' title='bbox 578 2407 632 2454; x_wconf 90' lang='lat' dir='ltr'><strong>et</strong></span> <span class='ocrx_word' id='word_1_294' title='bbox 666 2399 933 2470; x_wconf 86' lang='lat' dir='ltr'><strong>singulare</strong></span> <span class='ocrx_word' id='word_1_295' title='bbox 972 2419 991 2450; x_wconf 71' lang='grc' dir='ltr'><strong>ι</strong></span> <span class='ocrx_word' id='word_1_296' title='bbox 1032 2406 1357 2469; x_wconf 69' lang='lat' dir='ltr'><strong>praeceptum</strong></span> <span class='ocrx_word' id='word_1_297' title='bbox 1395 2418 1413 2450; x_wconf 79' lang='grc' dir='ltr'><strong>ι</strong></span> <span class='ocrx_word' id='word_1_298' title='bbox 1445 2398 1512 2453; x_wconf 91' lang='lat' dir='ltr'><strong>de</strong></span> <span class='ocrx_word' id='word_1_299' title='bbox 1538 2394 1711 2453; x_wconf 73' lang='lat' dir='ltr'><strong>cilicio</strong></span> <span class='ocrx_word' id='word_1_300' title='bbox 1740 2413 1831 2452; x_wconf 91' lang='lat' dir='ltr'><strong>sa-</strong></span> 
     </span>
    </p>
   </div>
   <div class='ocr_carea' id='block_1_35' title="bbox 254 2487 1834 2560">
    <p class='ocr_par' dir='ltr' id='par_1_35' title="bbox 254 2487 1834 2560">
     <span class='ocr_line' id='line_1_35' title="bbox 254 2487 1834 2560; baseline -0.006 -12"><span class='ocrx_word' id='word_1_301' title='bbox 254 2490 508 2549; x_wconf 91' lang='lat' dir='ltr'><strong>cerdotali</strong></span> <span class='ocrx_word' id='word_1_302' title='bbox 553 2508 572 2542; x_wconf 74' lang='grc' dir='ltr'><strong>ι</strong></span> <span class='ocrx_word' id='word_1_303' title='bbox 600 2490 743 2560; x_wconf 93' lang='lat' dir='ltr'><strong>quod</strong></span> <span class='ocrx_word' id='word_1_304' title='bbox 771 2489 922 2546; x_wconf 89' lang='lat' dir='ltr'><strong>dedit</strong></span> <span class='ocrx_word' id='word_1_305' title='bbox 963 2488 1085 2544; x_wconf 89' lang='lat' dir='ltr'><strong>illis.</strong></span> <span class='ocrx_word' id='word_1_306' title='bbox 1125 2508 1144 2541; x_wconf 78' lang='grc' dir='ltr'><strong>ι</strong></span> <span class='ocrx_word' id='word_1_307' title='bbox 1194 2488 1291 2544; x_wconf 82' lang='lat' dir='ltr'><strong>Vel</strong></span> <span class='ocrx_word' id='word_1_308' title='bbox 1321 2501 1418 2558; x_wconf 88' lang='lat' dir='ltr'><strong>per</strong></span> <span class='ocrx_word' id='word_1_309' title='bbox 1466 2487 1834 2543; x_wconf 90' lang='lat' dir='ltr'><strong>testimonium</strong></span> 
     </span>
    </p>
   </div>
   <div class='ocr_carea' id='block_1_36' title="bbox 254 2581 1835 2655">
    <p class='ocr_par' dir='ltr' id='par_1_36' title="bbox 254 2581 1835 2655">
     <span class='ocr_line' id='line_1_36' title="bbox 254 2581 1835 2655; baseline -0.003 -17"><span class='ocrx_word' id='word_1_310' title='bbox 254 2599 539 2655; x_wconf 90' lang='lat' dir='ltr'><strong>possumus</strong></span> <span class='ocrx_word' id='word_1_311' title='bbox 575 2585 821 2654; x_wconf 89' lang='lat' dir='ltr'><strong>accipere</strong></span> <span class='ocrx_word' id='word_1_312' title='bbox 847 2583 1198 2638; x_wconf 70' lang='lat' dir='ltr'><strong>caeremonias</strong></span> <span class='ocrx_word' id='word_1_313' title='bbox 1235 2597 1370 2652; x_wconf 89' lang='lat' dir='ltr'><strong>quas</strong></span> <span class='ocrx_word' id='word_1_314' title='bbox 1399 2581 1690 2646; x_wconf 89' lang='lat' dir='ltr'><strong>faciebant,</strong></span> <span class='ocrx_word' id='word_1_315' title='bbox 1715 2594 1835 2650; x_wconf 64' lang='lat' dir='ltr'><strong>quae</strong></span> 
     </span>
    </p>
   </div>
   <div class='ocr_carea' id='block_1_37' title="bbox 256 2671 1835 2747">
    <p class='ocr_par' dir='ltr' id='par_1_37' title="bbox 256 2671 1835 2747">
     <span class='ocr_line' id='line_1_37' title="bbox 256 2671 1835 2747; baseline -0.004 -16"><span class='ocrx_word' id='word_1_316' title='bbox 256 2685 414 2733; x_wconf 87' lang='lat' dir='ltr'><strong>erant</strong></span> <span class='ocrx_word' id='word_1_317' title='bbox 437 2677 591 2747; x_wconf 90' lang='lat' dir='ltr'><strong>signa</strong></span> <span class='ocrx_word' id='word_1_318' title='bbox 619 2683 674 2730; x_wconf 91' lang='lat' dir='ltr'><strong>et</strong></span> <span class='ocrx_word' id='word_1_319' title='bbox 713 2675 1077 2730; x_wconf 88' lang='lat' dir='ltr'><strong>testimonium</strong></span> <span class='ocrx_word' id='word_1_320' title='bbox 1118 2672 1446 2728; x_wconf 89' lang='lat' dir='ltr'><strong>mirabilium</strong></span> <span class='ocrx_word' id='word_1_321' title='bbox 1481 2688 1602 2743; x_wconf 81' lang='lat' dir='ltr'><strong>quae</strong></span> <span class='ocrx_word' id='word_1_322' title='bbox 1631 2671 1835 2727; x_wconf 88' lang='lat' dir='ltr'><strong>fecerat</strong></span> 
     </span>
    </p>
   </div>
   <div class='ocr_carea' id='block_1_38' title="bbox 256 2764 1831 2834">
    <p class='ocr_par' dir='ltr' id='par_1_38' title="bbox 256 2764 1831 2834">
     <span class='ocr_line' id='line_1_38' title="bbox 256 2764 1831 2834; baseline -0.003 -13"><span class='ocrx_word' id='word_1_323' title='bbox 256 2768 336 2822; x_wconf 92' lang='lat' dir='ltr'><strong>eis</strong></span> <span class='ocrx_word' id='word_1_324' title='bbox 372 2767 672 2820; x_wconf 91' lang='lat' dir='ltr'><strong>Dominus:</strong></span> <span class='ocrx_word' id='word_1_325' title='bbox 704 2764 870 2820; x_wconf 91' lang='lat' dir='ltr'><strong>veluti</strong></span> <span class='ocrx_word' id='word_1_326' title='bbox 918 2779 1039 2820; x_wconf 92' lang='lat' dir='ltr'><strong>cum</strong></span> <span class='ocrx_word' id='word_1_327' title='bbox 1083 2764 1185 2834; x_wconf 92' lang='lat' dir='ltr'><strong>ipsi</strong></span> <span class='ocrx_word' id='word_1_328' title='bbox 1228 2764 1581 2818; x_wconf 71' lang='lat' dir='ltr'><strong>comedebant</strong></span> <span class='ocrx_word' id='word_1_329' title='bbox 1613 2777 1831 2832; x_wconf 88' lang='lat' dir='ltr'><strong>agnum,</strong></span> 
     </span>
    </p>
   </div>
   <div class='ocr_carea' id='block_1_39' title="bbox 257 2851 1834 2926">
    <p class='ocr_par' dir='ltr' id='par_1_39' title="bbox 257 2851 1834 2926">
     <span class='ocr_line' id='line_1_39' title="bbox 257 2851 1834 2926; baseline -0.002 -17"><span class='ocrx_word' id='word_1_330' title='bbox 257 2854 608 2910; x_wconf 90' lang='lat' dir='ltr'><strong>comedebant</strong></span> <span class='ocrx_word' id='word_1_331' title='bbox 633 2869 852 2926; x_wconf 81' lang='lat' dir='ltr'><strong>azymos</strong></span> <span class='ocrx_word' id='word_1_332' title='bbox 879 2869 1045 2924; x_wconf 88' lang='lat' dir='ltr'><strong>panes</strong></span> <span class='ocrx_word' id='word_1_333' title='bbox 1064 2893 1077 2917; x_wconf 92' lang='lat'><strong>,</strong></span> <span class='ocrx_word' id='word_1_334' title='bbox 1107 2853 1360 2908; x_wconf 90' lang='lat' dir='ltr'><strong>tenebant</strong></span> <span class='ocrx_word' id='word_1_335' title='bbox 1387 2853 1442 2906; x_wconf 92' lang='lat' dir='ltr'><strong>in</strong></span> <span class='ocrx_word' id='word_1_336' title='bbox 1469 2851 1716 2906; x_wconf 90' lang='lat' dir='ltr'><strong>manibus</strong></span> <span class='ocrx_word' id='word_1_337' title='bbox 1735 2852 1834 2907; x_wconf 89' lang='lat' dir='ltr'><strong>ba-</strong></span> 
     </span>
    </p>
   </div>
   <div class='ocr_carea' id='block_1_40' title="bbox 256 2942 1833 3015">
    <p class='ocr_par' dir='ltr' id='par_1_40' title="bbox 256 2942 1833 3015">
     <span class='ocr_line' id='line_1_40' title="bbox 256 2942 1833 3015; baseline -0.003 -14"><span class='ocrx_word' id='word_1_338' title='bbox 256 2945 425 3010; x_wconf 90' lang='lat' dir='ltr'><strong>culos,</strong></span> <span class='ocrx_word' id='word_1_339' title='bbox 457 2945 666 3015; x_wconf 89' lang='lat' dir='ltr'><strong>signum</strong></span> <span class='ocrx_word' id='word_1_340' title='bbox 704 2952 821 2999; x_wconf 85' lang='lat' dir='ltr'><strong>erat</strong></span> <span class='ocrx_word' id='word_1_341' title='bbox 854 2951 909 2998; x_wconf 94' lang='lat' dir='ltr'><strong>et</strong></span> <span class='ocrx_word' id='word_1_342' title='bbox 941 2943 1304 3000; x_wconf 90' lang='lat' dir='ltr'><strong>testimonium</strong></span> <span class='ocrx_word' id='word_1_343' title='bbox 1342 2943 1398 2998; x_wconf 92' lang='lat' dir='ltr'><strong>in</strong></span> <span class='ocrx_word' id='word_1_344' title='bbox 1427 2950 1719 3013; x_wconf 86' lang='lat' dir='ltr'><strong>conspectu</strong></span> <span class='ocrx_word' id='word_1_345' title='bbox 1766 2942 1833 2996; x_wconf 86' lang='lat' dir='ltr'><strong>ﬁ-</strong></span> 
     </span>
    </p>
   </div>
   <div class='ocr_carea' id='block_1_41' title="bbox 257 3032 1834 3106">
    <p class='ocr_par' dir='ltr' id='par_1_41' title="bbox 257 3032 1834 3106">
     <span class='ocr_line' id='line_1_41' title="bbox 257 3032 1834 3106; baseline -0.002 -16"><span class='ocrx_word' id='word_1_346' title='bbox 257 3037 449 3092; x_wconf 88' lang='lat' dir='ltr'><strong>liorum</strong></span> <span class='ocrx_word' id='word_1_347' title='bbox 474 3035 660 3102; x_wconf 90' lang='lat' dir='ltr'><strong>lsrael,</strong></span> <span class='ocrx_word' id='word_1_348' title='bbox 689 3034 782 3106; x_wconf 91' lang='lat' dir='ltr'><strong>qui</strong></span> <span class='ocrx_word' id='word_1_349' title='bbox 809 3035 924 3090; x_wconf 64' lang='lat' dir='ltr'><strong>haec</strong></span> <span class='ocrx_word' id='word_1_350' title='bbox 970 3049 1078 3090; x_wconf 90' lang='lat' dir='ltr'><strong>non</strong></span> <span class='ocrx_word' id='word_1_351' title='bbox 1123 3034 1376 3091; x_wconf 89' lang='lat' dir='ltr'><strong>viderant</strong></span> <span class='ocrx_word' id='word_1_352' title='bbox 1419 3032 1723 3092; x_wconf 88' lang='lat' dir='ltr'><strong>eductionis</strong></span> <span class='ocrx_word' id='word_1_353' title='bbox 1767 3032 1834 3088; x_wconf 89' lang='lat' dir='ltr'><strong>de</strong></span> 
     </span>
    </p>
   </div>
   <div class='ocr_carea' id='block_1_42' title="bbox 258 3127 517 3199">
    <p class='ocr_par' dir='ltr' id='par_1_42' title="bbox 258 3127 517 3199">
     <span class='ocr_line' id='line_1_42' title="bbox 258 3127 517 3199; baseline 0 -17"><span class='ocrx_word' id='word_1_354' title='bbox 258 3127 517 3199; x_wconf 63' lang='lat' dir='ltr'><strong>Egypto.</strong></span> 
     </span>
    </p>
   </div>
   <div class='ocr_carea' id='block_1_43' title="bbox 325 3219 1831 3290">
    <p class='ocr_par' dir='ltr' id='par_1_43' title="bbox 325 3219 1831 3290">
     <span class='ocr_line' id='line_1_43' title="bbox 325 3219 1831 3290; baseline 0.001 -16"><span class='ocrx_word' id='word_1_355' title='bbox 325 3220 431 3290; x_wconf 88' lang='lat' dir='ltr'><strong>Ipsi</strong></span> <span class='ocrx_word' id='word_1_356' title='bbox 459 3221 832 3276; x_wconf 89' lang='lat' dir='ltr'><strong>custodiebant</strong></span> <span class='ocrx_word' id='word_1_357' title='bbox 851 3221 1250 3287; x_wconf 89' lang='lat' dir='ltr'><strong>testimonia,et</strong></span> <span class='ocrx_word' id='word_1_358' title='bbox 1279 3239 1299 3274; x_wconf 76' lang='grc' dir='ltr'><strong>ι</strong></span> <span class='ocrx_word' id='word_1_359' title='bbox 1332 3229 1412 3285; x_wconf 84' lang='grc' dir='ltr'>ιιι,</span> <span class='ocrx_word' id='word_1_360' title='bbox 1443 3221 1668 3276; x_wconf 89' lang='lat' dir='ltr'><strong>Domine</strong></span> <span class='ocrx_word' id='word_1_361' title='bbox 1688 3219 1831 3276; x_wconf 89' lang='lat' dir='ltr'><strong>Deus</strong></span> 
     </span>
    </p>
   </div>
   <div class='ocr_carea' id='block_1_44' title="bbox 256 3280 1905 3381">
    <p class='ocr_par' dir='ltr' id='par_1_44' title="bbox 256 3280 1905 3381">
     <span class='ocr_line' id='line_1_44' title="bbox 256 3280 1905 3381; baseline -0.003 -15"><span class='ocrx_word' id='word_1_362' title='bbox 256 3318 441 3366; x_wconf 88' lang='lat' dir='ltr'><strong>noster</strong></span> <span class='ocrx_word' id='word_1_363' title='bbox 475 3330 494 3363; x_wconf 76' lang='grc' dir='ltr'><strong>ι</strong></span> <span class='ocrx_word' id='word_1_364' title='bbox 523 3310 718 3375; x_wconf 90' lang='lat' dir='ltr'><strong>factus,</strong></span> <span class='ocrx_word' id='word_1_365' title='bbox 746 3311 874 3381; x_wconf 90' lang='lat' dir='ltr'><strong>quia</strong></span> <span class='ocrx_word' id='word_1_366' title='bbox 900 3311 1233 3376; x_wconf 89' lang='lat' dir='ltr'><strong>incarnatus,</strong></span> <span class='ocrx_word' id='word_1_367' title='bbox 1263 3331 1282 3362; x_wconf 86' lang='grc'><em>‹</em></span> <span class='ocrx_word' id='word_1_368' title='bbox 1312 3311 1640 3366; x_wconf 78' lang='lat' dir='ltr'><strong>exaudiebas</strong></span> <span class='ocrx_word' id='word_1_369' title='bbox 1664 3325 1759 3366; x_wconf 92' lang='lat' dir='ltr'><strong>eos</strong></span> <span class='ocrx_word' id='word_1_370' title='bbox 1805 3329 1826 3361; x_wconf 72' lang='grc' dir='ltr'><strong>ι</strong></span> <span class='ocrx_word' id='word_1_371' title='bbox 1857 3280 1905 3345; x_wconf 72' lang='lat' dir='ltr'>c</span> 
     </span>
    </p>
   </div>
   <div class='ocr_carea' id='block_1_45' title="bbox 257 3394 1833 3471">
    <p class='ocr_par' dir='ltr' id='par_1_45' title="bbox 257 3394 1833 3471">
     <span class='ocr_line' id='line_1_45' title="bbox 257 3394 1833 3471; baseline -0.001 -15"><span class='ocrx_word' id='word_1_372' title='bbox 257 3402 311 3456; x_wconf 93' lang='lat' dir='ltr'><strong>in</strong></span> <span class='ocrx_word' id='word_1_373' title='bbox 350 3394 760 3456; x_wconf 81' lang='lat' dir='ltr'><strong>necessitatibus</strong></span> <span class='ocrx_word' id='word_1_374' title='bbox 795 3415 1006 3464; x_wconf 89' lang='lat' dir='ltr'><strong>eorum,</strong></span> <span class='ocrx_word' id='word_1_375' title='bbox 1040 3418 1059 3450; x_wconf 73' lang='grc' dir='ltr'><strong>ι</strong></span> <span class='ocrx_word' id='word_1_376' title='bbox 1102 3399 1265 3465; x_wconf 90' lang='lat' dir='ltr'><strong>Deus,</strong></span> <span class='ocrx_word' id='word_1_377' title='bbox 1302 3407 1360 3454; x_wconf 90' lang='lat' dir='ltr'><strong>tu</strong></span> <span class='ocrx_word' id='word_1_378' title='bbox 1403 3418 1422 3450; x_wconf 74' lang='grc' dir='ltr'><strong>ι</strong></span> <span class='ocrx_word' id='word_1_379' title='bbox 1465 3400 1630 3455; x_wconf 90' lang='lat' dir='ltr'><strong>etiam</strong></span> <span class='ocrx_word' id='word_1_380' title='bbox 1658 3417 1676 3450; x_wconf 75' lang='grc' dir='ltr'><strong>ι</strong></span> <span class='ocrx_word' id='word_1_381' title='bbox 1708 3413 1833 3471; x_wconf 76' lang='lat' dir='ltr'><strong>pro-</strong></span> 
     </span>
    </p>
   </div>
   <div class='ocr_carea' id='block_1_46' title="bbox 257 3489 1832 3564">
    <p class='ocr_par' dir='ltr' id='par_1_46' title="bbox 257 3489 1832 3564">
     <span class='ocr_line' id='line_1_46' title="bbox 257 3489 1832 3564; baseline 0 -19"><span class='ocrx_word' id='word_1_382' title='bbox 257 3493 424 3564; x_wconf 90' lang='lat' dir='ltr'><strong>pitius</strong></span> <span class='ocrx_word' id='word_1_383' title='bbox 449 3490 600 3545; x_wconf 87' lang='lat' dir='ltr'><strong>fuisti</strong></span> <span class='ocrx_word' id='word_1_384' title='bbox 639 3490 736 3555; x_wconf 90' lang='lat' dir='ltr'><strong>eis,</strong></span> <span class='ocrx_word' id='word_1_385' title='bbox 769 3510 788 3542; x_wconf 82' lang='grc'>›</span> <span class='ocrx_word' id='word_1_386' title='bbox 818 3490 1126 3546; x_wconf 91' lang='lat' dir='ltr'><strong>condonans</strong></span> <span class='ocrx_word' id='word_1_387' title='bbox 1161 3497 1406 3558; x_wconf 90' lang='lat' dir='ltr'><strong>peccata,</strong></span> <span class='ocrx_word' id='word_1_388' title='bbox 1437 3509 1455 3541; x_wconf 77' lang='grc' dir='ltr'><strong>ι</strong></span> <span class='ocrx_word' id='word_1_389' title='bbox 1486 3497 1542 3545; x_wconf 84' lang='grc' dir='ltr'><strong>ει</strong></span> <span class='ocrx_word' id='word_1_390' title='bbox 1564 3489 1832 3546; x_wconf 88' lang='lat' dir='ltr'><strong>ulciscens</strong></span> 
     </span>
    </p>
   </div>
   <div class='ocr_carea' id='block_1_47' title="bbox 260 3578 1828 3649">
    <p class='ocr_par' dir='ltr' id='par_1_47' title="bbox 260 3578 1828 3649">
     <span class='ocr_line' id='line_1_47' title="bbox 260 3578 1828 3649; baseline -0.002 -14"><span class='ocrx_word' id='word_1_391' title='bbox 260 3583 424 3636; x_wconf 89' lang='lat' dir='ltr'><strong>etiam</strong></span> <span class='ocrx_word' id='word_1_392' title='bbox 457 3580 746 3649; x_wconf 88' lang='lat' dir='ltr'><strong>aliquando</strong></span> <span class='ocrx_word' id='word_1_393' title='bbox 780 3580 835 3634; x_wconf 91' lang='lat' dir='ltr'><strong>in</strong></span> <span class='ocrx_word' id='word_1_394' title='bbox 882 3594 1069 3634; x_wconf 91' lang='lat' dir='ltr'><strong>omnes</strong></span> <span class='ocrx_word' id='word_1_395' title='bbox 1121 3578 1524 3634; x_wconf 87' lang='lat' dir='ltr'><strong>adinventiones</strong></span> <span class='ocrx_word' id='word_1_396' title='bbox 1564 3595 1772 3645; x_wconf 90' lang='lat' dir='ltr'><strong>eorum,</strong></span> <span class='ocrx_word' id='word_1_397' title='bbox 1807 3599 1828 3632; x_wconf 74' lang='grc' dir='ltr'><strong>ι</strong></span> 
     </span>
    </p>
   </div>
   <div class='ocr_carea' id='block_1_48' title="bbox 263 3669 1836 3740">
    <p class='ocr_par' dir='ltr' id='par_1_48' title="bbox 263 3669 1836 3740">
     <span class='ocr_line' id='line_1_48' title="bbox 263 3669 1836 3740; baseline -0.001 -15"><span class='ocrx_word' id='word_1_398' title='bbox 263 3672 317 3726; x_wconf 92' lang='lat' dir='ltr'><strong>id</strong></span> <span class='ocrx_word' id='word_1_399' title='bbox 343 3680 446 3736; x_wconf 86' lang='lat' dir='ltr'><strong>est,</strong></span> <span class='ocrx_word' id='word_1_400' title='bbox 477 3681 695 3740; x_wconf 89' lang='lat' dir='ltr'><strong>peccata</strong></span> <span class='ocrx_word' id='word_1_401' title='bbox 723 3685 842 3740; x_wconf 68' lang='lat' dir='ltr'><strong>quae</strong></span> <span class='ocrx_word' id='word_1_402' title='bbox 868 3671 1011 3725; x_wconf 91' lang='lat' dir='ltr'><strong>Deus</strong></span> <span class='ocrx_word' id='word_1_403' title='bbox 1046 3671 1100 3724; x_wconf 91' lang='lat' dir='ltr'><strong>in</strong></span> <span class='ocrx_word' id='word_1_404' title='bbox 1147 3669 1254 3724; x_wconf 90' lang='lat' dir='ltr'><strong>illis</strong></span> <span class='ocrx_word' id='word_1_405' title='bbox 1302 3685 1408 3726; x_wconf 90' lang='lat' dir='ltr'><strong>non</strong></span> <span class='ocrx_word' id='word_1_406' title='bbox 1438 3669 1583 3736; x_wconf 91' lang='lat' dir='ltr'><strong>fecit,</strong></span> <span class='ocrx_word' id='word_1_407' title='bbox 1633 3677 1687 3724; x_wconf 92' lang='lat' dir='ltr'><strong>ct</strong></span> <span class='ocrx_word' id='word_1_408' title='bbox 1733 3670 1836 3740; x_wconf 93' lang='lat' dir='ltr'><strong>ipsi</strong></span> 
     </span>
    </p>
   </div>
   <div class='ocr_carea' id='block_1_49' title="bbox 263 3760 1838 3832">
    <p class='ocr_par' dir='ltr' id='par_1_49' title="bbox 263 3760 1838 3832">
     <span class='ocr_line' id='line_1_49' title="bbox 263 3760 1838 3832; baseline 0.001 -18"><span class='ocrx_word' id='word_1_409' title='bbox 263 3761 671 3826; x_wconf 86' lang='lat' dir='ltr'><strong>adinvenerunt,</strong></span> <span class='ocrx_word' id='word_1_410' title='bbox 695 3768 756 3816; x_wconf 91' lang='lat' dir='ltr'><strong>ut</strong></span> <span class='ocrx_word' id='word_1_411' title='bbox 796 3775 894 3831; x_wconf 90' lang='lat' dir='ltr'><strong>per</strong></span> <span class='ocrx_word' id='word_1_412' title='bbox 922 3760 1042 3817; x_wconf 90' lang='lat' dir='ltr'><strong>illas</strong></span> <span class='ocrx_word' id='word_1_413' title='bbox 1069 3760 1302 3816; x_wconf 87' lang='lat' dir='ltr'><strong>ultiones</strong></span> <span class='ocrx_word' id='word_1_414' title='bbox 1324 3761 1625 3832; x_wconf 83' lang='lat' dir='ltr'><strong>corrigeres</strong></span> <span class='ocrx_word' id='word_1_415' title='bbox 1665 3774 1759 3816; x_wconf 93' lang='lat' dir='ltr'><strong>eos</strong></span> <span class='ocrx_word' id='word_1_416' title='bbox 1781 3765 1838 3815; x_wconf 93' lang='lat' dir='ltr'><strong>et</strong></span> 
     </span>
    </p>
   </div>
   <div class='ocr_carea' id='block_1_50' title="bbox 261 3852 540 3920">
    <p class='ocr_par' dir='ltr' id='par_1_50' title="bbox 261 3852 540 3920">
     <span class='ocr_line' id='line_1_50' title="bbox 261 3852 540 3920; baseline 0.007 -16"><span class='ocrx_word' id='word_1_417' title='bbox 261 3852 540 3920; x_wconf 89' lang='lat' dir='ltr'><strong>probares.</strong></span> 
     </span>
    </p>
   </div>
   <div class='ocr_carea' id='block_1_51' title="bbox 331 3943 1836 4015">
    <p class='ocr_par' dir='ltr' id='par_1_51' title="bbox 331 3943 1836 4015">
     <span class='ocr_line' id='line_1_51' title="bbox 331 3943 1836 4015; baseline 0.003 -18"><span class='ocrx_word' id='word_1_418' title='bbox 331 3943 595 4010; x_wconf 88' lang='lat' dir='ltr'><strong>Quoniam</strong></span> <span class='ocrx_word' id='word_1_419' title='bbox 635 3943 845 4015; x_wconf 80' lang='lat' dir='ltr'><strong>Moyses</strong></span> <span class='ocrx_word' id='word_1_420' title='bbox 887 3952 942 4000; x_wconf 91' lang='lat' dir='ltr'><strong>et</strong></span> <span class='ocrx_word' id='word_1_421' title='bbox 991 3944 1174 4000; x_wconf 82' lang='lat' dir='ltr'><strong>Aaron</strong></span> <span class='ocrx_word' id='word_1_422' title='bbox 1219 3945 1522 4001; x_wconf 88' lang='lat' dir='ltr'><strong>servierunt</strong></span> <span class='ocrx_word' id='word_1_423' title='bbox 1555 3945 1605 4000; x_wconf 90' lang='lat' dir='ltr'><strong>ei</strong></span> <span class='ocrx_word' id='word_1_424' title='bbox 1644 3954 1699 4002; x_wconf 92' lang='lat' dir='ltr'><strong>et</strong></span> <span class='ocrx_word' id='word_1_425' title='bbox 1736 3946 1836 4002; x_wconf 88' lang='lat' dir='ltr'><strong>has</strong></span> 
     </span>
    </p>
   </div>
   <div class='ocr_carea' id='block_1_52' title="bbox 263 4034 1829 4107">
    <p class='ocr_par' dir='ltr' id='par_1_52' title="bbox 263 4034 1829 4107">
     <span class='ocr_line' id='line_1_52' title="bbox 263 4034 1829 4107; baseline -0.001 -16"><span class='ocrx_word' id='word_1_426' title='bbox 263 4037 523 4091; x_wconf 88' lang='lat' dir='ltr'><strong>utilitates</strong></span> <span class='ocrx_word' id='word_1_427' title='bbox 548 4036 670 4091; x_wconf 91' lang='lat' dir='ltr'><strong>inde</strong></span> <span class='ocrx_word' id='word_1_428' title='bbox 697 4036 1025 4102; x_wconf 87' lang='lat' dir='ltr'><strong>habuerunt,</strong></span> <span class='ocrx_word' id='word_1_429' title='bbox 1048 4051 1177 4107; x_wconf 90' lang='lat' dir='ltr'><strong>ergo</strong></span> <span class='ocrx_word' id='word_1_430' title='bbox 1211 4050 1308 4091; x_wconf 92' lang='lat' dir='ltr'><strong>vos</strong></span> <span class='ocrx_word' id='word_1_431' title='bbox 1332 4034 1423 4091; x_wconf 92' lang='lat' dir='ltr'><strong>alii</strong></span> <span class='ocrx_word' id='word_1_432' title='bbox 1460 4054 1480 4087; x_wconf 72' lang='grc' dir='ltr'><strong>ι</strong></span> <span class='ocrx_word' id='word_1_433' title='bbox 1518 4037 1774 4103; x_wconf 82' lang='lat' dir='ltr'><strong>exaltate,</strong></span> <span class='ocrx_word' id='word_1_434' title='bbox 1809 4058 1829 4089; x_wconf 83' lang='grc'><strong>›</strong></span> 
     </span>
    </p>
   </div>
   <div class='ocr_carea' id='block_1_53' title="bbox 264 4126 1835 4198">
    <p class='ocr_par' dir='ltr' id='par_1_53' title="bbox 264 4126 1835 4198">
     <span class='ocr_line' id='line_1_53' title="bbox 264 4126 1835 4198; baseline 0.001 -16"><span class='ocrx_word' id='word_1_435' title='bbox 264 4127 316 4182; x_wconf 94' lang='lat' dir='ltr'><strong>id</strong></span> <span class='ocrx_word' id='word_1_436' title='bbox 339 4135 441 4190; x_wconf 91' lang='lat' dir='ltr'><strong>est,</strong></span> <span class='ocrx_word' id='word_1_437' title='bbox 467 4126 658 4193; x_wconf 90' lang='lat' dir='ltr'><strong>altum,</strong></span> <span class='ocrx_word' id='word_1_438' title='bbox 698 4127 1123 4198; x_wconf 86' lang='lat' dir='ltr'><strong>omnipotentem</strong></span> <span class='ocrx_word' id='word_1_439' title='bbox 1152 4127 1290 4183; x_wconf 87' lang='lat' dir='ltr'><strong>bene</strong></span> <span class='ocrx_word' id='word_1_440' title='bbox 1327 4128 1609 4184; x_wconf 89' lang='lat' dir='ltr'><strong>serviendo</strong></span> <span class='ocrx_word' id='word_1_441' title='bbox 1651 4136 1835 4184; x_wconf 90' lang='lat' dir='ltr'><strong>osten-</strong></span> 
     </span>
    </p>
   </div>
   <div class='ocr_carea' id='block_1_54' title="bbox 264 4219 1835 4286">
    <p class='ocr_par' dir='ltr' id='par_1_54' title="bbox 264 4219 1835 4286">
     <span class='ocr_line' id='line_1_54' title="bbox 264 4219 1835 4286; baseline 0.001 -10"><span class='ocrx_word' id='word_1_442' title='bbox 264 4221 372 4276; x_wconf 91' lang='lat' dir='ltr'><strong>dite</strong></span> <span class='ocrx_word' id='word_1_443' title='bbox 399 4238 417 4270; x_wconf 76' lang='grc' dir='ltr'><strong>ι</strong></span> <span class='ocrx_word' id='word_1_444' title='bbox 451 4220 734 4276; x_wconf 89' lang='lat' dir='ltr'><strong>Dominum</strong></span> <span class='ocrx_word' id='word_1_445' title='bbox 756 4219 924 4275; x_wconf 91' lang='lat' dir='ltr'><strong>Deum</strong></span> <span class='ocrx_word' id='word_1_446' title='bbox 942 4228 1186 4276; x_wconf 90' lang='lat' dir='ltr'><strong>nostrum</strong></span> <span class='ocrx_word' id='word_1_447' title='bbox 1203 4260 1218 4286; x_wconf 90' lang='lat'><strong>,</strong></span> <span class='ocrx_word' id='word_1_448' title='bbox 1245 4228 1300 4276; x_wconf 92' lang='lat' dir='ltr'><strong>et</strong></span> <span class='ocrx_word' id='word_1_449' title='bbox 1332 4221 1552 4276; x_wconf 88' lang='lat' dir='ltr'><strong>adorate</strong></span> <span class='ocrx_word' id='word_1_450' title='bbox 1572 4220 1628 4274; x_wconf 92' lang='lat' dir='ltr'><strong>in</strong></span> <span class='ocrx_word' id='word_1_451' title='bbox 1652 4228 1835 4277; x_wconf 89' lang='lat' dir='ltr'><strong>monte</strong></span> 
     </span>
    </p>
   </div>
   <div class='ocr_carea' id='block_1_55' title="bbox 265 4309 1834 4380">
    <p class='ocr_par' dir='ltr' id='par_1_55' title="bbox 265 4309 1834 4380">
     <span class='ocr_line' id='line_1_55' title="bbox 265 4309 1834 4380; baseline -0.002 -14"><span class='ocrx_word' id='word_1_452' title='bbox 265 4318 453 4366; x_wconf 89' lang='lat' dir='ltr'><strong>sancto</strong></span> <span class='ocrx_word' id='word_1_453' title='bbox 489 4309 626 4379; x_wconf 88' lang='lat' dir='ltr'><strong>ejus,</strong></span> <span class='ocrx_word' id='word_1_454' title='bbox 657 4329 676 4362; x_wconf 73' lang='grc' dir='ltr'><strong>ι</strong></span> <span class='ocrx_word' id='word_1_455' title='bbox 709 4310 764 4366; x_wconf 90' lang='lat' dir='ltr'><strong>id</strong></span> <span class='ocrx_word' id='word_1_456' title='bbox 789 4319 901 4375; x_wconf 91' lang='lat' dir='ltr'><strong>est,</strong></span> <span class='ocrx_word' id='word_1_457' title='bbox 927 4310 984 4364; x_wconf 92' lang='lat' dir='ltr'><strong>in</strong></span> <span class='ocrx_word' id='word_1_458' title='bbox 1026 4309 1286 4374; x_wconf 88' lang='lat' dir='ltr'><strong>Ecclesia,</strong></span> <span class='ocrx_word' id='word_1_459' title='bbox 1314 4317 1472 4365; x_wconf 79' lang='lat' dir='ltr'><strong>extra</strong></span> <span class='ocrx_word' id='word_1_460' title='bbox 1517 4324 1680 4380; x_wconf 90' lang='lat' dir='ltr'><strong>quam</strong></span> <span class='ocrx_word' id='word_1_461' title='bbox 1727 4323 1834 4364; x_wconf 90' lang='lat' dir='ltr'><strong>non</strong></span> 
     </span>
    </p>
   </div>
   <div class='ocr_carea' id='block_1_56' title="bbox 264 4401 1836 4478">
    <p class='ocr_par' dir='ltr' id='par_1_56' title="bbox 264 4401 1836 4478">
     <span class='ocr_line' id='line_1_56' title="bbox 264 4401 1836 4478; baseline -0.001 -18"><span class='ocrx_word' id='word_1_462' title='bbox 264 4410 348 4475; x_wconf 66' lang='lat' dir='ltr'><strong>est</strong></span> <span class='ocrx_word' id='word_1_463' title='bbox 373 4402 524 4478; x_wconf 79' lang='lat' dir='ltr'><strong>locus</strong></span> <span class='ocrx_word' id='word_1_464' title='bbox 566 4402 848 4468; x_wconf 91' lang='lat' dir='ltr'><strong>orationis,</strong></span> <span class='ocrx_word' id='word_1_465' title='bbox 875 4421 896 4455; x_wconf 73' lang='grc' dir='ltr'><strong>ι</strong></span> <span class='ocrx_word' id='word_1_466' title='bbox 931 4403 1190 4473; x_wconf 88' lang='lat' dir='ltr'><strong>quoniam</strong></span> <span class='ocrx_word' id='word_1_467' title='bbox 1215 4410 1438 4459; x_wconf 90' lang='lat' dir='ltr'><strong>sanctus</strong></span> <span class='ocrx_word' id='word_1_468' title='bbox 1476 4421 1494 4455; x_wconf 76' lang='grc' dir='ltr'><strong>ι</strong></span> <span class='ocrx_word' id='word_1_469' title='bbox 1531 4409 1615 4458; x_wconf 90' lang='grc' dir='ltr'><strong>εει</strong></span> <span class='ocrx_word' id='word_1_470' title='bbox 1657 4422 1676 4453; x_wconf 73' lang='grc' dir='ltr'><strong>ι</strong></span> <span class='ocrx_word' id='word_1_471' title='bbox 1728 4401 1836 4458; x_wconf 83' lang='lat' dir='ltr'><strong>Do-</strong></span> 
     </span>
    </p>
   </div>
   <div class='ocr_carea' id='block_1_57' title="bbox 265 4493 893 4552">
    <p class='ocr_par' dir='ltr' id='par_1_57' title="bbox 265 4493 893 4552">
     <span class='ocr_line' id='line_1_57' title="bbox 265 4493 893 4552; baseline -0.014 0"><span class='ocrx_word' id='word_1_472' title='bbox 265 4495 444 4552; x_wconf 77' lang='lat' dir='ltr'><strong>minus</strong></span> <span class='ocrx_word' id='word_1_473' title='bbox 467 4493 609 4550; x_wconf 92' lang='lat' dir='ltr'><strong>Deus</strong></span> <span class='ocrx_word' id='word_1_474' title='bbox 629 4501 834 4550; x_wconf 90' lang='lat' dir='ltr'><strong>noster.</strong></span> <span class='ocrx_word' id='word_1_475' title='bbox 875 4512 893 4543; x_wconf 74' lang='grc' dir='ltr'><strong>ι</strong></span> 
     </span>
    </p>
   </div>
   <div class='ocr_carea' id='block_1_58' title="bbox 715 4621 1376 4680">
    <p class='ocr_par' dir='ltr' id='par_1_58' title="bbox 715 4621 1376 4680">
     <span class='ocr_line' id='line_1_58' title="bbox 715 4621 1376 4680; baseline -0.003 -1"><span class='ocrx_word' id='word_1_476' title='bbox 715 4623 783 4679; x_wconf 86' lang='lat' dir='ltr'><strong>lN</strong></span> <span class='ocrx_word' id='word_1_477' title='bbox 827 4622 1157 4680; x_wconf 81' lang='lat' dir='ltr'><strong>PSALMUM</strong></span> <span class='ocrx_word' id='word_1_478' title='bbox 1192 4621 1376 4680; x_wconf 78' lang='lat' dir='ltr'><strong>XCIX.</strong></span> 
     </span>
    </p>
   </div>
   <div class='ocr_carea' id='block_1_59' title="bbox 459 4736 1643 4808">
    <p class='ocr_par' dir='ltr' id='par_1_59' title="bbox 459 4736 1643 4808">
     <span class='ocr_line' id='line_1_59' title="bbox 459 4736 1643 4808; baseline -0.003 -14"><span class='ocrx_word' id='word_1_479' title='bbox 459 4739 694 4796; x_wconf 78' lang='lat' dir='ltr'><strong>TITULUS</strong></span> <span class='ocrx_word' id='word_1_480' title='bbox 721 4755 733 4793; x_wconf 91' lang='lat'><strong>:</strong></span> <span class='ocrx_word' id='word_1_481' title='bbox 756 4737 1001 4793; x_wconf 75' lang='lat' dir='ltr'><strong>Psalmus</strong></span> <span class='ocrx_word' id='word_1_482' title='bbox 1026 4738 1194 4792; x_wconf 73' lang='lat' dir='ltr'><strong>David</strong></span> <span class='ocrx_word' id='word_1_483' title='bbox 1219 4737 1274 4793; x_wconf 75' lang='lat' dir='ltr'><strong>in</strong></span> <span class='ocrx_word' id='word_1_484' title='bbox 1303 4736 1643 4808; x_wconf 75' lang='lat' dir='ltr'><strong>confessione.</strong></span> 
     </span>
    </p>
   </div>
   <div class='ocr_carea' id='block_1_60' title="bbox 343 4848 1838 4920">
    <p class='ocr_par' dir='ltr' id='par_1_60' title="bbox 343 4848 1838 4920">
     <span class='ocr_line' id='line_1_60' title="bbox 343 4848 1838 4920; baseline 0 -15"><span class='ocrx_word' id='word_1_485' title='bbox 343 4871 362 4905; x_wconf 74' lang='grc' dir='ltr'><strong>ι</strong></span> <span class='ocrx_word' id='word_1_486' title='bbox 399 4851 631 4908; x_wconf 83' lang='lat' dir='ltr'><strong>Jubilate</strong></span> <span class='ocrx_word' id='word_1_487' title='bbox 662 4851 792 4906; x_wconf 91' lang='lat' dir='ltr'><strong>Deo.</strong></span> <span class='ocrx_word' id='word_1_488' title='bbox 845 4869 865 4902; x_wconf 71' lang='grc' dir='ltr'><strong>ι</strong></span> <span class='ocrx_word' id='word_1_489' title='bbox 903 4849 1150 4905; x_wconf 88' lang='lat' dir='ltr'><strong>Psalmus</strong></span> <span class='ocrx_word' id='word_1_490' title='bbox 1208 4850 1310 4905; x_wconf 91' lang='lat' dir='ltr'><strong>iste</strong></span> <span class='ocrx_word' id='word_1_491' title='bbox 1357 4848 1553 4905; x_wconf 91' lang='lat' dir='ltr'><strong>dicitur</strong></span> <span class='ocrx_word' id='word_1_492' title='bbox 1600 4848 1838 4920; x_wconf 89' lang='lat' dir='ltr'><strong>psalmus</strong></span> 
     </span>
    </p>
   </div>
   <div class='ocr_carea' id='block_1_61' title="bbox 271 4941 1836 5014">
    <p class='ocr_par' dir='ltr' id='par_1_61' title="bbox 271 4941 1836 5014">
     <span class='ocr_line' id='line_1_61' title="bbox 271 4941 1836 5014; baseline -0.003 -13"><span class='ocrx_word' id='word_1_493' title='bbox 271 4946 326 5002; x_wconf 91' lang='lat' dir='ltr'><strong>in</strong></span> <span class='ocrx_word' id='word_1_494' title='bbox 373 4943 739 5010; x_wconf 90' lang='lat' dir='ltr'><strong>confessione,</strong></span> <span class='ocrx_word' id='word_1_495' title='bbox 799 4942 925 5013; x_wconf 89' lang='lat' dir='ltr'><strong>quia</strong></span> <span class='ocrx_word' id='word_1_496' title='bbox 976 4941 1243 5012; x_wconf 81' lang='lat' dir='ltr'><strong>Propheta</strong></span> <span class='ocrx_word' id='word_1_497' title='bbox 1296 4943 1389 5014; x_wconf 92' lang='lat' dir='ltr'><strong>qui</strong></span> <span class='ocrx_word' id='word_1_498' title='bbox 1435 4942 1526 4998; x_wconf 91' lang='lat' dir='ltr'><strong>hic</strong></span> <span class='ocrx_word' id='word_1_499' title='bbox 1581 4941 1836 5013; x_wconf 88' lang='lat' dir='ltr'><strong>loquitur,</strong></span> 
     </span>
    </p>
   </div>
   <div class='ocr_carea' id='block_1_62' title="bbox 271 5031 1838 5103">
    <p class='ocr_par' dir='ltr' id='par_1_62' title="bbox 271 5031 1838 5103">
     <span class='ocr_line' id='line_1_62' title="bbox 271 5031 1838 5103; baseline -0.003 -11"><span class='ocrx_word' id='word_1_500' title='bbox 271 5036 554 5093; x_wconf 90' lang='lat' dir='ltr'><strong>materiam</strong></span> <span class='ocrx_word' id='word_1_501' title='bbox 588 5033 751 5089; x_wconf 90' lang='lat' dir='ltr'><strong>habet</strong></span> <span class='ocrx_word' id='word_1_502' title='bbox 772 5041 1056 5103; x_wconf 88' lang='lat' dir='ltr'><strong>utramque</strong></span> <span class='ocrx_word' id='word_1_503' title='bbox 1081 5031 1496 5088; x_wconf 90' lang='lat' dir='ltr'><strong>confessionem.</strong></span> <span class='ocrx_word' id='word_1_504' title='bbox 1524 5032 1712 5088; x_wconf 83' lang='lat' dir='ltr'><strong>Modus</strong></span> <span class='ocrx_word' id='word_1_505' title='bbox 1742 5051 1755 5086; x_wconf 89' lang='lat'><strong>:</strong></span> <span class='ocrx_word' id='word_1_506' title='bbox 1785 5033 1838 5087; x_wconf 92' lang='lat' dir='ltr'><strong>in</strong></span> 
     </span>
    </p>
   </div>
   <div class='ocr_carea' id='block_1_63' title="bbox 271 5122 1842 5200">
    <p class='ocr_par' dir='ltr' id='par_1_63' title="bbox 271 5122 1842 5200">
     <span class='ocr_line' id='line_1_63' title="bbox 271 5122 1842 5200; baseline -0.003 -19"><span class='ocrx_word' id='word_1_507' title='bbox 271 5127 446 5200; x_wconf 87' lang='lat' dir='ltr'><strong>prima</strong></span> <span class='ocrx_word' id='word_1_508' title='bbox 477 5133 648 5196; x_wconf 88' lang='lat' dir='ltr'><strong>parte,</strong></span> <span class='ocrx_word' id='word_1_509' title='bbox 670 5132 854 5180; x_wconf 90' lang='lat' dir='ltr'><strong>monet</strong></span> <span class='ocrx_word' id='word_1_510' title='bbox 873 5139 973 5180; x_wconf 87' lang='lat' dir='ltr'><strong>nos</strong></span> <span class='ocrx_word' id='word_1_511' title='bbox 1004 5124 1070 5179; x_wconf 91' lang='lat' dir='ltr'><strong>ad</strong></span> <span class='ocrx_word' id='word_1_512' title='bbox 1100 5122 1493 5180; x_wconf 89' lang='lat' dir='ltr'><strong>confessionem</strong></span> <span class='ocrx_word' id='word_1_513' title='bbox 1519 5122 1712 5190; x_wconf 87' lang='lat' dir='ltr'><strong>laudis,</strong></span> <span class='ocrx_word' id='word_1_514' title='bbox 1736 5122 1842 5178; x_wconf 87' lang='lat' dir='ltr'><strong>sci-</strong></span> 
     </span>
    </p>
   </div>
   <div class='ocr_carea' id='block_1_64' title="bbox 277 5215 1839 5288">
    <p class='ocr_par' dir='ltr' id='par_1_64' title="bbox 277 5215 1839 5288">
     <span class='ocr_line' id='line_1_64' title="bbox 277 5215 1839 5288; baseline -0.002 -14"><span class='ocrx_word' id='word_1_515' title='bbox 277 5219 402 5275; x_wconf 89' lang='lat' dir='ltr'><strong>licet</strong></span> <span class='ocrx_word' id='word_1_516' title='bbox 442 5227 500 5274; x_wconf 93' lang='lat' dir='ltr'><strong>ut</strong></span> <span class='ocrx_word' id='word_1_517' title='bbox 534 5219 700 5274; x_wconf 91' lang='lat' dir='ltr'><strong>Deum</strong></span> <span class='ocrx_word' id='word_1_518' title='bbox 727 5217 1028 5284; x_wconf 90' lang='lat' dir='ltr'><strong>laudemus,</strong></span> <span class='ocrx_word' id='word_1_519' title='bbox 1067 5225 1123 5273; x_wconf 91' lang='lat' dir='ltr'><strong>et</strong></span> <span class='ocrx_word' id='word_1_520' title='bbox 1150 5217 1303 5288; x_wconf 91' lang='lat' dir='ltr'><strong>ponit</strong></span> <span class='ocrx_word' id='word_1_521' title='bbox 1327 5229 1519 5273; x_wconf 90' lang='lat' dir='ltr'><strong>causas</strong></span> <span class='ocrx_word' id='word_1_522' title='bbox 1542 5230 1711 5285; x_wconf 89' lang='lat' dir='ltr'><strong>quare</strong></span> <span class='ocrx_word' id='word_1_523' title='bbox 1737 5215 1839 5271; x_wconf 92' lang='lat' dir='ltr'><strong>hoc</strong></span> 
     </span>
    </p>
   </div>
   <div class='ocr_carea' id='block_1_65' title="bbox 277 5304 1840 5378">
    <p class='ocr_par' dir='ltr' id='par_1_65' title="bbox 277 5304 1840 5378">
     <span class='ocr_line' id='line_1_65' title="bbox 277 5304 1840 5378; baseline -0.004 -12"><span class='ocrx_word' id='word_1_524' title='bbox 277 5311 456 5367; x_wconf 91' lang='lat' dir='ltr'><strong>facere</strong></span> <span class='ocrx_word' id='word_1_525' title='bbox 503 5310 810 5367; x_wconf 88' lang='lat' dir='ltr'><strong>debeamus.</strong></span> <span class='ocrx_word' id='word_1_526' title='bbox 857 5308 918 5364; x_wconf 84' lang='lat' dir='ltr'><strong>In</strong></span> <span class='ocrx_word' id='word_1_527' title='bbox 961 5309 1220 5375; x_wconf 89' lang='lat' dir='ltr'><strong>secunda,</strong></span> <span class='ocrx_word' id='word_1_528' title='bbox 1269 5323 1388 5378; x_wconf 72' lang='lat' dir='ltr'><strong>qua:</strong></span> <span class='ocrx_word' id='word_1_529' title='bbox 1433 5305 1665 5376; x_wconf 91' lang='lat' dir='ltr'><strong>incipit:</strong></span> <span class='ocrx_word' id='word_1_530' title='bbox 1703 5325 1720 5357; x_wconf 75' lang='grc' dir='ltr'><strong>ι</strong></span> <span class='ocrx_word' id='word_1_531' title='bbox 1755 5304 1840 5359; x_wconf 91' lang='lat' dir='ltr'><strong>ln-</strong></span> 
     </span>
    </p>
   </div>
   <div class='ocr_carea' id='block_1_66' title="bbox 278 5397 1842 5474">
    <p class='ocr_par' dir='ltr' id='par_1_66' title="bbox 278 5397 1842 5474">
     <span class='ocr_line' id='line_1_66' title="bbox 278 5397 1842 5474; baseline -0.006 -14"><span class='ocrx_word' id='word_1_532' title='bbox 278 5404 440 5460; x_wconf 90' lang='lat' dir='ltr'><strong>troite</strong></span> <span class='ocrx_word' id='word_1_533' title='bbox 461 5409 645 5474; x_wconf 88' lang='lat' dir='ltr'><strong>portas</strong></span> <span class='ocrx_word' id='word_1_534' title='bbox 667 5399 838 5470; x_wconf 65' lang='lat' dir='ltr'><strong>ejus,»</strong></span> <span class='ocrx_word' id='word_1_535' title='bbox 870 5407 1054 5457; x_wconf 90' lang='lat' dir='ltr'><strong>monet</strong></span> <span class='ocrx_word' id='word_1_536' title='bbox 1080 5415 1179 5457; x_wconf 92' lang='lat' dir='ltr'><strong>nos</strong></span> <span class='ocrx_word' id='word_1_537' title='bbox 1201 5399 1268 5455; x_wconf 88' lang='lat' dir='ltr'><strong>ad</strong></span> <span class='ocrx_word' id='word_1_538' title='bbox 1293 5397 1688 5454; x_wconf 89' lang='lat' dir='ltr'><strong>confessionem</strong></span> <span class='ocrx_word' id='word_1_539' title='bbox 1715 5411 1842 5467; x_wconf 91' lang='lat' dir='ltr'><strong>pec-</strong></span> 
     </span>
    </p>
   </div>
   <div class='ocr_carea' id='block_1_67' title="bbox 279 5490 1840 5561">
    <p class='ocr_par' dir='ltr' id='par_1_67' title="bbox 279 5490 1840 5561">
     <span class='ocr_line' id='line_1_67' title="bbox 279 5490 1840 5561; baseline -0.008 -9"><span class='ocrx_word' id='word_1_540' title='bbox 279 5495 412 5560; x_wconf 84' lang='lat' dir='ltr'><strong>cati,</strong></span> <span class='ocrx_word' id='word_1_541' title='bbox 434 5492 640 5550; x_wconf 89' lang='lat' dir='ltr'><strong>scilicet</strong></span> <span class='ocrx_word' id='word_1_542' title='bbox 663 5499 723 5546; x_wconf 92' lang='lat' dir='ltr'><strong>ut</strong></span> <span class='ocrx_word' id='word_1_543' title='bbox 749 5505 848 5546; x_wconf 90' lang='lat' dir='ltr'><strong>nos</strong></span> <span class='ocrx_word' id='word_1_544' title='bbox 875 5490 942 5544; x_wconf 91' lang='lat' dir='ltr'><strong>de</strong></span> <span class='ocrx_word' id='word_1_545' title='bbox 964 5490 1199 5561; x_wconf 89' lang='lat' dir='ltr'><strong>peccatis</strong></span> <span class='ocrx_word' id='word_1_546' title='bbox 1247 5503 1578 5553; x_wconf 90' lang='lat' dir='ltr'><strong>accusemus,</strong></span> <span class='ocrx_word' id='word_1_547' title='bbox 1619 5497 1674 5542; x_wconf 88' lang='lat' dir='ltr'><strong>et</strong></span> <span class='ocrx_word' id='word_1_548' title='bbox 1720 5502 1840 5542; x_wconf 89' lang='lat' dir='ltr'><strong>eum</strong></span> 
     </span>
    </p>
   </div>
   <div class='ocr_carea' id='block_1_68' title="bbox 280 5581 1843 5644">
    <p class='ocr_par' dir='ltr' id='par_1_68' title="bbox 280 5581 1843 5644">
     <span class='ocr_line' id='line_1_68' title="bbox 280 5581 1843 5644; baseline -0.005 -3"><span class='ocrx_word' id='word_1_549' title='bbox 280 5585 454 5644; x_wconf 86' lang='lat' dir='ltr'><strong>solum</strong></span> <span class='ocrx_word' id='word_1_550' title='bbox 531 5583 798 5640; x_wconf 90' lang='lat' dir='ltr'><strong>medicum</strong></span> <span class='ocrx_word' id='word_1_551' title='bbox 861 5582 1221 5638; x_wconf 87' lang='lat' dir='ltr'><strong>attendamus.</strong></span> <span class='ocrx_word' id='word_1_552' title='bbox 1283 5581 1514 5637; x_wconf 85' lang='lat' dir='ltr'><strong>Intentio</strong></span> <span class='ocrx_word' id='word_1_553' title='bbox 1595 5588 1680 5634; x_wconf 81' lang='grc' dir='ltr'><strong>εει</strong></span> <span class='ocrx_word' id='word_1_554' title='bbox 1745 5594 1843 5634; x_wconf 86' lang='lat' dir='ltr'><strong>no-</strong></span> 
     </span>
    </p>
   </div>
   <div class='ocr_carea' id='block_1_69' title="bbox 282 5667 1848 5746">
    <p class='ocr_par' dir='ltr' id='par_1_69' title="bbox 282 5667 1848 5746">
     <span class='ocr_line' id='line_1_69' title="bbox 282 5667 1848 5746; baseline -0.003 -14"><span class='ocrx_word' id='word_1_555' title='bbox 282 5677 366 5732; x_wconf 91' lang='lat' dir='ltr'><strong>bis</strong></span> <span class='ocrx_word' id='word_1_556' title='bbox 416 5675 703 5746; x_wconf 89' lang='lat' dir='ltr'><strong>quamdam</strong></span> <span class='ocrx_word' id='word_1_557' title='bbox 753 5688 1013 5746; x_wconf 85' lang='lat' dir='ltr'><strong>generare</strong></span> <span class='ocrx_word' id='word_1_558' title='bbox 1063 5674 1490 5743; x_wconf 88' lang='lat' dir='ltr'><strong>temperantiam,</strong></span> <span class='ocrx_word' id='word_1_559' title='bbox 1529 5667 1734 5727; x_wconf 80' lang='lat' dir='ltr'><strong>Scilicet</strong></span> <span class='ocrx_word' id='word_1_560' title='bbox 1778 5689 1848 5728; x_wconf 89' lang='lat' dir='ltr'><strong>ne</strong></span> 
     </span>
    </p>
   </div>
   <div class='ocr_carea' id='block_1_70' title="bbox 285 5762 1846 5836">
    <p class='ocr_par' dir='ltr' id='par_1_70' title="bbox 285 5762 1846 5836">
     <span class='ocr_line' id='line_1_70' title="bbox 285 5762 1846 5836; baseline -0.003 -13"><span class='ocrx_word' id='word_1_561' title='bbox 285 5767 451 5823; x_wconf 87' lang='lat' dir='ltr'><strong>solam</strong></span> <span class='ocrx_word' id='word_1_562' title='bbox 475 5775 716 5822; x_wconf 87' lang='lat' dir='ltr'><strong>nostram</strong></span> <span class='ocrx_word' id='word_1_563' title='bbox 745 5764 1090 5836; x_wconf 82' lang='lat' dir='ltr'><strong>fragilitatem</strong></span> <span class='ocrx_word' id='word_1_564' title='bbox 1120 5772 1181 5819; x_wconf 91' lang='lat' dir='ltr'><strong>et</strong></span> <span class='ocrx_word' id='word_1_565' title='bbox 1226 5771 1446 5832; x_wconf 88' lang='lat' dir='ltr'><strong>peccata</strong></span> <span class='ocrx_word' id='word_1_566' title='bbox 1481 5762 1846 5829; x_wconf 89' lang='lat' dir='ltr'><strong>attendamus,</strong></span> 
     </span>
    </p>
   </div>
   <div class='ocr_carea' id='block_1_71' title="bbox 287 5851 1848 5929">
    <p class='ocr_par' dir='ltr' id='par_1_71' title="bbox 287 5851 1848 5929">
     <span class='ocr_line' id='line_1_71' title="bbox 287 5851 1848 5929; baseline -0.003 -18"><span class='ocrx_word' id='word_1_567' title='bbox 287 5873 408 5929; x_wconf 71' lang='lat' dir='ltr'><strong>qure</strong></span> <span class='ocrx_word' id='word_1_568' title='bbox 457 5873 556 5914; x_wconf 88' lang='lat' dir='ltr'><strong>nos</strong></span> <span class='ocrx_word' id='word_1_569' title='bbox 599 5855 991 5926; x_wconf 73' lang='lat' dir='ltr'><strong>pnecipitarent</strong></span> <span class='ocrx_word' id='word_1_570' title='bbox 1047 5855 1099 5910; x_wconf 92' lang='lat' dir='ltr'><strong>in</strong></span> <span class='ocrx_word' id='word_1_571' title='bbox 1143 5852 1588 5923; x_wconf 86' lang='lat' dir='ltr'><strong>desperationem,</strong></span> <span class='ocrx_word' id='word_1_572' title='bbox 1633 5851 1725 5906; x_wconf 90' lang='lat' dir='ltr'><strong>sed</strong></span> <span class='ocrx_word' id='word_1_573' title='bbox 1753 5851 1848 5906; x_wconf 87' lang='lat' dir='ltr'><strong>Dei</strong></span> 
     </span>
    </p>
   </div>
   <div class='ocr_carea' id='block_1_72' title="bbox 1933 2027 3516 2100">
    <p class='ocr_par' dir='ltr' id='par_1_72' title="bbox 1933 2027 3516 2100">
     <span class='ocr_line' id='line_1_72' title="bbox 1933 2027 3516 2100; baseline 0 -15"><span class='ocrx_word' id='word_1_574' title='bbox 1933 2031 2003 2086; x_wconf 89' lang='lat' dir='ltr'><strong>ad</strong></span> <span class='ocrx_word' id='word_1_575' title='bbox 2037 2030 2212 2100; x_wconf 91' lang='lat' dir='ltr'><strong>ipsum</strong></span> <span class='ocrx_word' id='word_1_576' title='bbox 2253 2029 2446 2096; x_wconf 91' lang='lat' dir='ltr'><strong>Deum,</strong></span> <span class='ocrx_word' id='word_1_577' title='bbox 2482 2048 2500 2080; x_wconf 87' lang='grc'><em>‹</em></span> <span class='ocrx_word' id='word_1_578' title='bbox 2534 2030 2590 2083; x_wconf 84' lang='grc' dir='ltr'><strong>ἱη</strong></span> <span class='ocrx_word' id='word_1_579' title='bbox 2628 2035 2916 2098; x_wconf 91' lang='lat' dir='ltr'><strong>conspectu</strong></span> <span class='ocrx_word' id='word_1_580' title='bbox 2939 2027 3054 2096; x_wconf 90' lang='lat' dir='ltr'><strong>ejus</strong></span> <span class='ocrx_word' id='word_1_581' title='bbox 3086 2049 3105 2080; x_wconf 72' lang='grc' dir='ltr'><strong>ι</strong></span> <span class='ocrx_word' id='word_1_582' title='bbox 3138 2029 3379 2083; x_wconf 90' lang='lat' dir='ltr'><strong>mansuri</strong></span> <span class='ocrx_word' id='word_1_583' title='bbox 3409 2048 3427 2080; x_wconf 74' lang='grc' dir='ltr'><strong>ι</strong></span> <span class='ocrx_word' id='word_1_584' title='bbox 3459 2029 3516 2085; x_wconf 90' lang='lat' dir='ltr'><strong>in</strong></span> 
     </span>
    </p>
   </div>
   <div class='ocr_carea' id='block_1_73' title="bbox 1934 2116 3513 2188">
    <p class='ocr_par' dir='ltr' id='par_1_73' title="bbox 1934 2116 3513 2188">
     <span class='ocr_line' id='line_1_73' title="bbox 1934 2116 3513 2188; baseline -0.001 -14"><span class='ocrx_word' id='word_1_585' title='bbox 1934 2118 2319 2185; x_wconf 85' lang='lat' dir='ltr'><strong>exsultatione,</strong></span> <span class='ocrx_word' id='word_1_586' title='bbox 2370 2139 2389 2170; x_wconf 72' lang='grc' dir='ltr'><strong>ι</strong></span> <span class='ocrx_word' id='word_1_587' title='bbox 2440 2119 2497 2173; x_wconf 90' lang='lat' dir='ltr'><strong>in</strong></span> <span class='ocrx_word' id='word_1_588' title='bbox 2541 2116 2694 2186; x_wconf 92' lang='lat' dir='ltr'><strong>cujus</strong></span> <span class='ocrx_word' id='word_1_589' title='bbox 2737 2127 3029 2188; x_wconf 90' lang='lat' dir='ltr'><strong>conspectu</strong></span> <span class='ocrx_word' id='word_1_590' title='bbox 3079 2126 3279 2174; x_wconf 71' lang='lat' dir='ltr'><strong>aeterna</strong></span> <span class='ocrx_word' id='word_1_591' title='bbox 3326 2117 3513 2172; x_wconf 66' lang='lat' dir='ltr'><strong>laetitia</strong></span> 
     </span>
    </p>
   </div>
   <div class='ocr_carea' id='block_1_74' title="bbox 1933 2209 3512 2282">
    <p class='ocr_par' dir='ltr' id='par_1_74' title="bbox 1933 2209 3512 2282">
     <span class='ocr_line' id='line_1_74' title="bbox 1933 2209 3512 2282; baseline -0.003 -14"><span class='ocrx_word' id='word_1_592' title='bbox 1933 2211 2209 2277; x_wconf 89' lang='lat' dir='ltr'><strong>fruemini,</strong></span> <span class='ocrx_word' id='word_1_593' title='bbox 2231 2219 2286 2266; x_wconf 90' lang='lat' dir='ltr'><strong>et</strong></span> <span class='ocrx_word' id='word_1_594' title='bbox 2310 2211 2436 2282; x_wconf 91' lang='lat' dir='ltr'><strong>quia</strong></span> <span class='ocrx_word' id='word_1_595' title='bbox 2478 2210 2549 2264; x_wconf 92' lang='lat' dir='ltr'><strong>ibi</strong></span> <span class='ocrx_word' id='word_1_596' title='bbox 2575 2209 2818 2266; x_wconf 64' lang='lat' dir='ltr'><strong>laetitiam</strong></span> <span class='ocrx_word' id='word_1_597' title='bbox 2844 2209 3132 2276; x_wconf 84' lang='lat' dir='ltr'><strong>habebitis,</strong></span> <span class='ocrx_word' id='word_1_598' title='bbox 3155 2209 3245 2265; x_wconf 91' lang='lat' dir='ltr'><strong>hic</strong></span> <span class='ocrx_word' id='word_1_599' title='bbox 3273 2225 3395 2266; x_wconf 92' lang='lat' dir='ltr'><strong>cum</strong></span> <span class='ocrx_word' id='word_1_600' title='bbox 3416 2209 3512 2264; x_wconf 84' lang='lat' dir='ltr'><strong>lae-</strong></span> 
     </span>
    </p>
   </div>
   <div class='ocr_carea' id='block_1_75' title="bbox 1934 2302 2532 2360">
    <p class='ocr_par' dir='ltr' id='par_1_75' title="bbox 1934 2302 2532 2360">
     <span class='ocr_line' id='line_1_75' title="bbox 1934 2302 2532 2360; baseline -0.007 0"><span class='ocrx_word' id='word_1_601' title='bbox 1934 2304 2052 2360; x_wconf 86' lang='lat' dir='ltr'><strong>titia</strong></span> <span class='ocrx_word' id='word_1_602' title='bbox 2075 2304 2281 2360; x_wconf 89' lang='lat' dir='ltr'><strong>servire</strong></span> <span class='ocrx_word' id='word_1_603' title='bbox 2303 2302 2532 2358; x_wconf 91' lang='lat' dir='ltr'><strong>debetis.</strong></span> 
     </span>
    </p>
   </div>
   <div class='ocr_carea' id='block_1_76' title="bbox 2009 2396 3514 2468">
    <p class='ocr_par' dir='ltr' id='par_1_76' title="bbox 2009 2396 3514 2468">
     <span class='ocr_line' id='line_1_76' title="bbox 2009 2396 3514 2468; baseline 0.005 -19"><span class='ocrx_word' id='word_1_604' title='bbox 2009 2418 2028 2449; x_wconf 75' lang='grc' dir='ltr'><strong>ι</strong></span> <span class='ocrx_word' id='word_1_605' title='bbox 2063 2396 2288 2462; x_wconf 91' lang='lat' dir='ltr'><strong>Scitote,</strong></span> <span class='ocrx_word' id='word_1_606' title='bbox 2335 2416 2353 2448; x_wconf 75' lang='grc' dir='ltr'><strong>ι</strong></span> <span class='ocrx_word' id='word_1_607' title='bbox 2406 2396 2536 2451; x_wconf 90' lang='lat' dir='ltr'><strong>item</strong></span> <span class='ocrx_word' id='word_1_608' title='bbox 2585 2405 2806 2466; x_wconf 88' lang='lat' dir='ltr'><strong>propter</strong></span> <span class='ocrx_word' id='word_1_609' title='bbox 2851 2396 2954 2450; x_wconf 90' lang='lat' dir='ltr'><strong>hoc</strong></span> <span class='ocrx_word' id='word_1_610' title='bbox 3005 2397 3228 2468; x_wconf 90' lang='lat' dir='ltr'><strong>vigilare</strong></span> <span class='ocrx_word' id='word_1_611' title='bbox 3286 2396 3514 2467; x_wconf 85' lang='lat' dir='ltr'><strong>debetis,</strong></span> 
     </span>
    </p>
   </div>
   <div class='ocr_carea' id='block_1_77' title="bbox 1940 2486 3513 2560">
    <p class='ocr_par' dir='ltr' id='par_1_77' title="bbox 1940 2486 3513 2560">
     <span class='ocr_line' id='line_1_77' title="bbox 1940 2486 3513 2560; baseline 0.002 -18"><span class='ocrx_word' id='word_1_612' title='bbox 1940 2510 1958 2542; x_wconf 87' lang='grc'><strong>‹</strong></span> <span class='ocrx_word' id='word_1_613' title='bbox 2007 2490 2261 2560; x_wconf 92' lang='lat' dir='ltr'><strong>quoniam</strong></span> <span class='ocrx_word' id='word_1_614' title='bbox 2290 2489 2403 2558; x_wconf 90' lang='lat' dir='ltr'><strong>ipse</strong></span> <span class='ocrx_word' id='word_1_615' title='bbox 2428 2495 2512 2542; x_wconf 91' lang='lat' dir='ltr'><strong>est</strong></span> <span class='ocrx_word' id='word_1_616' title='bbox 2535 2486 2793 2542; x_wconf 91' lang='lat' dir='ltr'><strong>Dominus</strong></span> <span class='ocrx_word' id='word_1_617' title='bbox 2821 2486 2984 2553; x_wconf 90' lang='lat' dir='ltr'><strong>Deus,</strong></span> <span class='ocrx_word' id='word_1_618' title='bbox 3020 2505 3038 2538; x_wconf 79' lang='grc' dir='ltr'><strong>ι</strong></span> <span class='ocrx_word' id='word_1_619' title='bbox 3075 2487 3130 2541; x_wconf 92' lang='lat' dir='ltr'><strong>id</strong></span> <span class='ocrx_word' id='word_1_620' title='bbox 3159 2496 3260 2554; x_wconf 90' lang='lat' dir='ltr'><strong>est,</strong></span> <span class='ocrx_word' id='word_1_621' title='bbox 3287 2489 3513 2545; x_wconf 89' lang='lat' dir='ltr'><strong>Creator</strong></span> 
     </span>
    </p>
   </div>
   <div class='ocr_carea' id='block_1_78' title="bbox 1933 2577 3511 2648">
    <p class='ocr_par' dir='ltr' id='par_1_78' title="bbox 1933 2577 3511 2648">
     <span class='ocr_line' id='line_1_78' title="bbox 1933 2577 3511 2648; baseline -0.003 -12"><span class='ocrx_word' id='word_1_622' title='bbox 1933 2581 2198 2647; x_wconf 91' lang='lat' dir='ltr'><strong>omnium,</strong></span> <span class='ocrx_word' id='word_1_623' title='bbox 2230 2578 2527 2635; x_wconf 90' lang='lat' dir='ltr'><strong>secundum</strong></span> <span class='ocrx_word' id='word_1_624' title='bbox 2571 2577 2802 2648; x_wconf 89' lang='lat' dir='ltr'><strong>primam</strong></span> <span class='ocrx_word' id='word_1_625' title='bbox 2849 2577 3193 2632; x_wconf 87' lang='lat' dir='ltr'><strong>creationem.</strong></span> <span class='ocrx_word' id='word_1_626' title='bbox 3255 2598 3273 2630; x_wconf 74' lang='grc' dir='ltr'><strong>ι</strong></span> <span class='ocrx_word' id='word_1_627' title='bbox 3329 2579 3448 2648; x_wconf 84' lang='lat' dir='ltr'><strong>Ipse</strong></span> <span class='ocrx_word' id='word_1_628' title='bbox 3491 2599 3511 2632; x_wconf 73' lang='grc' dir='ltr'><strong>ι</strong></span> 
     </span>
    </p>
   </div>
   <div class='ocr_carea' id='block_1_79' title="bbox 1935 2668 3516 2743">
    <p class='ocr_par' dir='ltr' id='par_1_79' title="bbox 1935 2668 3516 2743">
     <span class='ocr_line' id='line_1_79' title="bbox 1935 2668 3516 2743; baseline -0.001 -16"><span class='ocrx_word' id='word_1_629' title='bbox 1935 2672 2100 2728; x_wconf 80' lang='lat' dir='ltr'><strong>etiam</strong></span> <span class='ocrx_word' id='word_1_630' title='bbox 2151 2690 2170 2722; x_wconf 76' lang='grc' dir='ltr'><strong>ι</strong></span> <span class='ocrx_word' id='word_1_631' title='bbox 2227 2669 2355 2725; x_wconf 91' lang='lat' dir='ltr'><strong>fecit</strong></span> <span class='ocrx_word' id='word_1_632' title='bbox 2405 2683 2506 2724; x_wconf 91' lang='lat' dir='ltr'><strong>nos</strong></span> <span class='ocrx_word' id='word_1_633' title='bbox 2550 2687 2568 2720; x_wconf 83' lang='grc'>›</span> <span class='ocrx_word' id='word_1_634' title='bbox 2603 2668 2660 2722; x_wconf 84' lang='grc' dir='ltr'><strong>ἰη</strong></span> <span class='ocrx_word' id='word_1_635' title='bbox 2704 2668 3010 2734; x_wconf 87' lang='lat' dir='ltr'><strong>creatione,</strong></span> <span class='ocrx_word' id='word_1_636' title='bbox 3041 2684 3160 2738; x_wconf 84' lang='lat' dir='ltr'><strong>quae</strong></span> <span class='ocrx_word' id='word_1_637' title='bbox 3207 2671 3385 2740; x_wconf 92' lang='lat' dir='ltr'><strong>potius</strong></span> <span class='ocrx_word' id='word_1_638' title='bbox 3424 2686 3516 2743; x_wconf 80' lang='lat' dir='ltr'><strong>va-</strong></span> 
     </span>
    </p>
   </div>
   <div class='ocr_carea' id='block_1_80' title="bbox 1932 2759 3516 2830">
    <p class='ocr_par' dir='ltr' id='par_1_80' title="bbox 1932 2759 3516 2830">
     <span class='ocr_line' id='line_1_80' title="bbox 1932 2759 3516 2830; baseline 0.001 -14"><span class='ocrx_word' id='word_1_639' title='bbox 1932 2762 2008 2816; x_wconf 90' lang='lat' dir='ltr'><strong>let</strong></span> <span class='ocrx_word' id='word_1_640' title='bbox 2057 2763 2113 2816; x_wconf 90' lang='lat' dir='ltr'><strong>in</strong></span> <span class='ocrx_word' id='word_1_641' title='bbox 2162 2761 2320 2816; x_wconf 91' lang='lat' dir='ltr'><strong>nobis</strong></span> <span class='ocrx_word' id='word_1_642' title='bbox 2359 2776 2522 2830; x_wconf 90' lang='lat' dir='ltr'><strong>quam</strong></span> <span class='ocrx_word' id='word_1_643' title='bbox 2569 2759 2731 2816; x_wconf 86' lang='lat' dir='ltr'><strong>etiam</strong></span> <span class='ocrx_word' id='word_1_644' title='bbox 2782 2759 2959 2829; x_wconf 92' lang='lat' dir='ltr'><strong>prima</strong></span> <span class='ocrx_word' id='word_1_645' title='bbox 2984 2761 3225 2826; x_wconf 90' lang='lat' dir='ltr'><strong>creatio;</strong></span> <span class='ocrx_word' id='word_1_646' title='bbox 3264 2781 3282 2813; x_wconf 87' lang='grc'><strong><em>‹</em></strong></span> <span class='ocrx_word' id='word_1_647' title='bbox 3318 2770 3373 2816; x_wconf 87' lang='grc' dir='ltr'><strong>ει</strong></span> <span class='ocrx_word' id='word_1_648' title='bbox 3409 2777 3516 2818; x_wconf 90' lang='lat' dir='ltr'><strong>non</strong></span> 
     </span>
    </p>
   </div>
   <div class='ocr_carea' id='block_1_81' title="bbox 1935 2851 3516 2924">
    <p class='ocr_par' dir='ltr' id='par_1_81' title="bbox 1935 2851 3516 2924">
     <span class='ocr_line' id='line_1_81' title="bbox 1935 2851 3516 2924; baseline -0.001 -16"><span class='ocrx_word' id='word_1_649' title='bbox 1935 2853 2039 2924; x_wconf 91' lang='lat' dir='ltr'><strong>ipsi</strong></span> <span class='ocrx_word' id='word_1_650' title='bbox 2072 2873 2091 2906; x_wconf 75' lang='grc' dir='ltr'><strong>ι</strong></span> <span class='ocrx_word' id='word_1_651' title='bbox 2126 2852 2351 2909; x_wconf 89' lang='lat' dir='ltr'><strong>fecimus</strong></span> <span class='ocrx_word' id='word_1_652' title='bbox 2389 2871 2408 2904; x_wconf 76' lang='grc' dir='ltr'><strong>ι</strong></span> <span class='ocrx_word' id='word_1_653' title='bbox 2456 2868 2586 2919; x_wconf 93' lang='lat' dir='ltr'><strong>nos,</strong></span> <span class='ocrx_word' id='word_1_654' title='bbox 2634 2870 2652 2904; x_wconf 72' lang='grc' dir='ltr'><strong>ι</strong></span> <span class='ocrx_word' id='word_1_655' title='bbox 2693 2851 2820 2922; x_wconf 92' lang='lat' dir='ltr'><strong>quia</strong></span> <span class='ocrx_word' id='word_1_656' title='bbox 2843 2851 2977 2906; x_wconf 89' lang='lat' dir='ltr'><strong>nihil</strong></span> <span class='ocrx_word' id='word_1_657' title='bbox 3005 2853 3131 2909; x_wconf 86' lang='lat' dir='ltr'><strong>boni</strong></span> <span class='ocrx_word' id='word_1_658' title='bbox 3160 2851 3419 2909; x_wconf 91' lang='lat' dir='ltr'><strong>habemus</strong></span> <span class='ocrx_word' id='word_1_659' title='bbox 3448 2868 3516 2908; x_wconf 80' lang='lat' dir='ltr'><strong>ex</strong></span> 
     </span>
    </p>
   </div>
   <div class='ocr_carea' id='block_1_82' title="bbox 1935 2944 2112 3000">
    <p class='ocr_par' dir='ltr' id='par_1_82' title="bbox 1935 2944 2112 3000">
     <span class='ocr_line' id='line_1_82' title="bbox 1935 2944 2112 3000; baseline 0 -2"><span class='ocrx_word' id='word_1_660' title='bbox 1935 2944 2093 3000; x_wconf 90' lang='lat' dir='ltr'><strong>nobis</strong></span> <span class='ocrx_word' id='word_1_661' title='bbox 2106 2983 2112 2989; x_wconf 60' lang='grc' dir='ltr'><strong>ι</strong></span> 
     </span>
    </p>
   </div>
   <div class='ocr_carea' id='block_1_83' title="bbox 2011 3033 3516 3106">
    <p class='ocr_par' dir='ltr' id='par_1_83' title="bbox 2011 3033 3516 3106">
     <span class='ocr_line' id='line_1_83' title="bbox 2011 3033 3516 3106; baseline 0.002 -19"><span class='ocrx_word' id='word_1_662' title='bbox 2011 3055 2029 3087; x_wconf 76' lang='grc' dir='ltr'><strong>ι</strong></span> <span class='ocrx_word' id='word_1_663' title='bbox 2061 3034 2170 3090; x_wconf 87' lang='lat' dir='ltr'><strong>Nos</strong></span> <span class='ocrx_word' id='word_1_664' title='bbox 2209 3054 2227 3087; x_wconf 72' lang='grc' dir='ltr'><strong>ι</strong></span> <span class='ocrx_word' id='word_1_665' title='bbox 2260 3034 2427 3090; x_wconf 89' lang='lat' dir='ltr'><strong>etiam</strong></span> <span class='ocrx_word' id='word_1_666' title='bbox 2474 3049 2661 3090; x_wconf 89' lang='lat' dir='ltr'><strong>sumus</strong></span> <span class='ocrx_word' id='word_1_667' title='bbox 2703 3054 2722 3086; x_wconf 79' lang='grc' dir='ltr'><strong>ι</strong></span> <span class='ocrx_word' id='word_1_668' title='bbox 2779 3034 3006 3106; x_wconf 90' lang='lat' dir='ltr'><strong>populus</strong></span> <span class='ocrx_word' id='word_1_669' title='bbox 3049 3033 3198 3102; x_wconf 92' lang='lat' dir='ltr'><strong>ejus,</strong></span> <span class='ocrx_word' id='word_1_670' title='bbox 3240 3053 3259 3086; x_wconf 73' lang='grc' dir='ltr'><strong>ι</strong></span> <span class='ocrx_word' id='word_1_671' title='bbox 3313 3035 3368 3089; x_wconf 91' lang='lat' dir='ltr'><strong>id</strong></span> <span class='ocrx_word' id='word_1_672' title='bbox 3409 3044 3516 3104; x_wconf 84' lang='lat' dir='ltr'><strong>est,</strong></span> 
     </span>
    </p>
   </div>
   <div class='ocr_carea' id='block_1_84' title="bbox 1932 3126 3508 3199">
    <p class='ocr_par' dir='ltr' id='par_1_84' title="bbox 1932 3126 3508 3199">
     <span class='ocr_line' id='line_1_84' title="bbox 1932 3126 3508 3199; baseline 0 -17"><span class='ocrx_word' id='word_1_673' title='bbox 1932 3128 2217 3199; x_wconf 69' lang='lat' dir='ltr'><strong>praeceptis</strong></span> <span class='ocrx_word' id='word_1_674' title='bbox 2240 3127 2358 3198; x_wconf 88' lang='lat' dir='ltr'><strong>ejus</strong></span> <span class='ocrx_word' id='word_1_675' title='bbox 2386 3126 2659 3192; x_wconf 90' lang='lat' dir='ltr'><strong>instructi,</strong></span> <span class='ocrx_word' id='word_1_676' title='bbox 2688 3128 2757 3181; x_wconf 90' lang='lat' dir='ltr'><strong>ad</strong></span> <span class='ocrx_word' id='word_1_677' title='bbox 2791 3127 2911 3197; x_wconf 91' lang='lat' dir='ltr'><strong>jure</strong></span> <span class='ocrx_word' id='word_1_678' title='bbox 2936 3126 3222 3182; x_wconf 91' lang='lat' dir='ltr'><strong>vivendum</strong></span> <span class='ocrx_word' id='word_1_679' title='bbox 3262 3126 3508 3195; x_wconf 87' lang='lat' dir='ltr'><strong>collecti;</strong></span> 
     </span>
    </p>
   </div>
   <div class='ocr_carea' id='block_1_85' title="bbox 1941 3217 3515 3290">
    <p class='ocr_par' dir='ltr' id='par_1_85' title="bbox 1941 3217 3515 3290">
     <span class='ocr_line' id='line_1_85' title="bbox 1941 3217 3515 3290; baseline 0.003 -18"><span class='ocrx_word' id='word_1_680' title='bbox 1941 3237 1962 3272; x_wconf 69' lang='grc' dir='ltr'><strong>ε</strong></span> <span class='ocrx_word' id='word_1_681' title='bbox 1998 3227 2053 3274; x_wconf 87' lang='grc' dir='ltr'><strong>ει</strong></span> <span class='ocrx_word' id='word_1_682' title='bbox 2075 3234 2234 3284; x_wconf 87' lang='lat' dir='ltr'><strong>oves,</strong></span> <span class='ocrx_word' id='word_1_683' title='bbox 2274 3237 2292 3270; x_wconf 83' lang='grc'>›</span> <span class='ocrx_word' id='word_1_684' title='bbox 2335 3219 2390 3274; x_wconf 92' lang='lat' dir='ltr'><strong>id</strong></span> <span class='ocrx_word' id='word_1_685' title='bbox 2418 3227 2501 3274; x_wconf 90' lang='lat' dir='ltr'><strong>est</strong></span> <span class='ocrx_word' id='word_1_686' title='bbox 2532 3259 2547 3284; x_wconf 96' lang='lat'><strong>,</strong></span> <span class='ocrx_word' id='word_1_687' title='bbox 2595 3217 2865 3288; x_wconf 90' lang='lat' dir='ltr'><strong>simplices</strong></span> <span class='ocrx_word' id='word_1_688' title='bbox 2909 3227 2964 3273; x_wconf 91' lang='lat' dir='ltr'><strong>et</strong></span> <span class='ocrx_word' id='word_1_689' title='bbox 3004 3219 3336 3283; x_wconf 88' lang='lat' dir='ltr'><strong>innocentes,</strong></span> <span class='ocrx_word' id='word_1_690' title='bbox 3370 3221 3515 3290; x_wconf 89' lang='lat' dir='ltr'><strong>quod</strong></span> 
     </span>
    </p>
   </div>
   <div class='ocr_carea' id='block_1_86' title="bbox 1935 3312 3512 3394">
    <p class='ocr_par' dir='ltr' id='par_1_86' title="bbox 1935 3312 3512 3394">
     <span class='ocr_line' id='line_1_86' title="bbox 1935 3312 3512 3394; baseline 0 -26"><span class='ocrx_word' id='word_1_691' title='bbox 1935 3313 2051 3382; x_wconf 90' lang='lat' dir='ltr'><strong>ipse</strong></span> <span class='ocrx_word' id='word_1_692' title='bbox 2075 3313 2131 3368; x_wconf 89' lang='lat' dir='ltr'><strong>in</strong></span> <span class='ocrx_word' id='word_1_693' title='bbox 2159 3312 2310 3367; x_wconf 82' lang='lat' dir='ltr'><strong>vobis</strong></span> <span class='ocrx_word' id='word_1_694' title='bbox 2336 3322 2590 3380; x_wconf 89' lang='lat' dir='ltr'><strong>operatus</strong></span> <span class='ocrx_word' id='word_1_695' title='bbox 2614 3320 2699 3366; x_wconf 90' lang='lat' dir='ltr'><strong>est</strong></span> <span class='ocrx_word' id='word_1_696' title='bbox 2721 3331 2733 3366; x_wconf 91' lang='lat'>:</span> <span class='ocrx_word' id='word_1_697' title='bbox 2759 3329 2888 3369; x_wconf 91' lang='lat' dir='ltr'><strong>oves</strong></span> <span class='ocrx_word' id='word_1_698' title='bbox 2903 3314 3022 3368; x_wconf 94' lang='lat' dir='ltr'><strong>dico</strong></span> <span class='ocrx_word' id='word_1_699' title='bbox 3049 3333 3067 3366; x_wconf 87' lang='grc'><strong>‹</strong></span> <span class='ocrx_word' id='word_1_700' title='bbox 3091 3329 3304 3394; x_wconf 76' lang='lat' dir='ltr'><strong>pascuae</strong></span> <span class='ocrx_word' id='word_1_701' title='bbox 3328 3313 3463 3384; x_wconf 89' lang='lat' dir='ltr'><strong>ejus,</strong></span> <span class='ocrx_word' id='word_1_702' title='bbox 3492 3336 3512 3368; x_wconf 71' lang='grc' dir='ltr'><strong>ι</strong></span> 
     </span>
    </p>
   </div>
   <div class='ocr_carea' id='block_1_87' title="bbox 1935 3405 3519 3478">
    <p class='ocr_par' dir='ltr' id='par_1_87' title="bbox 1935 3405 3519 3478">
     <span class='ocr_line' id='line_1_87' title="bbox 1935 3405 3519 3478; baseline 0.001 -17"><span class='ocrx_word' id='word_1_703' title='bbox 1935 3406 1990 3461; x_wconf 89' lang='lat' dir='ltr'><strong>id</strong></span> <span class='ocrx_word' id='word_1_704' title='bbox 2039 3415 2155 3472; x_wconf 91' lang='lat' dir='ltr'><strong>est,</strong></span> <span class='ocrx_word' id='word_1_705' title='bbox 2212 3422 2348 3477; x_wconf 89' lang='lat' dir='ltr'><strong>quas</strong></span> <span class='ocrx_word' id='word_1_706' title='bbox 2410 3406 2525 3476; x_wconf 87' lang='lat' dir='ltr'><strong>ipse</strong></span> <span class='ocrx_word' id='word_1_707' title='bbox 2566 3405 2740 3462; x_wconf 84' lang='lat' dir='ltr'><strong>reficit</strong></span> <span class='ocrx_word' id='word_1_708' title='bbox 2785 3408 3151 3478; x_wconf 88' lang='lat' dir='ltr'><strong>spiritualibus</strong></span> <span class='ocrx_word' id='word_1_709' title='bbox 3215 3410 3368 3464; x_wconf 89' lang='lat' dir='ltr'><strong>bonis</strong></span> <span class='ocrx_word' id='word_1_710' title='bbox 3395 3450 3410 3474; x_wconf 90' lang='lat'><strong>,</strong></span> <span class='ocrx_word' id='word_1_711' title='bbox 3464 3417 3519 3463; x_wconf 89' lang='lat' dir='ltr'><strong>et</strong></span> 
     </span>
    </p>
   </div>
   <div class='ocr_carea' id='block_1_88' title="bbox 1936 3497 3515 3570">
    <p class='ocr_par' dir='ltr' id='par_1_88' title="bbox 1936 3497 3515 3570">
     <span class='ocr_line' id='line_1_88' title="bbox 1936 3497 3515 3570; baseline 0.001 -17"><span class='ocrx_word' id='word_1_712' title='bbox 1936 3498 2059 3554; x_wconf 89' lang='lat' dir='ltr'><strong>cibo</strong></span> <span class='ocrx_word' id='word_1_713' title='bbox 2077 3498 2343 3569; x_wconf 90' lang='lat' dir='ltr'><strong>corporis,</strong></span> <span class='ocrx_word' id='word_1_714' title='bbox 2376 3506 2431 3553; x_wconf 89' lang='lat' dir='ltr'><strong>et</strong></span> <span class='ocrx_word' id='word_1_715' title='bbox 2455 3497 2731 3568; x_wconf 88' lang='lat' dir='ltr'><strong>sanguinis</strong></span> <span class='ocrx_word' id='word_1_716' title='bbox 2755 3499 2858 3566; x_wconf 90' lang='lat' dir='ltr'><strong>sui,</strong></span> <span class='ocrx_word' id='word_1_717' title='bbox 2889 3507 2944 3556; x_wconf 90' lang='lat' dir='ltr'><strong>et</strong></span> <span class='ocrx_word' id='word_1_718' title='bbox 2966 3507 3124 3570; x_wconf 90' lang='lat' dir='ltr'><strong>pastu</strong></span> <span class='ocrx_word' id='word_1_719' title='bbox 3151 3499 3345 3556; x_wconf 83' lang='lat' dir='ltr'><strong>divinae</strong></span> <span class='ocrx_word' id='word_1_720' title='bbox 3367 3497 3515 3555; x_wconf 88' lang='lat' dir='ltr'><strong>Scri-</strong></span> 
     </span>
    </p>
   </div>
   <div class='ocr_carea' id='block_1_89' title="bbox 1935 3597 2626 3657">
    <p class='ocr_par' dir='ltr' id='par_1_89' title="bbox 1935 3597 2626 3657">
     <span class='ocr_line' id='line_1_89' title="bbox 1935 3597 2626 3657; baseline -0.001 -13"><span class='ocrx_word' id='word_1_721' title='bbox 1935 3597 2128 3657; x_wconf 69' lang='lat' dir='ltr'><strong>pturte.</strong></span> <span class='ocrx_word' id='word_1_722' title='bbox 2620 3649 2626 3656; x_wconf 54' lang='grc'><strong>,</strong></span> 
     </span>
    </p>
   </div>
   <div class='ocr_carea' id='block_1_90' title="bbox 2013 3678 3518 3752">
    <p class='ocr_par' dir='ltr' id='par_1_90' title="bbox 2013 3678 3518 3752">
     <span class='ocr_line' id='line_1_90' title="bbox 2013 3678 3518 3752; baseline 0.005 -21"><span class='ocrx_word' id='word_1_723' title='bbox 2013 3699 2030 3731; x_wconf 84' lang='grc'>‹</span> <span class='ocrx_word' id='word_1_724' title='bbox 2065 3679 2306 3734; x_wconf 90' lang='lat' dir='ltr'><strong>lntroite.</strong></span> <span class='ocrx_word' id='word_1_725' title='bbox 2348 3699 2367 3732; x_wconf 71' lang='grc' dir='ltr'><strong>ι</strong></span> <span class='ocrx_word' id='word_1_726' title='bbox 2400 3678 2534 3733; x_wconf 89' lang='lat' dir='ltr'><strong>Pars</strong></span> <span class='ocrx_word' id='word_1_727' title='bbox 2575 3681 2828 3735; x_wconf 88' lang='lat' dir='ltr'><strong>secunda.</strong></span> <span class='ocrx_word' id='word_1_728' title='bbox 2868 3680 2938 3734; x_wconf 89' lang='lat' dir='ltr'><strong>Et</strong></span> <span class='ocrx_word' id='word_1_729' title='bbox 2975 3682 3104 3751; x_wconf 90' lang='lat' dir='ltr'><strong>quia</strong></span> <span class='ocrx_word' id='word_1_730' title='bbox 3147 3682 3376 3752; x_wconf 92' lang='lat' dir='ltr'><strong>populus</strong></span> <span class='ocrx_word' id='word_1_731' title='bbox 3401 3681 3518 3752; x_wconf 84' lang='lat' dir='ltr'><strong>ejus</strong></span> 
     </span>
    </p>
   </div>
   <div class='ocr_carea' id='block_1_91' title="bbox 1937 3769 3518 3843">
    <p class='ocr_par' dir='ltr' id='par_1_91' title="bbox 1937 3769 3518 3843">
     <span class='ocr_line' id='line_1_91' title="bbox 1937 3769 3518 3843; baseline 0.004 -18"><span class='ocrx_word' id='word_1_732' title='bbox 1937 3778 1994 3825; x_wconf 92' lang='lat' dir='ltr'><strong>et</strong></span> <span class='ocrx_word' id='word_1_733' title='bbox 2019 3785 2149 3827; x_wconf 89' lang='lat' dir='ltr'><strong>oves</strong></span> <span class='ocrx_word' id='word_1_734' title='bbox 2188 3770 2340 3836; x_wconf 90' lang='lat' dir='ltr'><strong>estis,</strong></span> <span class='ocrx_word' id='word_1_735' title='bbox 2374 3769 2495 3825; x_wconf 92' lang='lat' dir='ltr'><strong>ideo</strong></span> <span class='ocrx_word' id='word_1_736' title='bbox 2525 3788 2544 3821; x_wconf 88' lang='grc'><strong>‹</strong></span> <span class='ocrx_word' id='word_1_737' title='bbox 2579 3769 2798 3826; x_wconf 87' lang='lat' dir='ltr'><strong>introite</strong></span> <span class='ocrx_word' id='word_1_738' title='bbox 2825 3778 3011 3842; x_wconf 86' lang='lat' dir='ltr'><strong>portas</strong></span> <span class='ocrx_word' id='word_1_739' title='bbox 3055 3773 3170 3843; x_wconf 91' lang='lat' dir='ltr'><strong>ejus</strong></span> <span class='ocrx_word' id='word_1_740' title='bbox 3219 3773 3272 3827; x_wconf 91' lang='lat' dir='ltr'><strong>in</strong></span> <span class='ocrx_word' id='word_1_741' title='bbox 3302 3773 3518 3830; x_wconf 86' lang='lat' dir='ltr'><strong>confes-</strong></span> 
     </span>
    </p>
   </div>
   <div class='ocr_carea' id='block_1_92' title="bbox 1936 3859 3520 3932">
    <p class='ocr_par' dir='ltr' id='par_1_92' title="bbox 1936 3859 3520 3932">
     <span class='ocr_line' id='line_1_92' title="bbox 1936 3859 3520 3932; baseline 0 -14"><span class='ocrx_word' id='word_1_742' title='bbox 1936 3862 2109 3928; x_wconf 90' lang='lat' dir='ltr'><strong>sione,</strong></span> <span class='ocrx_word' id='word_1_743' title='bbox 2149 3881 2168 3913; x_wconf 74' lang='grc' dir='ltr'><strong>ι</strong></span> <span class='ocrx_word' id='word_1_744' title='bbox 2201 3859 2256 3914; x_wconf 93' lang='lat' dir='ltr'><strong>id</strong></span> <span class='ocrx_word' id='word_1_745' title='bbox 2283 3868 2401 3926; x_wconf 92' lang='lat' dir='ltr'><strong>est,</strong></span> <span class='ocrx_word' id='word_1_746' title='bbox 2450 3859 2781 3920; x_wconf 77' lang='lat' dir='ltr'><strong>confitemini</strong></span> <span class='ocrx_word' id='word_1_747' title='bbox 2822 3869 3045 3930; x_wconf 89' lang='lat' dir='ltr'><strong>peccata</strong></span> <span class='ocrx_word' id='word_1_748' title='bbox 3089 3870 3270 3917; x_wconf 90' lang='lat' dir='ltr'><strong>vestra</strong></span> <span class='ocrx_word' id='word_1_749' title='bbox 3301 3880 3314 3916; x_wconf 93' lang='lat'><strong>:</strong></span> <span class='ocrx_word' id='word_1_750' title='bbox 3341 3871 3396 3916; x_wconf 92' lang='lat' dir='ltr'><strong>et</strong></span> <span class='ocrx_word' id='word_1_751' title='bbox 3421 3876 3520 3932; x_wconf 91' lang='lat' dir='ltr'><strong>per</strong></span> 
     </span>
    </p>
   </div>
   <div class='ocr_carea' id='block_1_93' title="bbox 1935 3951 3519 4023">
    <p class='ocr_par' dir='ltr' id='par_1_93' title="bbox 1935 3951 3519 4023">
     <span class='ocr_line' id='line_1_93' title="bbox 1935 3951 3519 4023; baseline 0.001 -14"><span class='ocrx_word' id='word_1_752' title='bbox 1935 3955 2038 4009; x_wconf 88' lang='lat' dir='ltr'><strong>hoc</strong></span> <span class='ocrx_word' id='word_1_753' title='bbox 2073 3970 2092 4004; x_wconf 71' lang='grc' dir='ltr'><strong>ι</strong></span> <span class='ocrx_word' id='word_1_754' title='bbox 2124 3953 2342 4007; x_wconf 92' lang='lat' dir='ltr'><strong>introite</strong></span> <span class='ocrx_word' id='word_1_755' title='bbox 2382 3961 2587 4022; x_wconf 90' lang='lat' dir='ltr'><strong>portas,</strong></span> <span class='ocrx_word' id='word_1_756' title='bbox 2624 3971 2642 4004; x_wconf 72' lang='grc' dir='ltr'><strong>ι</strong></span> <span class='ocrx_word' id='word_1_757' title='bbox 2677 3951 2732 4006; x_wconf 93' lang='lat' dir='ltr'><strong>id</strong></span> <span class='ocrx_word' id='word_1_758' title='bbox 2760 3960 2864 4018; x_wconf 90' lang='lat' dir='ltr'><strong>est,</strong></span> <span class='ocrx_word' id='word_1_759' title='bbox 2899 3951 3053 4006; x_wconf 92' lang='lat' dir='ltr'><strong>initia</strong></span> <span class='ocrx_word' id='word_1_760' title='bbox 3077 3953 3421 4023; x_wconf 86' lang='lat' dir='ltr'><strong>perveniendi</strong></span> <span class='ocrx_word' id='word_1_761' title='bbox 3449 3955 3519 4010; x_wconf 86' lang='lat' dir='ltr'><strong>ad</strong></span> 
     </span>
    </p>
   </div>
   <div class='ocr_carea' id='block_1_94' title="bbox 1933 4041 3522 4112">
    <p class='ocr_par' dir='ltr' id='par_1_94' title="bbox 1933 4041 3522 4112">
     <span class='ocr_line' id='line_1_94' title="bbox 1933 4041 3522 4112; baseline 0.001 -15"><span class='ocrx_word' id='word_1_762' title='bbox 1933 4056 2118 4098; x_wconf 86' lang='lat' dir='ltr'><strong>veram</strong></span> <span class='ocrx_word' id='word_1_763' title='bbox 2145 4041 2345 4106; x_wconf 89' lang='lat' dir='ltr'><strong>vitam;</strong></span> <span class='ocrx_word' id='word_1_764' title='bbox 2377 4041 2582 4096; x_wconf 91' lang='lat' dir='ltr'><strong>scilicet</strong></span> <span class='ocrx_word' id='word_1_765' title='bbox 2613 4041 3014 4096; x_wconf 91' lang='lat' dir='ltr'><strong>misericordias</strong></span> <span class='ocrx_word' id='word_1_766' title='bbox 3039 4042 3155 4112; x_wconf 91' lang='lat' dir='ltr'><strong>ejus</strong></span> <span class='ocrx_word' id='word_1_767' title='bbox 3196 4043 3438 4110; x_wconf 89' lang='lat' dir='ltr'><strong>introite,</strong></span> <span class='ocrx_word' id='word_1_768' title='bbox 3463 4053 3522 4100; x_wconf 92' lang='lat' dir='ltr'><strong>et</strong></span> 
     </span>
    </p>
   </div>
   <div class='ocr_carea' id='block_1_95' title="bbox 1934 4133 3513 4206">
    <p class='ocr_par' dir='ltr' id='par_1_95' title="bbox 1934 4133 3513 4206">
     <span class='ocr_line' id='line_1_95' title="bbox 1934 4133 3513 4206; baseline 0 -16"><span class='ocrx_word' id='word_1_769' title='bbox 1934 4133 2238 4190; x_wconf 87' lang='lat' dir='ltr'><strong>confitendo</strong></span> <span class='ocrx_word' id='word_1_770' title='bbox 2263 4142 2484 4203; x_wconf 90' lang='lat' dir='ltr'><strong>peccata</strong></span> <span class='ocrx_word' id='word_1_771' title='bbox 2515 4142 2725 4200; x_wconf 88' lang='lat' dir='ltr'><strong>vestra,</strong></span> <span class='ocrx_word' id='word_1_772' title='bbox 2758 4134 2954 4190; x_wconf 90' lang='lat' dir='ltr'><strong>intrate</strong></span> <span class='ocrx_word' id='word_1_773' title='bbox 2990 4135 3045 4190; x_wconf 91' lang='lat' dir='ltr'><strong>in</strong></span> <span class='ocrx_word' id='word_1_774' title='bbox 3081 4154 3099 4186; x_wconf 74' lang='grc' dir='ltr'><strong>ι</strong></span> <span class='ocrx_word' id='word_1_775' title='bbox 3132 4136 3268 4190; x_wconf 90' lang='lat' dir='ltr'><strong>atria</strong></span> <span class='ocrx_word' id='word_1_776' title='bbox 3299 4135 3433 4206; x_wconf 84' lang='lat' dir='ltr'><strong>ejus,</strong></span> <span class='ocrx_word' id='word_1_777' title='bbox 3495 4157 3513 4190; x_wconf 79' lang='grc' dir='ltr'><strong>ι</strong></span> 
     </span>
    </p>
   </div>
   <div class='ocr_carea' id='block_1_96' title="bbox 1935 4226 3516 4300">
    <p class='ocr_par' dir='ltr' id='par_1_96' title="bbox 1935 4226 3516 4300">
     <span class='ocr_line' id='line_1_96' title="bbox 1935 4226 3516 4300; baseline 0.002 -18"><span class='ocrx_word' id='word_1_778' title='bbox 1935 4226 1990 4282; x_wconf 90' lang='lat' dir='ltr'><strong>id</strong></span> <span class='ocrx_word' id='word_1_779' title='bbox 2017 4235 2122 4293; x_wconf 88' lang='lat' dir='ltr'><strong>est,</strong></span> <span class='ocrx_word' id='word_1_780' title='bbox 2154 4227 2209 4282; x_wconf 92' lang='lat' dir='ltr'><strong>in</strong></span> <span class='ocrx_word' id='word_1_781' title='bbox 2228 4226 2455 4299; x_wconf 86' lang='lat' dir='ltr'><strong>collegia</strong></span> <span class='ocrx_word' id='word_1_782' title='bbox 2481 4235 2792 4283; x_wconf 90' lang='lat' dir='ltr'><strong>sanctorum</strong></span> <span class='ocrx_word' id='word_1_783' title='bbox 2818 4228 3182 4300; x_wconf 86' lang='lat' dir='ltr'><strong>apostolorum</strong></span> <span class='ocrx_word' id='word_1_784' title='bbox 3213 4238 3269 4284; x_wconf 89' lang='lat' dir='ltr'><strong>et</strong></span> <span class='ocrx_word' id='word_1_785' title='bbox 3290 4229 3516 4286; x_wconf 87' lang='lat' dir='ltr'><strong>aliorum</strong></span> 
     </span>
    </p>
   </div>
   <div class='ocr_carea' id='block_1_97' title="bbox 1935 4319 3502 4392">
    <p class='ocr_par' dir='ltr' id='par_1_97' title="bbox 1935 4319 3502 4392">
     <span class='ocr_line' id='line_1_97' title="bbox 1935 4319 3502 4392; baseline 0.003 -18"><span class='ocrx_word' id='word_1_786' title='bbox 1935 4327 2264 4384; x_wconf 90' lang='lat' dir='ltr'><strong>sanctorum,</strong></span> <span class='ocrx_word' id='word_1_787' title='bbox 2297 4319 2506 4376; x_wconf 83' lang='lat' dir='ltr'><strong>scilicet</strong></span> <span class='ocrx_word' id='word_1_788' title='bbox 2544 4319 2929 4377; x_wconf 89' lang='lat' dir='ltr'><strong>conformando</strong></span> <span class='ocrx_word' id='word_1_789' title='bbox 2963 4336 3062 4377; x_wconf 90' lang='lat' dir='ltr'><strong>vos</strong></span> <span class='ocrx_word' id='word_1_790' title='bbox 3086 4323 3289 4378; x_wconf 89' lang='lat' dir='ltr'><strong>sanctis</strong></span> <span class='ocrx_word' id='word_1_791' title='bbox 3319 4323 3371 4376; x_wconf 90' lang='lat' dir='ltr'><strong>in</strong></span> <span class='ocrx_word' id='word_1_792' title='bbox 3415 4322 3502 4392; x_wconf 88' lang='lat' dir='ltr'><strong>ple</strong></span> 
     </span>
    </p>
   </div>
   <div class='ocr_carea' id='block_1_98' title="bbox 1934 4409 3512 4479">
    <p class='ocr_par' dir='ltr' id='par_1_98' title="bbox 1934 4409 3512 4479">
     <span class='ocr_line' id='line_1_98' title="bbox 1934 4409 3512 4479; baseline 0.004 -15"><span class='ocrx_word' id='word_1_793' title='bbox 1934 4409 2180 4465; x_wconf 90' lang='lat' dir='ltr'><strong>nitudine</strong></span> <span class='ocrx_word' id='word_1_794' title='bbox 2227 4409 2490 4479; x_wconf 68' lang='lat' dir='ltr'><strong>iustitiae,</strong></span> <span class='ocrx_word' id='word_1_795' title='bbox 2531 4420 2589 4466; x_wconf 90' lang='lat' dir='ltr'><strong>et</strong></span> <span class='ocrx_word' id='word_1_796' title='bbox 2619 4420 2746 4468; x_wconf 91' lang='lat' dir='ltr'><strong>tunc</strong></span> <span class='ocrx_word' id='word_1_797' title='bbox 2797 4431 2816 4464; x_wconf 75' lang='grc' dir='ltr'><strong>ι</strong></span> <span class='ocrx_word' id='word_1_798' title='bbox 2859 4413 3190 4470; x_wconf 90' lang='lat' dir='ltr'><strong>confitemini</strong></span> <span class='ocrx_word' id='word_1_799' title='bbox 3230 4434 3250 4467; x_wconf 77' lang='grc' dir='ltr'><strong>ι</strong></span> <span class='ocrx_word' id='word_1_800' title='bbox 3285 4415 3512 4471; x_wconf 83' lang='grc' dir='ltr'><strong>Ι)οωίηο</strong></span> 
     </span>
    </p>
   </div>
   <div class='ocr_carea' id='block_1_99' title="bbox 1941 4485 3508 4577">
    <p class='ocr_par' dir='ltr' id='par_1_99' title="bbox 1941 4485 3508 4577">
     <span class='ocr_line' id='line_1_99' title="bbox 1941 4485 3508 4577; baseline 0.008 -27"><span class='ocrx_word' id='word_1_801' title='bbox 1941 4518 1960 4550; x_wconf 76' lang='grc' dir='ltr'><strong>ι</strong></span> <span class='ocrx_word' id='word_1_802' title='bbox 1999 4500 2055 4554; x_wconf 92' lang='lat' dir='ltr'><strong>in</strong></span> <span class='ocrx_word' id='word_1_803' title='bbox 2077 4500 2311 4571; x_wconf 85' lang='lat' dir='ltr'><strong>hymnis,</strong></span> <span class='ocrx_word' id='word_1_804' title='bbox 2348 4521 2366 4552; x_wconf 71' lang='grc' dir='ltr'><strong>ι</strong></span> <span class='ocrx_word' id='word_1_805' title='bbox 2400 4503 2455 4557; x_wconf 93' lang='lat' dir='ltr'><strong>id</strong></span> <span class='ocrx_word' id='word_1_806' title='bbox 2485 4510 2588 4568; x_wconf 90' lang='lat' dir='ltr'><strong>est,</strong></span> <span class='ocrx_word' id='word_1_807' title='bbox 2613 4502 2668 4558; x_wconf 93' lang='lat' dir='ltr'><strong>in</strong></span> <span class='ocrx_word' id='word_1_808' title='bbox 2700 4503 2970 4560; x_wconf 90' lang='lat' dir='ltr'><strong>laudibus.</strong></span> <span class='ocrx_word' id='word_1_809' title='bbox 3003 4485 3155 4561; x_wconf 66' lang='lat' dir='ltr'><strong>Tunc</strong></span> <span class='ocrx_word' id='word_1_810' title='bbox 3196 4508 3337 4562; x_wconf 91' lang='lat' dir='ltr'><strong>enim</strong></span> <span class='ocrx_word' id='word_1_811' title='bbox 3381 4522 3508 4577; x_wconf 89' lang='lat' dir='ltr'><strong>pos-</strong></span> 
     </span>
    </p>
   </div>
   <div class='ocr_carea' id='block_1_100' title="bbox 1859 4590 3510 4690">
    <p class='ocr_par' dir='ltr' id='par_1_100' title="bbox 1859 4590 3510 4690">
     <span class='ocr_line' id='line_1_100' title="bbox 1859 4590 3510 4690; baseline 0.005 -46"><span class='ocrx_word' id='word_1_812' title='bbox 1859 4628 1916 4690; x_wconf 77' lang='lat' dir='ltr'><strong><em>D</em></strong></span> <span class='ocrx_word' id='word_1_813' title='bbox 1939 4604 2124 4646; x_wconf 91' lang='lat' dir='ltr'><strong>sumus</strong></span> <span class='ocrx_word' id='word_1_814' title='bbox 2153 4590 2439 4646; x_wconf 90' lang='lat' dir='ltr'><strong>Dominum</strong></span> <span class='ocrx_word' id='word_1_815' title='bbox 2484 4591 2708 4649; x_wconf 85' lang='lat' dir='ltr'><strong>laudare</strong></span> <span class='ocrx_word' id='word_1_816' title='bbox 2749 4595 3176 4665; x_wconf 88' lang='lat' dir='ltr'><strong>acceptabiliter,</strong></span> <span class='ocrx_word' id='word_1_817' title='bbox 3203 4611 3326 4652; x_wconf 90' lang='lat' dir='ltr'><strong>cum</strong></span> <span class='ocrx_word' id='word_1_818' title='bbox 3361 4598 3510 4667; x_wconf 90' lang='lat' dir='ltr'><strong>prius</strong></span> 
     </span>
    </p>
   </div>
   <div class='ocr_carea' id='block_1_101' title="bbox 1939 4682 2649 4752">
    <p class='ocr_par' dir='ltr' id='par_1_101' title="bbox 1939 4682 2649 4752">
     <span class='ocr_line' id='line_1_101' title="bbox 1939 4682 2649 4752; baseline -0.001 -14"><span class='ocrx_word' id='word_1_819' title='bbox 1939 4689 2158 4752; x_wconf 89' lang='lat' dir='ltr'><strong>peccata</strong></span> <span class='ocrx_word' id='word_1_820' title='bbox 2183 4682 2416 4739; x_wconf 88' lang='lat' dir='ltr'><strong>confessi</strong></span> <span class='ocrx_word' id='word_1_821' title='bbox 2443 4698 2649 4740; x_wconf 89' lang='lat' dir='ltr'><strong>sumus.</strong></span> 
     </span>
    </p>
   </div>
   <div class='ocr_carea' id='block_1_102' title="bbox 2012 4771 3512 4847">
    <p class='ocr_par' dir='ltr' id='par_1_102' title="bbox 2012 4771 3512 4847">
     <span class='ocr_line' id='line_1_102' title="bbox 2012 4771 3512 4847; baseline 0.004 -20"><span class='ocrx_word' id='word_1_822' title='bbox 2012 4771 2144 4828; x_wconf 89' lang='lat' dir='ltr'><strong>Dico</strong></span> <span class='ocrx_word' id='word_1_823' title='bbox 2175 4790 2195 4824; x_wconf 74' lang='grc' dir='ltr'><strong>ι</strong></span> <span class='ocrx_word' id='word_1_824' title='bbox 2240 4773 2572 4829; x_wconf 87' lang='lat' dir='ltr'><strong>confitemini</strong></span> <span class='ocrx_word' id='word_1_825' title='bbox 2597 4815 2613 4840; x_wconf 91' lang='lat'><strong>,</strong></span> <span class='ocrx_word' id='word_1_826' title='bbox 2652 4793 2671 4828; x_wconf 76' lang='grc' dir='ltr'><strong>ι</strong></span> <span class='ocrx_word' id='word_1_827' title='bbox 2708 4790 2807 4832; x_wconf 92' lang='lat' dir='ltr'><strong>nec</strong></span> <span class='ocrx_word' id='word_1_828' title='bbox 2853 4777 2995 4847; x_wconf 91' lang='lat' dir='ltr'><strong>apud</strong></span> <span class='ocrx_word' id='word_1_829' title='bbox 3024 4793 3120 4834; x_wconf 87' lang='lat' dir='ltr'><strong>vos</strong></span> <span class='ocrx_word' id='word_1_830' title='bbox 3152 4787 3378 4844; x_wconf 88' lang='lat' dir='ltr'><strong>tantum,</strong></span> <span class='ocrx_word' id='word_1_831' title='bbox 3418 4780 3512 4834; x_wconf 91' lang='lat' dir='ltr'><strong>sed</strong></span> 
     </span>
    </p>
   </div>
   <div class='ocr_carea' id='block_1_103' title="bbox 1949 4865 3522 4942">
    <p class='ocr_par' dir='ltr' id='par_1_103' title="bbox 1949 4865 3522 4942">
     <span class='ocr_line' id='line_1_103' title="bbox 1949 4865 3522 4942; baseline 0.005 -22"><span class='ocrx_word' id='word_1_832' title='bbox 1949 4885 1968 4920; x_wconf 75' lang='grc' dir='ltr'><strong>ι</strong></span> <span class='ocrx_word' id='word_1_833' title='bbox 2014 4866 2228 4922; x_wconf 88' lang='lat' dir='ltr'><strong>laudate</strong></span> <span class='ocrx_word' id='word_1_834' title='bbox 2267 4887 2287 4920; x_wconf 69' lang='grc' dir='ltr'><strong>ι</strong></span> <span class='ocrx_word' id='word_1_835' title='bbox 2341 4865 2484 4936; x_wconf 86' lang='lat' dir='ltr'><strong>apud</strong></span> <span class='ocrx_word' id='word_1_836' title='bbox 2529 4867 2663 4923; x_wconf 89' lang='lat' dir='ltr'><strong>alios</strong></span> <span class='ocrx_word' id='word_1_837' title='bbox 2717 4886 2736 4920; x_wconf 76' lang='grc' dir='ltr'><strong>ι</strong></span> <span class='ocrx_word' id='word_1_838' title='bbox 2797 4884 2992 4926; x_wconf 89' lang='lat' dir='ltr'><strong>nomen</strong></span> <span class='ocrx_word' id='word_1_839' title='bbox 3035 4872 3170 4942; x_wconf 89' lang='lat' dir='ltr'><strong>ejus,</strong></span> <span class='ocrx_word' id='word_1_840' title='bbox 3226 4891 3244 4922; x_wconf 74' lang='grc' dir='ltr'><strong>ι</strong></span> <span class='ocrx_word' id='word_1_841' title='bbox 3277 4872 3522 4928; x_wconf 73' lang='lat' dir='ltr'><strong>dicentes</strong></span> 
     </span>
    </p>
   </div>
   <div class='ocr_carea' id='block_1_104' title="bbox 1952 4957 3518 5028">
    <p class='ocr_par' dir='ltr' id='par_1_104' title="bbox 1952 4957 3518 5028">
     <span class='ocr_line' id='line_1_104' title="bbox 1952 4957 3518 5028; baseline 0.004 -20"><span class='ocrx_word' id='word_1_842' title='bbox 1952 4975 1971 5008; x_wconf 86' lang='grc'><em>‹</em></span> <span class='ocrx_word' id='word_1_843' title='bbox 1997 4957 2251 5028; x_wconf 90' lang='lat' dir='ltr'><strong>quoniam</strong></span> <span class='ocrx_word' id='word_1_844' title='bbox 2297 4957 2555 5012; x_wconf 91' lang='lat' dir='ltr'><strong>Dominus</strong></span> <span class='ocrx_word' id='word_1_845' title='bbox 2589 4977 2608 5010; x_wconf 70' lang='grc' dir='ltr'><strong>ι</strong></span> <span class='ocrx_word' id='word_1_846' title='bbox 2646 4957 2748 5013; x_wconf 83' lang='grc' dir='ltr'>ἱειε</span> <span class='ocrx_word' id='word_1_847' title='bbox 2778 4977 2797 5010; x_wconf 75' lang='grc' dir='ltr'><strong>ι</strong></span> <span class='ocrx_word' id='word_1_848' title='bbox 2833 4961 3016 5016; x_wconf 88' lang='lat' dir='ltr'><strong>suavis</strong></span> <span class='ocrx_word' id='word_1_849' title='bbox 3061 4970 3143 5016; x_wconf 92' lang='lat' dir='ltr'><strong>est</strong></span> <span class='ocrx_word' id='word_1_850' title='bbox 3189 4981 3210 5015; x_wconf 71' lang='grc' dir='ltr'><strong>ι</strong></span> <span class='ocrx_word' id='word_1_851' title='bbox 3252 4970 3306 5016; x_wconf 88' lang='lat' dir='ltr'><strong>et</strong></span> <span class='ocrx_word' id='word_1_852' title='bbox 3345 4959 3518 5016; x_wconf 89' lang='lat' dir='ltr'><strong>dulcis</strong></span> 
     </span>
    </p>
   </div>
   <div class='ocr_carea' id='block_1_105' title="bbox 1947 5046 3512 5118">
    <p class='ocr_par' dir='ltr' id='par_1_105' title="bbox 1947 5046 3512 5118">
     <span class='ocr_line' id='line_1_105' title="bbox 1947 5046 3512 5118; baseline 0.003 -18"><span class='ocrx_word' id='word_1_853' title='bbox 1947 5046 2306 5118; x_wconf 89' lang='lat' dir='ltr'><strong>gustantibus,</strong></span> <span class='ocrx_word' id='word_1_854' title='bbox 2335 5055 2393 5101; x_wconf 91' lang='lat' dir='ltr'><strong>et</strong></span> <span class='ocrx_word' id='word_1_855' title='bbox 2425 5065 2443 5098; x_wconf 73' lang='grc' dir='ltr'><strong>ε</strong></span> <span class='ocrx_word' id='word_1_856' title='bbox 2478 5046 2843 5103; x_wconf 88' lang='lat' dir='ltr'><strong>misericordia</strong></span> <span class='ocrx_word' id='word_1_857' title='bbox 2873 5048 2989 5117; x_wconf 92' lang='lat' dir='ltr'><strong>ejus</strong></span> <span class='ocrx_word' id='word_1_858' title='bbox 3025 5069 3044 5102; x_wconf 70' lang='grc' dir='ltr'><strong>ι</strong></span> <span class='ocrx_word' id='word_1_859' title='bbox 3088 5057 3170 5104; x_wconf 88' lang='grc' dir='ltr'><strong>εει</strong></span> <span class='ocrx_word' id='word_1_860' title='bbox 3199 5068 3217 5099; x_wconf 74' lang='grc' dir='ltr'><strong>ι</strong></span> <span class='ocrx_word' id='word_1_861' title='bbox 3254 5050 3308 5104; x_wconf 92' lang='lat' dir='ltr'><strong>in</strong></span> <span class='ocrx_word' id='word_1_862' title='bbox 3355 5058 3512 5104; x_wconf 65' lang='lat' dir='ltr'><strong>teter-</strong></span> 
     </span>
    </p>
   </div>
   <div class='ocr_carea' id='block_1_106' title="bbox 1946 5134 3518 5207">
    <p class='ocr_par' dir='ltr' id='par_1_106' title="bbox 1946 5134 3518 5207">
     <span class='ocr_line' id='line_1_106' title="bbox 1946 5134 3518 5207; baseline 0.003 -17"><span class='ocrx_word' id='word_1_863' title='bbox 1946 5151 2094 5200; x_wconf 90' lang='lat' dir='ltr'><strong>num,</strong></span> <span class='ocrx_word' id='word_1_864' title='bbox 2126 5153 2146 5188; x_wconf 84' lang='grc'>›</span> <span class='ocrx_word' id='word_1_865' title='bbox 2182 5134 2234 5190; x_wconf 90' lang='lat' dir='ltr'><strong>id</strong></span> <span class='ocrx_word' id='word_1_866' title='bbox 2264 5142 2366 5202; x_wconf 91' lang='lat' dir='ltr'><strong>est,</strong></span> <span class='ocrx_word' id='word_1_867' title='bbox 2395 5150 2456 5191; x_wconf 92' lang='lat' dir='ltr'><strong>ea</strong></span> <span class='ocrx_word' id='word_1_868' title='bbox 2486 5151 2604 5207; x_wconf 67' lang='lat' dir='ltr'><strong>quae</strong></span> <span class='ocrx_word' id='word_1_869' title='bbox 2635 5138 2737 5192; x_wconf 90' lang='lat' dir='ltr'><strong>iste</strong></span> <span class='ocrx_word' id='word_1_870' title='bbox 2769 5135 3028 5192; x_wconf 90' lang='lat' dir='ltr'><strong>Dominus</strong></span> <span class='ocrx_word' id='word_1_871' title='bbox 3071 5151 3170 5207; x_wconf 91' lang='lat' dir='ltr'><strong>per</strong></span> <span class='ocrx_word' id='word_1_872' title='bbox 3205 5138 3518 5195; x_wconf 89' lang='lat' dir='ltr'><strong>misericor-</strong></span> 
     </span>
    </p>
   </div>
   <div class='ocr_carea' id='block_1_107' title="bbox 1947 5224 3514 5297">
    <p class='ocr_par' dir='ltr' id='par_1_107' title="bbox 1947 5224 3514 5297">
     <span class='ocr_line' id='line_1_107' title="bbox 1947 5224 3514 5297; baseline 0.003 -17"><span class='ocrx_word' id='word_1_873' title='bbox 1947 5225 2092 5280; x_wconf 91' lang='lat' dir='ltr'><strong>diam</strong></span> <span class='ocrx_word' id='word_1_874' title='bbox 2117 5240 2270 5280; x_wconf 91' lang='lat' dir='ltr'><strong>suam</strong></span> <span class='ocrx_word' id='word_1_875' title='bbox 2295 5224 2539 5297; x_wconf 88' lang='lat' dir='ltr'><strong>largitur,</strong></span> <span class='ocrx_word' id='word_1_876' title='bbox 2563 5228 3028 5284; x_wconf 82' lang='lat' dir='ltr'><strong>ducuntliomines</strong></span> <span class='ocrx_word' id='word_1_877' title='bbox 3050 5229 3116 5284; x_wconf 91' lang='lat' dir='ltr'><strong>ad</strong></span> <span class='ocrx_word' id='word_1_878' title='bbox 3139 5230 3514 5286; x_wconf 56' lang='lat' dir='ltr'><strong>aeternitatem.</strong></span> 
     </span>
    </p>
   </div>
   <div class='ocr_carea' id='block_1_108' title="bbox 1953 5314 3520 5389">
    <p class='ocr_par' dir='ltr' id='par_1_108' title="bbox 1953 5314 3520 5389">
     <span class='ocr_line' id='line_1_108' title="bbox 1953 5314 3520 5389; baseline 0.007 -23"><span class='ocrx_word' id='word_1_879' title='bbox 1953 5334 1970 5366; x_wconf 76' lang='grc' dir='ltr'><strong>ι</strong></span> <span class='ocrx_word' id='word_1_880' title='bbox 2011 5314 2078 5368; x_wconf 86' lang='grc' dir='ltr'>Ει</span> <span class='ocrx_word' id='word_1_881' title='bbox 2107 5314 2305 5370; x_wconf 90' lang='lat' dir='ltr'><strong>veritas</strong></span> <span class='ocrx_word' id='word_1_882' title='bbox 2329 5316 2464 5386; x_wconf 88' lang='lat' dir='ltr'><strong>ejus,</strong></span> <span class='ocrx_word' id='word_1_883' title='bbox 2486 5337 2505 5369; x_wconf 79' lang='grc' dir='ltr'><strong>ι</strong></span> <span class='ocrx_word' id='word_1_884' title='bbox 2545 5317 2600 5372; x_wconf 91' lang='lat' dir='ltr'><strong>id</strong></span> <span class='ocrx_word' id='word_1_885' title='bbox 2633 5327 2715 5372; x_wconf 91' lang='lat' dir='ltr'><strong>est</strong></span> <span class='ocrx_word' id='word_1_886' title='bbox 2741 5332 2803 5372; x_wconf 90' lang='lat' dir='ltr'><strong>ea</strong></span> <span class='ocrx_word' id='word_1_887' title='bbox 2829 5333 2947 5387; x_wconf 64' lang='lat' dir='ltr'><strong>quae</strong></span> <span class='ocrx_word' id='word_1_888' title='bbox 2997 5318 3267 5389; x_wconf 89' lang='lat' dir='ltr'><strong>complent</strong></span> <span class='ocrx_word' id='word_1_889' title='bbox 3290 5321 3520 5389; x_wconf 87' lang='lat' dir='ltr'><strong>promis-</strong></span> 
     </span>
    </p>
   </div>
   <div class='ocr_carea' id='block_1_109' title="bbox 1950 5405 3516 5480">
    <p class='ocr_par' dir='ltr' id='par_1_109' title="bbox 1950 5405 3516 5480">
     <span class='ocr_line' id='line_1_109' title="bbox 1950 5405 3516 5480; baseline 0.005 -20"><span class='ocrx_word' id='word_1_890' title='bbox 1950 5406 2126 5461; x_wconf 90' lang='lat' dir='ltr'><strong>siones</strong></span> <span class='ocrx_word' id='word_1_891' title='bbox 2157 5405 2274 5473; x_wconf 92' lang='lat' dir='ltr'><strong>Dei,</strong></span> <span class='ocrx_word' id='word_1_892' title='bbox 2305 5423 2403 5477; x_wconf 90' lang='lat' dir='ltr'><strong>per</strong></span> <span class='ocrx_word' id='word_1_893' title='bbox 2448 5423 2567 5479; x_wconf 84' lang='lat' dir='ltr'><strong>quae</strong></span> <span class='ocrx_word' id='word_1_894' title='bbox 2595 5423 2759 5463; x_wconf 86' lang='lat' dir='ltr'><strong>verax</strong></span> <span class='ocrx_word' id='word_1_895' title='bbox 2790 5419 3014 5480; x_wconf 86' lang='lat' dir='ltr'><strong>apparet</strong></span> <span class='ocrx_word' id='word_1_896' title='bbox 3061 5410 3223 5475; x_wconf 91' lang='lat' dir='ltr'><strong>Deus,</strong></span> <span class='ocrx_word' id='word_1_897' title='bbox 3245 5420 3368 5466; x_wconf 90' lang='lat' dir='ltr'><strong>sunt</strong></span> <span class='ocrx_word' id='word_1_898' title='bbox 3403 5430 3421 5462; x_wconf 86' lang='grc'><em>‹</em></span> <span class='ocrx_word' id='word_1_899' title='bbox 3461 5413 3516 5467; x_wconf 91' lang='lat' dir='ltr'><strong>in</strong></span> 
     </span>
    </p>
   </div>
   <div class='ocr_carea' id='block_1_110' title="bbox 1951 5497 3514 5568">
    <p class='ocr_par' dir='ltr' id='par_1_110' title="bbox 1951 5497 3514 5568">
     <span class='ocr_line' id='line_1_110' title="bbox 1951 5497 3514 5568; baseline 0.006 -18"><span class='ocrx_word' id='word_1_900' title='bbox 1951 5497 2293 5565; x_wconf 85' lang='lat' dir='ltr'><strong>generatione</strong></span> <span class='ocrx_word' id='word_1_901' title='bbox 2320 5505 2374 5552; x_wconf 90' lang='lat' dir='ltr'><strong>et</strong></span> <span class='ocrx_word' id='word_1_902' title='bbox 2401 5497 2798 5568; x_wconf 88' lang='lat' dir='ltr'><strong>generationem</strong></span> <span class='ocrx_word' id='word_1_903' title='bbox 2818 5539 2834 5565; x_wconf 91' lang='lat'><strong>,</strong></span> <span class='ocrx_word' id='word_1_904' title='bbox 2875 5517 2893 5551; x_wconf 84' lang='grc'>›</span> <span class='ocrx_word' id='word_1_905' title='bbox 2925 5499 2978 5554; x_wconf 93' lang='lat' dir='ltr'><strong>id</strong></span> <span class='ocrx_word' id='word_1_906' title='bbox 2998 5510 3099 5568; x_wconf 90' lang='lat' dir='ltr'><strong>est,</strong></span> <span class='ocrx_word' id='word_1_907' title='bbox 3131 5509 3330 5556; x_wconf 68' lang='lat' dir='ltr'><strong>aeterna</strong></span> <span class='ocrx_word' id='word_1_908' title='bbox 3354 5514 3514 5560; x_wconf 87' lang='lat' dir='ltr'><strong>sunt:</strong></span> 
     </span>
    </p>
   </div>
   <div class='ocr_carea' id='block_1_111' title="bbox 1953 5585 3519 5660">
    <p class='ocr_par' dir='ltr' id='par_1_111' title="bbox 1953 5585 3519 5660">
     <span class='ocr_line' id='line_1_111' title="bbox 1953 5585 3519 5660; baseline 0.007 -20"><span class='ocrx_word' id='word_1_909' title='bbox 1953 5585 2092 5641; x_wconf 91' lang='lat' dir='ltr'><strong>idem</strong></span> <span class='ocrx_word' id='word_1_910' title='bbox 2122 5588 2412 5657; x_wconf 87' lang='lat' dir='ltr'><strong>accipimus</strong></span> <span class='ocrx_word' id='word_1_911' title='bbox 2432 5603 2528 5659; x_wconf 91' lang='lat' dir='ltr'><strong>per</strong></span> <span class='ocrx_word' id='word_1_912' title='bbox 2549 5587 2972 5646; x_wconf 89' lang='lat' dir='ltr'><strong>misericordiam</strong></span> <span class='ocrx_word' id='word_1_913' title='bbox 3017 5598 3073 5646; x_wconf 90' lang='lat' dir='ltr'><strong>et</strong></span> <span class='ocrx_word' id='word_1_914' title='bbox 3094 5591 3394 5660; x_wconf 84' lang='lat' dir='ltr'><strong>veritatem,</strong></span> <span class='ocrx_word' id='word_1_915' title='bbox 3426 5595 3519 5651; x_wconf 89' lang='lat' dir='ltr'><strong>sed</strong></span> 
     </span>
    </p>
   </div>
   <div class='ocr_carea' id='block_1_112' title="bbox 1954 5677 2391 5734">
    <p class='ocr_par' dir='ltr' id='par_1_112' title="bbox 1954 5677 2391 5734">
     <span class='ocr_line' id='line_1_112' title="bbox 1954 5677 2391 5734; baseline 0.005 -2"><span class='ocrx_word' id='word_1_916' title='bbox 1954 5677 2178 5734; x_wconf 81' lang='lat' dir='ltr'><strong>diversis</strong></span> <span class='ocrx_word' id='word_1_917' title='bbox 2202 5678 2391 5734; x_wconf 90' lang='lat' dir='ltr'><strong>modis.</strong></span> 
     </span>
    </p>
   </div>
  </div>
