3940 6470
462 454 556 510 551
942 449 1293 508 liAYMONIS
1333 407 1805 505 HALB‘ERSTAT.
1848 447 2059 506 EPiSC.
2102 446 2251 505 OPP.
2291 445 2471 503 PARS
2508 446 2550 503 1.
2578 478 2648 489 -
2675 447 3029 507 COMMENT.
3074 452 3241 510 BIBL.
3604 460 3727 519 552

980 564 1051 620 [Ν
1084 562 1413 620 pSALMUM
1448 562 1507 620 ο,
2060 567 2111 627 Α
2206 562 2376 618 Homo
2414 576 2545 619 vero
2589 565 2681 635 qui
2746 580 2764 615 α
2819 567 3052 635 superbo
3095 567 3253 622 ocqu
3304 588 3326 622 ι
3374 574 3721 643 apparebat,

778 654 1071 713 Tir-oms:
1099 654 1345 709 Psalmus
1368 655 1471 725 ipsi
1491 653 1675 710 David.
2134 670 2154 703 ‹
2188 661 2241 707 et
2264 653 2549 709 insatiabili
2571 653 2753 721 corde,
2782 674 2802 708 ι
2842 656 2897 711 id
2934 662 3020 711 est
3053 670 3237 725 avaro,
3266 674 3288 711 α
3319 672 3445 715 eum
3465 664 3573 720 hoc
3600 678 3719 721 non

531 762 552 802 ‹
591 746 1034 805 Misericordiam.
1076 764 1095 800 ι
1131 744 1377 801 Psalmns
1418 747 1522 801 iste
1566 754 1649 801 est
1694 746 1862 800 David
1898 758 2025 815 pro—
2127 744 2350 800 edebam
2384 764 2404 796 ›
2452 745 2651 808 cibum,
2686 747 3041 817 corporalem,
3093 751 3174 807 vel
3219 752 3399 822 potius
3449 756 3725 825 spiritua-

452 842 650 918 pheta,
680 840 772 912 qui
795 839 1061 911 loquitur,
1091 838 1177 893 vel
1203 837 1572 907 cujuscunque
1603 836 1733 906 justi
1774 834 2019 907 perfecti.
2125 833 2229 889 lem
2255 877 2270 902 ,
2307 836 2511 891 scilicet
2557 835 2818 893 Dominici
2866 840 3107 912 corporis
3158 842 3527 901 refectionem.
3569 846 3721 906 Sunt

454 926 734 988 Materiam
763 932 925 987 habet
949 929 1243 1000 perfectam
1271 927 1755 990 conversationem,
1784 941 1944 995 quam
1968 923 2023 979 in
2122 926 2265 979 enim
2301 924 2583 982 manifeste
2604 928 2691 983 isti
2722 930 2846 985 mali
2871 946 2900 984 a
2922 932 3043 987 cibo
3086 933 3349 991 bonorum
3377 944 3714 1009 separandi;

454 1026 629 1097 seipso
668 1024 921 1080 ostendit.
966 1022 1153 1077 Modus
1178 1040 1190 1075 :
1220 1021 1273 1075 in
1300 1021 1474 1095 prima
1502 1026 1653 1090 parte
1704 1017 1939 1073 ostendit
1963 1031 2022 1073 se
2124 1013 2265 1068 unde
2298 1014 2441 1068 enim
2469 1014 2754 1085 ApoStolus
2785 1034 2799 1071 :
2836 1034 2855 1069 ο
2889 1017 3023 1074 Cum
3053 1020 3358 1090 huiusmodi
3384 1041 3486 1083 nec
3519 1030 3716 1086 cibum

446 1116 594 1187 justo
625 1114 829 1178 vivere,
872 1118 927 1165 et
972 1109 1233 1165 malorum
1281 1108 1607 1164 consortium
1653 1108 1909 1162 devitarc.
1962 1106 2020 1160 in
2120 1115 2351 1157 sumere.
2388 1121 2407 1154 ι

450 1203 555 1259 alia
581 1211 737 1273 parte
759 1244 775 1270 ,
822 1212 944 1273 qua
982 1201 1172 1271 incipit
1203 1218 1216 1252 :
1257 1217 1277 1251 ι
1311 1196 1462 1254 Oculi
1486 1199 1612 1264 mei,
1652 1216 1669 1249 ι
1701 1197 1935 1253 ostendit
1961 1209 2020 1251 se
2191 1188 2322 1245 Pars
2348 1194 2602 1248 secunda.
2635 1213 2656 1246 ‹
2689 1194 2862 1252 Oculi.
2900 1217 2923 1250 ι
2946 1198 3039 1254 isti
3079 1212 3185 1256 non
3215 1202 3508 1273 placebunt
3543 1206 3708 1271 mihi,

448 1295 711 1350 bonorum
738 1292 1015 1350 consortio
1044 1292 1340 1347 adhaerere.
1386 1289 1619 1347 Intendi:
1661 1305 1758 1345 nos
1786 1304 1884 1361 per
1916 1290 2019 1346 hoc
2119 1282 2213 1337 sed
2244 1300 2267 1335 α
2300 1284 2440 1339 oculi
2468 1288 2594 1350 mei,
2629 1306 2648 1340 ι
2673 1289 2726 1343 id
2754 1297 2857 1356 est,
2881 1291 3191 1350 alectiones
3212 1306 3371 1360 mea,
3397 1306 3559 1352 erant
3589 1315 3612 1349 ι
3640 1299 3707 1355 ad

448 1385 518 1441 ad
541 1384 783 1440 habitum
810 1382 1063 1454 perfectae
1082 1382 1504 1439 conversationis
1528 1383 1792 1437 invitare:
1825 1389 1898 1450 et,
1924 1396 2019 1438 an-
2118 1371 2325 1438 ﬁdeles,
2382 1394 2402 1427 ι
2450 1388 2557 1432 non
2600 1379 2761 1435 unius
2800 1382 3044 1446 loci,sed
3080 1402 3097 1435 ι
3140 1393 3321 1450 term,
3367 1395 3429 1441 ut
3478 1389 3709 1443 sedeant

445 1481 665 1546 tequam
689 1476 755 1530 de
775 1476 876 1530 hac
912 1473 1317 1529 conversatione
1336 1482 1480 1544 agat,
1499 1474 1775 1543 praemittit
1797 1482 2015 1529 causam
2117 1476 2349 1531 meeum,
2383 1484 2402 1517 ι
2434 1466 2487 1520 id
2524 1477 2609 1523 est
2644 1477 2704 1523 ut
2747 1471 2951 1528 similes
2998 1472 3126 1528 mihi
3168 1474 3296 1529 ﬁant
3322 1481 3380 1530 et
3412 1477 3707 1546 quiescam

446 1583 616 1639 quare
660 1567 821 1623 talem
874 1565 1041 1636 eligat
1084 1565 1542 1620 conversationem
1568 1606 1582 1630 ,
1644 1564 1848 1620 scilicet
1888 1564 2002 1634 quia

2150 1568 2173 1608 η
2201 1554 2818 1626 delectationejusbitiae,
2851 1563 2993 1618 sicut
3012 1578 3135 1633 ego.
3171 1580 3191 1615 ο
3217 1565 3519 1622 Ambobus
3552 1586 3576 1620 ι
3608 1582 3706 1622 au-

446 1657 618 1714 Deum
649 1656 878 1713 attendit
900 1671 1007 1711 non
1033 1662 1240 1710 tantum
1271 1654 1438 1726 pium,
1478 1654 1579 1711 sed
1600 1655 1762 1710 etiam
1783 1654 2009 1723 justum.
2118 1655 2222 1701 tem
2270 1667 2289 1698 ι
2348 1649 2403 1702 in
2451 1652 2537 1705 via
2586 1653 2953 1721 immaculata,
2980 1656 3070 1710 hic
3110 1656 3243 1711 mihi
3272 1657 3640 1715 ministrabat.
3675 1679 3697 1712 ι

447 1747 507 1804 Si
528 1750 674 1805 enim
721 1748 1089 1804 tantummodo
1134 1747 1283 1818 pium
1334 1745 1650 1812 attenderet,
1698 1762 1798 1817 pro
1843 1744 2014 1800 nihilo
2117 1739 2257 1796 Sunt
2283 1743 2426 1797 enim
2450 1744 2680 1815 eligendi
2704 1748 2885 1803 mundi
2910 1757 2966 1803 et
2997 1750 3212 1805 honesti
3253 1750 3357 1805 viri
3389 1750 3489 1820 qui
3534 1751 3699 1805 mini-

444 1839 733 1907 laboraret,
764 1855 886 1896 cum
907 1839 1078 1894 Deum
1131 1837 1311 1893 omnia
1363 1853 1430 1893 ex
1464 1838 1664 1908 pietate
1709 1837 2013 1892 condonare
2047 1905 2080 1908 _
2118 1839 2295 1890 strent
2324 1837 2378 1890 in
2401 1837 2561 1892 domo
2583 1839 2814 1894 Domini.

444 1939 659 2002 putaret
690 1905 829 1987 :ised
871 1931 995 2001 quia
1025 1929 1229 1998 justum
1280 1905 1575 2001 cognoscit,
1605 1936 1661 1984 et
1683 1929 1747 1984 de
1775 1928 2015 1999 peccatis
2046 1905 2097 1968 Β
2196 1943 2217 1977 ε
2252 1926 2353 1994 Qui
2385 1927 2513 1982 facit
2545 1929 2871 1999 superbiam.
2913 1949 2933 1982 ι
2970 1930 3088 1986 Non
3111 1932 3232 1988 dico
3254 1935 3308 1989 in
3338 1937 3523 2008 aliqua
3543 1952 3696 2011 parte

442 2026 835 2082 vindicaturum
871 2023 1143 2093 intelligit;
1182 2023 1479 2079 timendum
1504 2028 1735 2092 reputat,
1762 2030 1817 2076 et
1842 2022 2013 2076 omni-
2116 2015 2307 2071 domus
2355 2016 2471 2081 Dei,
2521 2018 2646 2088 quia
2695 2019 2820 2073 mali
2853 2028 3239 2090 supportautur
3285 2024 3338 2079 in
3392 2026 3693 2087 Ecclesia:

441 2115 543 2171 bus
580 2116 752 2171 modis
784 2114 1134 2186 placandum;
1164 2120 1218 2168 et
1246 2113 1369 2168 inde
1394 2113 1522 2168 dicit
1546 2130 1559 2166 :
1588 2128 1621 2166 ο
1646 2111 1889 2175 Domine,
1914 2124 2013 2181 ego
2112 2107 2369 2178 praelatis,
2400 2115 2459 2162 ut
2487 2110 2825 2180 corrigantur
2844 2111 3201 2179 “desistant,
3225 2114 3318 2170 sed
3351 2134 3372 2169 ε
3401 2132 3515 2174 non
3544 2122 3693 2177 habi.

442 2207 673 2263 cantabo
713 2206 807 2263 tibi
835 2205 1257 2262 misericordiam
1286 2210 1342 2260 et
1370 2204 1630 2275 judicium
1652 2244 1666 2269 ,
1690 2203 1744 2257 id
1769 2208 1850 2257 est
1899 2202 2012 2255 lau-
2113 2199 2246 2253 tabit
2273 2200 2331 2253 in
2376 2199 2554 2254 medio
2579 2201 2770 2256 domus
2819 2212 2974 2268 meae,
3018 2220 3037 2254 ι
3067 2200 3121 2258 id
3148 2213 3233 2259 est
3256 2212 3693 2280 congregationis

442 2299 580 2354 dabo
612 2308 664 2354 te
692 2300 758 2354 de
801 2299 903 2354 hoc
927 2298 1069 2369 quod
1095 2305 1151 2352 tu
1181 2297 1347 2352 habes
1383 2296 1560 2352 facere
1584 2294 2007 2350 misericordiam
2110 2287 2367 2344 ﬁdelium.
2399 2288 2533 2345 Cum
2561 2291 2710 2357 dicit,
2744 2309 2767 2343 ο
2802 2292 2857 2347 iu
2884 2294 3076 2360 medio,
3115 2313 3137 2346 ι
3162 2296 3256 2351 dat
3276 2296 3689 2369 intelligendum

441 2391 579 2456 aliis,
608 2398 661 2446 et
686 2390 962 2461 judicium,
992 2390 1118 2459 quia
1152 2389 1311 2458 punis
1333 2402 1432 2459 pro
1460 2388 1717 2457 peccatis.
2109 2384 2251 2452 quod
2277 2383 2437 2438 talem
2459 2394 2567 2439 non
2604 2384 2763 2441 faciet
2788 2385 2889 2441 sibi
2915 2386 3262 2455 familiarem,
3285 2406 3387 2447 nec
3410 2394 3688 2463 praelatum

508 2482 791 2541 Praemissa
814 2499 998 2549 causa,
1022 2482 1210 2553 incipit
1226 2481 1339 2552 jam
1367 2480 1652 2537 ostendere
1677 2493 1827 2535 suam
1851 2480 2008 2550 justi-
2109 2472 2163 2527 in
2186 2474 2346 2529 domo
2374 2474 2470 2529 Dﬁi
2499 2475 2789 2532 Constituet
2812 2517 2827 2543 ,
2856 2492 2887 2531 ι
2917 2488 3024 2547 quo
3050 2478 3139 2535 alii
3164 2480 3249 2536 vel
3276 2483 3482 2538 malum
3512 2500 3687 2541 exem-

439 2576 601 2643 tiam;
658 2590 720 2631 ac
746 2576 793 2631 si
822 2574 1025 2632 diceret
1068 2593 1080 2629 :
1115 2574 1249 2641 Quia
1298 2588 1402 2629 non
1441 2580 1648 2628 tantum
1702 2572 2009 2628 misericor—
2106 2564 2275 2634 illum.
2304 2565 2393 2620 rei
2426 2565 2622 2621 malam
2665 2568 2931 2639 accipiant
2957 2570 3297 2627 doctrinam:
3330 2588 3441 2630 non
3482 2584 3683 2634 tantum

438 2667 578 2735 dem,
598 2670 690 2725 sed
710 2668 875 2723 etiam
893 2666 1221 2737 judicantcm
1236 2662 1496 2735 intelligo,
1527 2663 1646 2718 ideo
1666 2682 1683 2714 ‹
1712 2663 1958 2733 psallam,
1981 2682 1999 2714 ι
2112 2674 2132 2709 ί
2168 2659 2258 2728 qui
2284 2655 2416 2713 facit
2438 2661 2765 2729 superbiam,
2798 2681 2818 2715 ι
2843 2663 2938 2717 sed
2960 2664 3122 2718 etiam
3149 2678 3169 2716 ι
3206 2667 3300 2735 qui
3325 2667 3572 2737 loquitur
3598 2672 3684 2727 ini-

435 2758 491 2815 id
519 2767 623 2826 est,
650 2761 789 2816 bene
819 2758 1085 2829 operabor
1110 2798 1124 2823 ,
1151 2765 1206 2811 et
1227 2770 1326 2826 per
1361 2754 1466 2812 hoc
1492 2755 1677 2812 venies
1703 2755 1769 2809 ad
1807 2768 1916 2821 me,
1946 2760 2006 2809 ut
2105 2762 2235 2818 qua,
2277 2767 2296 2798 ι
2331 2748 2540 2803 scilicet
2585 2750 2676 2819 qui
2715 2753 3021 2807 consuescit
3060 2753 3116 2808 in
3157 2755 3513 2825 maliloquio;
3565 2759 3682 2816 licet

435 2850 491 2905 in
528 2864 613 2906 me
659 2850 893 2907 habites.
919 2849 987 2904 Et
1016 2866 1036 2901 ι
1073 2848 1287 2918 quando
1322 2866 1340 2899 ι
1376 2854 1434 2902 tu
1470 2865 1489 2899 ι
1517 2845 1701 2903 venies
1724 2845 1792 2901 ad
1828 2854 1932 2911 me,
1977 2863 1997 2897 ι
2105 2837 2189 2893 his
2210 2845 2265 2893 et
2305 2838 2405 2893 sibi
2433 2839 2698 2895 similibus
2727 2841 2965 2897 directus
2992 2849 3265 2913 appareat,
3303 2853 3491 2902 tamen
3526 2868 3547 2900 ι
3582 2865 3681 2906 non

436 2942 490 2996 id
529 2950 644 3008 est,
673 2949 727 2997 te
760 2956 880 2998 esse
926 2942 1031 2996 mei
1059 2955 1426 3010 possessorem
1474 2948 1528 2994 et
1561 2939 1992 3005 inhabitatorem,

2125 2928 2300 2983 lirexit
2327 2929 2381 2984 in
2411 2934 2703 3000 conspectu
2722 2931 3002 2987 oculorum
3030 2948 3296 3001 meorum,
3335 2953 3357 2989 ι
3399 2938 3612 2996 scilicet
3628 2950 3681 2995 ut

433 3033 489 3087 ib
522 3040 629 3102 quo
674 3030 776 3086 hoc
806 3050 827 3083 ς
869 3030 1198 3102 intelligam?
1223 3030 1279 3085 in
1326 3030 1410 3084 via
1460 3030 1803 3085 immaculata
1828 3071 1843 3095 ,
1884 3049 1901 3081 ι
1947 3029 1989 3086 id

962 3030 1279 3102 alligamiln
1326 3030 1410 3084 via
1460 3030 1843 3095 immaculata,
1884 3049 1901 3081 ι
1947 3029 2003 3086 id
2104 3020 2235 3075 mihi
2264 3022 2518 3091 placeret-

434 3129 535 3182 est,
564 3121 689 3190 quia
712 3120 900 3175 incedo
923 3118 1281 3182 immaculato,
1317 3116 1522 3173 scilicet
1543 3132 1642 3188 per
1667 3116 1807 3174 bona
1836 3132 2003 3191 opera
2178 3130 2198 3164 α
2237 3111 2297 3166 In
2342 3112 2627 3167 maluiino-
2682 3132 2699 3164 ι
2758 3112 2916 3168 Ponit
2962 3129 3182 3171 causam
3229 3132 3403 3186 quare
3456 3121 3677 3177 istorum

433 3209 645 3326 incedo,
671 3214 726 3264 et
748 3208 985 3326 intelligo
1028 3208 1170 3278 quod
1203 3214 1260 3326 ltu
1288 3211 1355 3265 ad
1385 3211 1768 3326 omnes.veni:
1789 3210 1997 3326 iphabi-
2022 3252 2069 3326 α
2289 3206 2784 3326 ωέἱθξῗιῗῖιΐιηὶἶ
2822 3207 3145 3278 quaudttque
3176 3210 3334 3326 ridet

431 3299 643 3365 tandos,
671 3300 886 3369 quiper
914 3316 933 3351 ι
968 3299 1307 3355 immaculata
1340 3320 1358 3354 ι
1388 3314 1550 3370 opera
1577 3301 1848 3358 incedunt.
2022 3296 2069 3326 υ
2102 3296 2297 3352 iiaiilel‘
2325 3298 2598 3353 ωηθονῑίο
2644 3299 2907 3354 bonorum
2941 3302 3303 3370 separandos;
3350 3319 3418 3359 ac
3463 3307 3508 3359 Si
3533 3306 3669 3361 ἀίω-

502 3391 618 3445 Dixi
667 3402 687 3443 (
722 3390 947 3461 psallam
972 3432 986 3455 ,
1026 3409 1044 3442 ι
1080 3392 1264 3462 etjam
1304 3404 1423 3447 sum
1470 3400 1741 3462 operatus.
1802 3393 1868 3447 Et
1898 3395 2000 3450 hoc
2101 3390 2184 3441 rei
2214 3404 2227 3441 ι
2263 3386 2388 3443 Ideo
2434 3388 2753 3459 separabam
2796 3400 2887 3444 me
2915 3407 2945 3444 a
2978 3391 3194 3459 talibus,
3228 3395 3356 3464 quia
3408 3412 3429 3448 ι
3476 3397 3659 3452 interli-

431 3479 562 3534 dicit
600 3496 620 3529 ‹
648 3480 1112 3549 perambulabam,
1143 3492 1165 3531 ι
1193 3480 1247 3534 id
1275 3487 1359 3535 est
1379 3483 1701 3551 pertransivi
1726 3481 2001 3538 voluntate
2099 3476 2326 3541 ciebam.
2362 3495 2381 3528 ι
2409 3478 2463 3531 id
2506 3484 2589 3531 est
2616 3478 2986 3536 interﬁciendo
3025 3482 3395 3555 intelligcbam
3428 3504 3449 3537 α
3492 3502 3665 3543 omnes

430 3571 544 3624 hrec
570 3571 859 3636 mundana,
888 3585 1007 3639 qua:
1033 3571 1087 3623 in
1114 3578 1303 3625 natura
1328 3572 1409 3625 sui
1455 3586 1669 3641 semper
1706 3580 1832 3627 sunt
1856 3580 1986 3626 tran

2106 3572 2411 3634 peccatores
2442 3573 2601 3621 terras
2643 3567 2697 3621 in
2734 3571 3015 3634 matutino,
3068 3591 3085 3623 ι
3130 3572 3184 3626 id
3213 3582 3296 3628 est
3324 3615 3338 3639 ,
3367 3575 3424 3629 in
3448 3575 3662 3644 judicio,

430 3662 637 3727 sitoria,
669 3663 771 3716 hoc
798 3669 913 3717 est:
945 3672 1050 3717 non
1070 3664 1307 3733 reputavi
1332 3676 1420 3717 me
1445 3664 1534 3718 hic
1554 3664 1754 3719 habere
1775 3678 1986 3719 manen-

2110 3655 2312 3723 iuando
2357 3670 2482 3711 vera
2525 3658 2616 3711 lux
2661 3658 2881 3730 incipiet
2923 3662 3053 3716 oriri
3094 3663 3279 3726 bouis.
3323 3676 3428 3719 non
3466 3667 3666 3720 interﬁ-

428 3762 536 3808 tem
565 3753 839 3808 civitatem
855 3792 871 3819 ,
897 3753 990 3808 sed
1014 3764 1225 3823 semper
1249 3760 1442 3825 appeto
1464 3754 1762 3820 caelestem,
1803 3764 1858 3809 et
1896 3755 1984 3811 hor

2108 3746 2347 3812 claudos,
2393 3749 2484 3817 qui
2535 3742 2822 3819 aliquando
2843 3751 2909 3804 ad
2963 3754 3388 3810 misericordiam
3444 3767 3664 3825 possent

431 3860 452 3894 ι
490 3844 542 3898 in
586 3844 891 3900 innocentia
935 3846 1114 3901 cordis
1141 3846 1268 3900 mei.
1308 3860 1327 3897 ι
1361 3844 1471 3901 Sed
1511 3862 1618 3902 non
1666 3855 1874 3902 tantum
1905 3846 1987 3901 ab-

2101 3838 2373 3901 revenire,
2408 3839 2501 3893 sed
2537 3860 2555 3891 ‹
2590 3848 2649 3894 ut
2682 3841 3062 3910 disperderem,
3102 3862 3119 3894 ι
3154 3844 3207 3899 id
3232 3854 3312 3899 est
3352 3847 3657 3915 disperden-

428 3936 593 3991 stinui
617 3951 807 3992 manus
834 3952 903 3991 ne
959 3944 1217 3992 nocerent
1260 3938 1523 4007 proximo,
1576 3938 1668 3992 sed
1710 3938 1873 3993 etiam
1902 3952 1984 3992 vo-

2096 3928 2194 3982 dos
2237 3940 2618 3998 cognoscerem
2648 3947 2669 3982 (
2703 3931 2770 3986 de
2798 3932 3016 3986 civitate
3048 3932 3296 3998 Domini,
3339 3954 3357 3987 ι
3396 3936 3450 3989 id
3472 3945 3555 3988 est
3580 3937 3648 3989 de

425 4025 684 4082 luntatem
716 4046 729 4081 :
778 4034 833 4082 et
859 4027 961 4081 hoc
990 4043 1011 4077 ι
1055 4028 1109 4080 in
1138 4027 1316 4081 medio
1354 4029 1542 4082 domus
1569 4043 1725 4093 meae,
1758 4046 1776 4079 ι
1811 4029 1863 4083 id
1890 4037 1981 4095 est1

2103 4031 2325 4089 superna
2360 4019 2713 4086 Hierusalem,
2762 4034 2780 4071 α
2835 4036 3026 4078 omnes
3076 4035 3367 4094 operantes
3405 4026 3659 4096 iniquita-

408 4118 859 4189 congregationis
906 4117 1179 4182 ﬁdelium,
1225 4119 1365 4172 inter
1411 4134 1549 4189 quos
1604 4135 1743 4175 unus
1798 4136 1944 4177 eram

2110 4124 2224 4164 .em.
2262 4129 2283 4161 ι
2316 4111 2431 4164 Non
2459 4112 2593 4166 dicit
2633 4112 2725 4181 qui
2752 4113 2959 4183 operati
3000 4122 3157 4179 sunt,
3201 4116 3295 4170 sed
3342 4116 3434 4184 qui
3473 4118 3527 4170 in
3561 4117 3666 4171 hoc

426 4222 550 4263 cum
597 4207 728 4263 dicit
782 4226 801 4258 ι
861 4207 917 4261 in
952 4208 1160 4274 medio,
1222 4226 1240 4260 ι
1283 4217 1432 4265 notat
1459 4212 1601 4281 quod
1644 4214 1895 4270 omnibus
1941 4216 1982 4270 ir

2112 4202 2390 4257 tersistunt
2428 4220 2439 4256 :
2473 4202 2556 4258 vel
2600 4216 2887 4274 possumus
2930 4215 3245 4276 peccatores
3287 4209 3378 4264 hic
3421 4211 3668 4281 accipere

426 4299 717 4367 semetipso
742 4299 1070 4368 proponam
1089 4301 1388 4371 exemplum
1419 4303 1553 4357 bene
1588 4307 1864 4375 ορθηηάί,
2094 4293 2364 4349 daemones
2390 4295 2534 4364 ipsos
2579 4304 2634 4350 et
2660 4296 3046 4377 suggestiones-
3065 4298 3333 4354 imissas
3354 4315 3386 4353 ι
3408 4298 3627 4355 diabolo
3651 4319 3665 4355 :

496 4388 700 4444 Practer
722 4390 824 4445 hoc
859 4392 1020 4446 etiam
1057 4408 1076 4444 σ
1110 4404 1214 4448 non
1243 4397 1607 4464 proponebat"
1638 4406 1765 4453 ante
1810 4400 1993 4455 οευιο,
2092 4392 2149 4439 et
2198 4393 2326 4440 tunc
2362 4386 2438 4439 ita
2492 4388 2914 4442 continuabitur.
2971 4389 3027 4443 in
3065 4389 3186 4445 aliis
3239 4405 3349 4445 non
3385 4391 3671 4459 placebant

427 4495 577 4536 meos
608 4498 626 4532 ι
671 4481 986 4546 interiores,
1028 4482 1262 4553 aliquam
1311 4504 1331 4535 ι
1390 4498 1502 4541 rem
1556 4488 1806 4556 injustam
1863 4510 1880 4541 ι
1935 4498 1994 4547 ut
2094 4476 2409 4541 mihimalﬁa
2442 4478 2534 4531 sed
2561 4479 2736 4547 POiiliS
2766 4479 2817 4532 ili
2849 4494 2933 4534 me
2980 4480 3096 4548 ipso
3131 4480 3527 4536 ίηῑθτθοὶεὺθηι
3556 4497 3670 4537 0m-

425 4570 557 4625 mihi
583 4570 818 4641 placeret
845 4571 1023 4642 aliqua
1060 4574 1344 4643 iniustitia,
1390 4579 1483 4632 sed
1527 4579 1706 4647 potius
1739 4596 1754 4631 ι
1787 4580 1990 4635 facien-
2018 4606 2069 4666 η
2097 4585 2193 4625 “es
2245 4580 2556 4639 Peccaiores
2601 4581 2778 4634 iam,
2830 4571 2881 4628 id
2935 4580 3017 4626 ⁸⁵⁸
3069 4586 3257 4629 “miles
3296 4576 3670 4646 δυεςθειίυυεε

423 4666 504 4713 tes
542 4679 561 4712 ι
596 4661 880 4715 actualiter
918 4679 935 4712 t
972 4664 1459 4732 przevaricationes,
1502 4686 1520 4718 ι
1570 4668 1623 4721 id
1651 4678 1733 4723 est
1779 4669 1988 4741 aliquas
2022 4661 2057 4666 ⁷
2092 4663 2223 4717 mihi
2247 4662 2567 4718 immissasa
2592 4662 2842 4718 diabolo:
2878 4672 2932 4717 et
2960 4664 3059 4719 hoc
3084 4665 3134 4718 in
3160 4667 3449 4730 matutino,
3480 4668 3531 4719 id
3559 4678 3667 4731 est,

422 4749 743 4806 offensiones
765 4760 953 4806 contra
977 4763 1299 4824 praeceptum
1327 4756 1457 4828 legis
1487 4774 1506 4809 ι
1543 4760 1707 4814 odivi.
1749 4780 1766 4814 ι
2091 4754 2145 4808 in
2169 4755 2283 4824 ipso
2308 4752 2483 4819 initio,
2515 4748 2638 4808 dum
2673 4752 2800 4823 ipsa;
2825 4757 3196 4826 suggestiones
3218 4757 3485 4827 incipiunt
3510 4761 3669 4826 oriri,

494 4840 562 4893 Et
587 4840 751 4895 etiam
782 4859 801 4892 ι
835 4857 926 4897 cor
947 4858 1169 4911 pravum
1192 4880 1207 4911 ,
1239 4865 1258 4897 ι
1292 4846 1346 4901 id
1372 4857 1457 4903 est
1494 4850 1655 4904 homo
1682 4854 1832 4920 pravi
1876 4869 1994 4910 cora
2092 4847 2320 4911 scilicet,
2346 4861 2450 4901 non
2473 4848 2830 4917 perducebam
2874 4850 2940 4904 ad
2962 4858 3137 4904 actum
3160 4848 3215 4907 id
3242 4851 3385 4921 quod
3409 4862 3669 4924 suppete-

421 4929 525 4994 dis,
564 4930 769 4985 scilicet
816 4932 1110 4988 malevolus
1136 4932 1357 5006 aliquis,
1402 4955 1422 4989 ‹
1450 4937 1577 4993 licet
1598 4956 1701 4994 non
1730 4951 1851 4998 actu
1874 4959 1977 4999 ma-

2116 4945 2223 4991 lunt
2267 4938 2659 5007 suggestiones.
2707 4936 2788 4991 Ad
2817 4939 2920 4993 hoc
2946 4938 3339 4995 interﬁciebam
3378 4951 3437 4997 ut
3464 4945 3672 5015 diaper-

420 5023 592 5079 titiam
636 5041 655 5073 ι
707 5036 860 5077 suam
893 5031 1235 5093 exsequatur,
1271 5046 1290 5077 ι
1335 5041 1441 5082 non
1493 5031 1715 5086 adharsit
1770 5035 1921 5102 mihi,
1962 5056 1976 5089 ι

2114 5029 2295 5091 lerem,
2322 5043 2390 5082 ne
2413 5026 2663 5098 deinceps
2691 5029 2993 5083 radicarent
3013 5030 3079 5084 de
3102 5030 3321 5087 civitate
3346 5033 3581 5101 Domini,
3615 5038 3670 5091 id

420 5116 608 5178 idest,
657 5130 760 5170 non
815 5115 1015 5186 placuit
1048 5116 1202 5184 mihi,
1244 5134 1342 5175 nec
1364 5120 1464 5175 fuit
1507 5125 1637 5178 mihi
1665 5126 1980 5184 familiaris:
2091 5129 2174 5176 est
2224 5121 2291 5175 de
2314 5120 2491 5173 anima
2535 5130 2833 5189 memque
2867 5130 2951 5175 est
2993 5123 3199 5177 munita
3234 5123 3330 5178 Dei
3375 5125 3669 5194 habitatio.

425 5219 446 5253 ‹
475 5202 830 5259 declinantem
864 5220 883 5257 ο
916 5218 1047 5260 vero
1075 5223 1094 5255 ε
1131 5221 1162 5259 a
1186 5218 1290 5271 me,
1327 5226 1344 5258 ι
1379 5209 1431 5264 id
1458 5217 1542 5265 est
1594 5214 1829 5269 moribus
1852 5216 1986 5270 meis
2090 5219 2567 5281 omnesoperantes
2594 5212 2948 5282 lniquitatem,
2975 5213 3026 5267 id
3046 5219 3148 5278 est,
3165 5208 3454 5281 daemones,
3480 5228 3546 5273 ne
3566 5219 3671 5274 de-

423 5294 684 5349 assentire
735 5295 1018 5360 vitantem,
1066 5296 1242 5367 ipsum
1272 5298 1392 5352 dico
1434 5310 1654 5370 propter
1676 5305 1778 5359 hoc
1809 5324 1828 5356 «
1864 5322 1982 5360 ma-
2090 5305 2212 5358 hinc
2235 5301 2599 5357 habitaculum
2624 5303 2678 5357 in
2708 5317 2792 5357 me
2816 5303 3075 5358 haberent
3097 5344 3111 5369 ,
3137 5305 3229 5373 qui
3250 5305 3507 5360 dicuntur
3530 5321 3671 5376 pee-

417 5383 649 5456 lignum;
700 5404 720 5437 ι
752 5387 796 5440 si
857 5388 996 5455 apud
1053 5388 1259 5458 aliquos
1313 5393 1676 5459 praetendebat
1717 5394 1983 5463 justitiam
2091 5406 2299 5452 calores
2338 5402 2391 5449 ct
2424 5395 2657 5465 operarii
2685 5395 3003 5465 iniquitatis,
3030 5398 3121 5467 Qui
3146 5408 3310 5453 causa
3330 5406 3458 5454 sunt
3490 5401 3667 5457 totius

414 5488 589 5541 suam,
648 5494 667 5528 ι
722 5477 863 5532 hunc
906 5492 1012 5531 non
1069 5484 1453 5550 cognoscebam
1513 5508 1530 5536 ο
1579 5485 1781 5551 justum
1842 5504 1979 5557 ess",
2084 5491 2311 5562 peccati.

416 5573 556 5620 sicut
573 5567 664 5620 alii
690 5576 914 5636 putant,
947 5582 1046 5631 nec
1075 5570 1236 5624 vitam
1266 5572 1433 5641 ipsius
1454 5576 1837 5643 approbabam.
2596 5578 2662 5633 lN
2697 5578 3027 5636 PSALMUM
3060 5580 3147 5637 Cl.

491 5675 510 5706 ι
553 5656 933 5713 Detrahentem
974 5669 1186 5715 secreto
1226 5663 1470 5730 proximo
1496 5679 1593 5720 suo
1628 5666 1768 5722 hunc
1803 5684 1982 5738 perse-
2158 5674 2394 5728 Tnuws
2425 5686 2439 5721 :
2474 5668 2656 5752 Oratio
2691 5672 2950 5752 pauperis,
2983 5684 3100 5739 cum
3135 5673 3380 5752 cumigitur
3420 5670 3583 5752 fuerit

414 5745 619 5814 quebar
661 5767 680 5799 ι
738 5749 980 5820 diligenti
1030 5752 1424 5820 exhortatione,
1457 5764 1513 5809 ut
1552 5756 1622 5811 ab
1662 5772 1845 5816 errore
1886 5778 1981 5819 suo
2269 5754 2316 5796 "‘
2346 5757 2520 5795 comm
2550 5740 2768 5796 Min"
2801 5756 3003 5810 imm"
3034 5758 3184 5797 "ﬂ"
3212 5740 3472 5812 (βάνθ’

415 5838 763 5894 rctraherem.
2162 5854 2472 5918 «Domine,
2519 5852 2708 5909 exaudi
2755 5854 3053 5911 orationem
3103 5866 3298 5911 meam.
3334 5876 3353 5910 ι
3406 5854 3664 5916 Psalmis:
