  <div class='ocr_page' id='page_1' title='image "/cluster/home/n/w/nwhite01/storage/ocr_20150623/116/hvd.32044015466881/268.png"; bbox 0 0 3940 6458; ppageno 0'>
   <div class='ocr_carea' id='block_1_1' title="bbox 173 443 282 498">
    <p class='ocr_par' dir='ltr' id='par_1_1' title="bbox 173 443 282 498">
     <span class='ocr_line' id='line_1_1' title="bbox 173 443 282 498; baseline 0.018 -2"><span class='ocrx_word' id='word_1_1' title='bbox 173 443 282 498; x_wconf 70' lang='lat'><strong>553</strong></span> 
     </span>
    </p>
   </div>
   <div class='ocr_carea' id='block_1_2' title="bbox 1252 389 2211 492">
    <p class='ocr_par' dir='ltr' id='par_1_2' title="bbox 1252 389 2211 492">
     <span class='ocr_line' id='line_1_2' title="bbox 1252 389 2211 492; baseline -0.003 0"><span class='ocrx_word' id='word_1_2' title='bbox 1252 389 1258 396; x_wconf 27' lang='lat' dir='ltr'><strong>l</strong></span> <span class='ocrx_word' id='word_1_3' title='bbox 1301 435 1736 492; x_wconf 79' lang='lat' dir='ltr'><strong>EXPLANATIO</strong></span> <span class='ocrx_word' id='word_1_4' title='bbox 1774 434 1840 490; x_wconf 84' lang='lat' dir='ltr'><strong>IN</strong></span> <span class='ocrx_word' id='word_1_5' title='bbox 1877 433 2211 491; x_wconf 81' lang='lat' dir='ltr'><strong>PSALMOS.</strong></span> 
     </span>
    </p>
   </div>
   <div class='ocr_carea' id='block_1_3' title="bbox 3307 433 3410 488">
    <p class='ocr_par' dir='ltr' id='par_1_3' title="bbox 3307 433 3410 488">
     <span class='ocr_line' id='line_1_3' title="bbox 3307 433 3410 488; baseline 0 0"><span class='ocrx_word' id='word_1_6' title='bbox 3307 433 3410 488; x_wconf 73' lang='grc'><strong>554</strong></span> 
     </span>
    </p>
   </div>
   <div class='ocr_carea' id='block_1_4' title="bbox 174 538 3412 625">
    <p class='ocr_par' dir='ltr' id='par_1_4' title="bbox 174 538 3412 625">
     <span class='ocr_line' id='line_1_4' title="bbox 174 538 3412 625; baseline -0.002 -14"><span class='ocrx_word' id='word_1_7' title='bbox 174 565 278 611; x_wconf 80' lang='lat' dir='ltr'><strong>iste</strong></span> <span class='ocrx_word' id='word_1_8' title='bbox 301 556 498 611; x_wconf 81' lang='lat' dir='ltr'><strong>dicitur</strong></span> <span class='ocrx_word' id='word_1_9' title='bbox 523 556 714 619; x_wconf 90' lang='lat' dir='ltr'><strong>oratio,</strong></span> <span class='ocrx_word' id='word_1_10' title='bbox 748 555 871 625; x_wconf 83' lang='lat' dir='ltr'><strong>quia</strong></span> <span class='ocrx_word' id='word_1_11' title='bbox 901 538 953 609; x_wconf 81' lang='lat' dir='ltr'><strong>in</strong></span> <span class='ocrx_word' id='word_1_12' title='bbox 983 552 1156 624; x_wconf 86' lang='lat' dir='ltr'><strong>prima</strong></span> <span class='ocrx_word' id='word_1_13' title='bbox 1185 561 1343 623; x_wconf 82' lang='lat' dir='ltr'><strong>parte</strong></span> <span class='ocrx_word' id='word_1_14' title='bbox 1365 554 1607 608; x_wconf 86' lang='lat' dir='ltr'><strong>continet</strong></span> <span class='ocrx_word' id='word_1_15' title='bbox 1627 568 1744 606; x_wconf 88' lang='lat' dir='ltr'><strong>ora-</strong></span> <span class='ocrx_word' id='word_1_16' title='bbox 1769 554 1819 613; x_wconf 75' lang='grc' dir='ltr'>Α</span> <span class='ocrx_word' id='word_1_17' title='bbox 1845 551 2053 620; x_wconf 88' lang='lat' dir='ltr'><strong>perdita</strong></span> <span class='ocrx_word' id='word_1_18' title='bbox 2090 548 2412 620; x_wconf 83' lang='lat' dir='ltr'><strong>pinguedine</strong></span> <span class='ocrx_word' id='word_1_19' title='bbox 2435 551 2650 620; x_wconf 90' lang='lat' dir='ltr'><strong>propria</strong></span> <span class='ocrx_word' id='word_1_20' title='bbox 2682 558 2736 604; x_wconf 90' lang='lat' dir='ltr'><strong>et</strong></span> <span class='ocrx_word' id='word_1_21' title='bbox 2761 549 3147 604; x_wconf 87' lang='lat' dir='ltr'><strong>illuminationc</strong></span> <span class='ocrx_word' id='word_1_22' title='bbox 3169 549 3284 615; x_wconf 86' lang='lat' dir='ltr'><strong>Dei,</strong></span> <span class='ocrx_word' id='word_1_23' title='bbox 3314 552 3412 604; x_wconf 83' lang='lat' dir='ltr'><strong>im-</strong></span> 
     </span>
    </p>
   </div>
   <div class='ocr_carea' id='block_1_5' title="bbox 175 646 1741 720">
    <p class='ocr_par' dir='ltr' id='par_1_5' title="bbox 175 646 1741 720">
     <span class='ocr_line' id='line_1_5' title="bbox 175 646 1741 720; baseline 0 -20"><span class='ocrx_word' id='word_1_24' title='bbox 175 648 399 712; x_wconf 82' lang='lat' dir='ltr'><strong>tionem,</strong></span> <span class='ocrx_word' id='word_1_25' title='bbox 437 655 496 701; x_wconf 89' lang='lat' dir='ltr'><strong>et</strong></span> <span class='ocrx_word' id='word_1_26' title='bbox 518 646 622 702; x_wconf 86' lang='lat' dir='ltr'><strong>alia</strong></span> <span class='ocrx_word' id='word_1_27' title='bbox 649 660 770 716; x_wconf 69' lang='lat' dir='ltr'><strong>quae</strong></span> <span class='ocrx_word' id='word_1_28' title='bbox 793 653 1186 720; x_wconf 85' lang='lat' dir='ltr'><strong>postponuntur</strong></span> <span class='ocrx_word' id='word_1_29' title='bbox 1231 660 1406 700; x_wconf 68' lang='lat' dir='ltr'><strong>causie</strong></span> <span class='ocrx_word' id='word_1_30' title='bbox 1429 653 1552 700; x_wconf 90' lang='lat' dir='ltr'><strong>sunt</strong></span> <span class='ocrx_word' id='word_1_31' title='bbox 1573 658 1741 714; x_wconf 90' lang='lat' dir='ltr'><strong>quare</strong></span> 
     </span>
    </p>
   </div>
   <div class='ocr_carea' id='block_1_6' title="bbox 169 735 1742 806">
    <p class='ocr_par' dir='ltr' id='par_1_6' title="bbox 169 735 1742 806">
     <span class='ocr_line' id='line_1_6' title="bbox 169 735 1742 806; baseline -0.001 -15"><span class='ocrx_word' id='word_1_32' title='bbox 169 739 245 792; x_wconf 84' lang='lat' dir='ltr'><strong>sit</strong></span> <span class='ocrx_word' id='word_1_33' title='bbox 271 738 555 793; x_wconf 82' lang='lat' dir='ltr'><strong>orandum.</strong></span> <span class='ocrx_word' id='word_1_34' title='bbox 589 737 941 793; x_wconf 81' lang='lat' dir='ltr'><strong>Nominantur</strong></span> <span class='ocrx_word' id='word_1_35' title='bbox 965 751 1143 792; x_wconf 83' lang='lat' dir='ltr'><strong>autem</strong></span> <span class='ocrx_word' id='word_1_36' title='bbox 1164 737 1317 792; x_wconf 89' lang='lat' dir='ltr'><strong>multi</strong></span> <span class='ocrx_word' id='word_1_37' title='bbox 1342 735 1465 792; x_wconf 85' lang='lat' dir='ltr'><strong>libri</strong></span> <span class='ocrx_word' id='word_1_38' title='bbox 1493 744 1742 806; x_wconf 79' lang='lat' dir='ltr'><strong>respectu</strong></span> 
     </span>
    </p>
   </div>
   <div class='ocr_carea' id='block_1_7' title="bbox 172 825 1742 900">
    <p class='ocr_par' dir='ltr' id='par_1_7' title="bbox 172 825 1742 900">
     <span class='ocr_line' id='line_1_7' title="bbox 172 825 1742 900; baseline -0.001 -18"><span class='ocrx_word' id='word_1_39' title='bbox 172 829 470 900; x_wconf 88' lang='lat' dir='ltr'><strong>primarum</strong></span> <span class='ocrx_word' id='word_1_40' title='bbox 497 828 748 899; x_wconf 88' lang='lat' dir='ltr'><strong>partium,</strong></span> <span class='ocrx_word' id='word_1_41' title='bbox 780 827 943 882; x_wconf 87' lang='lat' dir='ltr'><strong>veluti</strong></span> <span class='ocrx_word' id='word_1_42' title='bbox 983 827 1202 897; x_wconf 85' lang='lat' dir='ltr'><strong>quidam</strong></span> <span class='ocrx_word' id='word_1_43' title='bbox 1228 827 1366 882; x_wconf 84' lang='lat' dir='ltr'><strong>liber</strong></span> <span class='ocrx_word' id='word_1_44' title='bbox 1392 825 1556 896; x_wconf 82' lang='lat' dir='ltr'><strong>Moysi</strong></span> <span class='ocrx_word' id='word_1_45' title='bbox 1583 840 1742 881; x_wconf 87' lang='lat' dir='ltr'><strong>voca-</strong></span> 
     </span>
    </p>
   </div>
   <div class='ocr_carea' id='block_1_8' title="bbox 171 916 1742 990">
    <p class='ocr_par' dir='ltr' id='par_1_8' title="bbox 171 916 1742 990">
     <span class='ocr_line' id='line_1_8' title="bbox 171 916 1742 990; baseline -0.001 -15"><span class='ocrx_word' id='word_1_46' title='bbox 171 930 262 975; x_wconf 92' lang='lat' dir='ltr'><strong>tur</strong></span> <span class='ocrx_word' id='word_1_47' title='bbox 287 919 539 983; x_wconf 81' lang='lat' dir='ltr'><strong>Genesis,</strong></span> <span class='ocrx_word' id='word_1_48' title='bbox 562 920 688 990; x_wconf 83' lang='lat' dir='ltr'><strong>quia</strong></span> <span class='ocrx_word' id='word_1_49' title='bbox 731 920 785 974; x_wconf 93' lang='lat' dir='ltr'><strong>in</strong></span> <span class='ocrx_word' id='word_1_50' title='bbox 835 920 1100 990; x_wconf 90' lang='lat' dir='ltr'><strong>principio</strong></span> <span class='ocrx_word' id='word_1_51' title='bbox 1140 918 1428 989; x_wconf 74' lang='lat' dir='ltr'><strong>exponitur</strong></span> <span class='ocrx_word' id='word_1_52' title='bbox 1467 916 1742 987; x_wconf 88' lang='lat' dir='ltr'><strong>generatio</strong></span> 
     </span>
    </p>
   </div>
   <div class='ocr_carea' id='block_1_9' title="bbox 169 1008 1742 1079">
    <p class='ocr_par' dir='ltr' id='par_1_9' title="bbox 169 1008 1742 1079">
     <span class='ocr_line' id='line_1_9' title="bbox 169 1008 1742 1079; baseline -0.002 -11"><span class='ocrx_word' id='word_1_53' title='bbox 169 1012 298 1068; x_wconf 59' lang='lat' dir='ltr'><strong>caeli</strong></span> <span class='ocrx_word' id='word_1_54' title='bbox 328 1020 382 1067; x_wconf 88' lang='lat' dir='ltr'><strong>et</strong></span> <span class='ocrx_word' id='word_1_55' title='bbox 428 1019 618 1077; x_wconf 81' lang='lat' dir='ltr'><strong>terrae;</strong></span> <span class='ocrx_word' id='word_1_56' title='bbox 665 1019 720 1067; x_wconf 90' lang='lat' dir='ltr'><strong>et</strong></span> <span class='ocrx_word' id='word_1_57' title='bbox 753 1013 871 1067; x_wconf 69' lang='lat' dir='ltr'><strong>haec</strong></span> <span class='ocrx_word' id='word_1_58' title='bbox 917 1021 1000 1067; x_wconf 91' lang='lat' dir='ltr'><strong>est</strong></span> <span class='ocrx_word' id='word_1_59' title='bbox 1044 1011 1216 1065; x_wconf 78' lang='lat' dir='ltr'><strong>oratio</strong></span> <span class='ocrx_word' id='word_1_60' title='bbox 1263 1010 1430 1064; x_wconf 80' lang='lat' dir='ltr'><strong>David</strong></span> <span class='ocrx_word' id='word_1_61' title='bbox 1469 1008 1742 1079; x_wconf 69' lang='lat' dir='ltr'><strong>propheta:</strong></span> 
     </span>
    </p>
   </div>
   <div class='ocr_carea' id='block_1_10' title="bbox 168 1099 1742 1174">
    <p class='ocr_par' dir='ltr' id='par_1_10' title="bbox 168 1099 1742 1174">
     <span class='ocr_line' id='line_1_10' title="bbox 168 1099 1742 1174; baseline -0.001 -18"><span class='ocrx_word' id='word_1_62' title='bbox 168 1102 442 1174; x_wconf 84' lang='lat' dir='ltr'><strong>pauperis,</strong></span> <span class='ocrx_word' id='word_1_63' title='bbox 473 1102 558 1156; x_wconf 86' lang='lat' dir='ltr'><strong>vel</strong></span> <span class='ocrx_word' id='word_1_64' title='bbox 586 1102 810 1173; x_wconf 83' lang='lat' dir='ltr'><strong>alicujus</strong></span> <span class='ocrx_word' id='word_1_65' title='bbox 833 1103 946 1157; x_wconf 90' lang='lat' dir='ltr'><strong>veri</strong></span> <span class='ocrx_word' id='word_1_66' title='bbox 985 1102 1256 1171; x_wconf 87' lang='lat' dir='ltr'><strong>pauperis,</strong></span> <span class='ocrx_word' id='word_1_67' title='bbox 1287 1101 1341 1155; x_wconf 90' lang='lat' dir='ltr'><strong>in</strong></span> <span class='ocrx_word' id='word_1_68' title='bbox 1368 1102 1471 1154; x_wconf 91' lang='lat' dir='ltr'><strong>hac</strong></span> <span class='ocrx_word' id='word_1_69' title='bbox 1495 1099 1742 1154; x_wconf 87' lang='lat' dir='ltr'><strong>conside-</strong></span> 
     </span>
    </p>
   </div>
   <div class='ocr_carea' id='block_1_11' title="bbox 167 1191 1744 1265">
    <p class='ocr_par' dir='ltr' id='par_1_11' title="bbox 167 1191 1744 1265">
     <span class='ocr_line' id='line_1_11' title="bbox 167 1191 1744 1265; baseline -0.001 -17"><span class='ocrx_word' id='word_1_70' title='bbox 167 1195 378 1249; x_wconf 80' lang='lat' dir='ltr'><strong>ratione</strong></span> <span class='ocrx_word' id='word_1_71' title='bbox 403 1194 637 1259; x_wconf 86' lang='lat' dir='ltr'><strong>habitus,</strong></span> <span class='ocrx_word' id='word_1_72' title='bbox 662 1209 783 1249; x_wconf 91' lang='lat' dir='ltr'><strong>cum</strong></span> <span class='ocrx_word' id='word_1_73' title='bbox 818 1208 1033 1265; x_wconf 88' lang='lat' dir='ltr'><strong>precem</strong></span> <span class='ocrx_word' id='word_1_74' title='bbox 1059 1209 1212 1248; x_wconf 90' lang='lat' dir='ltr'><strong>suam</strong></span> <span class='ocrx_word' id='word_1_75' title='bbox 1253 1200 1377 1247; x_wconf 85' lang='lat' dir='ltr'><strong>ante</strong></span> <span class='ocrx_word' id='word_1_76' title='bbox 1412 1193 1579 1247; x_wconf 91' lang='lat' dir='ltr'><strong>Deum</strong></span> <span class='ocrx_word' id='word_1_77' title='bbox 1609 1191 1744 1246; x_wconf 60' lang='lat' dir='ltr'><strong>effuo</strong></span> 
     </span>
    </p>
   </div>
   <div class='ocr_carea' id='block_1_12' title="bbox 169 1283 1743 1353">
    <p class='ocr_par' dir='ltr' id='par_1_12' title="bbox 169 1283 1743 1353">
     <span class='ocr_line' id='line_1_12' title="bbox 169 1283 1743 1353; baseline 0 -15"><span class='ocrx_word' id='word_1_78' title='bbox 169 1283 330 1338; x_wconf 86' lang='lat' dir='ltr'><strong>derit.</strong></span> <span class='ocrx_word' id='word_1_79' title='bbox 361 1283 561 1340; x_wconf 84' lang='lat' dir='ltr'><strong>Preces</strong></span> <span class='ocrx_word' id='word_1_80' title='bbox 596 1283 699 1339; x_wconf 71' lang='lat' dir='ltr'><strong>illze</strong></span> <span class='ocrx_word' id='word_1_81' title='bbox 735 1285 987 1340; x_wconf 90' lang='lat' dir='ltr'><strong>dicuntur</strong></span> <span class='ocrx_word' id='word_1_82' title='bbox 1014 1283 1211 1338; x_wconf 78' lang='lat' dir='ltr'><strong>effundi</strong></span> <span class='ocrx_word' id='word_1_83' title='bbox 1249 1297 1434 1338; x_wconf 88' lang='lat' dir='ltr'><strong>coram</strong></span> <span class='ocrx_word' id='word_1_84' title='bbox 1460 1284 1590 1349; x_wconf 92' lang='lat' dir='ltr'><strong>Deo,</strong></span> <span class='ocrx_word' id='word_1_85' title='bbox 1624 1298 1743 1353; x_wconf 73' lang='lat' dir='ltr'><strong>qua:</strong></span> 
     </span>
    </p>
   </div>
   <div class='ocr_carea' id='block_1_13' title="bbox 167 1375 1743 1447">
    <p class='ocr_par' dir='ltr' id='par_1_13' title="bbox 167 1375 1743 1447">
     <span class='ocr_line' id='line_1_13' title="bbox 167 1375 1743 1447; baseline -0.001 -15"><span class='ocrx_word' id='word_1_86' title='bbox 167 1377 339 1432; x_wconf 89' lang='lat' dir='ltr'><strong>nullis</strong></span> <span class='ocrx_word' id='word_1_87' title='bbox 375 1377 792 1447; x_wconf 79' lang='lat' dir='ltr'><strong>cogitationibus</strong></span> <span class='ocrx_word' id='word_1_88' title='bbox 839 1375 1275 1445; x_wconf 63' lang='lat' dir='ltr'><strong>praeveniantur,</strong></span> <span class='ocrx_word' id='word_1_89' title='bbox 1322 1375 1481 1429; x_wconf 85' lang='lat' dir='ltr'><strong>nullis</strong></span> <span class='ocrx_word' id='word_1_90' title='bbox 1524 1375 1743 1430; x_wconf 88' lang='lat' dir='ltr'><strong>omnino</strong></span> 
     </span>
    </p>
   </div>
   <div class='ocr_carea' id='block_1_14' title="bbox 168 1466 1744 1538">
    <p class='ocr_par' dir='ltr' id='par_1_14' title="bbox 168 1466 1744 1538">
     <span class='ocr_line' id='line_1_14' title="bbox 168 1466 1744 1538; baseline -0.001 -16"><span class='ocrx_word' id='word_1_91' title='bbox 168 1469 462 1524; x_wconf 78' lang='lat' dir='ltr'><strong>obstaculis</strong></span> <span class='ocrx_word' id='word_1_92' title='bbox 494 1469 687 1524; x_wconf 87' lang='lat' dir='ltr'><strong>diaboli</strong></span> <span class='ocrx_word' id='word_1_93' title='bbox 737 1469 1123 1538; x_wconf 88' lang='lat' dir='ltr'><strong>impediuntur,</strong></span> <span class='ocrx_word' id='word_1_94' title='bbox 1160 1469 1255 1522; x_wconf 90' lang='lat' dir='ltr'><strong>sed</strong></span> <span class='ocrx_word' id='word_1_95' title='bbox 1284 1481 1420 1535; x_wconf 92' lang='lat' dir='ltr'><strong>pura</strong></span> <span class='ocrx_word' id='word_1_96' title='bbox 1461 1466 1744 1521; x_wconf 85' lang='lat' dir='ltr'><strong>devotione</strong></span> 
     </span>
    </p>
   </div>
   <div class='ocr_carea' id='block_1_15' title="bbox 169 1555 1745 1628">
    <p class='ocr_par' dir='ltr' id='par_1_15' title="bbox 169 1555 1745 1628">
     <span class='ocr_line' id='line_1_15' title="bbox 169 1555 1745 1628; baseline -0.003 -16"><span class='ocrx_word' id='word_1_97' title='bbox 169 1558 236 1612; x_wconf 85' lang='lat' dir='ltr'><strong>ad</strong></span> <span class='ocrx_word' id='word_1_98' title='bbox 285 1559 456 1628; x_wconf 87' lang='lat' dir='ltr'><strong>ipsum</strong></span> <span class='ocrx_word' id='word_1_99' title='bbox 509 1559 676 1613; x_wconf 90' lang='lat' dir='ltr'><strong>Deum</strong></span> <span class='ocrx_word' id='word_1_100' title='bbox 723 1557 1046 1628; x_wconf 89' lang='lat' dir='ltr'><strong>diriguntur.</strong></span> <span class='ocrx_word' id='word_1_101' title='bbox 1094 1555 1357 1625; x_wconf 89' lang='lat' dir='ltr'><strong>Loquitur</strong></span> <span class='ocrx_word' id='word_1_102' title='bbox 1405 1555 1492 1609; x_wconf 91' lang='lat' dir='ltr'><strong>hic</strong></span> <span class='ocrx_word' id='word_1_103' title='bbox 1542 1567 1745 1623; x_wconf 89' lang='lat' dir='ltr'><strong>pauper</strong></span> 
     </span>
    </p>
   </div>
   <div class='ocr_carea' id='block_1_16' title="bbox 170 1647 1746 1721">
    <p class='ocr_par' dir='ltr' id='par_1_16' title="bbox 170 1647 1746 1721">
     <span class='ocr_line' id='line_1_16' title="bbox 170 1647 1746 1721; baseline -0.001 -16"><span class='ocrx_word' id='word_1_104' title='bbox 170 1652 356 1714; x_wconf 87' lang='lat' dir='ltr'><strong>David,</strong></span> <span class='ocrx_word' id='word_1_105' title='bbox 388 1652 470 1706; x_wconf 86' lang='lat' dir='ltr'><strong>vel</strong></span> <span class='ocrx_word' id='word_1_106' title='bbox 509 1653 732 1721; x_wconf 88' lang='lat' dir='ltr'><strong>quilibet</strong></span> <span class='ocrx_word' id='word_1_107' title='bbox 776 1651 936 1716; x_wconf 88' lang='lat' dir='ltr'><strong>alius,</strong></span> <span class='ocrx_word' id='word_1_108' title='bbox 964 1665 1068 1704; x_wconf 88' lang='lat' dir='ltr'><strong>non</strong></span> <span class='ocrx_word' id='word_1_109' title='bbox 1095 1665 1194 1720; x_wconf 91' lang='lat' dir='ltr'><strong>pro</strong></span> <span class='ocrx_word' id='word_1_110' title='bbox 1219 1665 1325 1703; x_wconf 90' lang='lat' dir='ltr'><strong>una</strong></span> <span class='ocrx_word' id='word_1_111' title='bbox 1369 1664 1617 1719; x_wconf 89' lang='lat' dir='ltr'><strong>persona,</strong></span> <span class='ocrx_word' id='word_1_112' title='bbox 1650 1647 1746 1704; x_wconf 88' lang='lat' dir='ltr'><strong>sed</strong></span> 
     </span>
    </p>
   </div>
   <div class='ocr_carea' id='block_1_17' title="bbox 169 1738 1742 1813">
    <p class='ocr_par' dir='ltr' id='par_1_17' title="bbox 169 1738 1742 1813">
     <span class='ocr_line' id='line_1_17' title="bbox 169 1738 1742 1813; baseline -0.003 -19"><span class='ocrx_word' id='word_1_113' title='bbox 169 1757 266 1810; x_wconf 89' lang='lat' dir='ltr'><strong>pro</strong></span> <span class='ocrx_word' id='word_1_114' title='bbox 295 1742 516 1813; x_wconf 82' lang='lat' dir='ltr'><strong>singulis</strong></span> <span class='ocrx_word' id='word_1_115' title='bbox 544 1761 556 1795; x_wconf 90' lang='lat'>:</span> <span class='ocrx_word' id='word_1_116' title='bbox 592 1757 796 1813; x_wconf 85' lang='lat' dir='ltr'><strong>pauper</strong></span> <span class='ocrx_word' id='word_1_117' title='bbox 821 1742 985 1795; x_wconf 91' lang='lat' dir='ltr'><strong>etiam</strong></span> <span class='ocrx_word' id='word_1_118' title='bbox 1020 1740 1136 1809; x_wconf 88' lang='lat' dir='ltr'><strong>ipse</strong></span> <span class='ocrx_word' id='word_1_119' title='bbox 1176 1739 1368 1793; x_wconf 75' lang='lat' dir='ltr'><strong>anxius</strong></span> <span class='ocrx_word' id='word_1_120' title='bbox 1405 1738 1618 1808; x_wconf 89' lang='lat' dir='ltr'><strong>propria</strong></span> <span class='ocrx_word' id='word_1_121' title='bbox 1647 1738 1742 1791; x_wconf 77' lang='lat' dir='ltr'><strong>de-</strong></span> 
     </span>
    </p>
   </div>
   <div class='ocr_carea' id='block_1_18' title="bbox 165 1830 1742 1904">
    <p class='ocr_par' dir='ltr' id='par_1_18' title="bbox 165 1830 1742 1904">
     <span class='ocr_line' id='line_1_18' title="bbox 165 1830 1742 1904; baseline -0.001 -18"><span class='ocrx_word' id='word_1_122' title='bbox 165 1834 291 1887; x_wconf 87' lang='lat' dir='ltr'><strong>licta</strong></span> <span class='ocrx_word' id='word_1_123' title='bbox 321 1844 375 1888; x_wconf 87' lang='lat' dir='ltr'><strong>et</strong></span> <span class='ocrx_word' id='word_1_124' title='bbox 407 1837 569 1890; x_wconf 88' lang='lat' dir='ltr'><strong>totius</strong></span> <span class='ocrx_word' id='word_1_125' title='bbox 602 1834 820 1889; x_wconf 88' lang='lat' dir='ltr'><strong>humani</strong></span> <span class='ocrx_word' id='word_1_126' title='bbox 857 1835 1069 1904; x_wconf 80' lang='lat' dir='ltr'><strong>generis</strong></span> <span class='ocrx_word' id='word_1_127' title='bbox 1111 1832 1381 1896; x_wconf 84' lang='lat' dir='ltr'><strong>miserias,</strong></span> <span class='ocrx_word' id='word_1_128' title='bbox 1408 1840 1462 1885; x_wconf 90' lang='lat' dir='ltr'><strong>et</strong></span> <span class='ocrx_word' id='word_1_129' title='bbox 1487 1830 1596 1886; x_wconf 92' lang='lat' dir='ltr'><strong>Deo</strong></span> <span class='ocrx_word' id='word_1_130' title='bbox 1616 1845 1742 1900; x_wconf 89' lang='lat' dir='ltr'><strong>pre-</strong></span> 
     </span>
    </p>
   </div>
   <div class='ocr_carea' id='block_1_19' title="bbox 1843 640 3414 713">
    <p class='ocr_par' dir='ltr' id='par_1_19' title="bbox 1843 640 3414 713">
     <span class='ocr_line' id='line_1_19' title="bbox 1843 640 3414 713; baseline 0 -16"><span class='ocrx_word' id='word_1_131' title='bbox 1843 643 2024 713; x_wconf 88' lang='lat' dir='ltr'><strong>plicita</strong></span> <span class='ocrx_word' id='word_1_132' title='bbox 2062 641 2246 696; x_wconf 91' lang='lat' dir='ltr'><strong>multis</strong></span> <span class='ocrx_word' id='word_1_133' title='bbox 2287 642 2555 710; x_wconf 87' lang='lat' dir='ltr'><strong>peccatis,</strong></span> <span class='ocrx_word' id='word_1_134' title='bbox 2596 642 2753 712; x_wconf 88' lang='lat' dir='ltr'><strong>digna</strong></span> <span class='ocrx_word' id='word_1_135' title='bbox 2797 648 2854 696; x_wconf 90' lang='lat' dir='ltr'><strong>et</strong></span> <span class='ocrx_word' id='word_1_136' title='bbox 2900 640 3092 695; x_wconf 92' lang='lat' dir='ltr'><strong>habilis</strong></span> <span class='ocrx_word' id='word_1_137' title='bbox 3137 649 3414 711; x_wconf 89' lang='lat' dir='ltr'><strong>reputetur</strong></span> 
     </span>
    </p>
   </div>
   <div class='ocr_carea' id='block_1_20' title="bbox 1842 731 2092 787">
    <p class='ocr_par' dir='ltr' id='par_1_20' title="bbox 1842 731 2092 787">
     <span class='ocr_line' id='line_1_20' title="bbox 1842 731 2092 787; baseline -0.02 0"><span class='ocrx_word' id='word_1_138' title='bbox 1842 731 2092 787; x_wconf 88' lang='lat' dir='ltr'><strong>cremari.</strong></span> 
     </span>
    </p>
   </div>
   <div class='ocr_carea' id='block_1_21' title="bbox 1917 818 3412 890">
    <p class='ocr_par' dir='ltr' id='par_1_21' title="bbox 1917 818 3412 890">
     <span class='ocr_line' id='line_1_21' title="bbox 1917 818 3412 890; baseline 0.005 -20"><span class='ocrx_word' id='word_1_139' title='bbox 1917 844 1933 870; x_wconf 74' lang='grc' dir='ltr'>ι</span> <span class='ocrx_word' id='word_1_140' title='bbox 1964 822 2258 877; x_wconf 80' lang='lat' dir='ltr'><strong>Percussus</strong></span> <span class='ocrx_word' id='word_1_141' title='bbox 2290 835 2429 874; x_wconf 89' lang='lat' dir='ltr'><strong>sum.</strong></span> <span class='ocrx_word' id='word_1_142' title='bbox 2455 840 2472 872; x_wconf 77' lang='grc' dir='ltr'>ι</span> <span class='ocrx_word' id='word_1_143' title='bbox 2508 820 2639 875; x_wconf 88' lang='lat' dir='ltr'><strong>Pars</strong></span> <span class='ocrx_word' id='word_1_144' title='bbox 2666 820 2919 875; x_wconf 86' lang='lat' dir='ltr'><strong>secunda.</strong></span> <span class='ocrx_word' id='word_1_145' title='bbox 2958 818 3102 874; x_wconf 87' lang='lat' dir='ltr'><strong>Bene</strong></span> <span class='ocrx_word' id='word_1_146' title='bbox 3123 819 3244 875; x_wconf 88' lang='lat' dir='ltr'><strong>dico</strong></span> <span class='ocrx_word' id='word_1_147' title='bbox 3268 823 3412 890; x_wconf 84' lang='lat' dir='ltr'><strong>quod</strong></span> 
     </span>
    </p>
   </div>
   <div class='ocr_carea' id='block_1_22' title="bbox 1843 909 3410 988">
    <p class='ocr_par' dir='ltr' id='par_1_22' title="bbox 1843 909 3410 988">
     <span class='ocr_line' id='line_1_22' title="bbox 1843 909 3410 988; baseline -0.001 -21"><span class='ocrx_word' id='word_1_148' title='bbox 1843 913 1956 967; x_wconf 90' lang='lat' dir='ltr'><strong>dies</strong></span> <span class='ocrx_word' id='word_1_149' title='bbox 1981 910 2314 988; x_wconf 85' lang='lat' dir='ltr'><strong>defecerunt,</strong></span> <span class='ocrx_word' id='word_1_150' title='bbox 2340 909 2466 978; x_wconf 86' lang='lat' dir='ltr'><strong>quia</strong></span> <span class='ocrx_word' id='word_1_151' title='bbox 2497 924 2622 980; x_wconf 90' lang='lat' dir='ltr'><strong>ego,</strong></span> <span class='ocrx_word' id='word_1_152' title='bbox 2648 910 2740 979; x_wconf 88' lang='lat' dir='ltr'><strong>qui</strong></span> <span class='ocrx_word' id='word_1_153' title='bbox 2769 925 2918 965; x_wconf 87' lang='lat' dir='ltr'><strong>eram</strong></span> <span class='ocrx_word' id='word_1_154' title='bbox 2935 910 3231 966; x_wconf 90' lang='lat' dir='ltr'><strong>secundum</strong></span> <span class='ocrx_word' id='word_1_155' title='bbox 3255 920 3410 966; x_wconf 89' lang='lat' dir='ltr'><strong>natu-</strong></span> 
     </span>
    </p>
   </div>
   <div class='ocr_carea' id='block_1_23' title="bbox 1841 1001 3412 1072">
    <p class='ocr_par' dir='ltr' id='par_1_23' title="bbox 1841 1001 3412 1072">
     <span class='ocr_line' id='line_1_23' title="bbox 1841 1001 3412 1072; baseline 0 -12"><span class='ocrx_word' id='word_1_156' title='bbox 1841 1020 1958 1060; x_wconf 89' lang='lat' dir='ltr'><strong>ram</strong></span> <span class='ocrx_word' id='word_1_157' title='bbox 1981 1012 2035 1059; x_wconf 91' lang='lat' dir='ltr'><strong>et</strong></span> <span class='ocrx_word' id='word_1_158' title='bbox 2065 1003 2295 1072; x_wconf 89' lang='lat' dir='ltr'><strong>primam</strong></span> <span class='ocrx_word' id='word_1_159' title='bbox 2336 1002 2687 1068; x_wconf 89' lang='lat' dir='ltr'><strong>creationem,</strong></span> <span class='ocrx_word' id='word_1_160' title='bbox 2731 1022 2749 1055; x_wconf 87' lang='grc'><em>‹</em></span> <span class='ocrx_word' id='word_1_161' title='bbox 2778 1012 2836 1057; x_wconf 90' lang='lat' dir='ltr'><strong>ut</strong></span> <span class='ocrx_word' id='word_1_162' title='bbox 2865 1001 3047 1058; x_wconf 90' lang='lat' dir='ltr'><strong>fenum</strong></span> <span class='ocrx_word' id='word_1_163' title='bbox 3079 1021 3098 1054; x_wconf 85' lang='grc'><strong>›</strong></span> <span class='ocrx_word' id='word_1_164' title='bbox 3143 1003 3316 1059; x_wconf 80' lang='lat' dir='ltr'><strong>viride</strong></span> <span class='ocrx_word' id='word_1_165' title='bbox 3357 1012 3412 1060; x_wconf 86' lang='lat' dir='ltr'><strong>et</strong></span> 
     </span>
    </p>
   </div>
   <div class='ocr_carea' id='block_1_24' title="bbox 1842 1092 3413 1162">
    <p class='ocr_par' dir='ltr' id='par_1_24' title="bbox 1842 1092 3413 1162">
     <span class='ocr_line' id='line_1_24' title="bbox 1842 1092 3413 1162; baseline -0.001 -12"><span class='ocrx_word' id='word_1_166' title='bbox 1842 1096 2108 1159; x_wconf 88' lang='lat' dir='ltr'><strong>floridum,</strong></span> <span class='ocrx_word' id='word_1_167' title='bbox 2139 1112 2158 1145; x_wconf 84' lang='grc'><strong>‹</strong></span> <span class='ocrx_word' id='word_1_168' title='bbox 2200 1106 2488 1162; x_wconf 86' lang='lat' dir='ltr'><strong>percussus</strong></span> <span class='ocrx_word' id='word_1_169' title='bbox 2510 1107 2628 1147; x_wconf 87' lang='lat' dir='ltr'><strong>sum</strong></span> <span class='ocrx_word' id='word_1_170' title='bbox 2662 1110 2680 1143; x_wconf 73' lang='grc' dir='ltr'><strong>ι</strong></span> <span class='ocrx_word' id='word_1_171' title='bbox 2717 1107 2746 1146; x_wconf 89' lang='lat' dir='ltr'><strong>a</strong></span> <span class='ocrx_word' id='word_1_172' title='bbox 2770 1093 3001 1158; x_wconf 89' lang='lat' dir='ltr'><strong>diabolo,</strong></span> <span class='ocrx_word' id='word_1_173' title='bbox 3029 1092 3183 1162; x_wconf 89' lang='lat' dir='ltr'><strong>quasi</strong></span> <span class='ocrx_word' id='word_1_174' title='bbox 3209 1108 3239 1146; x_wconf 84' lang='lat' dir='ltr'><strong>a</strong></span> <span class='ocrx_word' id='word_1_175' title='bbox 3269 1093 3413 1149; x_wconf 90' lang='lat' dir='ltr'><strong>malo</strong></span> 
     </span>
    </p>
   </div>
   <div class='ocr_carea' id='block_1_25' title="bbox 1842 1185 3410 1256">
    <p class='ocr_par' dir='ltr' id='par_1_25' title="bbox 1842 1185 3410 1256">
     <span class='ocr_line' id='line_1_25' title="bbox 1842 1185 3410 1256; baseline 0.001 -16"><span class='ocrx_word' id='word_1_176' title='bbox 1842 1187 2117 1251; x_wconf 86' lang='lat' dir='ltr'><strong>falcatorc,</strong></span> <span class='ocrx_word' id='word_1_177' title='bbox 2147 1185 2274 1239; x_wconf 88' lang='lat' dir='ltr'><strong>dum</strong></span> <span class='ocrx_word' id='word_1_178' title='bbox 2320 1198 2406 1238; x_wconf 90' lang='lat' dir='ltr'><strong>me</strong></span> <span class='ocrx_word' id='word_1_179' title='bbox 2445 1193 2502 1238; x_wconf 92' lang='lat' dir='ltr'><strong>et</strong></span> <span class='ocrx_word' id='word_1_180' title='bbox 2547 1192 2799 1254; x_wconf 85' lang='lat' dir='ltr'><strong>parentes</strong></span> <span class='ocrx_word' id='word_1_181' title='bbox 2843 1199 2992 1240; x_wconf 89' lang='lat' dir='ltr'><strong>meos</strong></span> <span class='ocrx_word' id='word_1_182' title='bbox 3033 1187 3100 1241; x_wconf 92' lang='lat' dir='ltr'><strong>ad</strong></span> <span class='ocrx_word' id='word_1_183' title='bbox 3131 1195 3410 1256; x_wconf 90' lang='lat' dir='ltr'><strong>peccatum</strong></span> 
     </span>
    </p>
   </div>
   <div class='ocr_carea' id='block_1_26' title="bbox 1842 1277 3412 1353">
    <p class='ocr_par' dir='ltr' id='par_1_26' title="bbox 1842 1277 3412 1353">
     <span class='ocr_line' id='line_1_26' title="bbox 1842 1277 3412 1353; baseline -0.003 -16"><span class='ocrx_word' id='word_1_184' title='bbox 1842 1283 2070 1353; x_wconf 87' lang='lat' dir='ltr'><strong>impulit,</strong></span> <span class='ocrx_word' id='word_1_185' title='bbox 2102 1295 2198 1350; x_wconf 90' lang='lat' dir='ltr'><strong>per</strong></span> <span class='ocrx_word' id='word_1_186' title='bbox 2229 1294 2350 1349; x_wconf 68' lang='lat' dir='ltr'><strong>qum</strong></span> <span class='ocrx_word' id='word_1_187' title='bbox 2391 1277 2599 1347; x_wconf 87' lang='lat' dir='ltr'><strong>perdidi</strong></span> <span class='ocrx_word' id='word_1_188' title='bbox 2630 1279 2861 1333; x_wconf 89' lang='lat' dir='ltr'><strong>virorem</strong></span> <span class='ocrx_word' id='word_1_189' title='bbox 2907 1291 3088 1332; x_wconf 91' lang='lat' dir='ltr'><strong>meum</strong></span> <span class='ocrx_word' id='word_1_190' title='bbox 3140 1286 3194 1333; x_wconf 91' lang='lat' dir='ltr'><strong>et</strong></span> <span class='ocrx_word' id='word_1_191' title='bbox 3249 1277 3412 1334; x_wconf 85' lang='lat' dir='ltr'><strong>flores</strong></span> 
     </span>
    </p>
   </div>
   <div class='ocr_carea' id='block_1_27' title="bbox 1837 1373 3412 1447">
    <p class='ocr_par' dir='ltr' id='par_1_27' title="bbox 1837 1373 3412 1447">
     <span class='ocr_line' id='line_1_27' title="bbox 1837 1373 3412 1447; baseline -0.001 -16"><span class='ocrx_word' id='word_1_192' title='bbox 1837 1377 2089 1447; x_wconf 64' lang='lat' dir='ltr'><strong>justitim;</strong></span> <span class='ocrx_word' id='word_1_193' title='bbox 2124 1383 2178 1429; x_wconf 90' lang='lat' dir='ltr'><strong>et</strong></span> <span class='ocrx_word' id='word_1_194' title='bbox 2207 1383 2334 1429; x_wconf 90' lang='lat' dir='ltr'><strong>tunc</strong></span> <span class='ocrx_word' id='word_1_195' title='bbox 2369 1394 2386 1425; x_wconf 77' lang='grc' dir='ltr'>ι</span> <span class='ocrx_word' id='word_1_196' title='bbox 2417 1373 2558 1427; x_wconf 85' lang='lat' dir='ltr'><strong>aruit</strong></span> <span class='ocrx_word' id='word_1_197' title='bbox 2590 1389 2684 1428; x_wconf 90' lang='lat' dir='ltr'><strong>cor</strong></span> <span class='ocrx_word' id='word_1_198' title='bbox 2708 1388 2908 1438; x_wconf 91' lang='lat' dir='ltr'><strong>meum,</strong></span> <span class='ocrx_word' id='word_1_199' title='bbox 2941 1399 2958 1425; x_wconf 76' lang='grc' dir='ltr'><strong><em>ο</em></strong></span> <span class='ocrx_word' id='word_1_200' title='bbox 2993 1388 3183 1428; x_wconf 89' lang='lat' dir='ltr'><strong>carens</strong></span> <span class='ocrx_word' id='word_1_201' title='bbox 3215 1374 3412 1430; x_wconf 88' lang='lat' dir='ltr'><strong>illumi-</strong></span> 
     </span>
    </p>
   </div>
   <div class='ocr_carea' id='block_1_28' title="bbox 1841 1454 3451 1536">
    <p class='ocr_par' dir='ltr' id='par_1_28' title="bbox 1841 1454 3451 1536">
     <span class='ocr_line' id='line_1_28' title="bbox 1841 1454 3451 1536; baseline -0.001 -14"><span class='ocrx_word' id='word_1_202' title='bbox 1841 1469 2076 1532; x_wconf 90' lang='lat' dir='ltr'><strong>natione,</strong></span> <span class='ocrx_word' id='word_1_203' title='bbox 2117 1466 2287 1536; x_wconf 83' lang='lat' dir='ltr'><strong>gratia</strong></span> <span class='ocrx_word' id='word_1_204' title='bbox 2317 1466 2572 1520; x_wconf 89' lang='lat' dir='ltr'><strong>interiora</strong></span> <span class='ocrx_word' id='word_1_205' title='bbox 2605 1464 2855 1529; x_wconf 88' lang='lat' dir='ltr'><strong>fovente;</strong></span> <span class='ocrx_word' id='word_1_206' title='bbox 2892 1464 3012 1519; x_wconf 92' lang='lat' dir='ltr'><strong>ideo</strong></span> <span class='ocrx_word' id='word_1_207' title='bbox 3037 1465 3199 1528; x_wconf 90' lang='lat' dir='ltr'><strong>aruit,</strong></span> <span class='ocrx_word' id='word_1_208' title='bbox 3235 1484 3253 1516; x_wconf 71' lang='grc' dir='ltr'><strong><em>ι</em></strong></span> <span class='ocrx_word' id='word_1_209' title='bbox 3286 1466 3410 1536; x_wconf 89' lang='lat' dir='ltr'><strong>quia</strong></span> <span class='ocrx_word' id='word_1_210' title='bbox 3439 1454 3451 1470; x_wconf 88' lang='grc'><strong>’</strong></span> 
     </span>
    </p>
   </div>
   <div class='ocr_carea' id='block_1_29' title="bbox 1843 1558 3409 1638">
    <p class='ocr_par' dir='ltr' id='par_1_29' title="bbox 1843 1558 3409 1638">
     <span class='ocr_line' id='line_1_29' title="bbox 1843 1558 3409 1638; baseline -0.003 -20"><span class='ocrx_word' id='word_1_211' title='bbox 1843 1564 2038 1619; x_wconf 88' lang='lat' dir='ltr'><strong>oblitus</strong></span> <span class='ocrx_word' id='word_1_212' title='bbox 2090 1578 2206 1617; x_wconf 90' lang='lat' dir='ltr'><strong>sum</strong></span> <span class='ocrx_word' id='word_1_213' title='bbox 2254 1562 2536 1638; x_wconf 80' lang='lat' dir='ltr'><strong>comedere</strong></span> <span class='ocrx_word' id='word_1_214' title='bbox 2602 1574 2796 1630; x_wconf 87' lang='lat' dir='ltr'><strong>panem</strong></span> <span class='ocrx_word' id='word_1_215' title='bbox 2855 1574 3072 1624; x_wconf 90' lang='lat' dir='ltr'><strong>meum,</strong></span> <span class='ocrx_word' id='word_1_216' title='bbox 3116 1577 3134 1608; x_wconf 73' lang='grc' dir='ltr'><strong><em>ι</em></strong></span> <span class='ocrx_word' id='word_1_217' title='bbox 3184 1558 3238 1613; x_wconf 94' lang='lat' dir='ltr'><strong>id</strong></span> <span class='ocrx_word' id='word_1_218' title='bbox 3287 1569 3409 1626; x_wconf 90' lang='lat' dir='ltr'><strong>est,</strong></span> 
     </span>
    </p>
   </div>
   <div class='ocr_carea' id='block_1_30' title="bbox 1844 1646 3411 1720">
    <p class='ocr_par' dir='ltr' id='par_1_30' title="bbox 1844 1646 3411 1720">
     <span class='ocr_line' id='line_1_30' title="bbox 1844 1646 3411 1720; baseline -0.003 -14"><span class='ocrx_word' id='word_1_219' title='bbox 1844 1662 1902 1708; x_wconf 90' lang='lat' dir='ltr'><strong>ut</strong></span> <span class='ocrx_word' id='word_1_220' title='bbox 1926 1650 2376 1720; x_wconf 83' lang='lat' dir='ltr'><strong>contemplatione</strong></span> <span class='ocrx_word' id='word_1_221' title='bbox 2414 1651 2530 1715; x_wconf 89' lang='lat' dir='ltr'><strong>Dei,</strong></span> <span class='ocrx_word' id='word_1_222' title='bbox 2560 1665 2679 1720; x_wconf 69' lang='lat' dir='ltr'><strong>quae</strong></span> <span class='ocrx_word' id='word_1_223' title='bbox 2706 1657 2848 1705; x_wconf 83' lang='lat' dir='ltr'><strong>esset</strong></span> <span class='ocrx_word' id='word_1_224' title='bbox 2889 1647 3124 1718; x_wconf 87' lang='lat' dir='ltr'><strong>perfecta</strong></span> <span class='ocrx_word' id='word_1_225' title='bbox 3166 1646 3411 1715; x_wconf 81' lang='lat' dir='ltr'><strong>refectio,</strong></span> 
     </span>
    </p>
   </div>
   <div class='ocr_carea' id='block_1_31' title="bbox 1846 1743 2070 1797">
    <p class='ocr_par' dir='ltr' id='par_1_31' title="bbox 1846 1743 2070 1797">
     <span class='ocr_line' id='line_1_31' title="bbox 1846 1743 2070 1797; baseline 0 -1"><span class='ocrx_word' id='word_1_226' title='bbox 1846 1743 2070 1797; x_wconf 88' lang='lat' dir='ltr'><strong>fruerer.</strong></span> 
     </span>
    </p>
   </div>
   <div class='ocr_carea' id='block_1_32' title="bbox 1913 1828 3412 1903">
    <p class='ocr_par' dir='ltr' id='par_1_32' title="bbox 1913 1828 3412 1903">
     <span class='ocr_line' id='line_1_32' title="bbox 1913 1828 3412 1903; baseline -0.002 -15"><span class='ocrx_word' id='word_1_227' title='bbox 1913 1835 2050 1889; x_wconf 85' lang='lat' dir='ltr'><strong>Ecce</strong></span> <span class='ocrx_word' id='word_1_228' title='bbox 2081 1833 2269 1903; x_wconf 90' lang='lat' dir='ltr'><strong>incipit</strong></span> <span class='ocrx_word' id='word_1_229' title='bbox 2301 1832 2584 1888; x_wconf 88' lang='lat' dir='ltr'><strong>ostendere</strong></span> <span class='ocrx_word' id='word_1_230' title='bbox 2627 1832 2897 1903; x_wconf 67' lang='lat' dir='ltr'><strong>paenitens</strong></span> <span class='ocrx_word' id='word_1_231' title='bbox 2940 1831 3040 1886; x_wconf 90' lang='lat' dir='ltr'><strong>iste</strong></span> <span class='ocrx_word' id='word_1_232' title='bbox 3084 1828 3412 1886; x_wconf 84' lang='lat' dir='ltr'><strong>satisfactio-</strong></span> 
     </span>
    </p>
   </div>
   <div class='ocr_carea' id='block_1_33' title="bbox 167 1907 3406 1996">
    <p class='ocr_par' dir='ltr' id='par_1_33' title="bbox 167 1907 3406 1996">
     <span class='ocr_line' id='line_1_33' title="bbox 167 1907 3406 1996; baseline -0.001 -17"><span class='ocrx_word' id='word_1_233' title='bbox 167 1943 261 1980; x_wconf 79' lang='lat' dir='ltr'><strong>ccs</strong></span> <span class='ocrx_word' id='word_1_234' title='bbox 291 1943 417 1982; x_wconf 86' lang='lat' dir='ltr'><strong>suas</strong></span> <span class='ocrx_word' id='word_1_235' title='bbox 443 1928 720 1982; x_wconf 81' lang='lat' dir='ltr'><strong>humiliter</strong></span> <span class='ocrx_word' id='word_1_236' title='bbox 739 1927 1006 1982; x_wconf 81' lang='lat' dir='ltr'><strong>deferens.</strong></span> <span class='ocrx_word' id='word_1_237' title='bbox 1032 1926 1218 1981; x_wconf 86' lang='lat' dir='ltr'><strong>Modus</strong></span> <span class='ocrx_word' id='word_1_238' title='bbox 1245 1942 1258 1978; x_wconf 91' lang='lat'><strong>:</strong></span> <span class='ocrx_word' id='word_1_239' title='bbox 1289 1925 1343 1978; x_wconf 88' lang='lat' dir='ltr'><strong>in</strong></span> <span class='ocrx_word' id='word_1_240' title='bbox 1371 1924 1543 1994; x_wconf 89' lang='lat' dir='ltr'><strong>prima</strong></span> <span class='ocrx_word' id='word_1_241' title='bbox 1566 1931 1737 1994; x_wconf 87' lang='lat' dir='ltr'><strong>parte,</strong></span> <span class='ocrx_word' id='word_1_242' title='bbox 1768 1907 1816 1966; x_wconf 78' lang='grc' dir='ltr'><strong>Β</strong></span> <span class='ocrx_word' id='word_1_243' title='bbox 1843 1942 1963 1982; x_wconf 90' lang='lat' dir='ltr'><strong>nem</strong></span> <span class='ocrx_word' id='word_1_244' title='bbox 2005 1943 2102 1996; x_wconf 88' lang='lat' dir='ltr'><strong>pro</strong></span> <span class='ocrx_word' id='word_1_245' title='bbox 2149 1926 2376 1990; x_wconf 87' lang='lat' dir='ltr'><strong>delictis,</strong></span> <span class='ocrx_word' id='word_1_246' title='bbox 2408 1925 2592 1980; x_wconf 91' lang='lat' dir='ltr'><strong>dicens</strong></span> <span class='ocrx_word' id='word_1_247' title='bbox 2645 1944 2664 1975; x_wconf 86' lang='grc'><em>‹</em></span> <span class='ocrx_word' id='word_1_248' title='bbox 2697 1939 2727 1979; x_wconf 92' lang='lat' dir='ltr'><strong>a</strong></span> <span class='ocrx_word' id='word_1_249' title='bbox 2768 1939 2918 1989; x_wconf 88' lang='lat' dir='ltr'><strong>voce,</strong></span> <span class='ocrx_word' id='word_1_250' title='bbox 2970 1944 2987 1976; x_wconf 72' lang='grc' dir='ltr'><strong>ι</strong></span> <span class='ocrx_word' id='word_1_251' title='bbox 3027 1924 3176 1993; x_wconf 86' lang='lat' dir='ltr'><strong>quasi</strong></span> <span class='ocrx_word' id='word_1_252' title='bbox 3224 1923 3406 1986; x_wconf 82' lang='lat' dir='ltr'><strong>dicat;</strong></span> 
     </span>
    </p>
   </div>
   <div class='ocr_carea' id='block_1_34' title="bbox 168 2013 1738 2089">
    <p class='ocr_par' dir='ltr' id='par_1_34' title="bbox 168 2013 1738 2089">
     <span class='ocr_line' id='line_1_34' title="bbox 168 2013 1738 2089; baseline -0.001 -18"><span class='ocrx_word' id='word_1_253' title='bbox 168 2020 325 2086; x_wconf 85' lang='lat' dir='ltr'><strong>quasi</strong></span> <span class='ocrx_word' id='word_1_254' title='bbox 353 2021 729 2089; x_wconf 83' lang='lat' dir='ltr'><strong>deprecatione</strong></span> <span class='ocrx_word' id='word_1_255' title='bbox 765 2028 942 2083; x_wconf 87' lang='lat' dir='ltr'><strong>utens,</strong></span> <span class='ocrx_word' id='word_1_256' title='bbox 973 2034 1078 2072; x_wconf 90' lang='lat' dir='ltr'><strong>non</strong></span> <span class='ocrx_word' id='word_1_257' title='bbox 1106 2025 1330 2072; x_wconf 82' lang='lat' dir='ltr'><strong>excusat</strong></span> <span class='ocrx_word' id='word_1_258' title='bbox 1355 2030 1435 2082; x_wconf 88' lang='lat' dir='ltr'><strong>se,</strong></span> <span class='ocrx_word' id='word_1_259' title='bbox 1466 2016 1560 2069; x_wconf 84' lang='lat' dir='ltr'><strong>sed</strong></span> <span class='ocrx_word' id='word_1_260' title='bbox 1586 2013 1738 2083; x_wconf 82' lang='lat' dir='ltr'><strong>quasi</strong></span> 
     </span>
    </p>
   </div>
   <div class='ocr_carea' id='block_1_35' title="bbox 167 2109 1742 2187">
    <p class='ocr_par' dir='ltr' id='par_1_35' title="bbox 167 2109 1742 2187">
     <span class='ocr_line' id='line_1_35' title="bbox 167 2109 1742 2187; baseline -0.002 -23"><span class='ocrx_word' id='word_1_261' title='bbox 167 2127 298 2168; x_wconf 76' lang='lat' dir='ltr'><strong>reus</strong></span> <span class='ocrx_word' id='word_1_262' title='bbox 329 2112 456 2167; x_wconf 80' lang='lat' dir='ltr'><strong>facit</strong></span> <span class='ocrx_word' id='word_1_263' title='bbox 501 2114 819 2176; x_wconf 87' lang='lat' dir='ltr'><strong>orationem,</strong></span> <span class='ocrx_word' id='word_1_264' title='bbox 847 2121 902 2167; x_wconf 91' lang='lat' dir='ltr'><strong>et</strong></span> <span class='ocrx_word' id='word_1_265' title='bbox 929 2113 1082 2182; x_wconf 87' lang='lat' dir='ltr'><strong>quasi</strong></span> <span class='ocrx_word' id='word_1_266' title='bbox 1122 2111 1377 2166; x_wconf 89' lang='lat' dir='ltr'><strong>miserum</strong></span> <span class='ocrx_word' id='word_1_267' title='bbox 1417 2124 1475 2164; x_wconf 84' lang='lat' dir='ltr'><strong>se</strong></span> <span class='ocrx_word' id='word_1_268' title='bbox 1517 2109 1742 2187; x_wconf 81' lang='lat' dir='ltr'><strong>conﬁte-</strong></span> 
     </span>
    </p>
   </div>
   <div class='ocr_carea' id='block_1_36' title="bbox 169 2197 1740 2273">
    <p class='ocr_par' dir='ltr' id='par_1_36' title="bbox 169 2197 1740 2273">
     <span class='ocr_line' id='line_1_36' title="bbox 169 2197 1740 2273; baseline -0.004 -17"><span class='ocrx_word' id='word_1_269' title='bbox 169 2212 280 2266; x_wconf 90' lang='lat' dir='ltr'><strong>tur,</strong></span> <span class='ocrx_word' id='word_1_270' title='bbox 312 2211 370 2256; x_wconf 87' lang='lat' dir='ltr'><strong>ut</strong></span> <span class='ocrx_word' id='word_1_271' title='bbox 397 2217 490 2273; x_wconf 88' lang='lat' dir='ltr'><strong>per</strong></span> <span class='ocrx_word' id='word_1_272' title='bbox 523 2205 636 2259; x_wconf 75' lang='lat' dir='ltr'><strong>haec</strong></span> <span class='ocrx_word' id='word_1_273' title='bbox 666 2204 1089 2260; x_wconf 86' lang='lat' dir='ltr'><strong>misericordiam</strong></span> <span class='ocrx_word' id='word_1_274' title='bbox 1128 2209 1340 2256; x_wconf 85' lang='lat' dir='ltr'><strong>moveat</strong></span> <span class='ocrx_word' id='word_1_275' title='bbox 1365 2200 1418 2254; x_wconf 88' lang='lat' dir='ltr'><strong>in</strong></span> <span class='ocrx_word' id='word_1_276' title='bbox 1450 2197 1648 2266; x_wconf 86' lang='lat' dir='ltr'><strong>judice.</strong></span> <span class='ocrx_word' id='word_1_277' title='bbox 1681 2198 1740 2251; x_wconf 88' lang='lat' dir='ltr'><strong>ln</strong></span> 
     </span>
    </p>
   </div>
   <div class='ocr_carea' id='block_1_37' title="bbox 166 2291 1740 2366">
    <p class='ocr_par' dir='ltr' id='par_1_37' title="bbox 166 2291 1740 2366">
     <span class='ocr_line' id='line_1_37' title="bbox 166 2291 1740 2366; baseline -0.004 -15"><span class='ocrx_word' id='word_1_278' title='bbox 166 2297 403 2351; x_wconf 89' lang='lat' dir='ltr'><strong>secunda</strong></span> <span class='ocrx_word' id='word_1_279' title='bbox 433 2306 608 2365; x_wconf 84' lang='lat' dir='ltr'><strong>parte,</strong></span> <span class='ocrx_word' id='word_1_280' title='bbox 636 2312 756 2366; x_wconf 80' lang='lat' dir='ltr'><strong>quae</strong></span> <span class='ocrx_word' id='word_1_281' title='bbox 787 2296 971 2366; x_wconf 89' lang='lat' dir='ltr'><strong>incipit</strong></span> <span class='ocrx_word' id='word_1_282' title='bbox 997 2315 1008 2349; x_wconf 92' lang='lat'><strong>:</strong></span> <span class='ocrx_word' id='word_1_283' title='bbox 1046 2315 1064 2346; x_wconf 89' lang='grc'><em>‹</em></span> <span class='ocrx_word' id='word_1_284' title='bbox 1095 2295 1390 2349; x_wconf 89' lang='lat' dir='ltr'><strong>Percussus</strong></span> <span class='ocrx_word' id='word_1_285' title='bbox 1413 2307 1534 2347; x_wconf 89' lang='lat' dir='ltr'><strong>sum</strong></span> <span class='ocrx_word' id='word_1_286' title='bbox 1562 2301 1622 2345; x_wconf 90' lang='lat' dir='ltr'><strong>ut</strong></span> <span class='ocrx_word' id='word_1_287' title='bbox 1659 2291 1740 2345; x_wconf 79' lang='lat' dir='ltr'><strong>fe-</strong></span> 
     </span>
    </p>
   </div>
   <div class='ocr_carea' id='block_1_38' title="bbox 167 2383 1735 2456">
    <p class='ocr_par' dir='ltr' id='par_1_38' title="bbox 167 2383 1735 2456">
     <span class='ocr_line' id='line_1_38' title="bbox 167 2383 1735 2456; baseline -0.006 -13"><span class='ocrx_word' id='word_1_288' title='bbox 167 2405 320 2452; x_wconf 90' lang='lat' dir='ltr'><strong>num,</strong></span> <span class='ocrx_word' id='word_1_289' title='bbox 351 2408 371 2439; x_wconf 72' lang='lat' dir='ltr'><strong><em>D</em></strong></span> <span class='ocrx_word' id='word_1_290' title='bbox 405 2397 684 2442; x_wconf 88' lang='lat' dir='ltr'><strong>eumerat</strong></span> <span class='ocrx_word' id='word_1_291' title='bbox 729 2388 977 2442; x_wconf 89' lang='lat' dir='ltr'><strong>miserias</strong></span> <span class='ocrx_word' id='word_1_292' title='bbox 1010 2401 1145 2456; x_wconf 80' lang='lat' dir='ltr'><strong>quas</strong></span> <span class='ocrx_word' id='word_1_293' title='bbox 1188 2385 1389 2454; x_wconf 86' lang='lat' dir='ltr'><strong>patitur</strong></span> <span class='ocrx_word' id='word_1_294' title='bbox 1428 2396 1598 2452; x_wconf 90' lang='lat' dir='ltr'><strong>genus</strong></span> <span class='ocrx_word' id='word_1_295' title='bbox 1644 2383 1735 2435; x_wconf 87' lang='lat' dir='ltr'><strong>hu-</strong></span> 
     </span>
    </p>
   </div>
   <div class='ocr_carea' id='block_1_39' title="bbox 167 2474 1737 2550">
    <p class='ocr_par' dir='ltr' id='par_1_39' title="bbox 167 2474 1737 2550">
     <span class='ocr_line' id='line_1_39' title="bbox 167 2474 1737 2550; baseline -0.006 -15"><span class='ocrx_word' id='word_1_296' title='bbox 167 2496 407 2536; x_wconf 86' lang='lat' dir='ltr'><strong>manum.</strong></span> <span class='ocrx_word' id='word_1_297' title='bbox 458 2479 514 2534; x_wconf 82' lang='lat' dir='ltr'><strong>In</strong></span> <span class='ocrx_word' id='word_1_298' title='bbox 561 2480 720 2535; x_wconf 87' lang='lat' dir='ltr'><strong>tertia</strong></span> <span class='ocrx_word' id='word_1_299' title='bbox 760 2488 932 2550; x_wconf 86' lang='lat' dir='ltr'><strong>parte,</strong></span> <span class='ocrx_word' id='word_1_300' title='bbox 962 2493 1084 2547; x_wconf 67' lang='lat' dir='ltr'><strong>qua</strong></span> <span class='ocrx_word' id='word_1_301' title='bbox 1109 2476 1297 2544; x_wconf 78' lang='lat' dir='ltr'><strong>incipit</strong></span> <span class='ocrx_word' id='word_1_302' title='bbox 1331 2491 1343 2527; x_wconf 90' lang='lat'>:</span> <span class='ocrx_word' id='word_1_303' title='bbox 1383 2493 1401 2525; x_wconf 85' lang='grc'><strong><em>‹</em></strong></span> <span class='ocrx_word' id='word_1_304' title='bbox 1433 2474 1512 2527; x_wconf 91' lang='lat' dir='ltr'><strong>Tu</strong></span> <span class='ocrx_word' id='word_1_305' title='bbox 1539 2482 1737 2537; x_wconf 88' lang='lat' dir='ltr'><strong>autem,</strong></span> 
     </span>
    </p>
   </div>
   <div class='ocr_carea' id='block_1_40' title="bbox 165 2565 1740 2637">
    <p class='ocr_par' dir='ltr' id='par_1_40' title="bbox 165 2565 1740 2637">
     <span class='ocr_line' id='line_1_40' title="bbox 165 2565 1740 2637; baseline -0.007 -9"><span class='ocrx_word' id='word_1_306' title='bbox 165 2574 412 2637; x_wconf 87' lang='lat' dir='ltr'><strong>Domine,</strong></span> <span class='ocrx_word' id='word_1_307' title='bbox 446 2592 466 2624; x_wconf 70' lang='grc' dir='ltr'><strong>ι</strong></span> <span class='ocrx_word' id='word_1_308' title='bbox 496 2571 730 2626; x_wconf 88' lang='lat' dir='ltr'><strong>ostendit</strong></span> <span class='ocrx_word' id='word_1_309' title='bbox 772 2570 1152 2626; x_wconf 89' lang='lat' dir='ltr'><strong>confidentiam</strong></span> <span class='ocrx_word' id='word_1_310' title='bbox 1194 2581 1358 2636; x_wconf 86' lang='lat' dir='ltr'><strong>quam</strong></span> <span class='ocrx_word' id='word_1_311' title='bbox 1397 2565 1579 2630; x_wconf 88' lang='lat' dir='ltr'><strong>habet,</strong></span> <span class='ocrx_word' id='word_1_312' title='bbox 1615 2565 1740 2633; x_wconf 85' lang='lat' dir='ltr'><strong>quia</strong></span> 
     </span>
    </p>
   </div>
   <div class='ocr_carea' id='block_1_41' title="bbox 171 2659 1742 2735">
    <p class='ocr_par' dir='ltr' id='par_1_41' title="bbox 171 2659 1742 2735">
     <span class='ocr_line' id='line_1_41' title="bbox 171 2659 1742 2735; baseline -0.005 -15"><span class='ocrx_word' id='word_1_313' title='bbox 171 2667 408 2722; x_wconf 81' lang='lat' dir='ltr'><strong>miseriis</strong></span> <span class='ocrx_word' id='word_1_314' title='bbox 456 2667 577 2722; x_wconf 80' lang='lat' dir='ltr'><strong>istis</strong></span> <span class='ocrx_word' id='word_1_315' title='bbox 615 2667 899 2735; x_wconf 79' lang='lat' dir='ltr'><strong>eripiatur.</strong></span> <span class='ocrx_word' id='word_1_316' title='bbox 938 2663 1006 2718; x_wconf 87' lang='lat' dir='ltr'><strong>Et</strong></span> <span class='ocrx_word' id='word_1_317' title='bbox 1034 2678 1130 2733; x_wconf 87' lang='lat' dir='ltr'><strong>per</strong></span> <span class='ocrx_word' id='word_1_318' title='bbox 1173 2661 1371 2730; x_wconf 86' lang='lat' dir='ltr'><strong>quem?</strong></span> <span class='ocrx_word' id='word_1_319' title='bbox 1399 2659 1608 2715; x_wconf 89' lang='lat' dir='ltr'><strong>scilicet</strong></span> <span class='ocrx_word' id='word_1_320' title='bbox 1645 2673 1742 2728; x_wconf 91' lang='lat' dir='ltr'><strong>per</strong></span> 
     </span>
    </p>
   </div>
   <div class='ocr_carea' id='block_1_42' title="bbox 163 2751 1741 2820">
    <p class='ocr_par' dir='ltr' id='par_1_42' title="bbox 163 2751 1741 2820">
     <span class='ocr_line' id='line_1_42' title="bbox 163 2751 1741 2820; baseline -0.005 -8"><span class='ocrx_word' id='word_1_321' title='bbox 163 2759 458 2814; x_wconf 83' lang='lat' dir='ltr'><strong>Christum.</strong></span> <span class='ocrx_word' id='word_1_322' title='bbox 495 2757 560 2812; x_wconf 87' lang='lat' dir='ltr'><strong>Et</strong></span> <span class='ocrx_word' id='word_1_323' title='bbox 608 2757 701 2811; x_wconf 89' lang='lat' dir='ltr'><strong>filii</strong></span> <span class='ocrx_word' id='word_1_324' title='bbox 751 2771 1026 2812; x_wconf 86' lang='lat' dir='ltr'><strong>servorum</strong></span> <span class='ocrx_word' id='word_1_325' title='bbox 1064 2755 1158 2809; x_wconf 89' lang='lat' dir='ltr'><strong>Dei</strong></span> <span class='ocrx_word' id='word_1_326' title='bbox 1202 2767 1327 2808; x_wconf 89' lang='lat' dir='ltr'><strong>cum</strong></span> <span class='ocrx_word' id='word_1_327' title='bbox 1372 2752 1488 2820; x_wconf 87' lang='lat' dir='ltr'><strong>ipso</strong></span> <span class='ocrx_word' id='word_1_328' title='bbox 1529 2751 1741 2806; x_wconf 49' lang='lat' dir='ltr'><strong>habita-</strong></span> 
     </span>
    </p>
   </div>
   <div class='ocr_carea' id='block_1_43' title="bbox 163 2842 1742 2917">
    <p class='ocr_par' dir='ltr' id='par_1_43' title="bbox 163 2842 1742 2917">
     <span class='ocr_line' id='line_1_43' title="bbox 163 2842 1742 2917; baseline -0.006 -11"><span class='ocrx_word' id='word_1_329' title='bbox 163 2852 393 2917; x_wconf 55' lang='lat' dir='ltr'><strong>bunt,“</strong></span> <span class='ocrx_word' id='word_1_330' title='bbox 415 2866 600 2908; x_wconf 80' lang='lat' dir='ltr'><strong>semen</strong></span> <span class='ocrx_word' id='word_1_331' title='bbox 625 2865 810 2906; x_wconf 84' lang='lat' dir='ltr'><strong>eorum</strong></span> <span class='ocrx_word' id='word_1_332' title='bbox 841 2850 896 2904; x_wconf 92' lang='lat' dir='ltr'><strong>in</strong></span> <span class='ocrx_word' id='word_1_333' title='bbox 927 2847 1180 2903; x_wconf 67' lang='lat' dir='ltr'><strong>saeculum</strong></span> <span class='ocrx_word' id='word_1_334' title='bbox 1207 2845 1485 2916; x_wconf 74' lang='lat' dir='ltr'><strong>dirigetur.</strong></span> <span class='ocrx_word' id='word_1_335' title='bbox 1514 2842 1742 2898; x_wconf 84' lang='lat' dir='ltr'><strong>intentio</strong></span> 
     </span>
    </p>
   </div>
   <div class='ocr_carea' id='block_1_44' title="bbox 163 2939 1742 3009">
    <p class='ocr_par' dir='ltr' id='par_1_44' title="bbox 163 2939 1742 3009">
     <span class='ocr_line' id='line_1_44' title="bbox 163 2939 1742 3009; baseline -0.004 -13"><span class='ocrx_word' id='word_1_336' title='bbox 163 2951 251 2998; x_wconf 87' lang='lat' dir='ltr'><strong>est</strong></span> <span class='ocrx_word' id='word_1_337' title='bbox 288 2956 384 2996; x_wconf 87' lang='lat' dir='ltr'><strong>nos</strong></span> <span class='ocrx_word' id='word_1_338' title='bbox 412 2942 639 2997; x_wconf 87' lang='lat' dir='ltr'><strong>invitare</strong></span> <span class='ocrx_word' id='word_1_339' title='bbox 667 2948 728 2996; x_wconf 91' lang='lat' dir='ltr'><strong>ut</strong></span> <span class='ocrx_word' id='word_1_340' title='bbox 764 2941 842 2996; x_wconf 84' lang='lat' dir='ltr'><strong>sic</strong></span> <span class='ocrx_word' id='word_1_341' title='bbox 876 2939 1266 3009; x_wconf 74' lang='lat' dir='ltr'><strong>pceniteamus,</strong></span> <span class='ocrx_word' id='word_1_342' title='bbox 1292 2945 1355 2992; x_wconf 91' lang='lat' dir='ltr'><strong>ut</strong></span> <span class='ocrx_word' id='word_1_343' title='bbox 1388 2944 1609 3006; x_wconf 88' lang='lat' dir='ltr'><strong>peccata</strong></span> <span class='ocrx_word' id='word_1_344' title='bbox 1647 2949 1742 2989; x_wconf 90' lang='lat' dir='ltr'><strong>no-</strong></span> 
     </span>
    </p>
   </div>
   <div class='ocr_carea' id='block_1_45' title="bbox 163 3032 883 3103">
    <p class='ocr_par' dir='ltr' id='par_1_45' title="bbox 163 3032 883 3103">
     <span class='ocr_line' id='line_1_45' title="bbox 163 3032 883 3103; baseline -0.006 -14"><span class='ocrx_word' id='word_1_345' title='bbox 163 3043 279 3089; x_wconf 86' lang='lat' dir='ltr'><strong>stra</strong></span> <span class='ocrx_word' id='word_1_346' title='bbox 309 3044 364 3090; x_wconf 89' lang='lat' dir='ltr'><strong>et</strong></span> <span class='ocrx_word' id='word_1_347' title='bbox 393 3033 497 3088; x_wconf 86' lang='lat' dir='ltr'><strong>alia</strong></span> <span class='ocrx_word' id='word_1_348' title='bbox 524 3032 883 3103; x_wconf 84' lang='lat' dir='ltr'><strong>deploremus.</strong></span> 
     </span>
    </p>
   </div>
   <div class='ocr_carea' id='block_1_46' title="bbox 237 3115 1741 3191">
    <p class='ocr_par' dir='ltr' id='par_1_46' title="bbox 237 3115 1741 3191">
     <span class='ocr_line' id='line_1_46' title="bbox 237 3115 1741 3191; baseline -0.005 -14"><span class='ocrx_word' id='word_1_349' title='bbox 237 3123 320 3178; x_wconf 83' lang='lat' dir='ltr'><strong>Ab</strong></span> <span class='ocrx_word' id='word_1_350' title='bbox 349 3123 590 3178; x_wconf 87' lang='lat' dir='ltr'><strong>oratione</strong></span> <span class='ocrx_word' id='word_1_351' title='bbox 627 3123 706 3178; x_wconf 88' lang='lat' dir='ltr'><strong>sic</strong></span> <span class='ocrx_word' id='word_1_352' title='bbox 755 3121 943 3191; x_wconf 81' lang='lat' dir='ltr'><strong>incipit</strong></span> <span class='ocrx_word' id='word_1_353' title='bbox 985 3137 999 3177; x_wconf 88' lang='lat'><strong>:</strong></span> <span class='ocrx_word' id='word_1_354' title='bbox 1047 3137 1065 3170; x_wconf 75' lang='grc' dir='ltr'>ι</span> <span class='ocrx_word' id='word_1_355' title='bbox 1096 3118 1342 3182; x_wconf 85' lang='lat' dir='ltr'><strong>Domine,</strong></span> <span class='ocrx_word' id='word_1_356' title='bbox 1387 3115 1582 3172; x_wconf 80' lang='lat' dir='ltr'><strong>exaudi</strong></span> <span class='ocrx_word' id='word_1_357' title='bbox 1621 3128 1741 3170; x_wconf 83' lang='lat' dir='ltr'><strong>ora-</strong></span> 
     </span>
    </p>
   </div>
   <div class='ocr_carea' id='block_1_47' title="bbox 165 3206 1741 3281">
    <p class='ocr_par' dir='ltr' id='par_1_47' title="bbox 165 3206 1741 3281">
     <span class='ocr_line' id='line_1_47' title="bbox 165 3206 1741 3281; baseline -0.006 -11"><span class='ocrx_word' id='word_1_358' title='bbox 165 3217 370 3272; x_wconf 87' lang='lat' dir='ltr'><strong>tionem</strong></span> <span class='ocrx_word' id='word_1_359' title='bbox 399 3230 596 3281; x_wconf 86' lang='lat' dir='ltr'><strong>meam,</strong></span> <span class='ocrx_word' id='word_1_360' title='bbox 617 3223 674 3270; x_wconf 87' lang='lat' dir='ltr'><strong>et</strong></span> <span class='ocrx_word' id='word_1_361' title='bbox 700 3213 902 3270; x_wconf 82' lang='lat' dir='ltr'><strong>clamor</strong></span> <span class='ocrx_word' id='word_1_362' title='bbox 929 3227 1099 3276; x_wconf 91' lang='lat' dir='ltr'><strong>meus,</strong></span> <span class='ocrx_word' id='word_1_363' title='bbox 1129 3229 1148 3262; x_wconf 82' lang='grc'><strong><em>›</em></strong></span> <span class='ocrx_word' id='word_1_364' title='bbox 1183 3210 1236 3264; x_wconf 91' lang='lat' dir='ltr'><strong>id</strong></span> <span class='ocrx_word' id='word_1_365' title='bbox 1275 3215 1380 3274; x_wconf 89' lang='lat' dir='ltr'><strong>est,</strong></span> <span class='ocrx_word' id='word_1_366' title='bbox 1411 3207 1635 3262; x_wconf 89' lang='lat' dir='ltr'><strong>interior</strong></span> <span class='ocrx_word' id='word_1_367' title='bbox 1658 3206 1741 3260; x_wconf 90' lang='lat' dir='ltr'><strong>in-</strong></span> 
     </span>
    </p>
   </div>
   <div class='ocr_carea' id='block_1_48' title="bbox 1842 2013 3414 2101">
    <p class='ocr_par' dir='ltr' id='par_1_48' title="bbox 1842 2013 3414 2101">
     <span class='ocr_line' id='line_1_48' title="bbox 1842 2013 3414 2101; baseline -0.002 -30"><span class='ocrx_word' id='word_1_368' title='bbox 1842 2018 1956 2088; x_wconf 85' lang='lat' dir='ltr'><strong>Ego</strong></span> <span class='ocrx_word' id='word_1_369' title='bbox 1983 2031 2268 2085; x_wconf 85' lang='lat' dir='ltr'><strong>percussus</strong></span> <span class='ocrx_word' id='word_1_370' title='bbox 2297 2029 2413 2071; x_wconf 89' lang='lat' dir='ltr'><strong>sum</strong></span> <span class='ocrx_word' id='word_1_371' title='bbox 2442 2030 2471 2068; x_wconf 88' lang='lat' dir='ltr'><strong>a</strong></span> <span class='ocrx_word' id='word_1_372' title='bbox 2498 2014 2730 2079; x_wconf 88' lang='lat' dir='ltr'><strong>diabolo,</strong></span> <span class='ocrx_word' id='word_1_373' title='bbox 2759 2013 2956 2068; x_wconf 87' lang='lat' dir='ltr'><strong>oblitus</strong></span> <span class='ocrx_word' id='word_1_374' title='bbox 2989 2028 3114 2101; x_wconf 37' lang='lat' dir='ltr'><strong>sum.</strong></span> <span class='ocrx_word' id='word_1_375' title='bbox 3130 2013 3414 2068; x_wconf 88' lang='lat' dir='ltr'><strong>comedere</strong></span> 
     </span>
    </p>
   </div>
   <div class='ocr_carea' id='block_1_49' title="bbox 1840 2103 3410 2176">
    <p class='ocr_par' dir='ltr' id='par_1_49' title="bbox 1840 2103 3410 2176">
     <span class='ocr_line' id='line_1_49' title="bbox 1840 2103 3410 2176; baseline -0.001 -16"><span class='ocrx_word' id='word_1_376' title='bbox 1840 2121 2031 2176; x_wconf 88' lang='lat' dir='ltr'><strong>panem</strong></span> <span class='ocrx_word' id='word_1_377' title='bbox 2077 2122 2277 2170; x_wconf 89' lang='lat' dir='ltr'><strong>meum,</strong></span> <span class='ocrx_word' id='word_1_378' title='bbox 2305 2115 2359 2161; x_wconf 92' lang='lat' dir='ltr'><strong>et</strong></span> <span class='ocrx_word' id='word_1_379' title='bbox 2387 2105 2505 2160; x_wconf 87' lang='lat' dir='ltr'><strong>ideo</strong></span> <span class='ocrx_word' id='word_1_380' title='bbox 2532 2113 2677 2160; x_wconf 90' lang='lat' dir='ltr'><strong>certe</strong></span> <span class='ocrx_word' id='word_1_381' title='bbox 2708 2105 2906 2175; x_wconf 88' lang='lat' dir='ltr'><strong>gemui,</strong></span> <span class='ocrx_word' id='word_1_382' title='bbox 2927 2113 2978 2158; x_wconf 90' lang='lat' dir='ltr'><strong>et</strong></span> <span class='ocrx_word' id='word_1_383' title='bbox 3020 2103 3236 2157; x_wconf 90' lang='lat' dir='ltr'><strong>interim</strong></span> <span class='ocrx_word' id='word_1_384' title='bbox 3267 2103 3410 2173; x_wconf 88' lang='lat' dir='ltr'><strong>quod</strong></span> 
     </span>
    </p>
   </div>
   <div class='ocr_carea' id='block_1_50' title="bbox 1841 2195 3413 2268">
    <p class='ocr_par' dir='ltr' id='par_1_50' title="bbox 1841 2195 3413 2268">
     <span class='ocr_line' id='line_1_50' title="bbox 1841 2195 3413 2268; baseline -0.002 -17"><span class='ocrx_word' id='word_1_385' title='bbox 1841 2198 2072 2268; x_wconf 80' lang='lat' dir='ltr'><strong>gemitus</strong></span> <span class='ocrx_word' id='word_1_386' title='bbox 2099 2199 2150 2250; x_wconf 90' lang='lat' dir='ltr'><strong>in</strong></span> <span class='ocrx_word' id='word_1_387' title='bbox 2175 2211 2360 2250; x_wconf 89' lang='lat' dir='ltr'><strong>vocem</strong></span> <span class='ocrx_word' id='word_1_388' title='bbox 2391 2197 2653 2266; x_wconf 90' lang='lat' dir='ltr'><strong>prorupit,</strong></span> <span class='ocrx_word' id='word_1_389' title='bbox 2677 2207 2735 2250; x_wconf 89' lang='lat' dir='ltr'><strong>et</strong></span> <span class='ocrx_word' id='word_1_390' title='bbox 2757 2196 2946 2251; x_wconf 87' lang='lat' dir='ltr'><strong>deinde</strong></span> <span class='ocrx_word' id='word_1_391' title='bbox 2973 2211 3166 2265; x_wconf 89' lang='lat' dir='ltr'><strong>corpus</strong></span> <span class='ocrx_word' id='word_1_392' title='bbox 3193 2195 3265 2249; x_wconf 90' lang='lat' dir='ltr'><strong>ita</strong></span> <span class='ocrx_word' id='word_1_393' title='bbox 3299 2210 3413 2249; x_wconf 89' lang='lat' dir='ltr'><strong>ma-</strong></span> 
     </span>
    </p>
   </div>
   <div class='ocr_carea' id='block_1_51' title="bbox 1809 2276 3410 2356">
    <p class='ocr_par' dir='ltr' id='par_1_51' title="bbox 1809 2276 3410 2356">
     <span class='ocr_line' id='line_1_51' title="bbox 1809 2276 3410 2356; baseline 0 -15"><span class='ocrx_word' id='word_1_394' title='bbox 1809 2303 1814 2306; x_wconf 89' lang='grc'><strong>·</strong></span> <span class='ocrx_word' id='word_1_395' title='bbox 1842 2287 2018 2342; x_wconf 91' lang='lat' dir='ltr'><strong>ceravi</strong></span> <span class='ocrx_word' id='word_1_396' title='bbox 2055 2276 2195 2356; x_wconf 84' lang='lat' dir='ltr'><strong>quod</strong></span> <span class='ocrx_word' id='word_1_397' title='bbox 2225 2301 2348 2340; x_wconf 87' lang='lat' dir='ltr'><strong>ossa</strong></span> <span class='ocrx_word' id='word_1_398' title='bbox 2379 2285 2478 2340; x_wconf 82' lang='lat' dir='ltr'><strong>feci</strong></span> <span class='ocrx_word' id='word_1_399' title='bbox 2513 2287 2788 2341; x_wconf 81' lang='lat' dir='ltr'><strong>adhaerere</strong></span> <span class='ocrx_word' id='word_1_400' title='bbox 2824 2286 2953 2340; x_wconf 89' lang='lat' dir='ltr'><strong>cuti.</strong></span> <span class='ocrx_word' id='word_1_401' title='bbox 3002 2285 3114 2340; x_wconf 82' lang='lat' dir='ltr'><strong>Hoc</strong></span> <span class='ocrx_word' id='word_1_402' title='bbox 3145 2286 3276 2340; x_wconf 88' lang='lat' dir='ltr'><strong>dicit</strong></span> <span class='ocrx_word' id='word_1_403' title='bbox 3326 2305 3345 2337; x_wconf 86' lang='grc'><em>‹</em></span> <span class='ocrx_word' id='word_1_404' title='bbox 3379 2302 3410 2341; x_wconf 90' lang='lat' dir='ltr'><strong>a</strong></span> 
     </span>
    </p>
   </div>
   <div class='ocr_carea' id='block_1_52' title="bbox 1841 2375 3408 2447">
    <p class='ocr_par' dir='ltr' id='par_1_52' title="bbox 1841 2375 3408 2447">
     <span class='ocr_line' id='line_1_52' title="bbox 1841 2375 3408 2447; baseline -0.001 -17"><span class='ocrx_word' id='word_1_405' title='bbox 1841 2392 1970 2432; x_wconf 88' lang='lat' dir='ltr'><strong>voce</strong></span> <span class='ocrx_word' id='word_1_406' title='bbox 1999 2377 2227 2447; x_wconf 88' lang='lat' dir='ltr'><strong>gemitus</strong></span> <span class='ocrx_word' id='word_1_407' title='bbox 2251 2375 2378 2440; x_wconf 91' lang='lat' dir='ltr'><strong>mei,</strong></span> <span class='ocrx_word' id='word_1_408' title='bbox 2401 2396 2420 2427; x_wconf 72' lang='grc' dir='ltr'><strong><em>ι</em></strong></span> <span class='ocrx_word' id='word_1_409' title='bbox 2453 2375 2505 2429; x_wconf 88' lang='lat' dir='ltr'><strong>id</strong></span> <span class='ocrx_word' id='word_1_410' title='bbox 2533 2384 2616 2430; x_wconf 87' lang='lat' dir='ltr'><strong>est</strong></span> <span class='ocrx_word' id='word_1_411' title='bbox 2665 2384 2882 2445; x_wconf 87' lang='lat' dir='ltr'><strong>propter</strong></span> <span class='ocrx_word' id='word_1_412' title='bbox 2901 2375 3122 2428; x_wconf 92' lang='lat' dir='ltr'><strong>nimium</strong></span> <span class='ocrx_word' id='word_1_413' title='bbox 3151 2376 3408 2444; x_wconf 81' lang='lat' dir='ltr'><strong>gemitum</strong></span> 
     </span>
    </p>
   </div>
   <div class='ocr_carea' id='block_1_53' title="bbox 1846 2465 3408 2531">
    <p class='ocr_par' dir='ltr' id='par_1_53' title="bbox 1846 2465 3408 2531">
     <span class='ocr_line' id='line_1_53' title="bbox 1846 2465 3408 2531; baseline 0.001 -13"><span class='ocrx_word' id='word_1_414' title='bbox 1846 2489 1864 2518; x_wconf 73' lang='grc' dir='ltr'><strong><em>ι</em></strong></span> <span class='ocrx_word' id='word_1_415' title='bbox 1892 2467 2117 2522; x_wconf 75' lang='lat' dir='ltr'><strong>adbzesit</strong></span> <span class='ocrx_word' id='word_1_416' title='bbox 2140 2482 2202 2520; x_wconf 88' lang='lat' dir='ltr'><strong>os</strong></span> <span class='ocrx_word' id='word_1_417' title='bbox 2235 2481 2410 2520; x_wconf 87' lang='lat' dir='ltr'><strong>meum</strong></span> <span class='ocrx_word' id='word_1_418' title='bbox 2443 2467 2592 2520; x_wconf 88' lang='lat' dir='ltr'><strong>carni</strong></span> <span class='ocrx_word' id='word_1_419' title='bbox 2624 2479 2776 2529; x_wconf 64' lang='lat' dir='ltr'><strong>meae,</strong></span> <span class='ocrx_word' id='word_1_420' title='bbox 2811 2485 2830 2517; x_wconf 71' lang='grc' dir='ltr'><strong><em>ι</em></strong></span> <span class='ocrx_word' id='word_1_421' title='bbox 2861 2465 2914 2518; x_wconf 92' lang='lat' dir='ltr'><strong>id</strong></span> <span class='ocrx_word' id='word_1_422' title='bbox 2955 2473 3069 2531; x_wconf 89' lang='lat' dir='ltr'><strong>est,</strong></span> <span class='ocrx_word' id='word_1_423' title='bbox 3103 2465 3212 2520; x_wconf 90' lang='lat' dir='ltr'><strong>cuti</strong></span> <span class='ocrx_word' id='word_1_424' title='bbox 3253 2479 3408 2531; x_wconf 67' lang='lat' dir='ltr'><strong>meae,</strong></span> 
     </span>
    </p>
   </div>
   <div class='ocr_carea' id='block_1_54' title="bbox 1841 2555 3408 2626">
    <p class='ocr_par' dir='ltr' id='par_1_54' title="bbox 1841 2555 3408 2626">
     <span class='ocr_line' id='line_1_54' title="bbox 1841 2555 3408 2626; baseline -0.001 -13"><span class='ocrx_word' id='word_1_425' title='bbox 1841 2559 1923 2614; x_wconf 89' lang='lat' dir='ltr'><strong>vel</strong></span> <span class='ocrx_word' id='word_1_426' title='bbox 1944 2558 2158 2612; x_wconf 86' lang='lat' dir='ltr'><strong>interim</strong></span> <span class='ocrx_word' id='word_1_427' title='bbox 2181 2558 2357 2626; x_wconf 85' lang='lat' dir='ltr'><strong>gemui</strong></span> <span class='ocrx_word' id='word_1_428' title='bbox 2387 2571 2485 2626; x_wconf 88' lang='lat' dir='ltr'><strong>pro</strong></span> <span class='ocrx_word' id='word_1_429' title='bbox 2506 2556 2740 2624; x_wconf 85' lang='lat' dir='ltr'><strong>peccatis</strong></span> <span class='ocrx_word' id='word_1_430' title='bbox 2765 2555 2898 2610; x_wconf 86' lang='lat' dir='ltr'><strong>meis</strong></span> <span class='ocrx_word' id='word_1_431' title='bbox 2943 2563 2998 2609; x_wconf 91' lang='lat' dir='ltr'><strong>et</strong></span> <span class='ocrx_word' id='word_1_432' title='bbox 3017 2557 3408 2625; x_wconf 78' lang='lat' dir='ltr'><strong>proximorum,</strong></span> 
     </span>
    </p>
   </div>
   <div class='ocr_carea' id='block_1_55' title="bbox 1840 2647 3411 2721">
    <p class='ocr_par' dir='ltr' id='par_1_55' title="bbox 1840 2647 3411 2721">
     <span class='ocr_line' id='line_1_55' title="bbox 1840 2647 3411 2721; baseline -0.001 -17"><span class='ocrx_word' id='word_1_433' title='bbox 1840 2652 1983 2721; x_wconf 87' lang='lat' dir='ltr'><strong>quod</strong></span> <span class='ocrx_word' id='word_1_434' title='bbox 2013 2665 2105 2713; x_wconf 89' lang='lat' dir='ltr'><strong>os,</strong></span> <span class='ocrx_word' id='word_1_435' title='bbox 2139 2650 2188 2703; x_wconf 91' lang='lat' dir='ltr'><strong>id</strong></span> <span class='ocrx_word' id='word_1_436' title='bbox 2217 2658 2322 2714; x_wconf 89' lang='lat' dir='ltr'><strong>est,</strong></span> <span class='ocrx_word' id='word_1_437' title='bbox 2356 2649 2547 2704; x_wconf 79' lang='lat' dir='ltr'><strong>fortior</strong></span> <span class='ocrx_word' id='word_1_438' title='bbox 2563 2663 2691 2718; x_wconf 88' lang='lat' dir='ltr'><strong>pars</strong></span> <span class='ocrx_word' id='word_1_439' title='bbox 2731 2647 2976 2717; x_wconf 85' lang='lat' dir='ltr'><strong>corporis</strong></span> <span class='ocrx_word' id='word_1_440' title='bbox 3017 2649 3158 2714; x_wconf 89' lang='lat' dir='ltr'><strong>mei,</strong></span> <span class='ocrx_word' id='word_1_441' title='bbox 3204 2649 3411 2703; x_wconf 88' lang='lat' dir='ltr'><strong>scilicet</strong></span> 
     </span>
    </p>
   </div>
   <div class='ocr_carea' id='block_1_56' title="bbox 1842 2739 3410 2805">
    <p class='ocr_par' dir='ltr' id='par_1_56' title="bbox 1842 2739 3410 2805">
     <span class='ocr_line' id='line_1_56' title="bbox 1842 2739 3410 2805; baseline -0.002 -10"><span class='ocrx_word' id='word_1_442' title='bbox 1842 2741 2112 2804; x_wconf 77' lang='lat' dir='ltr'><strong>Ecclesiae,</strong></span> <span class='ocrx_word' id='word_1_443' title='bbox 2151 2740 2392 2805; x_wconf 62' lang='lat' dir='ltr'><strong>adhaesit,</strong></span> <span class='ocrx_word' id='word_1_444' title='bbox 2428 2741 2480 2793; x_wconf 92' lang='lat' dir='ltr'><strong>id</strong></span> <span class='ocrx_word' id='word_1_445' title='bbox 2505 2748 2606 2803; x_wconf 88' lang='lat' dir='ltr'><strong>est,</strong></span> <span class='ocrx_word' id='word_1_446' title='bbox 2653 2739 3032 2794; x_wconf 85' lang='lat' dir='ltr'><strong>condescendit</strong></span> <span class='ocrx_word' id='word_1_447' title='bbox 3078 2739 3410 2793; x_wconf 89' lang='lat' dir='ltr'><strong>condolendo</strong></span> 
     </span>
    </p>
   </div>
   <div class='ocr_carea' id='block_1_57' title="bbox 1840 2830 3408 2896">
    <p class='ocr_par' dir='ltr' id='par_1_57' title="bbox 1840 2830 3408 2896">
     <span class='ocr_line' id='line_1_57' title="bbox 1840 2830 3408 2896; baseline -0.002 -9"><span class='ocrx_word' id='word_1_448' title='bbox 1840 2839 1895 2888; x_wconf 90' lang='lat' dir='ltr'><strong>et</strong></span> <span class='ocrx_word' id='word_1_449' title='bbox 1915 2833 2344 2887; x_wconf 89' lang='lat' dir='ltr'><strong>commiserando</strong></span> <span class='ocrx_word' id='word_1_450' title='bbox 2369 2832 2515 2885; x_wconf 89' lang='lat' dir='ltr'><strong>carni</strong></span> <span class='ocrx_word' id='word_1_451' title='bbox 2546 2845 2698 2896; x_wconf 82' lang='lat' dir='ltr'><strong>meae,</strong></span> <span class='ocrx_word' id='word_1_452' title='bbox 2741 2831 2794 2885; x_wconf 86' lang='lat' dir='ltr'><strong>id</strong></span> <span class='ocrx_word' id='word_1_453' title='bbox 2835 2838 2946 2896; x_wconf 88' lang='lat' dir='ltr'><strong>est,</strong></span> <span class='ocrx_word' id='word_1_454' title='bbox 2985 2830 3317 2886; x_wconf 85' lang='lat' dir='ltr'><strong>mollioribus</strong></span> <span class='ocrx_word' id='word_1_455' title='bbox 3353 2840 3408 2884; x_wconf 89' lang='lat' dir='ltr'><strong>et</strong></span> 
     </span>
    </p>
   </div>
   <div class='ocr_carea' id='block_1_58' title="bbox 1840 2921 3411 2991">
    <p class='ocr_par' dir='ltr' id='par_1_58' title="bbox 1840 2921 3411 2991">
     <span class='ocr_line' id='line_1_58' title="bbox 1840 2921 3411 2991; baseline -0.003 -13"><span class='ocrx_word' id='word_1_456' title='bbox 1840 2922 2070 2978; x_wconf 86' lang='lat' dir='ltr'><strong>infirmis</strong></span> <span class='ocrx_word' id='word_1_457' title='bbox 2103 2923 2169 2978; x_wconf 91' lang='lat' dir='ltr'><strong>de</strong></span> <span class='ocrx_word' id='word_1_458' title='bbox 2211 2921 2470 2987; x_wconf 84' lang='lat' dir='ltr'><strong>Ecclesia,</strong></span> <span class='ocrx_word' id='word_1_459' title='bbox 2497 2921 2636 2976; x_wconf 85' lang='lat' dir='ltr'><strong>sicut</strong></span> <span class='ocrx_word' id='word_1_460' title='bbox 2662 2921 2947 2991; x_wconf 79' lang='lat' dir='ltr'><strong>Apostolus</strong></span> <span class='ocrx_word' id='word_1_461' title='bbox 2975 2921 3103 2975; x_wconf 88' lang='lat' dir='ltr'><strong>dicit</strong></span> <span class='ocrx_word' id='word_1_462' title='bbox 3130 2921 3298 2988; x_wconf 82' lang='lat' dir='ltr'><strong>:Quis</strong></span> <span class='ocrx_word' id='word_1_463' title='bbox 3331 2923 3411 2975; x_wconf 89' lang='lat' dir='ltr'><strong>in-</strong></span> 
     </span>
    </p>
   </div>
   <div class='ocr_carea' id='block_1_59' title="bbox 1840 3011 3413 3082">
    <p class='ocr_par' dir='ltr' id='par_1_59' title="bbox 1840 3011 3413 3082">
     <span class='ocr_line' id='line_1_59' title="bbox 1840 3011 3413 3082; baseline -0.003 -14"><span class='ocrx_word' id='word_1_464' title='bbox 1840 3014 2116 3078; x_wconf 89' lang='lat' dir='ltr'><strong>firmatur,</strong></span> <span class='ocrx_word' id='word_1_465' title='bbox 2161 3022 2215 3067; x_wconf 91' lang='lat' dir='ltr'><strong>et</strong></span> <span class='ocrx_word' id='word_1_466' title='bbox 2251 3026 2350 3082; x_wconf 86' lang='lat' dir='ltr'><strong>ego</strong></span> <span class='ocrx_word' id='word_1_467' title='bbox 2389 3027 2495 3066; x_wconf 91' lang='lat' dir='ltr'><strong>non</strong></span> <span class='ocrx_word' id='word_1_468' title='bbox 2536 3012 2814 3066; x_wconf 84' lang='lat' dir='ltr'><strong>infirmor?</strong></span> <span class='ocrx_word' id='word_1_469' title='bbox 2842 3012 2910 3065; x_wconf 87' lang='lat' dir='ltr'><strong>Et</strong></span> <span class='ocrx_word' id='word_1_470' title='bbox 2953 3031 2970 3062; x_wconf 72' lang='grc' dir='ltr'><strong>ε</strong></span> <span class='ocrx_word' id='word_1_471' title='bbox 3000 3011 3192 3066; x_wconf 88' lang='lat' dir='ltr'><strong>similis</strong></span> <span class='ocrx_word' id='word_1_472' title='bbox 3237 3011 3413 3066; x_wconf 85' lang='lat' dir='ltr'><strong>factus</strong></span> 
     </span>
    </p>
   </div>
   <div class='ocr_carea' id='block_1_60' title="bbox 1840 3101 3409 3173">
    <p class='ocr_par' dir='ltr' id='par_1_60' title="bbox 1840 3101 3409 3173">
     <span class='ocr_line' id='line_1_60' title="bbox 1840 3101 3409 3173; baseline -0.002 -14"><span class='ocrx_word' id='word_1_473' title='bbox 1840 3119 1958 3159; x_wconf 89' lang='lat' dir='ltr'><strong>sum</strong></span> <span class='ocrx_word' id='word_1_474' title='bbox 2008 3103 2254 3172; x_wconf 88' lang='lat' dir='ltr'><strong>pelicano</strong></span> <span class='ocrx_word' id='word_1_475' title='bbox 2300 3101 2605 3158; x_wconf 89' lang='lat' dir='ltr'><strong>solitudinis</strong></span> <span class='ocrx_word' id='word_1_476' title='bbox 2637 3121 2655 3152; x_wconf 73' lang='grc' dir='ltr'><strong><em>ι</em></strong></span> <span class='ocrx_word' id='word_1_477' title='bbox 2690 3102 2814 3171; x_wconf 86' lang='lat' dir='ltr'><strong>quia</strong></span> <span class='ocrx_word' id='word_1_478' title='bbox 2841 3116 3010 3173; x_wconf 90' lang='lat' dir='ltr'><strong>genus</strong></span> <span class='ocrx_word' id='word_1_479' title='bbox 3053 3111 3137 3156; x_wconf 87' lang='lat' dir='ltr'><strong>est</strong></span> <span class='ocrx_word' id='word_1_480' title='bbox 3182 3102 3409 3171; x_wconf 86' lang='lat' dir='ltr'><strong>pelicani</strong></span> 
     </span>
    </p>
   </div>
   <div class='ocr_carea' id='block_1_61' title="bbox 1841 3193 3412 3269">
    <p class='ocr_par' dir='ltr' id='par_1_61' title="bbox 1841 3193 3412 3269">
     <span class='ocr_line' id='line_1_61' title="bbox 1841 3193 3412 3269; baseline -0.003 -17"><span class='ocrx_word' id='word_1_481' title='bbox 1841 3197 1982 3269; x_wconf 89' lang='lat' dir='ltr'><strong>quod</strong></span> <span class='ocrx_word' id='word_1_482' title='bbox 2018 3197 2224 3251; x_wconf 86' lang='lat' dir='ltr'><strong>habitat</strong></span> <span class='ocrx_word' id='word_1_483' title='bbox 2259 3197 2312 3250; x_wconf 91' lang='lat' dir='ltr'><strong>in</strong></span> <span class='ocrx_word' id='word_1_484' title='bbox 2360 3197 2588 3266; x_wconf 87' lang='lat' dir='ltr'><strong>stagnis,</strong></span> <span class='ocrx_word' id='word_1_485' title='bbox 2631 3195 2698 3249; x_wconf 89' lang='lat' dir='ltr'><strong>ad</strong></span> <span class='ocrx_word' id='word_1_486' title='bbox 2727 3193 2879 3262; x_wconf 78' lang='lat' dir='ltr'><strong>cuius</strong></span> <span class='ocrx_word' id='word_1_487' title='bbox 2925 3193 3278 3250; x_wconf 75' lang='lat' dir='ltr'><strong>differentiam</strong></span> <span class='ocrx_word' id='word_1_488' title='bbox 3324 3195 3412 3249; x_wconf 90' lang='lat' dir='ltr'><strong>hic</strong></span> 
     </span>
    </p>
   </div>
   <div class='ocr_carea' id='block_1_62' title="bbox 168 3287 3409 3372">
    <p class='ocr_par' dir='ltr' id='par_1_62' title="bbox 168 3287 3409 3372">
     <span class='ocr_line' id='line_1_62' title="bbox 168 3287 3409 3372; baseline -0.006 -13"><span class='ocrx_word' id='word_1_489' title='bbox 168 3306 357 3372; x_wconf 87' lang='lat' dir='ltr'><strong>tentio,</strong></span> <span class='ocrx_word' id='word_1_490' title='bbox 387 3305 498 3360; x_wconf 87' lang='lat' dir='ltr'><strong>sive</strong></span> <span class='ocrx_word' id='word_1_491' title='bbox 543 3320 664 3360; x_wconf 86' lang='lat' dir='ltr'><strong>cum</strong></span> <span class='ocrx_word' id='word_1_492' title='bbox 703 3320 834 3360; x_wconf 90' lang='lat' dir='ltr'><strong>voce</strong></span> <span class='ocrx_word' id='word_1_493' title='bbox 861 3303 955 3356; x_wconf 85' lang='lat' dir='ltr'><strong>fiat</strong></span> <span class='ocrx_word' id='word_1_494' title='bbox 977 3343 990 3367; x_wconf 95' lang='lat'><strong>,</strong></span> <span class='ocrx_word' id='word_1_495' title='bbox 1037 3303 1149 3356; x_wconf 87' lang='lat' dir='ltr'><strong>sive</strong></span> <span class='ocrx_word' id='word_1_496' title='bbox 1177 3315 1301 3362; x_wconf 88' lang='lat' dir='ltr'><strong>non,</strong></span> <span class='ocrx_word' id='word_1_497' title='bbox 1337 3318 1356 3350; x_wconf 73' lang='grc' dir='ltr'>ι</span> <span class='ocrx_word' id='word_1_498' title='bbox 1386 3299 1453 3351; x_wconf 91' lang='lat' dir='ltr'><strong>ad</strong></span> <span class='ocrx_word' id='word_1_499' title='bbox 1483 3307 1533 3353; x_wconf 90' lang='lat' dir='ltr'><strong>te</strong></span> <span class='ocrx_word' id='word_1_500' title='bbox 1555 3312 1742 3366; x_wconf 88' lang='lat' dir='ltr'><strong>perve-</strong></span> <span class='ocrx_word' id='word_1_501' title='bbox 1767 3287 1812 3348; x_wconf 91' lang='lat' dir='ltr'>C</span> <span class='ocrx_word' id='word_1_502' title='bbox 1843 3291 1973 3346; x_wconf 87' lang='lat' dir='ltr'><strong>dicit</strong></span> <span class='ocrx_word' id='word_1_503' title='bbox 2025 3309 2042 3341; x_wconf 72' lang='grc' dir='ltr'>ι</span> <span class='ocrx_word' id='word_1_504' title='bbox 2095 3289 2416 3345; x_wconf 85' lang='lat' dir='ltr'><strong>solitudinis.</strong></span> <span class='ocrx_word' id='word_1_505' title='bbox 2450 3308 2468 3340; x_wconf 75' lang='grc' dir='ltr'>ι</span> <span class='ocrx_word' id='word_1_506' title='bbox 2518 3287 2678 3342; x_wconf 86' lang='lat' dir='ltr'><strong>Istius</strong></span> <span class='ocrx_word' id='word_1_507' title='bbox 2712 3287 2831 3342; x_wconf 78' lang='lat' dir='ltr'><strong>talis</strong></span> <span class='ocrx_word' id='word_1_508' title='bbox 2875 3295 2960 3342; x_wconf 89' lang='lat' dir='ltr'><strong>est</strong></span> <span class='ocrx_word' id='word_1_509' title='bbox 3003 3296 3198 3372; x_wconf 75' lang='lat' dir='ltr'><strong>natura</strong></span> <span class='ocrx_word' id='word_1_510' title='bbox 3245 3289 3409 3355; x_wconf 90' lang='lat' dir='ltr'><strong>quod,</strong></span> 
     </span>
    </p>
   </div>
   <div class='ocr_carea' id='block_1_63' title="bbox 168 3387 1742 3462">
    <p class='ocr_par' dir='ltr' id='par_1_63' title="bbox 168 3387 1742 3462">
     <span class='ocr_line' id='line_1_63' title="bbox 168 3387 1742 3462; baseline -0.007 -10"><span class='ocrx_word' id='word_1_511' title='bbox 168 3399 307 3462; x_wconf 86' lang='lat' dir='ltr'><strong>niat,</strong></span> <span class='ocrx_word' id='word_1_512' title='bbox 338 3417 355 3448; x_wconf 77' lang='grc' dir='ltr'>ι</span> <span class='ocrx_word' id='word_1_513' title='bbox 385 3397 440 3454; x_wconf 77' lang='lat' dir='ltr'><strong>id</strong></span> <span class='ocrx_word' id='word_1_514' title='bbox 469 3403 554 3450; x_wconf 83' lang='lat' dir='ltr'><strong>est</strong></span> <span class='ocrx_word' id='word_1_515' title='bbox 579 3436 594 3460; x_wconf 94' lang='lat'><strong>,</strong></span> <span class='ocrx_word' id='word_1_516' title='bbox 627 3394 788 3450; x_wconf 83' lang='lat' dir='ltr'><strong>nullis</strong></span> <span class='ocrx_word' id='word_1_517' title='bbox 824 3391 1118 3448; x_wconf 80' lang='lat' dir='ltr'><strong>obstaculis</strong></span> <span class='ocrx_word' id='word_1_518' title='bbox 1167 3387 1488 3459; x_wconf 81' lang='lat' dir='ltr'><strong>impediatur</strong></span> <span class='ocrx_word' id='word_1_519' title='bbox 1514 3387 1645 3455; x_wconf 87' lang='lat' dir='ltr'><strong>quin</strong></span> <span class='ocrx_word' id='word_1_520' title='bbox 1671 3388 1742 3442; x_wconf 88' lang='lat' dir='ltr'><strong>ad</strong></span> 
     </span>
    </p>
   </div>
   <div class='ocr_carea' id='block_1_64' title="bbox 167 3481 1060 3556">
    <p class='ocr_par' dir='ltr' id='par_1_64' title="bbox 167 3481 1060 3556">
     <span class='ocr_line' id='line_1_64' title="bbox 167 3481 1060 3556; baseline -0.009 -14"><span class='ocrx_word' id='word_1_521' title='bbox 167 3497 316 3542; x_wconf 90' lang='lat' dir='ltr'><strong>tuam</strong></span> <span class='ocrx_word' id='word_1_522' title='bbox 346 3485 689 3556; x_wconf 58' lang='lat' dir='ltr'><strong>presentiam</strong></span> <span class='ocrx_word' id='word_1_523' title='bbox 714 3481 1060 3538; x_wconf 84' lang='lat' dir='ltr'><strong>conscendat.</strong></span> 
     </span>
    </p>
   </div>
   <div class='ocr_carea' id='block_1_65' title="bbox 243 3570 1741 3645">
    <p class='ocr_par' dir='ltr' id='par_1_65' title="bbox 243 3570 1741 3645">
     <span class='ocr_line' id='line_1_65' title="bbox 243 3570 1741 3645; baseline -0.005 -15"><span class='ocrx_word' id='word_1_524' title='bbox 243 3577 396 3640; x_wconf 88' lang='lat' dir='ltr'><strong>Dico,</strong></span> <span class='ocrx_word' id='word_1_525' title='bbox 441 3595 459 3627; x_wconf 84' lang='grc'><strong><em>‹</em></strong></span> <span class='ocrx_word' id='word_1_526' title='bbox 494 3577 697 3631; x_wconf 86' lang='lat' dir='ltr'><strong>clamor</strong></span> <span class='ocrx_word' id='word_1_527' title='bbox 741 3574 1042 3645; x_wconf 84' lang='lat' dir='ltr'><strong>perveniat,</strong></span> <span class='ocrx_word' id='word_1_528' title='bbox 1072 3591 1094 3625; x_wconf 72' lang='grc' dir='ltr'><strong>ι</strong></span> <span class='ocrx_word' id='word_1_529' title='bbox 1141 3580 1198 3628; x_wconf 89' lang='lat' dir='ltr'><strong>et</strong></span> <span class='ocrx_word' id='word_1_530' title='bbox 1244 3586 1367 3628; x_wconf 90' lang='lat' dir='ltr'><strong>cum</strong></span> <span class='ocrx_word' id='word_1_531' title='bbox 1417 3570 1741 3640; x_wconf 85' lang='lat' dir='ltr'><strong>pervenerit,</strong></span> 
     </span>
    </p>
   </div>
   <div class='ocr_carea' id='block_1_66' title="bbox 171 3661 1746 3728">
    <p class='ocr_par' dir='ltr' id='par_1_66' title="bbox 171 3661 1746 3728">
     <span class='ocr_line' id='line_1_66' title="bbox 171 3661 1746 3728; baseline -0.005 -7"><span class='ocrx_word' id='word_1_532' title='bbox 171 3682 280 3721; x_wconf 92' lang='lat' dir='ltr'><strong>non</strong></span> <span class='ocrx_word' id='word_1_533' title='bbox 312 3675 585 3721; x_wconf 90' lang='lat' dir='ltr'><strong>remaneat</strong></span> <span class='ocrx_word' id='word_1_534' title='bbox 618 3665 977 3720; x_wconf 79' lang='lat' dir='ltr'><strong>inexauditus.</strong></span> <span class='ocrx_word' id='word_1_535' title='bbox 1005 3661 1118 3717; x_wconf 83' lang='lat' dir='ltr'><strong>Hoc</strong></span> <span class='ocrx_word' id='word_1_536' title='bbox 1148 3662 1312 3728; x_wconf 85' lang='lat' dir='ltr'><strong>dicit,</strong></span> <span class='ocrx_word' id='word_1_537' title='bbox 1346 3680 1364 3711; x_wconf 76' lang='grc' dir='ltr'><strong><em>ι</em></strong></span> <span class='ocrx_word' id='word_1_538' title='bbox 1391 3675 1497 3714; x_wconf 91' lang='lat' dir='ltr'><strong>non</strong></span> <span class='ocrx_word' id='word_1_539' title='bbox 1532 3668 1746 3713; x_wconf 86' lang='lat' dir='ltr'><strong>avertas</strong></span> 
     </span>
    </p>
   </div>
   <div class='ocr_carea' id='block_1_67' title="bbox 170 3752 1747 3824">
    <p class='ocr_par' dir='ltr' id='par_1_67' title="bbox 170 3752 1747 3824">
     <span class='ocr_line' id='line_1_67' title="bbox 170 3752 1747 3824; baseline -0.003 -13"><span class='ocrx_word' id='word_1_540' title='bbox 170 3756 368 3811; x_wconf 88' lang='lat' dir='ltr'><strong>faciem</strong></span> <span class='ocrx_word' id='word_1_541' title='bbox 395 3766 562 3824; x_wconf 90' lang='lat' dir='ltr'><strong>tuam,</strong></span> <span class='ocrx_word' id='word_1_542' title='bbox 591 3777 610 3808; x_wconf 70' lang='grc' dir='ltr'><strong><em>ι</em></strong></span> <span class='ocrx_word' id='word_1_543' title='bbox 648 3755 700 3811; x_wconf 91' lang='lat' dir='ltr'><strong>id</strong></span> <span class='ocrx_word' id='word_1_544' title='bbox 736 3761 850 3824; x_wconf 91' lang='lat' dir='ltr'><strong>est,</strong></span> <span class='ocrx_word' id='word_1_545' title='bbox 889 3754 1229 3824; x_wconf 73' lang='lat' dir='ltr'><strong>przesentiam</strong></span> <span class='ocrx_word' id='word_1_546' title='bbox 1277 3763 1380 3810; x_wconf 63' lang='lat' dir='ltr'><strong>tuae</strong></span> <span class='ocrx_word' id='word_1_547' title='bbox 1426 3752 1747 3823; x_wconf 84' lang='lat' dir='ltr'><strong>cognitionis</strong></span> 
     </span>
    </p>
   </div>
   <div class='ocr_carea' id='block_1_68' title="bbox 174 3845 1746 3917">
    <p class='ocr_par' dir='ltr' id='par_1_68' title="bbox 174 3845 1746 3917">
     <span class='ocr_line' id='line_1_68' title="bbox 174 3845 1746 3917; baseline 0.002 -18"><span class='ocrx_word' id='word_1_548' title='bbox 174 3866 195 3899; x_wconf 80' lang='grc' dir='ltr'>ι</span> <span class='ocrx_word' id='word_1_549' title='bbox 223 3864 255 3902; x_wconf 91' lang='lat' dir='ltr'><strong>a</strong></span> <span class='ocrx_word' id='word_1_550' title='bbox 285 3864 390 3912; x_wconf 88' lang='lat' dir='ltr'><strong>me,</strong></span> <span class='ocrx_word' id='word_1_551' title='bbox 423 3868 441 3899; x_wconf 83' lang='grc'>›</span> <span class='ocrx_word' id='word_1_552' title='bbox 479 3847 568 3901; x_wconf 73' lang='lat' dir='ltr'><strong>sed</strong></span> <span class='ocrx_word' id='word_1_553' title='bbox 599 3861 773 3900; x_wconf 89' lang='lat' dir='ltr'><strong>meam</strong></span> <span class='ocrx_word' id='word_1_554' title='bbox 801 3845 1155 3901; x_wconf 86' lang='lat' dir='ltr'><strong>humilitatem</strong></span> <span class='ocrx_word' id='word_1_555' title='bbox 1186 3855 1240 3901; x_wconf 92' lang='lat' dir='ltr'><strong>et</strong></span> <span class='ocrx_word' id='word_1_556' title='bbox 1269 3847 1612 3917; x_wconf 84' lang='lat' dir='ltr'><strong>fragilitatem</strong></span> <span class='ocrx_word' id='word_1_557' title='bbox 1661 3864 1746 3902; x_wconf 86' lang='lat' dir='ltr'><strong>re-</strong></span> 
     </span>
    </p>
   </div>
   <div class='ocr_carea' id='block_1_69' title="bbox 169 3933 1738 4009">
    <p class='ocr_par' dir='ltr' id='par_1_69' title="bbox 169 3933 1738 4009">
     <span class='ocr_line' id='line_1_69' title="bbox 169 3933 1738 4009; baseline -0.004 -15"><span class='ocrx_word' id='word_1_558' title='bbox 169 3939 344 4009; x_wconf 86' lang='lat' dir='ltr'><strong>spice,</strong></span> <span class='ocrx_word' id='word_1_559' title='bbox 371 3947 425 3993; x_wconf 91' lang='lat' dir='ltr'><strong>et</strong></span> <span class='ocrx_word' id='word_1_560' title='bbox 458 3958 474 3988; x_wconf 76' lang='grc' dir='ltr'>ι</span> <span class='ocrx_word' id='word_1_561' title='bbox 510 3935 707 3994; x_wconf 88' lang='lat' dir='ltr'><strong>inclina</strong></span> <span class='ocrx_word' id='word_1_562' title='bbox 730 3933 797 3991; x_wconf 90' lang='lat' dir='ltr'><strong>ad</strong></span> <span class='ocrx_word' id='word_1_563' title='bbox 817 3953 902 3992; x_wconf 90' lang='lat' dir='ltr'><strong>me</strong></span> <span class='ocrx_word' id='word_1_564' title='bbox 927 3958 944 3989; x_wconf 73' lang='grc' dir='ltr'><strong><em>ι</em></strong></span> <span class='ocrx_word' id='word_1_565' title='bbox 978 3937 1250 3991; x_wconf 89' lang='lat' dir='ltr'><strong>infirmum</strong></span> <span class='ocrx_word' id='word_1_566' title='bbox 1283 3957 1301 3989; x_wconf 76' lang='grc' dir='ltr'>ι</span> <span class='ocrx_word' id='word_1_567' title='bbox 1325 3953 1508 3992; x_wconf 89' lang='lat' dir='ltr'><strong>aurem</strong></span> <span class='ocrx_word' id='word_1_568' title='bbox 1539 3946 1738 4002; x_wconf 67' lang='lat' dir='ltr'><strong>tuam,»</strong></span> 
     </span>
    </p>
   </div>
   <div class='ocr_carea' id='block_1_70' title="bbox 167 4027 1746 4099">
    <p class='ocr_par' dir='ltr' id='par_1_70' title="bbox 167 4027 1746 4099">
     <span class='ocr_line' id='line_1_70' title="bbox 167 4027 1746 4099; baseline -0.001 -16"><span class='ocrx_word' id='word_1_569' title='bbox 167 4029 224 4083; x_wconf 93' lang='lat' dir='ltr'><strong>id</strong></span> <span class='ocrx_word' id='word_1_570' title='bbox 253 4038 366 4093; x_wconf 90' lang='lat' dir='ltr'><strong>est,</strong></span> <span class='ocrx_word' id='word_1_571' title='bbox 399 4028 766 4083; x_wconf 81' lang='lat' dir='ltr'><strong>condcscende</strong></span> <span class='ocrx_word' id='word_1_572' title='bbox 792 4042 924 4084; x_wconf 70' lang='lat' dir='ltr'><strong>mem</strong></span> <span class='ocrx_word' id='word_1_573' title='bbox 959 4027 1258 4082; x_wconf 86' lang='lat' dir='ltr'><strong>infirmitati</strong></span> <span class='ocrx_word' id='word_1_574' title='bbox 1293 4046 1312 4077; x_wconf 83' lang='grc'><strong><em>‹</em></strong></span> <span class='ocrx_word' id='word_1_575' title='bbox 1344 4027 1396 4082; x_wconf 90' lang='lat' dir='ltr'><strong>in</strong></span> <span class='ocrx_word' id='word_1_576' title='bbox 1425 4043 1746 4099; x_wconf 88' lang='lat' dir='ltr'><strong>quacunque</strong></span> 
     </span>
    </p>
   </div>
   <div class='ocr_carea' id='block_1_71' title="bbox 165 4115 1743 4188">
    <p class='ocr_par' dir='ltr' id='par_1_71' title="bbox 165 4115 1743 4188">
     <span class='ocr_line' id='line_1_71' title="bbox 165 4115 1743 4188; baseline -0.001 -14"><span class='ocrx_word' id='word_1_577' title='bbox 165 4121 256 4174; x_wconf 89' lang='lat' dir='ltr'><strong>die</strong></span> <span class='ocrx_word' id='word_1_578' title='bbox 302 4119 548 4185; x_wconf 89' lang='lat' dir='ltr'><strong>tribulor,</strong></span> <span class='ocrx_word' id='word_1_579' title='bbox 582 4139 598 4171; x_wconf 73' lang='grc' dir='ltr'>ι</span> <span class='ocrx_word' id='word_1_580' title='bbox 641 4128 696 4174; x_wconf 91' lang='lat' dir='ltr'><strong>et</strong></span> <span class='ocrx_word' id='word_1_581' title='bbox 736 4119 825 4173; x_wconf 88' lang='lat' dir='ltr'><strong>hic</strong></span> <span class='ocrx_word' id='word_1_582' title='bbox 871 4128 1021 4173; x_wconf 80' lang='lat' dir='ltr'><strong>notat</strong></span> <span class='ocrx_word' id='word_1_583' title='bbox 1069 4134 1127 4173; x_wconf 91' lang='lat' dir='ltr'><strong>se</strong></span> <span class='ocrx_word' id='word_1_584' title='bbox 1171 4134 1309 4188; x_wconf 82' lang='lat' dir='ltr'><strong>saepe</strong></span> <span class='ocrx_word' id='word_1_585' title='bbox 1339 4120 1600 4173; x_wconf 90' lang='lat' dir='ltr'><strong>tribulari.</strong></span> <span class='ocrx_word' id='word_1_586' title='bbox 1642 4115 1743 4172; x_wconf 78' lang='lat' dir='ltr'><strong>Vix</strong></span> 
     </span>
    </p>
   </div>
   <div class='ocr_carea' id='block_1_72' title="bbox 166 4209 1745 4279">
    <p class='ocr_par' dir='ltr' id='par_1_72' title="bbox 166 4209 1745 4279">
     <span class='ocr_line' id='line_1_72' title="bbox 166 4209 1745 4279; baseline -0.001 -15"><span class='ocrx_word' id='word_1_587' title='bbox 166 4209 314 4264; x_wconf 88' lang='lat' dir='ltr'><strong>enim</strong></span> <span class='ocrx_word' id='word_1_588' title='bbox 344 4218 559 4263; x_wconf 86' lang='lat' dir='ltr'><strong>cessant</strong></span> <span class='ocrx_word' id='word_1_589' title='bbox 586 4209 732 4279; x_wconf 89' lang='lat' dir='ltr'><strong>justo</strong></span> <span class='ocrx_word' id='word_1_590' title='bbox 771 4209 1144 4265; x_wconf 87' lang='lat' dir='ltr'><strong>tribulationes</strong></span> <span class='ocrx_word' id='word_1_591' title='bbox 1188 4217 1243 4265; x_wconf 89' lang='lat' dir='ltr'><strong>et</strong></span> <span class='ocrx_word' id='word_1_592' title='bbox 1285 4209 1602 4265; x_wconf 90' lang='lat' dir='ltr'><strong>tentationes</strong></span> <span class='ocrx_word' id='word_1_593' title='bbox 1632 4210 1745 4263; x_wconf 89' lang='lat' dir='ltr'><strong>dia-</strong></span> 
     </span>
    </p>
   </div>
   <div class='ocr_carea' id='block_1_73' title="bbox 165 4297 1170 4354">
    <p class='ocr_par' dir='ltr' id='par_1_73' title="bbox 165 4297 1170 4354">
     <span class='ocr_line' id='line_1_73' title="bbox 165 4297 1170 4354; baseline -0.004 0"><span class='ocrx_word' id='word_1_594' title='bbox 165 4300 302 4354; x_wconf 85' lang='lat' dir='ltr'><strong>boli.</strong></span> <span class='ocrx_word' id='word_1_595' title='bbox 1167 4297 1170 4300; x_wconf 76' lang='grc'><strong>’</strong></span> 
     </span>
    </p>
   </div>
   <div class='ocr_carea' id='block_1_74' title="bbox 245 4389 1746 4460">
    <p class='ocr_par' dir='ltr' id='par_1_74' title="bbox 245 4389 1746 4460">
     <span class='ocr_line' id='line_1_74' title="bbox 245 4389 1746 4460; baseline 0.001 -16"><span class='ocrx_word' id='word_1_596' title='bbox 245 4390 408 4456; x_wconf 88' lang='lat' dir='ltr'><strong>Quasi</strong></span> <span class='ocrx_word' id='word_1_597' title='bbox 439 4391 643 4446; x_wconf 87' lang='lat' dir='ltr'><strong>diceret</strong></span> <span class='ocrx_word' id='word_1_598' title='bbox 672 4409 684 4444; x_wconf 89' lang='lat'>:</span> <span class='ocrx_word' id='word_1_599' title='bbox 721 4389 874 4460; x_wconf 68' lang='lat' dir='ltr'><strong>Srepe</strong></span> <span class='ocrx_word' id='word_1_600' title='bbox 905 4391 1153 4459; x_wconf 89' lang='lat' dir='ltr'><strong>tribulor,</strong></span> <span class='ocrx_word' id='word_1_601' title='bbox 1186 4403 1241 4446; x_wconf 91' lang='lat' dir='ltr'><strong>et</strong></span> <span class='ocrx_word' id='word_1_602' title='bbox 1288 4391 1344 4446; x_wconf 91' lang='lat' dir='ltr'><strong>in</strong></span> <span class='ocrx_word' id='word_1_603' title='bbox 1390 4391 1746 4448; x_wconf 88' lang='lat' dir='ltr'><strong>tribulationi-</strong></span> 
     </span>
    </p>
   </div>
   <div class='ocr_carea' id='block_1_75' title="bbox 167 4483 1743 4552">
    <p class='ocr_par' dir='ltr' id='par_1_75' title="bbox 167 4483 1743 4552">
     <span class='ocr_line' id='line_1_75' title="bbox 167 4483 1743 4552; baseline 0 -16"><span class='ocrx_word' id='word_1_604' title='bbox 167 4483 276 4536; x_wconf 88' lang='lat' dir='ltr'><strong>bus</strong></span> <span class='ocrx_word' id='word_1_605' title='bbox 320 4483 542 4544; x_wconf 88' lang='lat' dir='ltr'><strong>invoco,</strong></span> <span class='ocrx_word' id='word_1_606' title='bbox 590 4489 643 4536; x_wconf 92' lang='lat' dir='ltr'><strong>et</strong></span> <span class='ocrx_word' id='word_1_607' title='bbox 679 4500 696 4531; x_wconf 75' lang='grc' dir='ltr'>ι</span> <span class='ocrx_word' id='word_1_608' title='bbox 731 4483 784 4535; x_wconf 92' lang='lat' dir='ltr'><strong>in</strong></span> <span class='ocrx_word' id='word_1_609' title='bbox 829 4497 1148 4552; x_wconf 86' lang='lat' dir='ltr'><strong>quacunque</strong></span> <span class='ocrx_word' id='word_1_610' title='bbox 1189 4483 1277 4538; x_wconf 90' lang='lat' dir='ltr'><strong>die</strong></span> <span class='ocrx_word' id='word_1_611' title='bbox 1322 4483 1643 4536; x_wconf 84' lang='lat' dir='ltr'><strong>invocavero</strong></span> <span class='ocrx_word' id='word_1_612' title='bbox 1669 4489 1743 4548; x_wconf 88' lang='lat' dir='ltr'><strong>te,</strong></span> 
     </span>
    </p>
   </div>
   <div class='ocr_carea' id='block_1_76' title="bbox 168 4572 842 4626">
    <p class='ocr_par' dir='ltr' id='par_1_76' title="bbox 168 4572 842 4626">
     <span class='ocr_line' id='line_1_76' title="bbox 168 4572 842 4626; baseline 0.001 -3"><span class='ocrx_word' id='word_1_613' title='bbox 168 4572 434 4626; x_wconf 83' lang='lat' dir='ltr'><strong>velociter</strong></span> <span class='ocrx_word' id='word_1_614' title='bbox 457 4573 648 4626; x_wconf 78' lang='lat' dir='ltr'><strong>exaudi</strong></span> <span class='ocrx_word' id='word_1_615' title='bbox 686 4587 790 4626; x_wconf 90' lang='lat' dir='ltr'><strong>me.</strong></span> <span class='ocrx_word' id='word_1_616' title='bbox 824 4589 842 4624; x_wconf 71' lang='grc' dir='ltr'><strong><em>ι</em></strong></span> 
     </span>
    </p>
   </div>
   <div class='ocr_carea' id='block_1_77' title="bbox 1842 3365 3412 3450">
    <p class='ocr_par' dir='ltr' id='par_1_77' title="bbox 1842 3365 3412 3450">
     <span class='ocr_line' id='line_1_77' title="bbox 1842 3365 3412 3450; baseline -0.003 -17"><span class='ocrx_word' id='word_1_617' title='bbox 1842 3379 2052 3450; x_wconf 82' lang='lat' dir='ltr'><strong>fugiens</strong></span> <span class='ocrx_word' id='word_1_618' title='bbox 2081 3381 2304 3433; x_wconf 88' lang='lat' dir='ltr'><strong>aliarum</strong></span> <span class='ocrx_word' id='word_1_619' title='bbox 2331 3380 2508 3432; x_wconf 89' lang='lat' dir='ltr'><strong>avium</strong></span> <span class='ocrx_word' id='word_1_620' title='bbox 2543 3398 2559 3429; x_wconf 73' lang='grc' dir='ltr'>ι</span> <span class='ocrx_word' id='word_1_621' title='bbox 2588 3378 2920 3442; x_wconf 86' lang='lat' dir='ltr'><strong>societatem,</strong></span> <span class='ocrx_word' id='word_1_622' title='bbox 2956 3397 2973 3429; x_wconf 77' lang='grc' dir='ltr'>ι</span> <span class='ocrx_word' id='word_1_623' title='bbox 2995 3365 3286 3433; x_wconf 78' lang='lat' dir='ltr'><strong>solitariam</strong></span> <span class='ocrx_word' id='word_1_624' title='bbox 3310 3376 3412 3430; x_wconf 86' lang='lat' dir='ltr'><strong>sibi</strong></span> 
     </span>
    </p>
   </div>
   <div class='ocr_carea' id='block_1_78' title="bbox 1843 3466 3409 3542">
    <p class='ocr_par' dir='ltr' id='par_1_78' title="bbox 1843 3466 3409 3542">
     <span class='ocr_line' id='line_1_78' title="bbox 1843 3466 3409 3542; baseline -0.004 -16"><span class='ocrx_word' id='word_1_625' title='bbox 1843 3473 2003 3542; x_wconf 87' lang='lat' dir='ltr'><strong>eligat</strong></span> <span class='ocrx_word' id='word_1_626' title='bbox 2029 3473 2218 3536; x_wconf 85' lang='lat' dir='ltr'><strong>vitam,</strong></span> <span class='ocrx_word' id='word_1_627' title='bbox 2249 3479 2303 3525; x_wconf 90' lang='lat' dir='ltr'><strong>et</strong></span> <span class='ocrx_word' id='word_1_628' title='bbox 2331 3484 2543 3538; x_wconf 88' lang='lat' dir='ltr'><strong>semper</strong></span> <span class='ocrx_word' id='word_1_629' title='bbox 2568 3482 2750 3524; x_wconf 86' lang='lat' dir='ltr'><strong>macer</strong></span> <span class='ocrx_word' id='word_1_630' title='bbox 2776 3469 2991 3523; x_wconf 80' lang='lat' dir='ltr'><strong>existat.</strong></span> <span class='ocrx_word' id='word_1_631' title='bbox 3030 3466 3165 3522; x_wconf 77' lang='lat' dir='ltr'><strong>Huic</strong></span> <span class='ocrx_word' id='word_1_632' title='bbox 3189 3481 3409 3535; x_wconf 85' lang='lat' dir='ltr'><strong>compa-</strong></span> 
     </span>
    </p>
   </div>
   <div class='ocr_carea' id='block_1_79' title="bbox 1845 3555 3411 3628">
    <p class='ocr_par' dir='ltr' id='par_1_79' title="bbox 1845 3555 3411 3628">
     <span class='ocr_line' id='line_1_79' title="bbox 1845 3555 3411 3628; baseline -0.003 -15"><span class='ocrx_word' id='word_1_633' title='bbox 1845 3568 1929 3613; x_wconf 88' lang='lat' dir='ltr'><strong>rat</strong></span> <span class='ocrx_word' id='word_1_634' title='bbox 1979 3575 2036 3614; x_wconf 91' lang='lat' dir='ltr'><strong>se</strong></span> <span class='ocrx_word' id='word_1_635' title='bbox 2088 3560 2384 3628; x_wconf 62' lang='lat' dir='ltr'><strong>paenitens,</strong></span> <span class='ocrx_word' id='word_1_636' title='bbox 2427 3559 2519 3626; x_wconf 91' lang='lat' dir='ltr'><strong>qui</strong></span> <span class='ocrx_word' id='word_1_637' title='bbox 2571 3557 2805 3626; x_wconf 87' lang='lat' dir='ltr'><strong>loquitur</strong></span> <span class='ocrx_word' id='word_1_638' title='bbox 2832 3555 3122 3612; x_wconf 83' lang='lat' dir='ltr'><strong>secundum</strong></span> <span class='ocrx_word' id='word_1_639' title='bbox 3168 3555 3411 3624; x_wconf 68' lang='lat' dir='ltr'><strong>quaedam</strong></span> 
     </span>
    </p>
   </div>
   <div class='ocr_carea' id='block_1_80' title="bbox 1846 3647 3412 3717">
    <p class='ocr_par' dir='ltr' id='par_1_80' title="bbox 1846 3647 3412 3717">
     <span class='ocr_line' id='line_1_80' title="bbox 1846 3647 3412 3717; baseline -0.003 -14"><span class='ocrx_word' id='word_1_640' title='bbox 1846 3650 2083 3704; x_wconf 89' lang='lat' dir='ltr'><strong>membra</strong></span> <span class='ocrx_word' id='word_1_641' title='bbox 2117 3665 2241 3711; x_wconf 86' lang='lat' dir='ltr'><strong>sua,</strong></span> <span class='ocrx_word' id='word_1_642' title='bbox 2285 3648 2490 3702; x_wconf 90' lang='lat' dir='ltr'><strong>scilicet</strong></span> <span class='ocrx_word' id='word_1_643' title='bbox 2535 3648 2788 3702; x_wconf 89' lang='lat' dir='ltr'><strong>eremitas</strong></span> <span class='ocrx_word' id='word_1_644' title='bbox 2811 3687 2826 3712; x_wconf 95' lang='lat'><strong>,</strong></span> <span class='ocrx_word' id='word_1_645' title='bbox 2859 3647 2949 3717; x_wconf 89' lang='lat' dir='ltr'><strong>qui</strong></span> <span class='ocrx_word' id='word_1_646' title='bbox 2987 3655 3041 3700; x_wconf 93' lang='lat' dir='ltr'><strong>et</strong></span> <span class='ocrx_word' id='word_1_647' title='bbox 3073 3647 3412 3700; x_wconf 88' lang='lat' dir='ltr'><strong>solitudinem</strong></span> 
     </span>
    </p>
   </div>
   <div class='ocr_carea' id='block_1_81' title="bbox 1845 3735 3416 3810">
    <p class='ocr_par' dir='ltr' id='par_1_81' title="bbox 1845 3735 3416 3810">
     <span class='ocr_line' id='line_1_81' title="bbox 1845 3735 3416 3810; baseline -0.003 -16"><span class='ocrx_word' id='word_1_648' title='bbox 1845 3741 2078 3810; x_wconf 90' lang='lat' dir='ltr'><strong>eligunt,</strong></span> <span class='ocrx_word' id='word_1_649' title='bbox 2124 3747 2179 3794; x_wconf 92' lang='lat' dir='ltr'><strong>et</strong></span> <span class='ocrx_word' id='word_1_650' title='bbox 2221 3738 2294 3793; x_wconf 87' lang='lat' dir='ltr'><strong>ibi</strong></span> <span class='ocrx_word' id='word_1_651' title='bbox 2339 3737 2503 3792; x_wconf 90' lang='lat' dir='ltr'><strong>multa</strong></span> <span class='ocrx_word' id='word_1_652' title='bbox 2551 3752 2609 3792; x_wconf 89' lang='lat' dir='ltr'><strong>se</strong></span> <span class='ocrx_word' id='word_1_653' title='bbox 2656 3737 2828 3792; x_wconf 84' lang='lat' dir='ltr'><strong>macie</strong></span> <span class='ocrx_word' id='word_1_654' title='bbox 2869 3735 3125 3806; x_wconf 72' lang='lat' dir='ltr'><strong>afﬂigunt.</strong></span> <span class='ocrx_word' id='word_1_655' title='bbox 3168 3754 3188 3786; x_wconf 73' lang='grc' dir='ltr'>ι</span> <span class='ocrx_word' id='word_1_656' title='bbox 3218 3735 3416 3790; x_wconf 87' lang='lat' dir='ltr'><strong>Factus</strong></span> 
     </span>
    </p>
   </div>
   <div class='ocr_carea' id='block_1_82' title="bbox 1845 3825 3410 3896">
    <p class='ocr_par' dir='ltr' id='par_1_82' title="bbox 1845 3825 3410 3896">
     <span class='ocr_line' id='line_1_82' title="bbox 1845 3825 3410 3896; baseline -0.006 -11"><span class='ocrx_word' id='word_1_657' title='bbox 1845 3845 1984 3894; x_wconf 90' lang='lat' dir='ltr'><strong>sum,</strong></span> <span class='ocrx_word' id='word_1_658' title='bbox 2017 3850 2038 3881; x_wconf 72' lang='grc' dir='ltr'>ι</span> <span class='ocrx_word' id='word_1_659' title='bbox 2070 3828 2362 3884; x_wconf 88' lang='lat' dir='ltr'><strong>secundum</strong></span> <span class='ocrx_word' id='word_1_660' title='bbox 2391 3826 2495 3880; x_wconf 83' lang='lat' dir='ltr'><strong>alia</strong></span> <span class='ocrx_word' id='word_1_661' title='bbox 2534 3827 2794 3890; x_wconf 77' lang='lat' dir='ltr'><strong>membra,</strong></span> <span class='ocrx_word' id='word_1_662' title='bbox 2827 3845 2847 3876; x_wconf 71' lang='grc' dir='ltr'>ι</span> <span class='ocrx_word' id='word_1_663' title='bbox 2869 3826 3007 3880; x_wconf 87' lang='lat' dir='ltr'><strong>sicut</strong></span> <span class='ocrx_word' id='word_1_664' title='bbox 3055 3825 3365 3896; x_wconf 77' lang='lat' dir='ltr'><strong>nycticorax</strong></span> <span class='ocrx_word' id='word_1_665' title='bbox 3391 3845 3410 3875; x_wconf 70' lang='grc' dir='ltr'><strong><em>ι</em></strong></span> 
     </span>
    </p>
   </div>
   <div class='ocr_carea' id='block_1_83' title="bbox 1845 3915 3416 3989">
    <p class='ocr_par' dir='ltr' id='par_1_83' title="bbox 1845 3915 3416 3989">
     <span class='ocr_line' id='line_1_83' title="bbox 1845 3915 3416 3989; baseline -0.003 -15"><span class='ocrx_word' id='word_1_666' title='bbox 1845 3935 1964 3989; x_wconf 67' lang='lat' dir='ltr'><strong>quae</strong></span> <span class='ocrx_word' id='word_1_667' title='bbox 1990 3918 2199 3973; x_wconf 83' lang='lat' dir='ltr'><strong>habitat</strong></span> <span class='ocrx_word' id='word_1_668' title='bbox 2227 3937 2244 3968; x_wconf 73' lang='grc' dir='ltr'>ι</span> <span class='ocrx_word' id='word_1_669' title='bbox 2272 3917 2325 3970; x_wconf 88' lang='lat' dir='ltr'><strong>in</strong></span> <span class='ocrx_word' id='word_1_670' title='bbox 2349 3915 2640 3980; x_wconf 85' lang='lat' dir='ltr'><strong>domicilio,</strong></span> <span class='ocrx_word' id='word_1_671' title='bbox 2676 3935 2694 3965; x_wconf 71' lang='grc' dir='ltr'><strong><em>ι</em></strong></span> <span class='ocrx_word' id='word_1_672' title='bbox 2719 3915 2925 3971; x_wconf 84' lang='lat' dir='ltr'><strong>scilicet</strong></span> <span class='ocrx_word' id='word_1_673' title='bbox 2958 3928 3058 3972; x_wconf 79' lang='lat' dir='ltr'><strong>nec</strong></span> <span class='ocrx_word' id='word_1_674' title='bbox 3079 3929 3301 3984; x_wconf 83' lang='lat' dir='ltr'><strong>prorsus</strong></span> <span class='ocrx_word' id='word_1_675' title='bbox 3329 3929 3416 3970; x_wconf 89' lang='lat' dir='ltr'><strong>re-</strong></span> 
     </span>
    </p>
   </div>
   <div class='ocr_carea' id='block_1_84' title="bbox 1846 3995 3416 4081">
    <p class='ocr_par' dir='ltr' id='par_1_84' title="bbox 1846 3995 3416 4081">
     <span class='ocr_line' id='line_1_84' title="bbox 1846 3995 3416 4081; baseline -0.001 -16"><span class='ocrx_word' id='word_1_676' title='bbox 1846 4019 1990 4065; x_wconf 86' lang='lat' dir='ltr'><strong>mota</strong></span> <span class='ocrx_word' id='word_1_677' title='bbox 2016 4018 2117 4066; x_wconf 89' lang='lat' dir='ltr'><strong>est.</strong></span> <span class='ocrx_word' id='word_1_678' title='bbox 2148 4010 2467 4081; x_wconf 85' lang='lat' dir='ltr'><strong>Nycticorax</strong></span> <span class='ocrx_word' id='word_1_679' title='bbox 2503 3995 2742 4080; x_wconf 59' lang='lat' dir='ltr'><strong>quaedam</strong></span> <span class='ocrx_word' id='word_1_680' title='bbox 2781 4011 2896 4065; x_wconf 83' lang='lat' dir='ltr'><strong>avis</strong></span> <span class='ocrx_word' id='word_1_681' title='bbox 2927 4019 3010 4066; x_wconf 88' lang='lat' dir='ltr'><strong>est</strong></span> <span class='ocrx_word' id='word_1_682' title='bbox 3029 4049 3044 4076; x_wconf 95' lang='lat'><strong>,</strong></span> <span class='ocrx_word' id='word_1_683' title='bbox 3078 4009 3132 4063; x_wconf 92' lang='lat' dir='ltr'><strong>id</strong></span> <span class='ocrx_word' id='word_1_684' title='bbox 3154 4017 3259 4074; x_wconf 90' lang='lat' dir='ltr'><strong>est,</strong></span> <span class='ocrx_word' id='word_1_685' title='bbox 3295 4024 3416 4064; x_wconf 89' lang='lat' dir='ltr'><strong>cor-</strong></span> 
     </span>
    </p>
   </div>
   <div class='ocr_carea' id='block_1_85' title="bbox 1846 4099 3413 4169">
    <p class='ocr_par' dir='ltr' id='par_1_85' title="bbox 1846 4099 3413 4169">
     <span class='ocr_line' id='line_1_85' title="bbox 1846 4099 3413 4169; baseline -0.002 -13"><span class='ocrx_word' id='word_1_686' title='bbox 1846 4116 1944 4156; x_wconf 86' lang='lat' dir='ltr'><strong>vus</strong></span> <span class='ocrx_word' id='word_1_687' title='bbox 1972 4101 2304 4164; x_wconf 76' lang='lat' dir='ltr'><strong>nocticorax,</strong></span> <span class='ocrx_word' id='word_1_688' title='bbox 2345 4110 2401 4154; x_wconf 90' lang='lat' dir='ltr'><strong>ut</strong></span> <span class='ocrx_word' id='word_1_689' title='bbox 2435 4102 2523 4155; x_wconf 90' lang='lat' dir='ltr'><strong>alii</strong></span> <span class='ocrx_word' id='word_1_690' title='bbox 2569 4101 2772 4166; x_wconf 89' lang='lat' dir='ltr'><strong>dicunt,</strong></span> <span class='ocrx_word' id='word_1_691' title='bbox 2807 4109 3025 4165; x_wconf 82' lang='lat' dir='ltr'><strong>noctua,</strong></span> <span class='ocrx_word' id='word_1_692' title='bbox 3057 4115 3176 4169; x_wconf 65' lang='lat' dir='ltr'><strong>quae</strong></span> <span class='ocrx_word' id='word_1_693' title='bbox 3197 4099 3312 4153; x_wconf 88' lang='lat' dir='ltr'><strong>avis</strong></span> <span class='ocrx_word' id='word_1_694' title='bbox 3337 4099 3413 4153; x_wconf 76' lang='lat' dir='ltr'><strong>si-</strong></span> 
     </span>
    </p>
   </div>
   <div class='ocr_carea' id='block_1_86' title="bbox 1846 4189 3412 4261">
    <p class='ocr_par' dir='ltr' id='par_1_86' title="bbox 1846 4189 3412 4261">
     <span class='ocr_line' id='line_1_86' title="bbox 1846 4189 3412 4261; baseline -0.001 -16"><span class='ocrx_word' id='word_1_695' title='bbox 1846 4191 1898 4245; x_wconf 90' lang='lat' dir='ltr'><strong>bi</strong></span> <span class='ocrx_word' id='word_1_696' title='bbox 1937 4205 2117 4245; x_wconf 90' lang='lat' dir='ltr'><strong>escam</strong></span> <span class='ocrx_word' id='word_1_697' title='bbox 2162 4191 2216 4244; x_wconf 90' lang='lat' dir='ltr'><strong>in</strong></span> <span class='ocrx_word' id='word_1_698' title='bbox 2242 4200 2400 4246; x_wconf 88' lang='lat' dir='ltr'><strong>nocte</strong></span> <span class='ocrx_word' id='word_1_699' title='bbox 2437 4192 2688 4261; x_wconf 86' lang='lat' dir='ltr'><strong>acquirit,</strong></span> <span class='ocrx_word' id='word_1_700' title='bbox 2718 4200 2773 4245; x_wconf 91' lang='lat' dir='ltr'><strong>et</strong></span> <span class='ocrx_word' id='word_1_701' title='bbox 2806 4200 2889 4246; x_wconf 86' lang='lat' dir='ltr'><strong>est</strong></span> <span class='ocrx_word' id='word_1_702' title='bbox 2917 4190 3071 4244; x_wconf 86' lang='lat' dir='ltr'><strong>valde</strong></span> <span class='ocrx_word' id='word_1_703' title='bbox 3099 4190 3284 4244; x_wconf 85' lang='lat' dir='ltr'><strong>odiosa</strong></span> <span class='ocrx_word' id='word_1_704' title='bbox 3311 4189 3412 4243; x_wconf 88' lang='lat' dir='ltr'><strong>ho-</strong></span> 
     </span>
    </p>
   </div>
   <div class='ocr_carea' id='block_1_87' title="bbox 1847 4278 3413 4349">
    <p class='ocr_par' dir='ltr' id='par_1_87' title="bbox 1847 4278 3413 4349">
     <span class='ocr_line' id='line_1_87' title="bbox 1847 4278 3413 4349; baseline -0.002 -14"><span class='ocrx_word' id='word_1_705' title='bbox 1847 4281 2101 4345; x_wconf 88' lang='lat' dir='ltr'><strong>minibus,</strong></span> <span class='ocrx_word' id='word_1_706' title='bbox 2134 4282 2259 4349; x_wconf 89' lang='lat' dir='ltr'><strong>quia</strong></span> <span class='ocrx_word' id='word_1_707' title='bbox 2286 4282 2409 4334; x_wconf 91' lang='lat' dir='ltr'><strong>dum</strong></span> <span class='ocrx_word' id='word_1_708' title='bbox 2437 4291 2638 4345; x_wconf 88' lang='lat' dir='ltr'><strong>cantat,</strong></span> <span class='ocrx_word' id='word_1_709' title='bbox 2661 4289 2890 4336; x_wconf 88' lang='lat' dir='ltr'><strong>mortem</strong></span> <span class='ocrx_word' id='word_1_710' title='bbox 2926 4280 3120 4335; x_wconf 84' lang='lat' dir='ltr'><strong>minari</strong></span> <span class='ocrx_word' id='word_1_711' title='bbox 3160 4278 3413 4349; x_wconf 89' lang='lat' dir='ltr'><strong>intelligi--</strong></span> 
     </span>
    </p>
   </div>
   <div class='ocr_carea' id='block_1_88' title="bbox 1847 4371 3416 4443">
    <p class='ocr_par' dir='ltr' id='par_1_88' title="bbox 1847 4371 3416 4443">
     <span class='ocr_line' id='line_1_88' title="bbox 1847 4371 3416 4443; baseline -0.001 -17"><span class='ocrx_word' id='word_1_712' title='bbox 1847 4382 1964 4439; x_wconf 89' lang='lat' dir='ltr'><strong>tur;</strong></span> <span class='ocrx_word' id='word_1_713' title='bbox 1995 4388 2096 4428; x_wconf 89' lang='lat' dir='ltr'><strong>nec</strong></span> <span class='ocrx_word' id='word_1_714' title='bbox 2129 4388 2350 4443; x_wconf 85' lang='lat' dir='ltr'><strong>prorsus</strong></span> <span class='ocrx_word' id='word_1_715' title='bbox 2391 4382 2598 4428; x_wconf 86' lang='lat' dir='ltr'><strong>remota</strong></span> <span class='ocrx_word' id='word_1_716' title='bbox 2626 4381 2708 4427; x_wconf 90' lang='lat' dir='ltr'><strong>est</strong></span> <span class='ocrx_word' id='word_1_717' title='bbox 2751 4388 2782 4426; x_wconf 90' lang='lat' dir='ltr'><strong>a</strong></span> <span class='ocrx_word' id='word_1_718' title='bbox 2815 4372 3220 4427; x_wconf 86' lang='lat' dir='ltr'><strong>conversatione</strong></span> <span class='ocrx_word' id='word_1_719' title='bbox 3245 4371 3416 4425; x_wconf 87' lang='lat' dir='ltr'><strong>homi-</strong></span> 
     </span>
    </p>
   </div>
   <div class='ocr_carea' id='block_1_89' title="bbox 1847 4463 3413 4531">
    <p class='ocr_par' dir='ltr' id='par_1_89' title="bbox 1847 4463 3413 4531">
     <span class='ocr_line' id='line_1_89' title="bbox 1847 4463 3413 4531; baseline -0.002 -13"><span class='ocrx_word' id='word_1_720' title='bbox 1847 4479 1995 4528; x_wconf 88' lang='lat' dir='ltr'><strong>num,</strong></span> <span class='ocrx_word' id='word_1_721' title='bbox 2027 4479 2127 4519; x_wconf 89' lang='lat' dir='ltr'><strong>nec</strong></span> <span class='ocrx_word' id='word_1_722' title='bbox 2153 4478 2224 4519; x_wconf 79' lang='lat' dir='ltr'><strong>ex</strong></span> <span class='ocrx_word' id='word_1_723' title='bbox 2259 4473 2371 4518; x_wconf 91' lang='lat' dir='ltr'><strong>toto</strong></span> <span class='ocrx_word' id='word_1_724' title='bbox 2400 4479 2521 4517; x_wconf 88' lang='lat' dir='ltr'><strong>cum</strong></span> <span class='ocrx_word' id='word_1_725' title='bbox 2550 4464 2628 4519; x_wconf 91' lang='lat' dir='ltr'><strong>eis</strong></span> <span class='ocrx_word' id='word_1_726' title='bbox 2657 4465 2882 4520; x_wconf 84' lang='lat' dir='ltr'><strong>habitat.</strong></span> <span class='ocrx_word' id='word_1_727' title='bbox 2911 4463 3046 4519; x_wconf 81' lang='lat' dir='ltr'><strong>Huic</strong></span> <span class='ocrx_word' id='word_1_728' title='bbox 3076 4463 3413 4531; x_wconf 82' lang='lat' dir='ltr'><strong>comparabi-</strong></span> 
     </span>
    </p>
   </div>
   <div class='ocr_carea' id='block_1_90' title="bbox 1849 4555 3414 4628">
    <p class='ocr_par' dir='ltr' id='par_1_90' title="bbox 1849 4555 3414 4628">
     <span class='ocr_line' id='line_1_90' title="bbox 1849 4555 3414 4628; baseline -0.003 -18"><span class='ocrx_word' id='word_1_729' title='bbox 1849 4565 1936 4610; x_wconf 89' lang='lat' dir='ltr'><strong>tur</strong></span> <span class='ocrx_word' id='word_1_730' title='bbox 1960 4557 2064 4612; x_wconf 87' lang='lat' dir='ltr'><strong>iste</strong></span> <span class='ocrx_word' id='word_1_731' title='bbox 2099 4557 2366 4628; x_wconf 84' lang='lat' dir='ltr'><strong>generalis</strong></span> <span class='ocrx_word' id='word_1_732' title='bbox 2399 4570 2620 4626; x_wconf 89' lang='lat' dir='ltr'><strong>pauper,</strong></span> <span class='ocrx_word' id='word_1_733' title='bbox 2663 4557 2754 4626; x_wconf 91' lang='lat' dir='ltr'><strong>qui</strong></span> <span class='ocrx_word' id='word_1_734' title='bbox 2784 4556 3019 4624; x_wconf 88' lang='lat' dir='ltr'><strong>loquitur</strong></span> <span class='ocrx_word' id='word_1_735' title='bbox 3041 4555 3108 4610; x_wconf 90' lang='lat' dir='ltr'><strong>de</strong></span> <span class='ocrx_word' id='word_1_736' title='bbox 3133 4569 3192 4610; x_wconf 78' lang='lat' dir='ltr'><strong>se</strong></span> <span class='ocrx_word' id='word_1_737' title='bbox 3222 4569 3414 4611; x_wconf 82' lang='lat' dir='ltr'><strong>secun-</strong></span> 
     </span>
    </p>
   </div>
   <div class='ocr_carea' id='block_1_91' title="bbox 245 4634 3414 4731">
    <p class='ocr_par' dir='ltr' id='par_1_91' title="bbox 245 4634 3414 4731">
     <span class='ocr_line' id='line_1_91' title="bbox 245 4634 3414 4731; baseline -0.001 -32"><span class='ocrx_word' id='word_1_738' title='bbox 245 4662 314 4715; x_wconf 74' lang='grc' dir='ltr'><strong>Ει</strong></span> <span class='ocrx_word' id='word_1_739' title='bbox 339 4677 472 4731; x_wconf 71' lang='lat' dir='ltr'><strong>opus</strong></span> <span class='ocrx_word' id='word_1_740' title='bbox 499 4671 583 4716; x_wconf 66' lang='grc' dir='ltr'><strong>εει</strong></span> <span class='ocrx_word' id='word_1_741' title='bbox 608 4669 665 4715; x_wconf 74' lang='grc' dir='ltr'><strong>ιη</strong></span> <span class='ocrx_word' id='word_1_742' title='bbox 691 4660 966 4726; x_wconf 51' lang='lat' dir='ltr'><strong>“audias,</strong></span> <span class='ocrx_word' id='word_1_743' title='bbox 997 4660 1123 4731; x_wconf 70' lang='lat' dir='ltr'><strong>quia</strong></span> <span class='ocrx_word' id='word_1_744' title='bbox 1157 4678 1177 4713; x_wconf 62' lang='grc' dir='ltr'><strong>ε</strong></span> <span class='ocrx_word' id='word_1_745' title='bbox 1206 4661 1322 4716; x_wconf 66' lang='lat' dir='ltr'><strong>dies</strong></span> <span class='ocrx_word' id='word_1_746' title='bbox 1343 4680 1362 4712; x_wconf 82' lang='lat'><strong>,</strong></span> <span class='ocrx_word' id='word_1_747' title='bbox 1393 4659 1640 4715; x_wconf 52' lang='lat' dir='ltr'><strong>humanm</strong></span> <span class='ocrx_word' id='word_1_748' title='bbox 1666 4661 1746 4716; x_wconf 60' lang='lat' dir='ltr'><strong>vi-</strong></span> <span class='ocrx_word' id='word_1_749' title='bbox 1773 4634 1828 4695; x_wconf 85' lang='lat' dir='ltr'><strong>D</strong></span> <span class='ocrx_word' id='word_1_750' title='bbox 1850 4647 1975 4700; x_wconf 90' lang='lat' dir='ltr'><strong>dum</strong></span> <span class='ocrx_word' id='word_1_751' title='bbox 2016 4647 2256 4701; x_wconf 91' lang='lat' dir='ltr'><strong>membra</strong></span> <span class='ocrx_word' id='word_1_752' title='bbox 2302 4645 2390 4699; x_wconf 88' lang='lat' dir='ltr'><strong>illa</strong></span> <span class='ocrx_word' id='word_1_753' title='bbox 2425 4660 2543 4713; x_wconf 60' lang='lat' dir='ltr'><strong>quae</strong></span> <span class='ocrx_word' id='word_1_754' title='bbox 2580 4659 2679 4699; x_wconf 89' lang='lat' dir='ltr'><strong>nec</strong></span> <span class='ocrx_word' id='word_1_755' title='bbox 2721 4659 2786 4698; x_wconf 82' lang='lat' dir='ltr'><strong>ex</strong></span> <span class='ocrx_word' id='word_1_756' title='bbox 2816 4653 2926 4699; x_wconf 90' lang='lat' dir='ltr'><strong>toto</strong></span> <span class='ocrx_word' id='word_1_757' title='bbox 2950 4644 3414 4700; x_wconf 78' lang='lat' dir='ltr'><strong>conversationem</strong></span> 
     </span>
    </p>
   </div>
   <div class='ocr_carea' id='block_1_92' title="bbox 172 4750 1740 4820">
    <p class='ocr_par' dir='ltr' id='par_1_92' title="bbox 172 4750 1740 4820">
     <span class='ocr_line' id='line_1_92' title="bbox 172 4750 1740 4820; baseline -0.001 -13"><span class='ocrx_word' id='word_1_758' title='bbox 172 4763 244 4807; x_wconf 69' lang='lat' dir='ltr'><strong>tae</strong></span> <span class='ocrx_word' id='word_1_759' title='bbox 275 4771 294 4803; x_wconf 79' lang='grc' dir='ltr'>ι</span> <span class='ocrx_word' id='word_1_760' title='bbox 321 4752 426 4806; x_wconf 87' lang='lat' dir='ltr'><strong>mei</strong></span> <span class='ocrx_word' id='word_1_761' title='bbox 457 4772 474 4803; x_wconf 73' lang='grc' dir='ltr'><strong><em>ι</em></strong></span> <span class='ocrx_word' id='word_1_762' title='bbox 509 4752 614 4806; x_wconf 91' lang='lat' dir='ltr'><strong>acti</strong></span> <span class='ocrx_word' id='word_1_763' title='bbox 644 4752 696 4805; x_wconf 92' lang='lat' dir='ltr'><strong>in</strong></span> <span class='ocrx_word' id='word_1_764' title='bbox 724 4752 962 4820; x_wconf 90' lang='lat' dir='ltr'><strong>peccatis</strong></span> <span class='ocrx_word' id='word_1_765' title='bbox 986 4759 1041 4806; x_wconf 91' lang='lat' dir='ltr'><strong>et</strong></span> <span class='ocrx_word' id='word_1_766' title='bbox 1066 4750 1313 4813; x_wconf 89' lang='lat' dir='ltr'><strong>miseria,</strong></span> <span class='ocrx_word' id='word_1_767' title='bbox 1343 4751 1434 4820; x_wconf 89' lang='lat' dir='ltr'><strong>qui</strong></span> <span class='ocrx_word' id='word_1_768' title='bbox 1461 4759 1586 4806; x_wconf 88' lang='lat' dir='ltr'><strong>sunt</strong></span> <span class='ocrx_word' id='word_1_769' title='bbox 1618 4769 1636 4801; x_wconf 72' lang='grc' dir='ltr'>ι</span> <span class='ocrx_word' id='word_1_770' title='bbox 1667 4753 1740 4805; x_wconf 88' lang='lat' dir='ltr'><strong>si-</strong></span> 
     </span>
    </p>
   </div>
   <div class='ocr_carea' id='block_1_93' title="bbox 169 4845 1747 4916">
    <p class='ocr_par' dir='ltr' id='par_1_93' title="bbox 169 4845 1747 4916">
     <span class='ocr_line' id='line_1_93' title="bbox 169 4845 1747 4916; baseline 0.001 -16"><span class='ocrx_word' id='word_1_771' title='bbox 169 4854 269 4900; x_wconf 89' lang='lat' dir='ltr'><strong>cut</strong></span> <span class='ocrx_word' id='word_1_772' title='bbox 313 4845 522 4911; x_wconf 86' lang='lat' dir='ltr'><strong>fumus;</strong></span> <span class='ocrx_word' id='word_1_773' title='bbox 556 4864 574 4898; x_wconf 71' lang='grc' dir='ltr'><strong><em>ι</em></strong></span> <span class='ocrx_word' id='word_1_774' title='bbox 607 4846 746 4900; x_wconf 89' lang='lat' dir='ltr'><strong>sicut</strong></span> <span class='ocrx_word' id='word_1_775' title='bbox 789 4846 934 4900; x_wconf 81' lang='lat' dir='ltr'><strong>enim</strong></span> <span class='ocrx_word' id='word_1_776' title='bbox 981 4845 1160 4900; x_wconf 88' lang='lat' dir='ltr'><strong>fumus</strong></span> <span class='ocrx_word' id='word_1_777' title='bbox 1187 4861 1255 4900; x_wconf 81' lang='lat' dir='ltr'><strong>ex</strong></span> <span class='ocrx_word' id='word_1_778' title='bbox 1290 4846 1430 4916; x_wconf 90' lang='lat' dir='ltr'><strong>igne,</strong></span> <span class='ocrx_word' id='word_1_779' title='bbox 1459 4855 1514 4901; x_wconf 94' lang='lat' dir='ltr'><strong>et</strong></span> <span class='ocrx_word' id='word_1_780' title='bbox 1547 4856 1747 4916; x_wconf 87' lang='lat' dir='ltr'><strong>quanto</strong></span> 
     </span>
    </p>
   </div>
   <div class='ocr_carea' id='block_1_94' title="bbox 171 4936 1747 5007">
    <p class='ocr_par' dir='ltr' id='par_1_94' title="bbox 171 4936 1747 5007">
     <span class='ocr_line' id='line_1_94' title="bbox 171 4936 1747 5007; baseline -0.001 -15"><span class='ocrx_word' id='word_1_781' title='bbox 171 4936 349 5007; x_wconf 88' lang='lat' dir='ltr'><strong>magis</strong></span> <span class='ocrx_word' id='word_1_782' title='bbox 397 4937 678 5001; x_wconf 86' lang='lat' dir='ltr'><strong>accendit,</strong></span> <span class='ocrx_word' id='word_1_783' title='bbox 725 4943 877 4992; x_wconf 87' lang='lat' dir='ltr'><strong>tanto</strong></span> <span class='ocrx_word' id='word_1_784' title='bbox 927 4936 1097 5006; x_wconf 87' lang='lat' dir='ltr'><strong>magis</strong></span> <span class='ocrx_word' id='word_1_785' title='bbox 1145 4937 1446 5001; x_wconf 86' lang='lat' dir='ltr'><strong>evanescit,</strong></span> <span class='ocrx_word' id='word_1_786' title='bbox 1498 4937 1569 4990; x_wconf 89' lang='lat' dir='ltr'><strong>ita</strong></span> <span class='ocrx_word' id='word_1_787' title='bbox 1621 4938 1747 4991; x_wconf 90' lang='lat' dir='ltr'><strong>mali</strong></span> 
     </span>
    </p>
   </div>
   <div class='ocr_carea' id='block_1_95' title="bbox 172 5027 1745 5098">
    <p class='ocr_par' dir='ltr' id='par_1_95' title="bbox 172 5027 1745 5098">
     <span class='ocr_line' id='line_1_95' title="bbox 172 5027 1745 5098; baseline 0.001 -16"><span class='ocrx_word' id='word_1_788' title='bbox 172 5037 334 5083; x_wconf 82' lang='lat' dir='ltr'><strong>actos</strong></span> <span class='ocrx_word' id='word_1_789' title='bbox 379 5027 627 5084; x_wconf 70' lang='lat' dir='ltr'><strong>humanae</strong></span> <span class='ocrx_word' id='word_1_790' title='bbox 667 5029 792 5083; x_wconf 76' lang='lat' dir='ltr'><strong>vitae</strong></span> <span class='ocrx_word' id='word_1_791' title='bbox 836 5043 900 5082; x_wconf 85' lang='lat' dir='ltr'><strong>ex</strong></span> <span class='ocrx_word' id='word_1_792' title='bbox 950 5030 1143 5083; x_wconf 88' lang='lat' dir='ltr'><strong>ardore</strong></span> <span class='ocrx_word' id='word_1_793' title='bbox 1191 5030 1745 5098; x_wconf 89' lang='lat' dir='ltr'><strong>concupiscentiarum</strong></span> 
     </span>
    </p>
   </div>
   <div class='ocr_carea' id='block_1_96' title="bbox 170 5119 1748 5191">
    <p class='ocr_par' dir='ltr' id='par_1_96' title="bbox 170 5119 1748 5191">
     <span class='ocr_line' id='line_1_96' title="bbox 170 5119 1748 5191; baseline 0.001 -18"><span class='ocrx_word' id='word_1_794' title='bbox 170 5120 495 5191; x_wconf 88' lang='lat' dir='ltr'><strong>procedunt,</strong></span> <span class='ocrx_word' id='word_1_795' title='bbox 540 5128 596 5173; x_wconf 90' lang='lat' dir='ltr'><strong>et</strong></span> <span class='ocrx_word' id='word_1_796' title='bbox 638 5119 823 5174; x_wconf 84' lang='lat' dir='ltr'><strong>oculos</strong></span> <span class='ocrx_word' id='word_1_797' title='bbox 873 5119 1051 5174; x_wconf 88' lang='lat' dir='ltr'><strong>cordis</strong></span> <span class='ocrx_word' id='word_1_798' title='bbox 1096 5127 1399 5184; x_wconf 62' lang='lat' dir='ltr'><strong>excwcant;</strong></span> <span class='ocrx_word' id='word_1_799' title='bbox 1450 5129 1502 5174; x_wconf 90' lang='lat' dir='ltr'><strong>et</strong></span> <span class='ocrx_word' id='word_1_800' title='bbox 1548 5128 1748 5189; x_wconf 88' lang='lat' dir='ltr'><strong>quanto</strong></span> 
     </span>
    </p>
   </div>
   <div class='ocr_carea' id='block_1_97' title="bbox 175 5209 1746 5280">
    <p class='ocr_par' dir='ltr' id='par_1_97' title="bbox 175 5209 1746 5280">
     <span class='ocr_line' id='line_1_97' title="bbox 175 5209 1746 5280; baseline -0.001 -16"><span class='ocrx_word' id='word_1_801' title='bbox 175 5209 354 5279; x_wconf 87' lang='lat' dir='ltr'><strong>magis</strong></span> <span class='ocrx_word' id='word_1_802' title='bbox 379 5209 694 5273; x_wconf 90' lang='lat' dir='ltr'><strong>ascendunt,</strong></span> <span class='ocrx_word' id='word_1_803' title='bbox 725 5216 875 5263; x_wconf 88' lang='lat' dir='ltr'><strong>tanto</strong></span> <span class='ocrx_word' id='word_1_804' title='bbox 903 5209 1074 5279; x_wconf 90' lang='lat' dir='ltr'><strong>magis</strong></span> <span class='ocrx_word' id='word_1_805' title='bbox 1104 5224 1136 5262; x_wconf 91' lang='lat' dir='ltr'><strong>a</strong></span> <span class='ocrx_word' id='word_1_806' title='bbox 1162 5210 1421 5280; x_wconf 88' lang='lat' dir='ltr'><strong>dignitate</strong></span> <span class='ocrx_word' id='word_1_807' title='bbox 1449 5211 1560 5264; x_wconf 86' lang='lat' dir='ltr'><strong>veri</strong></span> <span class='ocrx_word' id='word_1_808' title='bbox 1589 5209 1746 5264; x_wconf 87' lang='lat' dir='ltr'><strong>lumi-</strong></span> 
     </span>
    </p>
   </div>
   <div class='ocr_carea' id='block_1_98' title="bbox 175 5300 1751 5370">
    <p class='ocr_par' dir='ltr' id='par_1_98' title="bbox 175 5300 1751 5370">
     <span class='ocr_line' id='line_1_98' title="bbox 175 5300 1751 5370; baseline -0.001 -14"><span class='ocrx_word' id='word_1_809' title='bbox 175 5302 266 5356; x_wconf 87' lang='lat' dir='ltr'><strong>nis</strong></span> <span class='ocrx_word' id='word_1_810' title='bbox 310 5300 580 5355; x_wconf 86' lang='lat' dir='ltr'><strong>deficiunt.</strong></span> <span class='ocrx_word' id='word_1_811' title='bbox 610 5300 758 5366; x_wconf 89' lang='lat' dir='ltr'><strong>Dies,</strong></span> <span class='ocrx_word' id='word_1_812' title='bbox 802 5301 924 5354; x_wconf 91' lang='lat' dir='ltr'><strong>dico</strong></span> <span class='ocrx_word' id='word_1_813' title='bbox 953 5342 969 5366; x_wconf 91' lang='lat'><strong>,</strong></span> <span class='ocrx_word' id='word_1_814' title='bbox 1011 5319 1028 5351; x_wconf 76' lang='grc' dir='ltr'>ι</span> <span class='ocrx_word' id='word_1_815' title='bbox 1060 5301 1372 5354; x_wconf 83' lang='lat' dir='ltr'><strong>defecerunt</strong></span> <span class='ocrx_word' id='word_1_816' title='bbox 1399 5320 1417 5352; x_wconf 79' lang='grc' dir='ltr'><strong><em>ι</em></strong></span> <span class='ocrx_word' id='word_1_817' title='bbox 1453 5301 1578 5370; x_wconf 87' lang='lat' dir='ltr'><strong>quia</strong></span> <span class='ocrx_word' id='word_1_818' title='bbox 1617 5300 1751 5354; x_wconf 90' lang='lat' dir='ltr'><strong>nihil</strong></span> 
     </span>
    </p>
   </div>
   <div class='ocr_carea' id='block_1_99' title="bbox 178 5389 1749 5460">
    <p class='ocr_par' dir='ltr' id='par_1_99' title="bbox 178 5389 1749 5460">
     <span class='ocr_line' id='line_1_99' title="bbox 178 5389 1749 5460; baseline -0.001 -14"><span class='ocrx_word' id='word_1_819' title='bbox 178 5407 325 5446; x_wconf 79' lang='lat' dir='ltr'><strong>vera:</strong></span> <span class='ocrx_word' id='word_1_820' title='bbox 352 5391 600 5446; x_wconf 88' lang='lat' dir='ltr'><strong>utilitatis</strong></span> <span class='ocrx_word' id='word_1_821' title='bbox 644 5390 973 5457; x_wconf 88' lang='lat' dir='ltr'><strong>attulerunt,</strong></span> <span class='ocrx_word' id='word_1_822' title='bbox 1013 5409 1034 5441; x_wconf 83' lang='grc'><em>‹</em></span> <span class='ocrx_word' id='word_1_823' title='bbox 1061 5400 1116 5444; x_wconf 88' lang='lat' dir='ltr'><strong>et</strong></span> <span class='ocrx_word' id='word_1_824' title='bbox 1146 5409 1166 5442; x_wconf 75' lang='grc' dir='ltr'><strong><em>ι</em></strong></span> <span class='ocrx_word' id='word_1_825' title='bbox 1209 5392 1336 5445; x_wconf 90' lang='lat' dir='ltr'><strong>item</strong></span> <span class='ocrx_word' id='word_1_826' title='bbox 1383 5398 1604 5460; x_wconf 85' lang='lat' dir='ltr'><strong>propter</strong></span> <span class='ocrx_word' id='word_1_827' title='bbox 1647 5389 1749 5444; x_wconf 87' lang='lat' dir='ltr'><strong>hoc</strong></span> 
     </span>
    </p>
   </div>
   <div class='ocr_carea' id='block_1_100' title="bbox 175 5481 1742 5554">
    <p class='ocr_par' dir='ltr' id='par_1_100' title="bbox 175 5481 1742 5554">
     <span class='ocr_line' id='line_1_100' title="bbox 175 5481 1742 5554; baseline -0.004 -14"><span class='ocrx_word' id='word_1_828' title='bbox 175 5497 318 5554; x_wconf 85' lang='lat' dir='ltr'><strong>opus</strong></span> <span class='ocrx_word' id='word_1_829' title='bbox 338 5494 421 5538; x_wconf 86' lang='lat' dir='ltr'><strong>est</strong></span> <span class='ocrx_word' id='word_1_830' title='bbox 443 5481 783 5538; x_wconf 76' lang='lat' dir='ltr'><strong>exauditione</strong></span> <span class='ocrx_word' id='word_1_831' title='bbox 813 5491 922 5546; x_wconf 87' lang='lat' dir='ltr'><strong>tua,</strong></span> <span class='ocrx_word' id='word_1_832' title='bbox 951 5483 1074 5552; x_wconf 90' lang='lat' dir='ltr'><strong>quia</strong></span> <span class='ocrx_word' id='word_1_833' title='bbox 1105 5500 1124 5532; x_wconf 80' lang='grc' dir='ltr'>ι</span> <span class='ocrx_word' id='word_1_834' title='bbox 1147 5495 1266 5538; x_wconf 85' lang='lat' dir='ltr'><strong>ossa</strong></span> <span class='ocrx_word' id='word_1_835' title='bbox 1295 5495 1414 5538; x_wconf 86' lang='lat' dir='ltr'><strong>mea</strong></span> <span class='ocrx_word' id='word_1_836' title='bbox 1437 5492 1742 5546; x_wconf 69' lang='lat' dir='ltr'><strong>aruerunt,»</strong></span> 
     </span>
    </p>
   </div>
   <div class='ocr_carea' id='block_1_101' title="bbox 176 5571 1749 5641">
    <p class='ocr_par' dir='ltr' id='par_1_101' title="bbox 176 5571 1749 5641">
     <span class='ocr_line' id='line_1_101' title="bbox 176 5571 1749 5641; baseline -0.003 -11"><span class='ocrx_word' id='word_1_837' title='bbox 176 5573 378 5630; x_wconf 66' lang='lat' dir='ltr'><strong>animai</strong></span> <span class='ocrx_word' id='word_1_838' title='bbox 403 5573 606 5630; x_wconf 87' lang='lat' dir='ltr'><strong>scilicet</strong></span> <span class='ocrx_word' id='word_1_839' title='bbox 636 5573 847 5636; x_wconf 86' lang='lat' dir='ltr'><strong>robora,</strong></span> <span class='ocrx_word' id='word_1_840' title='bbox 877 5571 930 5626; x_wconf 88' lang='lat' dir='ltr'><strong>id</strong></span> <span class='ocrx_word' id='word_1_841' title='bbox 960 5581 1062 5635; x_wconf 89' lang='lat' dir='ltr'><strong>est,</strong></span> <span class='ocrx_word' id='word_1_842' title='bbox 1092 5572 1205 5641; x_wconf 90' lang='lat' dir='ltr'><strong>ipsa</strong></span> <span class='ocrx_word' id='word_1_843' title='bbox 1233 5573 1370 5627; x_wconf 88' lang='lat' dir='ltr'><strong>ratio</strong></span> <span class='ocrx_word' id='word_1_844' title='bbox 1394 5572 1553 5636; x_wconf 88' lang='lat' dir='ltr'><strong>aruit,</strong></span> <span class='ocrx_word' id='word_1_845' title='bbox 1574 5572 1749 5636; x_wconf 89' lang='lat' dir='ltr'><strong>idest,</strong></span> 
     </span>
    </p>
   </div>
   <div class='ocr_carea' id='block_1_102' title="bbox 177 5664 1748 5746">
    <p class='ocr_par' dir='ltr' id='par_1_102' title="bbox 177 5664 1748 5746">
     <span class='ocr_line' id='line_1_102' title="bbox 177 5664 1748 5746; baseline -0.003 -22"><span class='ocrx_word' id='word_1_846' title='bbox 177 5667 528 5724; x_wconf 73' lang='lat' dir='ltr'><strong>wnsentiens</strong></span> <span class='ocrx_word' id='word_1_847' title='bbox 569 5665 826 5746; x_wconf 73' lang='lat' dir='ltr'><strong>voluptati</strong></span> <span class='ocrx_word' id='word_1_848' title='bbox 869 5665 1078 5728; x_wconf 87' lang='lat' dir='ltr'><strong>carnis,</strong></span> <span class='ocrx_word' id='word_1_849' title='bbox 1111 5664 1288 5720; x_wconf 89' lang='lat' dir='ltr'><strong>deficit</strong></span> <span class='ocrx_word' id='word_1_850' title='bbox 1332 5682 1362 5719; x_wconf 90' lang='lat' dir='ltr'><strong>a</strong></span> <span class='ocrx_word' id='word_1_851' title='bbox 1413 5665 1606 5720; x_wconf 88' lang='lat' dir='ltr'><strong>robore</strong></span> <span class='ocrx_word' id='word_1_852' title='bbox 1629 5680 1748 5729; x_wconf 87' lang='lat' dir='ltr'><strong>suo,</strong></span> 
     </span>
    </p>
   </div>
   <div class='ocr_carea' id='block_1_103' title="bbox 177 5755 1745 5832">
    <p class='ocr_par' dir='ltr' id='par_1_103' title="bbox 177 5755 1745 5832">
     <span class='ocr_line' id='line_1_103' title="bbox 177 5755 1745 5832; baseline -0.006 -16"><span class='ocrx_word' id='word_1_853' title='bbox 177 5759 392 5816; x_wconf 79' lang='lat' dir='ltr'><strong>scilicet</strong></span> <span class='ocrx_word' id='word_1_854' title='bbox 437 5773 468 5812; x_wconf 88' lang='lat' dir='ltr'><strong>a</strong></span> <span class='ocrx_word' id='word_1_855' title='bbox 493 5759 824 5814; x_wconf 90' lang='lat' dir='ltr'><strong>contuitione</strong></span> <span class='ocrx_word' id='word_1_856' title='bbox 853 5757 964 5810; x_wconf 85' lang='lat' dir='ltr'><strong>veri</strong></span> <span class='ocrx_word' id='word_1_857' title='bbox 992 5757 1137 5832; x_wconf 78' lang='lat' dir='ltr'><strong>boni.</strong></span> <span class='ocrx_word' id='word_1_858' title='bbox 1170 5775 1187 5805; x_wconf 72' lang='grc' dir='ltr'>ι</span> <span class='ocrx_word' id='word_1_859' title='bbox 1219 5755 1370 5810; x_wconf 90' lang='lat' dir='ltr'><strong>Sicut</strong></span> <span class='ocrx_word' id='word_1_860' title='bbox 1413 5757 1691 5811; x_wconf 90' lang='lat' dir='ltr'><strong>cremium.</strong></span> <span class='ocrx_word' id='word_1_861' title='bbox 1727 5776 1745 5807; x_wconf 76' lang='grc' dir='ltr'><strong><em>ι</em></strong></span> 
     </span>
    </p>
   </div>
   <div class='ocr_carea' id='block_1_104' title="bbox 175 5847 1747 5918">
    <p class='ocr_par' dir='ltr' id='par_1_104' title="bbox 175 5847 1747 5918">
     <span class='ocr_line' id='line_1_104' title="bbox 175 5847 1747 5918; baseline -0.005 -8"><span class='ocrx_word' id='word_1_862' title='bbox 175 5853 242 5914; x_wconf 84' lang='lat' dir='ltr'><strong>In</strong></span> <span class='ocrx_word' id='word_1_863' title='bbox 277 5853 383 5909; x_wconf 84' lang='lat' dir='ltr'><strong>hoc</strong></span> <span class='ocrx_word' id='word_1_864' title='bbox 409 5853 639 5908; x_wconf 76' lang='lat' dir='ltr'><strong>maxima</strong></span> <span class='ocrx_word' id='word_1_865' title='bbox 675 5858 894 5904; x_wconf 87' lang='lat' dir='ltr'><strong>notatur</strong></span> <span class='ocrx_word' id='word_1_866' title='bbox 921 5848 1168 5912; x_wconf 85' lang='lat' dir='ltr'><strong>ariditas,</strong></span> <span class='ocrx_word' id='word_1_867' title='bbox 1200 5847 1341 5916; x_wconf 86' lang='lat' dir='ltr'><strong>quod</strong></span> <span class='ocrx_word' id='word_1_868' title='bbox 1385 5848 1497 5918; x_wconf 90' lang='lat' dir='ltr'><strong>ipsa</strong></span> <span class='ocrx_word' id='word_1_869' title='bbox 1547 5849 1747 5916; x_wconf 88' lang='lat' dir='ltr'><strong>anima,</strong></span> 
     </span>
    </p>
   </div>
   <div class='ocr_carea' id='block_1_105' title="bbox 1851 4732 3412 4806">
    <p class='ocr_par' dir='ltr' id='par_1_105' title="bbox 1851 4732 3412 4806">
     <span class='ocr_line' id='line_1_105' title="bbox 1851 4732 3412 4806; baseline -0.005 -15"><span class='ocrx_word' id='word_1_870' title='bbox 1851 4737 2204 4806; x_wconf 79' lang='lat' dir='ltr'><strong>reliquerunt,</strong></span> <span class='ocrx_word' id='word_1_871' title='bbox 2228 4747 2326 4789; x_wconf 86' lang='lat' dir='ltr'><strong>nec</strong></span> <span class='ocrx_word' id='word_1_872' title='bbox 2355 4735 2574 4790; x_wconf 90' lang='lat' dir='ltr'><strong>omnino</strong></span> <span class='ocrx_word' id='word_1_873' title='bbox 2602 4749 2722 4787; x_wconf 91' lang='lat' dir='ltr'><strong>cum</strong></span> <span class='ocrx_word' id='word_1_874' title='bbox 2747 4734 2827 4788; x_wconf 89' lang='lat' dir='ltr'><strong>eis</strong></span> <span class='ocrx_word' id='word_1_875' title='bbox 2854 4734 3077 4799; x_wconf 86' lang='lat' dir='ltr'><strong>habitat,</strong></span> <span class='ocrx_word' id='word_1_876' title='bbox 3101 4733 3265 4788; x_wconf 86' lang='lat' dir='ltr'><strong>veluti</strong></span> <span class='ocrx_word' id='word_1_877' title='bbox 3289 4732 3412 4787; x_wconf 82' lang='lat' dir='ltr'><strong>boni</strong></span> 
     </span>
    </p>
   </div>
   <div class='ocr_carea' id='block_1_106' title="bbox 1851 4825 3412 4896">
    <p class='ocr_par' dir='ltr' id='par_1_106' title="bbox 1851 4825 3412 4896">
     <span class='ocr_line' id='line_1_106' title="bbox 1851 4825 3412 4896; baseline -0.001 -16"><span class='ocrx_word' id='word_1_878' title='bbox 1851 4827 1973 4891; x_wconf 90' lang='lat' dir='ltr'><strong>viri,</strong></span> <span class='ocrx_word' id='word_1_879' title='bbox 1992 4827 2082 4896; x_wconf 90' lang='lat' dir='ltr'><strong>qui</strong></span> <span class='ocrx_word' id='word_1_880' title='bbox 2111 4826 2166 4880; x_wconf 91' lang='lat' dir='ltr'><strong>in</strong></span> <span class='ocrx_word' id='word_1_881' title='bbox 2187 4825 2382 4880; x_wconf 72' lang='lat' dir='ltr'><strong>saeculo</strong></span> <span class='ocrx_word' id='word_1_882' title='bbox 2406 4825 2729 4890; x_wconf 86' lang='lat' dir='ltr'><strong>habitantes,</strong></span> <span class='ocrx_word' id='word_1_883' title='bbox 2749 4826 2992 4881; x_wconf 61' lang='lat' dir='ltr'><strong>saeculari</strong></span> <span class='ocrx_word' id='word_1_884' title='bbox 3018 4826 3412 4884; x_wconf 81' lang='lat' dir='ltr'><strong>conversationi</strong></span> 
     </span>
    </p>
   </div>
   <div class='ocr_carea' id='block_1_107' title="bbox 1851 4915 3412 4986">
    <p class='ocr_par' dir='ltr' id='par_1_107' title="bbox 1851 4915 3412 4986">
     <span class='ocr_line' id='line_1_107' title="bbox 1851 4915 3412 4986; baseline -0.004 -14"><span class='ocrx_word' id='word_1_885' title='bbox 1851 4934 1956 4974; x_wconf 88' lang='lat' dir='ltr'><strong>non</strong></span> <span class='ocrx_word' id='word_1_886' title='bbox 1988 4918 2368 4981; x_wconf 87' lang='lat' dir='ltr'><strong>consentiunt;</strong></span> <span class='ocrx_word' id='word_1_887' title='bbox 2415 4924 2471 4969; x_wconf 92' lang='lat' dir='ltr'><strong>et</strong></span> <span class='ocrx_word' id='word_1_888' title='bbox 2516 4915 2569 4969; x_wconf 91' lang='lat' dir='ltr'><strong>hi</strong></span> <span class='ocrx_word' id='word_1_889' title='bbox 2621 4926 2743 4972; x_wconf 90' lang='lat' dir='ltr'><strong>sunt</strong></span> <span class='ocrx_word' id='word_1_890' title='bbox 2779 4918 2931 4986; x_wconf 90' lang='lat' dir='ltr'><strong>quasi</strong></span> <span class='ocrx_word' id='word_1_891' title='bbox 2974 4927 3236 4974; x_wconf 81' lang='lat' dir='ltr'><strong>nocturna</strong></span> <span class='ocrx_word' id='word_1_892' title='bbox 3278 4916 3412 4978; x_wconf 85' lang='lat' dir='ltr'><strong>avis,</strong></span> 
     </span>
    </p>
   </div>
   <div class='ocr_carea' id='block_1_108' title="bbox 1850 5005 3416 5079">
    <p class='ocr_par' dir='ltr' id='par_1_108' title="bbox 1850 5005 3416 5079">
     <span class='ocr_line' id='line_1_108' title="bbox 1850 5005 3416 5079; baseline -0.003 -16"><span class='ocrx_word' id='word_1_893' title='bbox 1850 5011 1976 5079; x_wconf 86' lang='lat' dir='ltr'><strong>quia</strong></span> <span class='ocrx_word' id='word_1_894' title='bbox 2011 5010 2064 5063; x_wconf 91' lang='lat' dir='ltr'><strong>in</strong></span> <span class='ocrx_word' id='word_1_895' title='bbox 2109 5015 2264 5062; x_wconf 89' lang='lat' dir='ltr'><strong>nocte</strong></span> <span class='ocrx_word' id='word_1_896' title='bbox 2294 5006 2514 5077; x_wconf 85' lang='lat' dir='ltr'><strong>vigilant</strong></span> <span class='ocrx_word' id='word_1_897' title='bbox 2548 5015 2603 5062; x_wconf 91' lang='lat' dir='ltr'><strong>et</strong></span> <span class='ocrx_word' id='word_1_898' title='bbox 2634 5017 2822 5073; x_wconf 89' lang='lat' dir='ltr'><strong>orant,</strong></span> <span class='ocrx_word' id='word_1_899' title='bbox 2863 5007 3008 5062; x_wconf 90' lang='lat' dir='ltr'><strong>velut</strong></span> <span class='ocrx_word' id='word_1_900' title='bbox 3045 5007 3185 5076; x_wconf 88' lang='lat' dir='ltr'><strong>quod</strong></span> <span class='ocrx_word' id='word_1_901' title='bbox 3230 5005 3284 5060; x_wconf 90' lang='lat' dir='ltr'><strong>in</strong></span> <span class='ocrx_word' id='word_1_902' title='bbox 3331 5006 3416 5060; x_wconf 89' lang='lat' dir='ltr'><strong>die</strong></span> 
     </span>
    </p>
   </div>
   <div class='ocr_carea' id='block_1_109' title="bbox 1851 5094 3416 5166">
    <p class='ocr_par' dir='ltr' id='par_1_109' title="bbox 1851 5094 3416 5166">
     <span class='ocr_line' id='line_1_109' title="bbox 1851 5094 3416 5166; baseline -0.002 -14"><span class='ocrx_word' id='word_1_903' title='bbox 1851 5099 2086 5163; x_wconf 86' lang='lat' dir='ltr'><strong>faciunt,</strong></span> <span class='ocrx_word' id='word_1_904' title='bbox 2129 5099 2197 5152; x_wconf 89' lang='lat' dir='ltr'><strong>ita</strong></span> <span class='ocrx_word' id='word_1_905' title='bbox 2240 5106 2322 5152; x_wconf 90' lang='lat' dir='ltr'><strong>est</strong></span> <span class='ocrx_word' id='word_1_906' title='bbox 2364 5097 2515 5166; x_wconf 90' lang='lat' dir='ltr'><strong>quasi</strong></span> <span class='ocrx_word' id='word_1_907' title='bbox 2562 5098 2615 5151; x_wconf 90' lang='lat' dir='ltr'><strong>in</strong></span> <span class='ocrx_word' id='word_1_908' title='bbox 2654 5107 2811 5153; x_wconf 89' lang='lat' dir='ltr'><strong>nocte</strong></span> <span class='ocrx_word' id='word_1_909' title='bbox 2843 5097 3020 5161; x_wconf 89' lang='lat' dir='ltr'><strong>fieret,</strong></span> <span class='ocrx_word' id='word_1_910' title='bbox 3052 5096 3177 5165; x_wconf 87' lang='lat' dir='ltr'><strong>quia</strong></span> <span class='ocrx_word' id='word_1_911' title='bbox 3206 5094 3416 5166; x_wconf 82' lang='lat' dir='ltr'><strong>fugiunt</strong></span> 
     </span>
    </p>
   </div>
   <div class='ocr_carea' id='block_1_110' title="bbox 1852 5183 3410 5256">
    <p class='ocr_par' dir='ltr' id='par_1_110' title="bbox 1852 5183 3410 5256">
     <span class='ocr_line' id='line_1_110' title="bbox 1852 5183 3410 5256; baseline -0.003 -14"><span class='ocrx_word' id='word_1_912' title='bbox 1852 5196 2194 5256; x_wconf 85' lang='lat' dir='ltr'><strong>conspectum</strong></span> <span class='ocrx_word' id='word_1_913' title='bbox 2223 5186 2500 5242; x_wconf 86' lang='lat' dir='ltr'><strong>hominum</strong></span> <span class='ocrx_word' id='word_1_914' title='bbox 2535 5196 2590 5241; x_wconf 89' lang='lat' dir='ltr'><strong>et</strong></span> <span class='ocrx_word' id='word_1_915' title='bbox 2618 5188 2670 5243; x_wconf 91' lang='lat' dir='ltr'><strong>in</strong></span> <span class='ocrx_word' id='word_1_916' title='bbox 2717 5186 3029 5241; x_wconf 86' lang='lat' dir='ltr'><strong>abscondito</strong></span> <span class='ocrx_word' id='word_1_917' title='bbox 3051 5183 3255 5240; x_wconf 85' lang='lat' dir='ltr'><strong>faciunt</strong></span> <span class='ocrx_word' id='word_1_918' title='bbox 3276 5185 3410 5239; x_wconf 88' lang='lat' dir='ltr'><strong>bona</strong></span> 
     </span>
    </p>
   </div>
   <div class='ocr_carea' id='block_1_111' title="bbox 1849 5274 3414 5348">
    <p class='ocr_par' dir='ltr' id='par_1_111' title="bbox 1849 5274 3414 5348">
     <span class='ocr_line' id='line_1_111' title="bbox 1849 5274 3414 5348; baseline -0.004 -15"><span class='ocrx_word' id='word_1_919' title='bbox 1849 5292 2010 5348; x_wconf 87' lang='lat' dir='ltr'><strong>opera</strong></span> <span class='ocrx_word' id='word_1_920' title='bbox 2042 5292 2136 5332; x_wconf 87' lang='lat' dir='ltr'><strong>sua</strong></span> <span class='ocrx_word' id='word_1_921' title='bbox 2168 5295 2179 5330; x_wconf 89' lang='lat'><strong>:</strong></span> <span class='ocrx_word' id='word_1_922' title='bbox 2212 5285 2339 5331; x_wconf 88' lang='lat' dir='ltr'><strong>sunt</strong></span> <span class='ocrx_word' id='word_1_923' title='bbox 2379 5278 2544 5332; x_wconf 87' lang='lat' dir='ltr'><strong>etiam</strong></span> <span class='ocrx_word' id='word_1_924' title='bbox 2574 5277 2756 5333; x_wconf 88' lang='lat' dir='ltr'><strong>infesti</strong></span> <span class='ocrx_word' id='word_1_925' title='bbox 2785 5276 3109 5340; x_wconf 84' lang='lat' dir='ltr'><strong>hominibus,</strong></span> <span class='ocrx_word' id='word_1_926' title='bbox 3150 5276 3275 5345; x_wconf 79' lang='lat' dir='ltr'><strong>quia</strong></span> <span class='ocrx_word' id='word_1_927' title='bbox 3316 5274 3414 5327; x_wconf 87' lang='lat' dir='ltr'><strong>mi-</strong></span> 
     </span>
    </p>
   </div>
   <div class='ocr_carea' id='block_1_112' title="bbox 1850 5367 3412 5437">
    <p class='ocr_par' dir='ltr' id='par_1_112' title="bbox 1850 5367 3412 5437">
     <span class='ocr_line' id='line_1_112' title="bbox 1850 5367 3412 5437; baseline -0.004 -13"><span class='ocrx_word' id='word_1_928' title='bbox 1850 5377 2047 5424; x_wconf 88' lang='lat' dir='ltr'><strong>nantur</strong></span> <span class='ocrx_word' id='word_1_929' title='bbox 2070 5370 2149 5424; x_wconf 89' lang='lat' dir='ltr'><strong>eis</strong></span> <span class='ocrx_word' id='word_1_930' title='bbox 2178 5378 2429 5436; x_wconf 91' lang='lat' dir='ltr'><strong>mortem,</strong></span> <span class='ocrx_word' id='word_1_931' title='bbox 2455 5385 2577 5425; x_wconf 90' lang='lat' dir='ltr'><strong>cum</strong></span> <span class='ocrx_word' id='word_1_932' title='bbox 2605 5369 2791 5424; x_wconf 91' lang='lat' dir='ltr'><strong>nolunt</strong></span> <span class='ocrx_word' id='word_1_933' title='bbox 2820 5369 2872 5421; x_wconf 92' lang='lat' dir='ltr'><strong>in</strong></span> <span class='ocrx_word' id='word_1_934' title='bbox 2902 5367 2980 5423; x_wconf 89' lang='lat' dir='ltr'><strong>eis</strong></span> <span class='ocrx_word' id='word_1_935' title='bbox 3005 5383 3198 5437; x_wconf 84' lang='lat' dir='ltr'><strong>capere</strong></span> <span class='ocrx_word' id='word_1_936' title='bbox 3226 5380 3412 5420; x_wconf 76' lang='lat' dir='ltr'><strong>exem-</strong></span> 
     </span>
    </p>
   </div>
   <div class='ocr_carea' id='block_1_113' title="bbox 1848 5460 2416 5532">
    <p class='ocr_par' dir='ltr' id='par_1_113' title="bbox 1848 5460 2416 5532">
     <span class='ocr_line' id='line_1_113' title="bbox 1848 5460 2416 5532; baseline 0 -18"><span class='ocrx_word' id='word_1_937' title='bbox 1848 5461 1993 5532; x_wconf 91' lang='lat' dir='ltr'><strong>plum</strong></span> <span class='ocrx_word' id='word_1_938' title='bbox 2022 5462 2160 5516; x_wconf 84' lang='lat' dir='ltr'><strong>bene</strong></span> <span class='ocrx_word' id='word_1_939' title='bbox 2186 5460 2416 5514; x_wconf 88' lang='lat' dir='ltr'><strong>vivendi.</strong></span> 
     </span>
    </p>
   </div>
   <div class='ocr_carea' id='block_1_114' title="bbox 1922 5567 3412 5640">
    <p class='ocr_par' dir='ltr' id='par_1_114' title="bbox 1922 5567 3412 5640">
     <span class='ocr_line' id='line_1_114' title="bbox 1922 5567 3412 5640; baseline -0.007 -12"><span class='ocrx_word' id='word_1_940' title='bbox 1922 5573 2125 5628; x_wconf 88' lang='lat' dir='ltr'><strong>Similis</strong></span> <span class='ocrx_word' id='word_1_941' title='bbox 2155 5573 2330 5628; x_wconf 89' lang='lat' dir='ltr'><strong>factus</strong></span> <span class='ocrx_word' id='word_1_942' title='bbox 2369 5587 2487 5626; x_wconf 88' lang='lat' dir='ltr'><strong>sum</strong></span> <span class='ocrx_word' id='word_1_943' title='bbox 2538 5571 2691 5635; x_wconf 82' lang='lat' dir='ltr'><strong>istis,</strong></span> <span class='ocrx_word' id='word_1_944' title='bbox 2736 5578 2793 5625; x_wconf 88' lang='lat' dir='ltr'><strong>et</strong></span> <span class='ocrx_word' id='word_1_945' title='bbox 2841 5578 3058 5640; x_wconf 87' lang='lat' dir='ltr'><strong>propter</strong></span> <span class='ocrx_word' id='word_1_946' title='bbox 3101 5569 3202 5622; x_wconf 88' lang='lat' dir='ltr'><strong>hoc</strong></span> <span class='ocrx_word' id='word_1_947' title='bbox 3247 5567 3412 5619; x_wconf 82' lang='lat' dir='ltr'><strong>etiam</strong></span> 
     </span>
    </p>
   </div>
   <div class='ocr_carea' id='block_1_115' title="bbox 1854 5658 3413 5734">
    <p class='ocr_par' dir='ltr' id='par_1_115' title="bbox 1854 5658 3413 5734">
     <span class='ocr_line' id='line_1_115' title="bbox 1854 5658 3413 5734; baseline -0.004 -18"><span class='ocrx_word' id='word_1_948' title='bbox 1854 5683 1873 5716; x_wconf 82' lang='grc'><strong><em>‹</em></strong></span> <span class='ocrx_word' id='word_1_949' title='bbox 1904 5663 2140 5734; x_wconf 85' lang='lat' dir='ltr'><strong>vigilavi,</strong></span> <span class='ocrx_word' id='word_1_950' title='bbox 2169 5682 2188 5715; x_wconf 71' lang='grc' dir='ltr'><strong><em>ι</em></strong></span> <span class='ocrx_word' id='word_1_951' title='bbox 2218 5664 2269 5717; x_wconf 89' lang='lat' dir='ltr'><strong>id</strong></span> <span class='ocrx_word' id='word_1_952' title='bbox 2295 5673 2398 5724; x_wconf 86' lang='lat' dir='ltr'><strong>est,</strong></span> <span class='ocrx_word' id='word_1_953' title='bbox 2423 5661 2681 5716; x_wconf 87' lang='lat' dir='ltr'><strong>sollicitus</strong></span> <span class='ocrx_word' id='word_1_954' title='bbox 2703 5670 2756 5715; x_wconf 89' lang='lat' dir='ltr'><strong>et</strong></span> <span class='ocrx_word' id='word_1_955' title='bbox 2776 5660 3019 5714; x_wconf 90' lang='lat' dir='ltr'><strong>curiosus</strong></span> <span class='ocrx_word' id='word_1_956' title='bbox 3047 5658 3119 5712; x_wconf 83' lang='lat' dir='ltr'><strong>fui</strong></span> <span class='ocrx_word' id='word_1_957' title='bbox 3143 5659 3207 5712; x_wconf 91' lang='lat' dir='ltr'><strong>de</strong></span> <span class='ocrx_word' id='word_1_958' title='bbox 3231 5672 3413 5711; x_wconf 86' lang='lat' dir='ltr'><strong>corre-</strong></span> 
     </span>
    </p>
   </div>
   <div class='ocr_carea' id='block_1_116' title="bbox 1849 5749 3410 5823">
    <p class='ocr_par' dir='ltr' id='par_1_116' title="bbox 1849 5749 3410 5823">
     <span class='ocr_line' id='line_1_116' title="bbox 1849 5749 3410 5823; baseline -0.008 -13"><span class='ocrx_word' id='word_1_959' title='bbox 1849 5757 2025 5810; x_wconf 89' lang='lat' dir='ltr'><strong>ctione</strong></span> <span class='ocrx_word' id='word_1_960' title='bbox 2051 5769 2170 5810; x_wconf 89' lang='lat' dir='ltr'><strong>mea</strong></span> <span class='ocrx_word' id='word_1_961' title='bbox 2195 5761 2250 5809; x_wconf 90' lang='lat' dir='ltr'><strong>et</strong></span> <span class='ocrx_word' id='word_1_962' title='bbox 2275 5754 2662 5823; x_wconf 79' lang='lat' dir='ltr'><strong>proximorum,</strong></span> <span class='ocrx_word' id='word_1_963' title='bbox 2684 5765 2943 5806; x_wconf 88' lang='lat' dir='ltr'><strong>meorum.</strong></span> <span class='ocrx_word' id='word_1_964' title='bbox 2966 5768 2984 5801; x_wconf 68' lang='grc' dir='ltr'>ι</span> <span class='ocrx_word' id='word_1_965' title='bbox 3008 5749 3072 5803; x_wconf 84' lang='lat' dir='ltr'><strong>Et</strong></span> <span class='ocrx_word' id='word_1_966' title='bbox 3102 5749 3270 5803; x_wconf 85' lang='lat' dir='ltr'><strong>factus</strong></span> <span class='ocrx_word' id='word_1_967' title='bbox 3296 5762 3410 5801; x_wconf 89' lang='lat' dir='ltr'><strong>sum</strong></span> 
     </span>
    </p>
   </div>
   <div class='ocr_carea' id='block_1_117' title="bbox 1847 5839 3415 5917">
    <p class='ocr_par' dir='ltr' id='par_1_117' title="bbox 1847 5839 3415 5917">
     <span class='ocr_line' id='line_1_117' title="bbox 1847 5839 3415 5917; baseline -0.006 -14"><span class='ocrx_word' id='word_1_968' title='bbox 1847 5848 1988 5904; x_wconf 89' lang='lat' dir='ltr'><strong>sicut</strong></span> <span class='ocrx_word' id='word_1_969' title='bbox 2016 5860 2203 5917; x_wconf 85' lang='lat' dir='ltr'><strong>passer</strong></span> <span class='ocrx_word' id='word_1_970' title='bbox 2239 5844 2529 5907; x_wconf 88' lang='lat' dir='ltr'><strong>solitarius,</strong></span> <span class='ocrx_word' id='word_1_971' title='bbox 2559 5865 2576 5893; x_wconf 77' lang='grc' dir='ltr'><strong><em>ο</em></strong></span> <span class='ocrx_word' id='word_1_972' title='bbox 2606 5842 2718 5913; x_wconf 91' lang='lat' dir='ltr'><strong>qui,</strong></span> <span class='ocrx_word' id='word_1_973' title='bbox 2745 5842 2978 5912; x_wconf 82' lang='lat' dir='ltr'><strong>fugitans</strong></span> <span class='ocrx_word' id='word_1_974' title='bbox 3015 5841 3252 5910; x_wconf 84' lang='lat' dir='ltr'><strong>laqueos,</strong></span> <span class='ocrx_word' id='word_1_975' title='bbox 3277 5839 3415 5895; x_wconf 65' lang='lat' dir='ltr'><strong>nidi~</strong></span> 
     </span>
    </p>
   </div>
  </div>
