3940 6460
469 377 576 436 555

929 371 1282 429 HAYMONIS
1320 369 1796 429 HALBERSTAT.
1835 371 2050 431 EPISC.
2086 373 2236 430 OPP.
2274 372 2454 428 PARS
2495 373 2531 428 Ι.
2570 402 2638 414 -—
2675 370 3029 428 (ZOMMENT.
3069 371 3238 427 BIBL.

3632 374 3747 428 536

472 490 598 545 ﬂeat
637 488 691 544 in
722 496 837 542 tuto
891 485 1028 553 loco,
1062 486 1267 541 scilicet
1297 505 1315 538 ι
1346 486 1401 540 in
1431 493 1592 540 tecto.
1628 506 1646 537 ι
1679 485 1835 554 Item,
1857 488 2124 550 secun-A
2221 486 2286 542 Et
2316 507 2333 538 ι
2371 496 2424 542 ιιι
2456 507 2473 540 ι
2516 486 2607 557 qui
2649 497 2885 543 aeternus
2929 501 3020 552 es,
3043 489 3155 556 qui
3193 485 3393 542 videris
3436 486 3746 555 dormisse,

472 584 600 640 dum
627 580 887 652 quosdam
931 579 998 636 de
1037 594 1263 650 corpore
1304 594 1404 634 suo
1443 589 1718 649 comparat
1747 593 1807 634 se
1843 594 2045 650 pauper

471 674 576 730 iste
619 671 888 744 paenitens
941 670 1181 741 passeri,
1220 670 1275 724 in
1315 677 1456 724 tecto
1503 669 1771 724 habitanti
1801 686 1821 738 :_
1859 668 2046 738 quales

472 771 599 820 sunt
628 760 878 816 monachi
931 768 984 815 et
1017 759 1146 816 boni
1187 758 1476 824 canonici,
1532 759 1623 828 qui
1665 766 2047 827 comparantur

470 853 698 926 passeri,
728 851 854 922 quia
880 850 1035 907 calidi
1065 860 1191 907 sunt
1223 851 1278 906 in
1303 851 1536 906 vitandis
1571 849 1774 918 laqueis
1806 848 2043 916 diaboli;

471 953 682 1001 etsunt
727 943 990 1011 solitarii,
1028 943 1153 1012 quia
1205 941 1442 998 dimissis
1486 939 1890 996 diversitatibus
1941 939 2044 996 hu-

465 1037 556 1108 jus
585 1037 784 1102 saeculi,
816 1036 986 1092 solam
1017 1035 1270 1090 unionem
1295 1031 1552 1089 Ecclesiae
1583 1039 1877 1102 sequuntur
1907 1050 1919 1085 :
1953 1032 2046 1101 qui

469 1130 717 1185 habitant
754 1128 808 1183 in
849 1136 1031 1191 tecto,
1085 1125 1139 1181 id
1177 1133 1302 1191 est,
1358 1125 1414 1179 in
1466 1132 1581 1178 tuto
1628 1123 1786 1187 loco,
1842 1122 2048 1179 scilicet

471 1222 528 1278 in
593 1220 863 1277 consortio
925 1221 1190 1274 bonorum
1220 1256 1236 1282 ,
1307 1230 1406 1286 per
1465 1229 1695 1284 quorum
1741 1214 2046 1285 exemplum

471 1322 527 1368 et
580 1311 974 1368 admonitiones
1025 1309 1129 1364 tuti
1188 1315 1315 1364 sunt
1369 1308 1438 1363 ab
1489 1306 1887 1378 expugnatione
1940 1305 2046 1361 ini-

467 1404 616 1459 mici.

547 1515 564 1547 ι
594 1496 727 1551 Tota
756 1497 860 1552 die.
893 1513 911 1545 ι
943 1494 1134 1550 Adhuc
1173 1501 1455 1550 enumerat
1485 1490 1733 1546 miserias
1775 1505 1911 1561 quas
1948 1491 2047 1545 hu-

470 1607 688 1648 manum
731 1575 899 1662 genus
945 1589 1178 1660 patitur;
1211 1587 1368 1658 quasi
1419 1586 1665 1641 diceret:
1711 1583 1825 1654 Ego
1851 1583 2043 1655 vigila-

470 1686 594 1739 bam
641 1691 697 1738 et
724 1683 884 1738 talem
912 1697 999 1737 me
1025 1680 1318 1747 faciebam;
1343 1687 1398 1735 et
1425 1687 1552 1734 tunc
1577 1697 1594 1730 ι
1613 1677 2040 1748 exprobrabant»

470 1776 603 1832 mihi
632 1775 836 1830 inimici
867 1774 996 1841 mei,
1025 1794 1045 1827 ι
1078 1774 1132 1829 id
1158 1781 1262 1840 est,
1293 1771 1583 1843 opprobria
1611 1771 1863 1826 dicebant
1888 1769 2044 1834 mihi,

2147 577 2275 634 dum
2297 578 2552 635 distulisti
2579 579 2827 635 misereri
2849 619 2865 647 ,
2895 577 3058 636 modo
3087 598 3106 633 ι
3139 594 3466 659 exsurgens,
3496 582 3747 639 misere-

2145 659 2470 737 beris-Sion,
2506 691 2525 723 ι
2551 671 2605 726 id
2633 678 2734 736 est,
2763 670 3042 736 Ecclesiae,
3069 678 3126 726 et
3153 685 3341 728 secure
3369 671 3493 728 dim
3519 691 3540 724 σ
3573 675 3750 730 mise-

2145 762 2383 830 reberis,
2435 762 2568 834 quia
2615 771 2827 833 tempus
2877 762 3170 818 miserendi
3217 762 3356 833 ejus,
3402 765 3534 834 quia
3591 767 3748 822 venit

2147 858 2383 922 tempus,
2415 872 2434 904 ι
2466 852 2522 908 id
2562 861 2684 918 est,
2727 853 2970 923 aptitudo
3017 853 3295 924 temporis,
3337 854 3393 910 in
3421 870 3533 925 quo
3575 855 3748 913 debet

2144 942 2411 1000 misereri.
2447 943 2850 1014 lngeminando,
2903 944 3227 1000 desiderium
3271 946 3414 1014 quod
3458 944 3639 1002 habet
3680 963 3742 1004 ex

2145 1034 2235 1090 illa
2283 1035 2632 1094 miseratione
2676 1042 2848 1090 notat.
2898 1034 3038 1090 Vere
3073 1054 3091 1085 ‹
3128 1034 3479 1091 misereberis
3515 1035 3661 1092 Sion
3697 1057 3741 1104 ι,

2144 1126 2400 1196 quoniam
2426 1126 2596 1182 servis
2620 1126 2748 1192 tuis,
2782 1145 2801 1177 ›
2836 1125 2890 1182 id
2927 1135 3029 1190 est,
3061 1127 3319 1197 apostolis
3355 1138 3411 1183 et
3445 1127 3571 1184 aliis
3600 1143 3742 1198 pra:-

2145 1215 2502 1281 dicatoribus,
2544 1231 2775 1286 quorum
2815 1224 2900 1271 est
2939 1216 3238 1273 Ecclesiam
3281 1217 3376 1273 Dei
3409 1218 3701 1275 aediﬁcare
3724 1263 3739 1286 ,

2151 1323 2170 1358 ι
2198 1305 2518 1380 placuerunt
2565 1305 2794 1376 lapides,
2823 1325 2842 1358 ι
2885 1305 2941 1362 id
2981 1313 3105 1371 est,
3147 1306 3257 1361 vivi
3305 1307 3597 1374 homines,
3649 1296 3737 1379 qui

2146 1407 2271 1456 sunt
2305 1399 2458 1454 solidi
2487 1405 2541 1454 et
2569 1398 2788 1454 stabiles
2827 1405 2895 1466 get
2937 1398 2992 1453 in
3024 1398 3130 1454 [ide
3169 1408 3226 1453 et
3259 1399 3315 1454 in
3344 1400 3508 1455 bonis
3549 1403 3736 1470 operi-

2145 1491 2264 1555 bus,
2298 1499 2353 1545 et
2379 1491 2488 1560 apti
2514 1499 2574 1544 ut
2606 1499 2878 1560 ponantur
2914 1490 2970 1544 in
2998 1489 3229 1547 aediﬁcio
3255 1490 3371 1560 ejus
3405 1490 3566 1557 Sion,
3594 1492 3737 1548 scili-

2100 1608 2111 1620 -
2144 1579 2519 1638 cetEcclesiaz.
2541 1600 2560 1632 ι
2589 1580 2656 1634 Ει
2683 1599 2701 1632 ι
2727 1580 2805 1635 illi
2837 1580 2976 1636 servi
3014 1599 3032 1631 ι
3057 1579 3464 1636 miserebuntur
3490 1600 3511 1632 ι
3536 1583 3734 1636 exhor-

2146 1671 2309 1726 tando
2341 1678 2397 1726 et
2439 1669 2773 1726 condolendo
2821 1671 2887 1725 de
2916 1671 3179 1742 peccatis,
3219 1689 3238 1722 (
3285 1679 3471 1735 terrae,
3513 1691 3533 1724 ι
3572 1673 3631 1727 id
3653 1681 3734 1729 est

2148 1771 2508 1829 terrenorum,
2545 1761 2637 1832 qui
2669 1761 2864 1817 debent
2889 1776 3010 1818 esse
3040 1779 3059 1813 ι
3087 1760 3204 1832 ejus
3231 1780 3250 1813 ι
3283 1760 3437 1818 Sion.

467 1876 523 1923 et
551 1868 654 1922 hoc
689 1887 706 1916 ι
735 1874 844 1921 tota
870 1866 974 1931 die,
998 1885 1017 1918 ι
1055 1865 1108 1920 id
1135 1873 1221 1920 est
1249 1863 1482 1920 assidue.
1512 1861 1690 1916 Etiam
1721 1860 1911 1927 amici;
1945 1862 2049 1916 hoc
2076 1856 2122 1916 B
2221 1872 2379 1930 Servi
2407 1872 2806 1929 miserebantur
2839 1890 2858 1924 α
2878 1879 2934 1927 et,
2954 1893 2973 1925 ι
3005 1888 3106 1943 per
3128 1874 3234 1930 hoc
3268 1893 3286 1924 ι
3311 1874 3588 1930 timebunt
3613 1892 3730 1947 θαι.

468 1968 552 2015 εει
592 1958 735 2028 quod
781 1958 910 2012 dicit
940 1975 951 2010 :
996 1976 1014 2007 ‹
1044 1956 1136 2026 qui
1170 1954 1461 2009 laudabant
1493 1967 1601 2019 me,
1635 1971 1654 2003 ›
1687 1951 1849 2006 veluti
1878 1951 2046 2006 simu-

467 2050 564 2106 lati
593 2049 774 2112 amici,
813 2066 832 2099 ι
861 2049 1147 2103 adversum
1175 2028 1553 2115 me'jurabant.
1586 2062 1605 2095 ι
1638 2041 1742 2096 Ρει·
1765 2041 1939 2098 simile
1964 2041 2048 2096 di-

467 2144 543 2199 cit
567 2161 582 2209 ;
606 2143 732 2212 quia
757 2142 895 2198 sicut
918 2139 1102 2210 aliqui,
1126 2154 1244 2195 cum
1265 2137 1561 2208 persistunt
1581 2141 1769 2190 contra
1792 2133 2046 2203 aliquem,

468 2243 657 2290 contra
707 2248 829 2288 eum
874 2231 1091 2302 jurant,
1135 2231 1210 2285 ita
1239 2229 1328 2286 isti
1355 2226 1654 2298 persistunt
1685 2225 1742 2282 in
1777 2224 2048 2282 derisione

469 2327 756 2383 bonorum.

539 2423 660 2478 ideo
685 2421 1104 2492 exprobrabant,
1128 2433 1236 2474 non
1276 2416 1422 2489 quod
1448 2416 1503 2470 in
1533 2428 1622 2470 me
1664 2413 1866 2468 malum
1899 2412 2048 2468 vide-

467 2522 611 2579 rent,
641 2512 735 2569 sed
764 2533 782 2564 ι
814 2513 941 2583 quia
970 2511 1232 2576 cinerem,
1266 2529 1284 2560 ι
1319 2508 1374 2563 id
1406 2515 1511 2571 est,
1537 2505 1899 2561 minutissima
1927 2519 2049 2574 pec-

469 2613 614 2670 cata,
635 2621 755 2676 quae
775 2613 904 2661 sunt
914 2603 1154 2672 reliquiae
1174 2601 1436 2673 majorum
1457 2607 1834 2675 peccatorum;
1854 2618 1871 2648 ι
1897 2612 2050 2652 man-

469 2697 755 2764 ducabam,
783 2718 802 2751 ι
839 2697 893 2753 id
907 2705 1008 2761 εει,
1039 2695 1420 2752 consumebam
1451 2712 1469 2744 ‹
1499 2700 1752 2762 tanquam
1777 2706 1988 2762 panem,
2023 2711 2041 2742 ι

469 2790 598 2862 quia
619 2798 825 2845 tantam
850 2786 1197 2844 refectionem
1229 2784 1354 2840 inde
1379 2783 1661 2847 habebam,
1690 2789 1948 2851 quantam
1979 2795 2047 2836 ex

468 2895 626 2953 pane.
657 2880 760 2936 Per
788 2879 1023 2935 cinerem
1052 2877 1172 2934 ideo
1200 2875 1492 2946 accipimus
1515 2871 1768 2942 reliquias
1800 2878 2048 2940 peccato-

469 2990 631 3039 rum,
670 2973 798 3042 quia
848 2973 1056 3028 cineres
1110 2979 1235 3026 sunt
1285 2967 1525 3039 reliquiae
1575 2966 1903 3030 carbonum,
1951 2977 2049 3034 per

470 3063 1009 3137 quosiutelliguntur
1035 3069 1254 3131 peccata
1302 3074 1420 3129 qua:
1447 3064 1682 3112 exurunt
1707 3055 1890 3110 corda.
1929 3072 1947 3106 ι
1978 3053 2048 3108 Ει

469 3155 721 3227 poculum
749 3168 927 3209 meum
959 3168 1081 3209 eum
1108 3151 1234 3208 ﬂetu
1260 3149 1572 3206 miscebam.
1608 3168 1627 3200 ι
1661 3149 1742 3204 Ad
1788 3148 2044 3215 litteram,

469 3248 634 3305 flebat
678 3247 896 3318 quidem
935 3245 1113 3315 justus
1155 3245 1287 3310 iste,
1335 3242 1616 3298 attendens
1662 3243 1762 3297 has
1809 3241 2047 3298 necessi-

470 3346 612 3395 tates
667 3337 982 3394 comedendi
1037 3345 1091 3392 et
1140 3333 1358 3391 bibendi
1413 3347 1480 3388 ex
1533 3339 1757 3404 peccato
1802 3333 2049 3389 evenisse

474 3428 636 3493 Adae;
666 3427 754 3481 vel
779 3427 1030 3496 poculum
1073 3423 1400 3496 accipiamus
1429 3422 1767 3478 Dominicum
1801 3421 2045 3489 calicem,

475 3522 571 3594 qui
624 3536 748 3578 cum
806 3519 1058 3592 lacrymis
1115 3526 1172 3576 et
1234 3515 1645 3590 compunctione
1705 3515 2050 3587 accipiendus

472 3624 575 3672 est.

544 3707 670 3763 Ideo
721 3707 800 3763 sic
836 3706 1122 3775 faciebam,
1161 3704 1290 3777 quia
1334 3705 1490 3776 quasi
1540 3712 1862 3775 praesentem
1901 3703 2051 3760 vide-

472 3802 600 3857 bam
627 3800 766 3856 iram
813 3799 977 3855 futuri
1016 3799 1238 3869 judicii;
1287 3807 1343 3854 et
1377 3799 1480 3854 hoc
1503 3805 1589 3853 est
1617 3814 1630 3852 :
1663 3817 1682 3849 ι
1714 3811 1744 3862 a
1773 3796 1912 3853 facie
1957 3797 2053 3852 ira:

473 3903 598 3958 tum,
629 3912 648 3945 ι
686 3891 741 3946 id
766 3899 868 3954 est,
898 3899 1116 3960 propter
1138 3889 1480 3958 praesentiam
1505 3887 1699 3942 futura:
1725 3888 1842 3953 ira),
1862 3888 1918 3944 in
1946 3901 2054 3957 qua

475 3981 756 4038 damnabis
785 3978 990 4044 malos;
1023 3987 1078 4034 et
1107 3993 1139 4032 a
1163 3977 1300 4033 facie
1329 3998 1347 4028 ι
1377 3976 1780 4048 indignationis,
1811 3995 1830 4030 ι
1867 3968 1922 4032 id
1947 3985 2054 4042 est,

474 4067 832 4126 correctionis
872 4077 997 4133 tuae,
1027 4082 1189 4137 quam
1234 4067 1289 4121 in
1333 4066 1435 4122 hac
1465 4067 1574 4120 vita
1623 4065 1792 4131 facis,
1831 4080 1940 4121 non
1989 4067 2056 4122 ad

477 4155 862 4221 damnandum,
903 4155 997 4211 sed
1037 4154 1106 4210 ad
1143 4151 1476 4226 purgandum
1517 4152 1944 4223 prmdestinatos.
1986 4154 2056 4210 Et

475 4249 615 4304 bene
641 4246 764 4303 dico
807 4248 949 4318 quod
994 4261 1092 4320 per
1130 4247 1554 4318 indignationem
1596 4248 1846 4320 corrigis,
1881 4266 1901 4300 ι
1930 4251 2056 4320 quia

477 4339 695 4396 elevans
713 4359 732 4392 ι
761 4355 848 4396 me
875 4341 930 4396 in
958 4340 1408 4412 prosperitatibus
1436 4339 1596 4409 hujus
1621 4339 1764 4406 vitae,
1797 4360 1816 4392 ι
1844 4340 2054 4397 allisisti

476 4448 564 4490 me
591 4453 611 4487 ›
654 4433 840 4490 multis
883 4433 1333 4490 tribulationibus.
1377 4433 1490 4490 Hoc
1525 4434 1658 4490 dicit
1702 4449 1929 4504 pauper,
1963 4435 2056 4506 qui

2151 1975 2234 2021 tes
2261 1979 2456 2021 nomen
2491 1973 2664 2032 tuum,
2698 1965 2956 2031 Domine,
2987 1975 3043 2022 et
3073 1981 3264 2022 omnes
3303 1981 3462 2040 reges
3497 1977 3722 2037 terra,-

2150 2058 2204 2114 id
2245 2068 2358 2124 est,
2386 2057 2697 2129 quicunque
2737 2058 2874 2114 bene
2925 2067 3119 2130 regunt
3154 2074 3309 2114 suam
3337 2061 3723 2129 terrenitatem,

2155 2168 2174 2202 ι
2207 2150 2474 2205 timebunt
2517 2148 2746 2220 gloriam
2773 2157 2944 2216 tuam,
2975 2170 2994 2203 ι
3031 2149 3084 2205 id
3113 2158 3221 2218 est,
3254 2161 3328 2218 te,
3359 2152 3493 2222 quia
3540 2153 3724 2223 glorio-

2149 2258 2268 2299 sum
2295 2234 2650 2330 cognoscent.

2219 2336 2339 2391 ldeo
2369 2336 2653 2402 timebunt,
2686 2355 2707 2388 ι
2739 2337 2862 2407 quia
2899 2335 3160 2394 Dominus
3185 2337 3485 2395 aedificabit
3517 2364 3538 2390 ο
3567 2341 3722 2396 virtu-

2151 2428 2291 2483 tibus
2309 2447 2328 2478 ι
2360 2427 2511 2493 Sion,
2541 2446 2560 2480 ι
2589 2427 2647 2483 id
2667 2435 2772 2495 est,
2798 2427 3118 2496 Ecclesiam,
3144 2447 3163 2482 ι
3190 2438 3248 2486 ει
3270 2429 3553 2487 videbitur
3578 2452 3597 2484 ι
3621 2443 3722 2488 tan-

2148 2520 2270 2576 dem
2299 2533 2330 2572 a
2366 2519 2479 2574 suis
2508 2539 2526 2572 ι
2555 2519 2611 2574 in
2664 2519 2836 2590 gloria
2875 2536 2992 2587 sua,
3025 2539 3044 2572 ι
3080 2521 3138 2576 id
3174 2530 3260 2577 est
3297 2523 3353 2577 in
3396 2525 3720 2588 aternitate;

2149 2610 2234 2666 vel
2261 2611 2315 2666 in
2343 2611 2598 2680 praesenti
2627 2611 2798 2681 gloria
2825 2611 3099 2669 videbitur
3125 2627 3158 2667 a
3184 2614 3320 2680 suis,
3353 2612 3414 2670 id
3436 2622 3548 2684 est,
3576 2630 3720 2687 agno-

2149 2708 2333 2755 scetur
2359 2716 2389 2754 a
2412 2699 2526 2755 suis
2548 2699 2833 2770 gloriosus.

2183 2843 2191 2850 ε
2220 2809 2363 2866 Vere
2396 2809 2706 2877 aedificabit,
2735 2810 2863 2880 quia
2902 2829 2922 2862 ι
2959 2810 3200 2882 respexit
3227 2831 3246 2864 ι
3277 2820 3335 2867 ει
3365 2813 3635 2884 respiciet
3654 2831 3725 2870 an-

2149 2901 2343 2958 diendo
2378 2920 2397 2953 ‹
2434 2901 2488 2955 in
2531 2899 2834 2956 orationem
2877 2900 3158 2956 humilium
3191 2921 3212 2953 ι
3245 2901 3341 2972 qui
3388 2902 3534 2957 nihil
3585 2905 3650 2960 de
3683 2920 3726 2959 se

2147 2999 2520 3062 praesumunt,
2552 2990 2696 3046 sicut
2743 2990 2982 3060 respexit
3025 2991 3331 3047 orationem
3367 2993 3657 3062 publicani
3686 3001 3726 3048 et

2145 3082 2435 3154 pharisaei;
2473 3082 2596 3138 dico
2639 3099 2659 3134 ι
2687 3082 2947 3150 respexit,
2978 3102 2998 3134 ι
3025 3089 3084 3138 ει
3117 3083 3281 3139 etiam
3313 3084 3510 3139 habuit
3539 3085 3725 3140 vultum

2073 3211 2119 3276 C
2151 3174 2574 3247 acceptabilem;
2625 3181 2680 3230 et
2726 3173 2831 3230 hoc
2879 3184 2964 3230 est
2985 3215 3002 3243 ,
3055 3193 3074 3226 ι
3105 3189 3213 3230 non
3266 3177 3477 3245 sprevit
3530 3193 3726 3247 precem

2152 3283 2360 3326 eorum.
2397 3286 2415 3319 ›
2450 3266 2687 3323 Dicendo
2731 3268 2947 3336 minus,
2989 3267 3112 3338 plus
3156 3267 3453 3340 intelligit;
3478 3270 3596 3337 vel,
3634 3286 3726 3326 non

2150 3360 2355 3430 sprevit
2375 3358 2678 3414 orationem
2704 3373 2805 3429 pro
2827 3373 2886 3415 se
2909 3357 3129 3425 factam,
3155 3367 3344 3414 etnon
3373 3371 3593 3431 spernet
3607 3375 3721 3432 pre-

2151 3467 2269 3510 cem
2303 3451 2502 3507 t‘actam
2539 3449 2824 3522 pro’aliis;
2855 3450 2943 3507 vel
2990 3450 3276 3522 respiciet,
3305 3459 3365 3507 et
3407 3468 3517 3510 non
3544 3452 3612 3508 ad
3637 3453 3729 3508 ho-

2153 3562 2292 3614 ram,
2323 3547 2418 3602 sed
2445 3555 2722 3616 nunquam
2749 3553 2988 3616 spernet.

2221 3659 2343 3716 Dixi
2372 3660 2498 3730 quia
2528 3659 2799 3730 respexit,
2847 3659 3010 3714 modo
3043 3658 3288 3716 dicturus
3335 3661 3611 3730 quomodo
3656 3677 3732 3717 re-

2152 3753 2351 3824 spexit,
2404 3750 2612 3808 scilicet
2653 3766 2754 3824 per
2810 3753 3101 3808 adventum
3143 3751 3287 3807 Filii.
3321 3751 3450 3818 Quia
3491 3753 3736 3809 dicturus

2155 3860 2271 3901 rem
2295 3859 2547 3916 magnam
2581 3851 2667 3900 est
2698 3852 2755 3900 et
2795 3844 2850 3899 in
2889 3844 3152 3900 memoria
3197 3845 3487 3910 tenendam,
3537 3847 3734 3902 admo-

2154 3946 2267 4006 net,
2305 3937 2528 3992 dicens:
2563 3953 2582 3988 ι
2611 3934 2951 4005 Scribautur,
3001 3957 3020 3991 ι
3060 3937 3115 3993 id
3141 3947 3228 3994 est
3268 3939 3532 3994 memoria
3559 3918 3738 3996 firm-i-

2155 4041 2241 4088 ter
2267 4029 2712 4085 commendentur
2740 4048 2758 4082 ι
2791 4030 2847 4084 in
2887 4032 3236 4100 generatione
3287 4031 3480 4096 altera,
3512 4051 3533 4084 ι
3566 4032 3625 4088 id
3660 4043 3737 4091 est

2156 4125 2212 4180 in
2237 4123 2471 4195 posteris
2508 4122 2728 4189 nostris,
2760 4130 2820 4177 ut
2859 4123 2963 4194 ipsi
3005 4125 3182 4180 sciant
3210 4142 3231 4177 ‹
3258 4125 3376 4180 haec
3403 4143 3424 4176 ι
3487 4141 3611 4196 qua“:
3662 4127 3737 4182 die

2155 4223 2340 4272 cturus
2375 4230 2526 4282 sum;
2576 4221 2631 4270 et
2671 4230 2775 4284 pro
2817 4215 2901 4271 his
2932 4215 3174 4274 laudabit
3221 4215 3520 4274 Dominum
3579 4235 3736 4290 popa.

2157 4305 2242 4362 lus
2271 4306 2363 4376 qui
2387 4306 2680 4364 creabitur.

2231 4421 2355 4478 Haec
2381 4421 2587 4477 scilicet
2616 4423 2952 4488 scribantur,
3000 4443 3019 4475 ‹
3051 4422 3176 4494 quia
3207 4442 3228 4474 ι
3259 4423 3526 4480 Dominus
3573 4443 3593 4475 ς
3624 4439 3736 4495 pro-

477 4526 566 4582 hic
589 4525 826 4597 loquitur
855 4539 964 4582 non
993 4525 1291 4582 secundum
1327 4525 1509 4580 omnia
1534 4524 1798 4592 membra,
1829 4523 1924 4581 sed
1967 4541 2050 4582 se-

2160 4514 2357 4585 spexit,
2393 4533 2411 4565 ι
2443 4513 2653 4570 scilicet
2687 4513 2806 4569 illos
2851 4515 2945 4585 qui
2979 4513 3166 4585 procul
3192 4522 3354 4570 erant
3378 4529 3409 4569 a
3440 4516 3739 4587 cognitione

476 4616 713 4672 cundum
737 4615 1002 4686 quasdam.

547 4708 694 4764 Bene
740 4709 862 4764 dico
907 4725 994 4765 me
1036 4708 1383 4764 considerare
1425 4707 1665 4764 futuram
1712 4709 1852 4764 iram
1901 4710 2056 4779 quasi

479 4805 837 4871 praesentem,
873 4798 999 4868 quia
1039 4816 1058 4850 ‹
1091 4798 1206 4854 dies
1247 4799 1355 4854 mei
1388 4819 1407 4852 ›
1455 4798 1588 4854 mihi
1635 4799 1768 4855 nihil
1813 4799 2058 4858 utilitatis

479 4889 794 4955 aﬂ‘erentes,
825 4891 952 4960 quia
985 4890 1100 4946 dies
1136 4899 1260 4946 sunt
1287 4909 1306 4942 ι
1335 4891 1473 4946 sicut
1504 4891 1718 4958 umbra,
1746 4911 1765 4946 ι
1805 4892 1933 4962 quia
1969 4892 2057 4948 hic

481 4998 590 5039 non
623 4983 855 5037 habetur
889 4996 1019 5038 vera
1061 4981 1411 5049 illuminatio;
1446 4982 1501 5037 in
1537 4997 1643 5053 qua
1678 4983 2056 5050 declinatione,

481 5089 604 5144 quae
629 5089 695 5130 ex
733 5081 957 5143 peccato
991 5082 1108 5139 est,
1149 5089 1416 5146 cognosco
1461 5072 1698 5130 futuram
1727 5076 1900 5142 iram;
1942 5075 2059 5133 dies

487 5182 507 5214 ε
539 5161 963 5228 declinaverunt,
995 5172 1050 5219 et
1072 5177 1172 5233 ego
1201 5163 1339 5218 sicut
1370 5161 1550 5219 fenum
1577 5164 1714 5220 arui.
1751 5183 1770 5217 ι

560 5270 582 5305 ι
611 5254 694 5308 Tu
726 5262 924 5308 autem.
958 5272 978 5305 ι
1006 5253 1141 5308 Pars
1167 5253 1346 5309 tertia.
1380 5254 1493 5326 Ego
1513 5255 1764 5312 miserias
1789 5257 2056 5325 sustineo,

483 5346 580 5402 sed
614 5365 633 5398 ι
664 5355 742 5412 ιιι,
774 5345 1017 5410 Domine,
1046 5346 1102 5401 in
1131 5356 1394 5403 aeternum
1429 5363 1734 5419 permanes,
1763 5359 1818 5405 et
1849 5366 2056 5406 memo-

481 5440 616 5496 riale
643 5449 814 5506 tuum,
845 5460 864 5493 ι
901 5441 954 5496 id
975 5449 1076 5507 est,
1107 5442 1237 5498 illud
1256 5443 1462 5514 insigne
1491 5442 1715 5510 factum,
1746 5444 1950 5501 scilicet
1974 5462 2060 5501 re-

484 5533 722 5603 demptio
755 5533 976 5587 humani
1019 5535 1231 5605 generis
1275 5550 1374 5605 per
1409 5533 1605 5589 Filium
1648 5545 1870 5606 propter
1895 5552 2057 5607 quam

487 5633 544 5678 tu
592 5627 864 5681 teneberis
913 5627 968 5681 in
1021 5628 1279 5683 memoria
1332 5628 1612 5682 hominum
1665 5645 1684 5680 ι
1721 5629 1775 5683 in
1835 5645 2061 5701 genera-

488 5713 633 5768 tione
665 5735 683 5769 ι
716 5719 966 5786 praesenti
1001 5719 1280 5786 duratura,
1313 5739 1332 5772 ‹
1362 5729 1418 5776 et
1443 5720 1787 5791 generatione
1816 5741 1834 5774 ι
1869 5723 2059 5780 subse-

488 5815 706 5875 quente.

2079 4573 2135 4634 Ῑ)
2161 4573 2288 4671 Dei,
2335 4573 2542 4660 scilicet
2593 4605 2821 4676 gentiles
2865 4573 3293 4662 misericorditer
3333 4573 3582 4663 νίεῑιεξίι
3635 4628 3653 4662 ι
3683 4609 3740 4663 de

2161 4693 2378 4751 excelso
2403 4703 2592 4751 sancto
2619 4711 2737 4764 suo,
2774 4716 2792 4746 ι
2824 4695 2876 4752 id
2898 4705 3001 4764 est,
3034 4697 3102 4752 de
3125 4698 3466 4754 humanitate
3644 4703 3742 4767 sui,

2161 4802 2281 4857 quae
2308 4785 2409 4842 fuit
2443 4787 2676 4852 excelsa,
2701 4787 2826 4858 quia
2855 4788 2923 4844 ab
2947 4789 3094 4844 omni
3122 4798 3350 4860 peccato
3384 4790 3673 4859 immunis,
3695 4800 3745 4846 et

2161 4878 2278 4950 ipse
2331 4897 2348 4930 ι
2378 4878 2639 4934 Dominus
2687 4879 2742 4934 in
2791 4887 2990 4935 terram
3036 4881 3265 4952 aspexit,
3322 4901 3340 4932 ι
3397 4881 3454 4937 id
3496 4890 3585 4938 est
3636 4882 3748 4937 illos

2163 4970 2255 5041 qui
2280 4968 2424 5026 culta
2449 4978 2605 5024 erant
2632 4978 2776 5025 terra
2796 5009 2811 5036 ,
2844 4970 2986 5026 sicut
3021 4968 3195 5027 Judmi
3237 4987 3376 5042 quos
3409 4973 3748 5044 propinquos

2158 5061 2437 5128 visitavit;
2491 5062 2632 5117 sicut
2678 5061 2968 5133 Apostolus
3002 5063 3081 5118 ait
3125 5063 3378 5131 Veniens,
3403 5065 3751 5135 evangeliu-

2159 5155 2238 5210 vit
2267 5155 2355 5211 bis
2378 5154 2471 5226 qui
2508 5170 2674 5226 prope
2701 5165 2860 5211 erant
2891 5163 2946 5211 et
2973 5155 3059 5212 bis
3094 5156 3188 5226 qui
3215 5155 3374 5227 longe
3419 5156 3614 5228 (Eph.,
3648 5159 3747 5230 n):

2157 5247 2339 5304 ethoc
2369 5268 2388 5300 ‹
2420 5248 2486 5303 de
2516 5247 2676 5316 caelo,
2710 5267 2730 5299 ι
2759 5248 2825 5304 de
2853 5248 2968 5320 ipsa
2994 5249 3202 5304 scilicet
3227 5250 3567 5306 humanitate
3594 5252 3755 5307 Chri-

2159 5341 2249 5409 sti,
2278 5341 2333 5396 in
2358 5355 2462 5412 qua
2491 5341 2606 5410 ipsa
2631 5339 2805 5396 celata
2834 5340 2935 5394 fuit
2960 5339 3236 5397 divinitas.

2232 5455 2314 5510 Ad
2360 5456 2463 5512 hoc
2503 5455 2780 5526 prospexit
2826 5475 2845 5507 ι
2875 5463 2936 5510 ιιι
2963 5475 2982 5507 ι
3025 5469 3124 5526 per
3170 5455 3344 5524 ipsum
3387 5454 3758 5512 mediatorein

2164 5545 2360 5602 Filium
2413 5565 2432 5598 ι
2461 5547 2673 5604 audiret
2722 5549 2953 5618 gemitus
3003 5547 3468 5619 compeditorum,
3519 5547 3578 5604 id
3631 5560 3760 5614 at,

2165 5652 2354 5692 eorum
2383 5639 2475 5708 qui
2497 5653 2604 5695 non
2629 5639 2918 5694 lasciviunt
2942 5651 3040 5711 per
3060 5637 3269 5709 plateas
3292 5637 3450 5706 hujus
3480 5638 3636 5703 vitae,
3664 5642 3766 5695 sed

2165 5735 2292 5783 sunt
2335 5727 2484 5796 ligati
2528 5730 2810 5800 praeceptis
2856 5729 2951 5784 Dei
2988 5748 3001 5784 :
3035 5729 3116 5784 .ad
3160 5729 3264 5785 hoc
3311 5728 3543 5795 audiret,
3593 5746 3618 5782 ι
3650 5740 3709 5785 ut
3735 5751 3758 5785 ι

2169 5820 2314 5890 ipsos
2345 5837 2364 5872 ι
2399 5819 2538 5876 filios
2579 5821 3050 5892 interemptorum,
3079 5839 3099 5874 ι
3144 5820 3198 5876 id
3223 5829 3325 5890 est,
3355 5828 3574 5892 patrum
3603 5837 3768 5879 mor-
