3940 6478
210 500 318 554 557

1387 481 1824 541 EXPLANATIO
1858 483 1925 538 IN
1964 484 2297 542 PSALMOS.

3350 486 3452 542 558

212 623 430 666 tuorum
468 623 522 662 in
558 604 815 678 peccatis,
850 622 867 655 ί
896 602 1126 658 solveret
1151 620 1170 655 ι
1210 616 1242 655 a
1282 598 1498 655 vinculo
1530 606 1779 669 peccato-
1804 600 2120 662 Amentum
2168 605 2480 670 mutabitur,
2531 606 2657 676 quia
2704 605 2894 662 stabile
2939 606 3049 670 flet,
3109 606 3228 661 dico
3262 624 3279 656 ί
3333 604 3451 659 cmli

208 719 335 758 rum
374 714 472 772 pro
497 698 692 769 quibus
724 696 1025 767 gemebant.

286 792 368 846 Ad
415 791 518 845 hoc
560 787 763 851 solum,
800 802 818 837 ‹
846 792 906 838 ιιι
936 804 955 836 ι
987 782 1090 854 ipsi
1135 781 1297 838 soluti
1328 801 1347 833 ι
1378 780 1695 835 annuntient
1728 779 1784 834 in

210 880 369 946 Sion,
401 878 505 933 »νίιί
526 885 628 944 est,
664 876 718 931 in
742 868 995 946 praesenti
1036 871 1299 937 Ecclesia,
1334 889 1354 922 ι
1383 884 1575 924 nomen
1607 868 1787 923 Domi-

208 976 293 1043 ni,
340 981 394 1029 et
438 972 492 1027 in
522 968 890 1034 Hierusalem,
915 986 936 1020 ι
970 965 1027 1021 id
1066 972 1150 1021 est
1202 965 1257 1019 in
1296 960 1496 1027 futura,
1539 975 1658 1030 qua":
1703 967 1787 1015 est

208 1070 352 1124 visio
364 1067 534 1138 pacis,
554 1085 575 1119 ‹
601 1064 919 1120 annuntient
940 1060 1153 1117 laudem
1173 1060 1288 1131 ejus
1317 1077 1337 1110 ι
1356 1055 1588 1123 Domini,
1612 1054 1665 1109 id
1679 1060 1781 1118 est,

208 1159 534 1217 laudabilem
567 1157 874 1213 ostendant.

287 1252 418 1308 Dico
441 1250 780 1314 annuntient,
811 1255 866 1303 et
895 1247 1000 1302 hoc
1026 1259 1133 1300 non
1161 1242 1370 1315 paucis,
1404 1240 1500 1296 sed
1530 1258 1549 1293 ‹
1574 1239 1629 1294 in
1658 1253 1785 1294 con-

206 1346 478 1401 veniendo
519 1342 740 1414 populos
786 1341 842 1395 in
884 1352 1069 1428 unum,
1125 1355 1145 1387 ι
1178 1336 1231 1390 id
1268 1342 1352 1391 est
1390 1331 1782 1405 congreganda,

208 1434 269 1489 id
318 1442 403 1489 est
429 1434 484 1487 in
512 1429 923 1501 congregatione
958 1423 1297 1498 populorum.
1320 1423 1418 1479 Vel
1461 1442 1478 1473 ί
1510 1423 1565 1477 ἱιι
1595 1436 1786 1477 conve-

206 1524 444 1591 niendo,
476 1543 496 1576 ›
528 1523 582 1578 id
609 1529 692 1578 est
714 1518 1031 1591 alloquendo
1051 1561 1065 1583 ,
1104 1535 1123 1569 ι
1144 1516 1367 1588 populos
1415 1516 1472 1570 in
1508 1530 1698 1578 unum,
1733 1512 1787 1567 id

207 1622 300 1670 est
364 1612 608 1669 ducendo
668 1626 761 1666 eos
806 1610 863 1664 in
906 1622 1067 1663 unam
1106 1605 1439 1661 voluntatem
1476 1611 1532 1659 et
1578 1601 1782 1656 ﬁdem:

214 1727 234 1761 ε
270 1715 328 1763 et
356 1725 377 1760 ι
407 1706 573 1761 etiam
596 1701 959 1760 conveniendo
992 1719 1010 1751 ‹
1043 1711 1219 1770 reges,
1274 1715 1294 1748 ›
1328 1696 1383 1751 id
1407 1703 1491 1751 est
1532 1694 1783 1766 majores,

209 1796 286 1852 ad
312 1798 415 1850 hoc
449 1814 468 1846 ι
497 1803 560 1849 ut
584 1792 823 1849 serviant
848 1789 1096 1844 Domino.
1128 1806 1148 1839 ›

288 1885 546 1940 Dominus
579 1881 788 1952 aspexit
818 1889 1053 1945 terram,
1084 1883 1137 1932 et
1170 1895 1189 1928 ς
1219 1875 1335 1947 ipsa
1366 1873 1644 1945 respondit
1679 1874 1729 1928 ei
1760 1892 1778 1925 ι

1884 692 2174 764 peribunt,
2234 703 2292 748 tu
2348 707 2567 763 autem,
2631 697 2873 764 Domine,
2936 697 2992 751 in
3036 704 3293 752 aeternum
3333 710 3455 767 pcr-

1885 796 2130 837 manens.
2174 803 2192 835 ›
2221 782 2466 839 Ostendit
2489 788 2757 856 quomodo
2788 786 3058 857 peribunt,
3083 786 3268 843 dicens
3293 800 3311 842 :
3337 803 3359 839 ε
3388 786 3455 842 Et

1885 887 2072 928 omnes
2101 874 2242 929 sicut
2265 876 2641 932 vestimentum
2671 885 3025 943 veterascent,
3063 896 3083 930 ι
3110 876 3238 948 quia
3268 890 3457 933 secun-

1886 963 2013 1018 dum
2041 964 2438 1034 corruptionem
2466 966 2742 1021 hominum
2772 969 2885 1038 ipsa
2915 966 3180 1024 elementa
3213 982 3455 1023 corrum-

1883 1060 2085 1122 puntur
2100 1070 2114 1106 :
2130 1052 2295 1108 veluti
2326 1064 2489 1119 terra,
2507 1070 2624 1123 quae
2644 1056 2755 1126 jam
2784 1057 2960 1113 minus
2983 1056 3174 1113 fertilis
3194 1066 3277 1115 est
3294 1073 3453 1129 quam

1884 1142 2053 1210 prius,
2082 1157 2177 1197 aer
2198 1143 2374 1198 minus
2398 1144 2651 1199 salubris.

1961 1253 1979 1285 ι
2010 1234 2078 1288 Et
2101 1253 2120 1285 ι
2141 1243 2198 1289 tu
2218 1253 2237 1287 ‹
2261 1236 2493 1291 mutabis
2512 1250 2606 1290 eos
2632 1236 2772 1292 sicut
2797 1238 3127 1307 opertorium
3152 1257 3171 1291 ι
3194 1247 3454 1305 mutatur,

1886 1324 2099 1395 quando
2130 1326 2392 1397 recipient
2416 1327 2577 1381 aliam
2610 1328 2925 1398 qualitatem
2957 1347 2971 1382 :
3007 1339 3061 1386 et
3089 1330 3179 1385 illa
3208 1332 3457 1387 immuta-

1885 1415 2032 1471 tione
2077 1430 2399 1485 permanens
2448 1418 2751 1475 immutatio
2777 1421 2903 1486 erit,
2931 1428 2986 1476 et
3011 1421 3116 1477 hoc
3138 1423 3306 1479 dicit:
3337 1443 3355 1474 ‹
3390 1425 3458 1479 Et

1885 1508 2255 1576 mutabuntur,
2284 1529 2304 1563 ι
2335 1510 2389 1564 id
2427 1502 2523 1565 est'
2547 1511 2603 1565 in
2642 1510 2734 1565 illa
2763 1511 3137 1569 immutatione
3176 1528 3458 1583 permane-

1883 1599 2046 1655 bunt:
2065 1615 2171 1655 non
2194 1601 2317 1667 erit,
2343 1602 2480 1658 sicut
2496 1602 2710 1672 quidam
2731 1604 2967 1659 haeretici
2991 1596 3294 1670 voluerunt,
3310 1607 3455 1675 quod

1887 1691 2173 1761 aliquando
2203 1693 2442 1749 redirent
2464 1693 2729 1750 elementa
2762 1696 2830 1751 ad
2853 1696 3135 1768 pristinam
3168 1694 3383 1761 faciem,
3406 1703 3464 1752 et

1886 1784 2017 1839 item
2047 1785 2291 1841 homines
2321 1787 2389 1840 ad
2435 1787 2825 1843 habitationem
2869 1794 3044 1843 terrae.
3085 1788 3233 1858 Ipsos
3280 1795 3459 1843 muta-

1886 1874 2031 1942 bis-,'
2060 1895 2078 1927 ι
2130 1884 2189 1929 tu
2240 1886 2419 1932 autem
2458 1877 2602 1934 idem
2646 1894 2742 1945 es,
2793 1898 2811 1930 ι
2864 1880 2917 1934 id
2962 1887 3045 1934 est
3078 1878 3455 1944 immutabilis;

210 1976 465 2040 vocanti,
506 1949 803 2029 assentiens
847 1986 957 2026 sua:
991 1968 1289 2035 vocationi,
1324 1977 1379 2022 et
1424 1966 1785 2032 subserviens,
1816 1949 1864 2009 Β
1897 1984 1914 2016 ι
1952 1964 2088 2034 ipse,
2128 1991 2146 2017 ι
2179 1965 2233 2019 id
2262 1974 2346 2021 est
2373 1967 2712 2038 omnipotens
2742 1986 2754 2021 :
2792 1986 2811 2018 ‹
2851 1975 2906 2023 et
2932 1968 3057 2023 anni
3096 1968 3174 2023 tui
3209 1986 3230 2021 ι
3262 1968 3317 2022 in
3345 1968 3462 2037 qui-

213 2076 275 2122 et
303 2065 582 2121 ambulans
611 2084 629 2117 ‹
658 2065 714 2119 in
740 2064 848 2129 via,
874 2081 896 2117 ι
935 2062 990 2118 id
1022 2069 1107 2117 est
1148 2062 1204 2116 in
1230 2060 1513 2131 prteceptis
1535 2060 1629 2114 Dei
1648 2059 1788 2114 bona

210 2157 532 2229 operatione
569 2173 582 2210 :
625 2155 712 2209 via
757 2154 878 2209 dico
929 2171 947 2204 ι
999 2149 1216 2206 virtutis
1262 2165 1403 2216 suae,
1432 2168 1449 2201 ι
1499 2149 1553 2204 id
1593 2156 1675 2203 est
1735 2148 1789 2202 in

211 2263 323 2318 qua
346 2261 404 2302 se
423 2246 659 2302 ostendit
677 2245 993 2309 virtuosam,
1016 2242 1143 2313 quia
1172 2240 1318 2295 nulla
1352 2239 1698 2295 tribulatione
1723 2237 1791 2292 ab

211 2354 282 2393 ea
317 2338 553 2409 separari
598 2342 805 2405 potest;
836 2333 978 2388 unde
1015 2330 1303 2402 Apostolus
1347 2349 1360 2385 :
1392 2329 1579 2399 Neque
1621 2343 1790 2394 mors,

213 2445 396 2500 neque
430 2429 540 2483 vita
574 2436 829 2499 poterunt
864 2441 963 2482 nos
1007 2439 1258 2495 separare
1302 2440 1332 2478 a
1374 2423 1639 2477 charitate
1670 2421 1789 2487 Dei,

216 2520 420 2593 (Rom.,
442 2519 561 2591 vni)
612 2517 925 2589 :respondit
971 2517 1091 2572 dico
1112 2557 1127 2581 ,
1167 2515 1241 2570 ita
1283 2514 1467 2569 dicens
1499 2530 1512 2567 :
1543 2511 1788 2579 Domine,

221 2631 240 2662 ε
275 2612 461 2666 nuntia
498 2609 662 2675 mihi,
694 2628 713 2660 ι
764 2607 816 2662 id
863 2616 945 2663 est
968 2648 982 2673 ,
1025 2607 1111 2662 fac
1154 2621 1241 2662 me
1284 2604 1581 2676 intelligere
1612 2623 1631 2656 ‹
1660 2619 1792 2674 pau-

216 2701 439 2757 citatem
502 2699 711 2754 dierum
770 2711 1014 2754 meomm
1040 2737 1055 2763 ,
1119 2715 1137 2747 ι
1206 2696 1261 2751 id
1319 2702 1402 2750 est
1472 2693 1791 2749 brevitatem

215 2794 472 2849 humanae
503 2791 667 2856 vitae;
708 2797 770 2844 ut
826 2804 891 2844 ea
928 2788 1143 2859 cognita
1208 2786 1462 2842 festinem
1513 2785 1581 2839 ad
1625 2784 1792 2840 vitam

218 2895 498 2942 aeternam.
542 2914 551 2923 ο
570 2902 573 2905 “

296 2977 365 3032 Et
405 2992 490 3032 me
527 2982 833 3031 currentem
868 2972 935 3028 ad
977 2971 1146 3027 vitam
1193 2977 1451 3026 aeternam
1479 2989 1498 3023 ι
1523 2983 1592 3025 ne
1638 2982 1792 3024 revo-

219 3083 316 3125 ces
345 3088 364 3120 ι
402 3084 433 3123 a
460 3083 622 3124 cursu
651 3066 761 3133 illo,
796 3066 898 3121 hoc
953 3072 1038 3120 est
1079 3077 1148 3118 ne
1191 3063 1480 3119 subtrahas
1524 3062 1790 3133 gratiam;

221 3160 351 3230 quia
376 3166 503 3215 tunc
525 3158 873 3214 subsisterem
901 3169 999 3226 ego
1034 3172 1053 3206 ι
1084 3156 1137 3210 in
1163 3152 1382 3209 dimidio
1416 3153 1624 3209 dierum
1645 3168 1793 3209 meo-

1886 2057 1989 2112 bus
2033 2064 2090 2111 tu
2131 2056 2284 2123 vivis,
2318 2076 2337 2107 ι
2374 2072 2481 2112 ηοιι
2534 2057 2804 2124 deficient,
2847 2078 2865 2109 ι
2900 2060 3026 2128 quia
3077 2058 3261 2114 :rterni
3314 2070 3461 2113 sunt.

1890 2145 1987 2201 Vel
2006 2161 2289 2215 possumus
2310 2148 2505 2203 caelum
2534 2157 2590 2203 et
2609 2158 2807 2205 terram
2834 2150 3136 2221 intelligere
3158 2150 3460 2222 allegorice,

1890 2248 1952 2293 ut
1994 2239 2073 2295 sic
2113 2240 2358 2296 dicamus
2403 2259 2415 2295 :
2469 2241 2620 2307 Dico,
2657 2260 2675 2292 (
2714 2257 2783 2297 ne
2812 2257 3057 2310 revoces,
3099 2264 3117 2295 ›
3150 2251 3205 2298 et
3238 2257 3464 2298 securus

1892 2346 2033 2397 sum,
2065 2339 2287 2400 propter
2315 2331 2457 2385 bona
2486 2329 2638 2385 initia
2684 2347 2803 2401 quae
2848 2342 2904 2387 tu
2939 2332 3052 2402 jam
3081 2333 3275 2399 fecisti,
3323 2332 3463 2403 quod

1890 2435 1999 2475 non
2029 2421 2306 2476 revocabis
2337 2438 2350 2475 :
2375 2422 2523 2492 quia,
2554 2439 2586 2479 ο
2610 2424 2857 2488 Domine,
2883 2432 2939 2478 tu
2969 2423 3205 2479 fundasti
3239 2434 3461 2489 terram,

1891 2509 1946 2565 id
1970 2520 2073 2577 est,
2121 2510 2438 2578 Ecclesiam,
2472 2512 2645 2577 initio,
2685 2512 2738 2567 id
2780 2521 2864 2568 est
2910 2527 3005 2582 per
3049 2511 3264 2579 Filium,
3315 2512 3399 2567 vel
3434 2527 3462 2565 ιι

1890 2602 2065 2672 primo
2081 2601 2231 2671 justo
2250 2602 2417 2671 Abel;
2446 2614 2517 2667 et,
2534 2604 2677 2671 coeli,
2705 2605 2761 2660 id
2784 2614 2888 2673 est,
2917 2606 3134 2661 altiores
3158 2605 3260 2661 viri
3281 2606 3335 2661 in
3362 2606 3466 2661 Ec-

1893 2693 2077 2760 clesia,
2098 2695 2192 2764 qui
2218 2696 2497 2752 continent
2520 2680 2730 2752 secreta
2759 2697 3018 2764 coelestia,
3051 2705 3175 2754 sunt
3217 2698 3468 2769 spiritua—

1896 2781 1965 2835 lia
1993 2796 2157 2852 opera
2183 2798 2444 2839 manuum
2482 2793 2695 2840 tuarum
2740 2786 2794 2840 in
2823 2787 3017 2856 quibus
3050 2787 3285 2843 maxime
3306 2802 3467 2858 appa-

1893 2882 1978 2929 ret
2010 2874 2269 2932 Dominus
2315 2876 2614 2934 laudabilis.
2669 2878 2938 2950 lpsi‘coeli
2993 2881 3242 2950 peribunt
3291 2890 3468 2937 morte

1894 2971 2198 3042 temporali,
2237 2981 2290 3027 tu
2342 2980 2544 3039 autem,
2590 2973 2754 3042 Deus,
2798 2990 3128 3045 permanes:
3173 2984 3227 3030 et
3280 2990 3467 3032 omnes

1892 3066 1968 3123 illi
1993 3076 2350 3134 veterascent,
2380 3077 2663 3125 senescent
2690 3079 2745 3125 et
2769 3078 3183 3141 corrumpentur
3216 3085 3464 3139 corpore,
3504 3113 3510 3118 .

1893 3158 2035 3215 sicut
2062 3160 2442 3216 vestimentum
2470 3161 2613 3230 quod
2635 3160 2905 3226 atteritur,
2931 3168 2988 3215 et
3012 3169 3124 3215 tum
3159 3161 3470 3216 immutabis

223 3266 343 3306 rum
372 3270 389 3303 ι
420 3257 651 3314 tantum,
682 3248 738 3303 id
765 3255 848 3303 est
881 3245 1050 3302 solam
1100 3244 1392 3299 humanam
1420 3244 1587 3298 vitam
1614 3251 1790 3297 actam
1823 3303 1863 3321 Α
1895 3264 2008 3316 eos,
2032 3250 2247 3320 quando
2277 3250 2468 3305 indues
2493 3266 2587 3307 eos
2620 3252 3021 3321 incorruptione
3054 3261 3110 3309 et
3151 3251 3470 3308 immortali-

223 3342 281 3396 in
322 3339 702 3410 temporalibus
745 3336 900 3391 bonis
937 3335 1193 3389 haberem
1232 3351 1245 3385 :
1280 3348 1402 3402 quae
1445 3333 1553 3385 vita
1597 3332 1794 3387 dicitur
1818 3303 1866 3367 Ο
1900 3303 2204 3402 ῑεῑέ,¹εἱοιιῐ
2244 3339 2577 3408 opertorium
2605 3349 2759 3395 vetus
2796 3303 3113 3407 rernovatur;
3151 3361 3169 3392 ‹
3216 3349 3273 3395 et
3298 3349 3469 3395 muta-

224 3433 467 3500 dimidia,
520 3432 577 3486 id
603 3438 688 3484 est
721 3425 1055 3496 imperfecta.
1082 3424 1181 3481 Vel
1223 3424 1340 3479 dies
1382 3438 1666 3493 possumus
1710 3423 1833 3478 hic-

226 3527 472 3594 accipere
498 3523 665 3577 vitam
700 3518 990 3587 iustorum,
1028 3517 1155 3587 quia
1197 3517 1255 3570 in
1297 3530 1361 3570 ea
1404 3513 1635 3569 habetur
1669 3528 1799 3570 vera

229 3615 569 3677 illuminatio,
598 3620 657 3666 ut
689 3611 769 3666 sic
807 3609 1020 3663 dicatur
1045 3624 1059 3660 :
1090 3606 1168 3662 Ne
1209 3619 1428 3661 revoces
1457 3619 1545 3660 me
1578 3619 1610 3658 a
1637 3618 1800 3659 cursu

229 3714 445 3762 aeterna:
466 3705 610 3769 vitae,
640 3710 700 3757 ut
730 3708 939 3757 tantum
969 3699 1069 3755 sim
1096 3698 1151 3753 in
1178 3697 1398 3754 dimidio
1421 3696 1628 3752 dierum
1652 3709 1799 3752 meo-

229 3813 372 3863 rum,
419 3795 473 3850 id
497 3802 581 3851 est
618 3802 676 3849 ut
710 3790 1045 3849 solummodo
1077 3788 1307 3846 habeam
1346 3796 1668 3857 praesentem
1714 3787 1797 3842 vi-

229 3887 654 3957 tamjustorum,
685 3884 811 3954 quia
856 3883 970 3951 ipsa
996 3890 1079 3937 est
1105 3879 1348 3945 dimidia,
1388 3878 1441 3934 id
1473 3886 1554 3934 est
1596 3879 1797 3949 imper-

222 3961 367 4034 fecta
392 3986 446 4033 et
476 3974 700 4041 inutilis,
732 3972 837 4030 nisi
857 3980 1057 4028 aeterna
1085 3970 1197 4025 vita
1226 3968 1501 4025 succedat.
1540 3968 1664 4023 Dies
1691 3968 1798 4024 mei

223 4078 352 4127 sunt
397 4068 637 4134 dimidii,
686 4066 779 4121 sed
814 4083 832 4116 ι
868 4063 995 4118 anni
1032 4062 1144 4129 tui,
1191 4080 1210 4113 ι
1253 4060 1308 4115 id
1352 4068 1436 4137 est
1493 4060 1794 4125 aeternitas;

221 4176 389 4232 quam
415 4158 658 4229 designat
679 4154 897 4211 nomine
920 4153 1065 4217 anni,
1096 4168 1200 4208 non
1223 4159 1445 4222 propter
1470 4149 1798 4204 mutabilita-

223 4262 336 4308 tem
359 4292 375 4319 ,
405 4265 525 4322 qua:
567 4248 642 4304 ibi
671 4247 813 4303 nulla
839 4256 922 4301 est
940 4285 955 4312 ,
988 4245 1080 4300 sed
1107 4252 1327 4315 propter
1367 4240 1751 4313 longitudinem
1777 4257 1792 4306 ;

220 4351 353 4399 sunt
397 4361 415 4393 ι
446 4341 500 4395 in
541 4337 887 4413 generatione
917 4355 934 4387 ι
970 4334 1220 4406 przesenti
1259 4350 1276 4384 ι
1306 4339 1361 4386 et
1384 4350 1403 4383 ι
1439 4330 1709 4387 durabunt
1742 4330 1797 4383 in

226 4457 247 4489 ι
279 4434 623 4508 generatione
651 4428 981 4493 succedenti,
1009 4446 1028 4479 ι
1067 4426 1171 4482 hoc
1198 4433 1305 4492 est,
1328 4424 1518 4479 aeterni
1547 4430 1692 4478 sunt.

303 4546 320 4580 ι
349 4526 507 4583 Initio
534 4535 589 4580 tu
607 4565 622 4593 ,
649 4522 896 4587 Domine,
925 4529 1126 4577 terram
1154 4517 1412 4574 fundasti.
1443 4535 1461 4569 ›
1504 4514 1649 4570 Bene
1677 4514 1797 4570 dico

219 4619 369 4690 quod
394 4619 519 4673 anni
545 4616 622 4671 tui
652 4621 779 4671 sunt
799 4612 1004 4679 aeterni,
1034 4610 1159 4681 quia
1186 4618 1262 4676 tu,
1294 4605 1538 4672 Domine,
1570 4619 1671 4661 nec
1695 4604 1796 4659 ini-

222 4713 361 4767 tium
389 4710 646 4775 habuisti,
674 4722 773 4763 nec
799 4707 958 4761 ﬁnem
986 4703 1207 4759 habebis
1238 4720 1249 4755 :
1287 4701 1379 4771 qui
1413 4699 1556 4770 quod
1582 4699 1797 4753 initium

218 4818 335 4858 non
362 4802 660 4865 habuisset,
688 4795 941 4875 ostendit,
971 4809 1092 4849 cum
1117 4792 1247 4848 dicit
1295 4806 1416 4845 eum
1456 4797 1655 4844 terram
1678 4790 1796 4843 fun-

220 4899 383 4954 dasse
411 4915 425 4951 :
452 4910 521 4952 ex
547 4909 653 4964 quo
699 4899 909 4948 constat
946 4888 1088 4960 quod
1132 4888 1245 4958 ipse
1274 4898 1400 4942 ante
1439 4897 1639 4942 terram
1672 4884 1791 4952 fuit,

218 4996 285 5043 et
315 4986 438 5042 inde
483 4985 613 5040 dicit
648 5002 659 5036 :
700 5001 717 5033 ‹
746 4979 992 5045 Domine,
1036 4986 1095 5032 tu
1142 4985 1339 5033 terram
1386 4974 1647 5040 fundasti,
1674 4994 1692 5027 ι
1741 4983 1795 5029 et

220 5082 332 5136 hoc
373 5097 393 5131 ι
420 5078 592 5143 initio,
622 5095 641 5129 ι
672 5074 727 5129 id
754 5080 865 5137 est,
894 5072 949 5127 in
983 5070 1155 5143 prima
1185 5069 1457 5125 creatione
1485 5086 1503 5119 ι
1535 5077 1589 5122 et
1614 5067 1737 5122 caeli
1768 5086 1787 5118 ι

222 5171 533 5228 materiales
561 5188 580 5223 ‹
610 5175 734 5225 sunt
762 5180 926 5235 opera
960 5178 1216 5219 manuum
1244 5172 1482 5225 tuarum,
1517 5179 1535 5211 ι
1569 5160 1694 5229 quia
1736 5169 1794 5213 tu

220 5278 321 5320 eos
343 5261 516 5318 fecisti
545 5279 558 5315 :
587 5260 681 5316 sed
708 5258 827 5313 ideo
868 5257 943 5311 ita
970 5269 1224 5326 expresse
1251 5251 1398 5309 dicit
1424 5271 1443 5304 ‹
1483 5266 1646 5322 opera
1681 5266 1795 5305 ma-

222 5369 393 5411 nuum
418 5362 652 5416 tuarum,
684 5368 704 5403 ι
738 5349 863 5418 quia
896 5347 1041 5419 quod
1086 5346 1302 5419 dignius
1329 5358 1466 5414 opus
1490 5351 1593 5410 est,
1626 5341 1794 5398 ascri-

222 5447 374 5503 bitur
396 5459 643 5517 personae
667 5442 909 5498 artificis.

300 5538 543 5596 Ostendit
591 5538 759 5592 Deum
796 5534 912 5589 sine
956 5532 1061 5588 ﬁne
1104 5548 1239 5597 esse,
1265 5530 1391 5601 quia
1441 5537 1563 5602 post
1614 5528 1792 5585 omnia

222 5633 348 5696 erit,
372 5647 495 5688 cum
516 5629 644 5685 dicit
671 5647 683 5683 :
721 5647 740 5680 α
772 5627 877 5698 ipsi
914 5646 933 5678 ›
961 5624 1083 5681 coeli
1112 5644 1129 5675 σ
1160 5624 1410 5695 peribunt
1436 5639 1449 5677 :
1482 5641 1501 5673 ι
1527 5614 1631 5675 non
1653 5620 1793 5691 quod

223 5723 524 5780 substantia
554 5728 759 5792 pereat,
801 5718 895 5775 sed
929 5716 1213 5788 qualitates
1256 5714 1624 5770 mutabuntur.
1668 5710 1793 5765 Haec

222 5820 443 5891 quidem
468 5816 739 5880 inferiora,
761 5828 880 5885 qua:
904 5828 973 5868 ex
994 5820 1178 5867 nostra
1204 5807 1534 5864 habitatione
1553 5818 1789 5859 corrum-

222 5920 444 5987 puntur,
468 5924 564 5980 per
586 5909 759 5980 ignem
782 5905 1155 5978 purgabuntur
1182 5918 1194 5956 :
1225 5900 1397 5973 ipsum
1420 5900 1583 5953 etiam
1605 5895 1789 5951 firma-

1896 3427 2118 3493 buntur,
2155 3445 2174 3478 ι
2211 3426 2267 3482 id
2304 3436 2411 3493 est,
2446 3427 2537 3482 illa
2569 3443 2708 3484 nova
2738 3430 3038 3485 immutatio
3063 3432 3395 3501 permanebit
3416 3431 3469 3485 in

1897 3519 1996 3585 eis,
2021 3528 2078 3574 tu
2103 3526 2283 3575 autem
2313 3519 2456 3574 idem
2484 3536 2564 3586 es,
2584 3530 2640 3577 et
2670 3521 2796 3577 anni
2824 3523 2898 3577 tui
2919 3537 3025 3577 non
3054 3521 3322 3578 deﬁcient.

1965 3608 2108 3663 Anni
2132 3610 2211 3662 tui
2257 3618 2382 3663 sunt
2407 3610 2616 3675 aeterni,
2646 3610 2701 3665 in
2731 3625 2839 3680 qua
2883 3611 3180 3665 aeternitate
3212 3630 3231 3662 ι
3261 3610 3470 3666 habita-

1896 3700 2030 3756 bunt
2074 3698 2168 3754 filii
2193 3713 2472 3755 servorum
2518 3710 2763 3768 tuorum,
2795 3720 2813 3752 ι
2840 3701 2892 3755 id
2916 3709 2997 3756 est
3022 3701 3323 3756 imitatores
3346 3717 3470 3757 san-

1899 3800 2107 3848 ctorum
2134 3792 2541 3863 Apostolorum;
2578 3814 2596 3846 ι
2651 3802 2705 3850 et
2759 3808 2943 3849 semen
2993 3808 3201 3860 eorum,
3243 3814 3262 3845 ι
3298 3794 3351 3849 id
3390 3804 3473 3850 est

1897 3884 2038 3940 bona
2064 3886 2309 3956 operatio
2341 3886 2597 3956 ipsorum,
2630 3908 2649 3939 ι
2681 3887 2941 3957 dirigetur
2972 3906 2991 3939 ι
3026 3902 3059 3941 a
3087 3897 3140 3943 te
3182 3888 3247 3943 de
3274 3888 3471 3942 virtute

1898 3976 1953 4051 in
1976 3978 2252 4045 virtutem,
2284 3979 2339 4033 in
2360 3980 2610 4049 praesenti
2627 3989 2684 4035 et
2702 3998 2719 4030 ι
2743 3981 2799 4034 in
2816 3980 3069 4035 saeculum
3093 3999 3112 4031 ›
3136 3978 3374 4035 futurum
3399 3981 3471 4035 di-

1898 4069 2100 4139 rigetur
2124 4088 2136 4123 :
2164 4070 2290 4140 quia
2322 4078 2449 4127 tunc
2479 4087 2585 4127 non
2613 4070 2903 4127 cessabunt
2930 4086 2960 4125 a
2983 4070 3137 4127 laude
3162 4070 3275 4137 Dei,
3301 4080 3356 4125 et
3380 4071 3468 4125 hic

1895 4144 2369 4217 ostenditur‘laetus
2396 4160 2517 4217 ﬁnis
2542 4162 2934 4232 ptenitentium,
2968 4164 3111 4218 sicut
3137 4163 3190 4217 in
3212 4162 3329 4217 aliis
3358 4176 3471 4232 pm-

1898 4254 2284 4311 nitentialibus.

2396 4347 2467 4403 IN
2499 4346 2832 4404 PSALMUM
2869 4346 2978 4402 Cll.

2235 4439 2479 4496 TITULUS
2512 4457 2525 4494 :
2556 4439 2802 4493 Psalmus
2835 4438 2935 4508 ipsi
2961 4437 3152 4494 David.

1974 4546 1992 4578 ι
2028 4527 2278 4585 Benedic.
2306 4530 2347 4584 Ι.
2387 4550 2405 4581 ι
2428 4528 2674 4586 Psalmus
2708 4531 2809 4585 iste
2849 4530 3098 4585 convenit
3145 4529 3312 4585 David
3340 4545 3469 4599 pro-

1898 4616 2092 4686 phetae,
2124 4617 2215 4686 qui
2245 4618 2333 4674 hic
2359 4618 2617 4690 loquitur.
2661 4618 2939 4675 Materiam
2962 4618 3120 4675 habet
3140 4619 3325 4674 laudes
3351 4620 3465 4675 Dei.

1902 4703 2088 4761 Modus
2122 4724 2135 4760 :
2165 4706 2221 4760 in
2247 4708 2420 4777 prima
2466 4717 2641 4779 parte,
2676 4710 2997 4765 exhortatur
3040 4709 3106 4765 ad
3145 4709 3469 4765 laudandum

1902 4795 2088 4865 Deum,
2138 4806 2358 4868 propter
2404 4799 2597 4855 collata
2654 4800 2934 4857 beneﬁcia.
2967 4800 3023 4856 In
3070 4803 3323 4868 secunda,
3351 4818 3471 4872 quae

1902 4883 2090 4954 incipit
2120 4900 2134 4940 :
2171 4905 2190 4938 ‹
2227 4886 2393 4943 Notas
2439 4887 2567 4944 fecit
2619 4888 2732 4943 vias
2783 4905 2931 4957 suas,
2971 4909 2992 4944 ι
3024 4890 3259 4947 ostendit
3288 4891 3471 4947 laudes

1902 4973 1996 5028 Dei
2024 4975 2078 5029 in
2103 4976 2378 5033 beneficiis
2397 4976 2667 5049 prioribus
2684 4979 2893 5035 collatis
2918 4980 3178 5052 patribus.
3202 4979 3260 5034 In
3285 4982 3470 5050 tertia,

1900 5081 2020 5136 quae
2072 5068 2299 5139 incipit:
2350 5090 2368 5122 ι
2404 5070 2709 5128 Benedicite
2759 5073 3021 5138 Domino,
3066 5086 3253 5127 omnes
3295 5072 3470 5143 angeli

1898 5157 2036 5228 ejus,
2077 5179 2096 5211 ›
2127 5164 2363 5219 ostendit
2392 5164 2561 5219 Deum
2604 5165 2810 5220 laudari
2846 5166 2914 5220 ab
2952 5163 3155 5235 angelis
3181 5173 3239 5220 et
3260 5165 3327 5219 ab
3354 5181 3469 5221 om-

1898 5250 2057 5305 nibus
2081 5255 2363 5310 creaturis.
2396 5254 2499 5310 Per
2525 5257 2641 5312 haec
2666 5256 2847 5311 omnia
2869 5255 3096 5310 intendit
3119 5271 3218 5312 nos
3245 5256 3469 5314 invitare

1900 5342 1967 5399 ad
1992 5342 2206 5401 laudem
2228 5346 2342 5403 Dei.

1965 5434 2043 5491 Ac
2071 5438 2115 5492 si
2137 5437 2339 5496 diceret
2364 5456 2378 5495 :
2409 5441 2455 5498 Ο
2483 5461 2500 5495 ‹
2537 5442 2716 5497 anima
2752 5455 2871 5495 mea
2910 5460 2928 5493 ι
2968 5455 3087 5510 quae
3112 5441 3293 5497 multis
3323 5443 3467 5497 curis

1898 5526 2153 5599 implicita
2196 5546 2274 5598 es,
2302 5542 2358 5587 et
2402 5533 2522 5589 aliis
2550 5533 2947 5604 impedimentis
2990 5533 3191 5599 saeculi,
3236 5534 3467 5590 dimissis

1893 5619 2139 5674 omnibus
2161 5621 2298 5688 istis,
2327 5640 2345 5673 ‹
2372 5623 2596 5679 benedic
2625 5622 2864 5687 Domino,
2905 5643 2924 5676 ι
2956 5623 3009 5677 id
3037 5631 3120 5679 est
3166 5624 3320 5678 lauda
3358 5625 3462 5679 Do-

1892 5710 2116 5779 minum,
2144 5721 2199 5768 et
2245 5715 2513 5784 amplifica
2558 5714 2743 5769 laudes
2771 5700 2907 5782 ejus,
2950 5724 3005 5769 et
3029 5714 3320 5769 secundum
3347 5731 3463 5769 om-

1890 5815 1987 5857 nes
2009 5802 2184 5869 vires;
2212 5812 2267 5859 et
2287 5806 2390 5861 hoc
2410 5804 2558 5870 dicit,
2580 5823 2597 5855 c
2620 5814 2673 5858 et
2696 5804 2877 5858 omnia
2905 5819 3023 5874 qua:
3043 5804 3182 5859 intra
3204 5815 3424 5862 mesunt
3440 5826 3460 5856 ι

1888 5892 2206 5949 benedicant
2235 5914 2251 5946 ι
2287 5896 2696 5952 nominisancto
2719 5893 2852 5965 ejus.
2889 5913 2907 5946 ι
