3940 6462
465 434 571 490 539

931 432 1289 490 HAYMONIS
1327 426 1803 485 HALBIiltb‘TA'i‘.
1844 424 2060 482 EPISC.
2098 421 2249 481 OPP.
2287 420 2486 493 PARS.
2520 423 2559 479 ι.
2587 454 2655 464 -
2684 423 3038 481 COMMENT.
3080 426 3248 483 BIBL.

3645 433 3770 491 540

530 554 597 609 Et
626 554 727 608 hoc
768 554 892 623 quia
920 554 1065 609 videt
1106 553 1340 609 maxime
1380 549 1702 613 faciendum,
1731 556 1789 613 et
1825 547 1879 605 in
1926 545 2029 601 hoc
2053 546 2109 606 Α
2200 542 2270 597 Ει
2300 542 2412 610 ipse
2445 560 2463 593 t
2504 542 2762 601 Dominus
2797 561 2817 595 i
2849 551 2933 607 est
2966 564 2985 596 ς
3020 545 3321 615 miserator,
3353 568 3371 600 ι
3404 550 3463 605 id
3496 558 3604 607 est
3659 565 3769 606 ex-

456 645 927 717 perseverandum,
972 646 1266 716 ingeminat
1294 644 1479 699 dicens
1514 657 1531 697 :
1563 661 1581 694 (
1621 639 1873 706 Benedic,
1918 638 2033 695 ani—

456 753 545 792 ma
575 753 717 800 mea,
741 736 1001 801 Domine;
1032 754 1053 788 ι
1079 743 1134 791 et
1160 735 1412 806 supponit
1437 747 1651 801 causas,
1677 732 1895 787 dicens:
1918 748 1936 781 ί
1967 729 2036 783 Et

453 827 566 885 noli
608 828 853 887 oblivisci
875 842 1063 884 omnes
1091 826 1481 882 retributiones
1506 823 1641 894 ejus,
1680 842 1699 876 ›
1736 823 1791 878 id
1826 830 1909 876 est
1940 821 2033 877 be-

456 920 655 976 neﬁcia
678 934 798 991 qua:
841 920 957 990 ipse
1002 919 1179 975 reddit
1204 927 1395 977 contra
1419 916 1704 973 malefacta
1735 929 1856 985 qua:
1895 913 2034 973 faci-

456 1030 581 1071 mus
599 1030 669 1069 ει.

524 1105 850 1174 Exsequitur
868 1104 1254 1159 retributiones
1279 1103 1419 1168 illas,
1446 1115 1570 1158 cum
1596 1100 1726 1156 dicit
1746 1118 1763 1150 ι
1794 1099 1886 1168 qui
1910 1113 2034 1169 pro-

453 1196 674 1265 pitiatur
698 1195 950 1252 erunibus
995 1194 1372 1264 iniquitatibus
1418 1193 1547 1258 tuis,
1583 1212 1602 1245 ι
1652 1191 1859 1247 scilicet
1898 1204 2031 1246 con-

451 1287 614 1342 donat
644 1285 738 1341 tibi
766 1293 985 1356 necata
1003 1302 1018 1350 ;
1039 1292 1095 1341 et
1121 1284 1224 1340 alia
1253 1285 1557 1347 retributio,
1579 1298 1703 1341 cum
1731 1282 1863 1337 dicit
1887 1300 1906 1332 ι
1936 1283 2031 1350 qui

452 1386 605 1434 sanat
630 1388 820 1433 omnes
864 1375 1217 1431 inﬁrmitates
1245 1385 1384 1439 tuas,
1418 1395 1437 1426 ι
1468 1376 1571 1430 boc
1609 1382 1708 1437 est,
1744 1373 1821 1427 ita
1860 1371 2028 1427 stabi-

450 1468 555 1523 lem
590 1479 642 1522 te
668 1466 819 1531 facit,
844 1474 905 1521 ut
921 1465 1039 1535 jam
1065 1465 1456 1521 tentationibu’s
1477 1464 1699 1529 diaboli,
1720 1478 1824 1519 nec
1849 1462 2030 1532 aliquo

452 1557 603 1629 gravi
631 1565 857 1626 peccato
883 1554 1149 1626 permittit
1173 1564 1226 1610 te
1255 1554 1521 1625 impediri.
1550 1552 1667 1618 Vel,
1700 1573 1721 1605 ι
1755 1561 1911 1611 sanat
1942 1552 2028 1609 in-

452 1650 735 1705 firmitates
770 1656 910 1715 tuas,
942 1667 961 1703 ι
988 1649 1119 1718 quia
1147 1649 1362 1707 tandem
1408 1648 1661 1704 liberabit
1702 1654 1755 1701 te
1783 1662 1814 1705 a
1842 1660 2029 1703 corru-

450 1740 760 1810 ptibilitate.

517 1834 681 1889 Aliud
697 1833 829 1888 item
846 1831 1169 1889 beneficium
1191 1833 1332 1902 quod
1351 1831 1479 1889 dicit
1498 1850 1516 1882 ‹
1538 1831 1629 1901 qui
1653 1829 1872 1886 redimit
1893 1847 1911 1881 ι
1930 1844 2028 1901 per

2132 634 2326 690 bibens
2350 634 2546 689 multos
2567 633 2788 690 effectus
2809 637 3215 698 misericordiae.
3244 640 3296 694 id
3313 648 3422 708 est,
3435 642 3635 697 multa
3664 643 3763 699 be-

2131 726 2324 783 neficia
2349 738 2471 797 quae
2518 725 2730 783 confert
2751 727 2908 783 nobis
2930 728 3047 783 sine
3073 729 3266 805 merito
3291 740 3489 788 nostro
3518 774 3539 798 ,
3577 750 3602 785 ι
3641 740 3707 788 et
3733 754 3755 787 ι

2131 822 2275 877 idem
2326 820 2586 877 Dominus
2636 828 2719 879 est
2766 838 2785 874 t
2826 820 3137 879 misericors
3171 841 3190 876 ι
3232 823 3285 885 in
3338 833 3554 880 natura
3614 842 3755 893 sua;

2137 935 2157 968 ‹
2193 915 2542 985 longanimis,
2582 935 2603 967 ι
2634 915 2760 985 quia
2790 923 3068 985 etspectat
3104 932 3204 975 nos
3234 918 3322 975 diu
3352 919 3425 975 ad
3452 921 3756 990 peniten—

2134 1008 2303 1073 tiam;
2337 1026 2355 1056 ‹
2395 1017 2451 1061 et
2484 1026 2503 1058 ι
2531 1006 2676 1061 idem
2724 1006 2841 1079 ipse
2882 1012 2963 1063 est
2998 1006 3139 1063 Deus
3167 1028 3184 1059 ι
3222 1009 3462 1073 multum
3510 1011 3754 1066 miseri-

2132 1114 2273 1163 cors,
2316 1117 2334 1148 i
2384 1098 2509 1168 quia
2557 1097 2870 1167 quotidiana
2924 1105 2980 1153 et
3033 1099 3453 1159 innumerabilia
3501 1112 3746 1175 peccata

2132 1189 2404 1245 condonat
2430 1190 2607 1243 nobis.

2201 1279 2270 1334 Et
2297 1294 2420 1333 cum
2451 1278 2711 1345 Dominus
2735 1278 2851 1333 haec
2877 1276 3141 1334 beneficia
3180 1276 3349 1336 faciat
3371 1280 3573 1346 nobis,
3601 1298 3743 1339 anne

2137 1390 2155 1422 ε
2191 1370 2244 1425 in
2270 1377 2588 1441 perpetuum
2618 1370 2886 1427 irascetur
2906 1368 3099 1425 nobis?
3122 1368 3235 1425 Non
3261 1390 3273 1424 :
3312 1391 3330 1424 ι
3356 1372 3495 1443 quia
3520 1373 3669 1428 licet
3690 1375 3738 1428 in

2130 1462 2387 1531 praesenti
2417 1461 2666 1517 videatur
2706 1461 2897 1526 iratus,
2929 1460 3055 1515 dum
3098 1463 3364 1531 permittit
3400 1479 3507 1519 nos
3556 1464 3738 1518 tribn~

2128 1552 2250 1617 lari,
2282 1560 2460 1607 tamen
2510 1551 2589 1607 ira
2632 1551 2723 1606 iila
2754 1564 2864 1605 non
2894 1548 2999 1619 erit
3027 1559 3309 1621 perpetua,
3344 1554 3447 1609 sed
3510 1554 3732 1608 tandem

2129 1642 2325 1713 eripiet
2349 1658 2450 1698 nos
2475 1642 2545 1698 ab
2568 1643 2713 1699 omni
2745 1656 2905 1714 pcena
2933 1660 2945 1696 :
2979 1650 3035 1699 et
3076 1658 3183 1697 non
3214 1652 3432 1699 tantum
3481 1661 3601 1700 non
3635 1648 3728 1700 in-

2130 1744 2330 1801 scetur,
2364 1735 2478 1800 sed,
2526 1735 2669 1804 quod
2716 1734 2892 1791 minus
2936 1741 3044 1800 est,
3079 1753 3098 1786 ι
3128 1750 3303 1805 neque
3352 1736 3409 1792 in
3460 1747 3726 1791 aiternu

2131 1826 2574 1881 comminabitur.
2611 1844 2630 1878 ι
2660 1823 2765 1892 Qui
2788 1825 2933 1889 enim
2974 1825 3135 1887 modo
3160 1826 3401 1883 minatur
3431 1829 3625 1891 nobis,
3656 1829 3724 1883 di-

448 1923 680 1994 pretium
709 1923 987 1993 sanguinis
1015 1922 1096 1977 sui
1119 1941 1146 1975 t
1187 1923 1353 1977 vitam
1381 1930 1552 1986 tuam,
1588 1940 1607 1973 ι
1640 1921 1692 1975 id
1722 1923 1824 1982 eet,
1854 1919 2029 1990 ipsam
2058 1910 2109 1972 Β
2129 1935 2297 1977 cens:
2321 1920 2434 1976 Nisi
2462 1919 2712 1978 conversi
2730 1918 2963 1986 fueritis,
2984 1929 3158 1977 morte
3186 1920 3535 1987 moriemini,
3560 1937 3721 1993 quan-

450 2015 686 2070 animam
714 2033 735 2067 t
774 2015 841 2071 de
874 2015 1113 2078 interitu,
1149 2034 1167 2069 ι
1199 2015 1252 2070 id
1284 2023 1366 2069 est
1414 2029 1483 2070 ne
1506 2014 1721 2069 tandem
1754 2013 2023 2068 teternali-

449 2114 533 2161 ter
554 2113 779 2176 pereat:
813 2124 832 2157 α
867 2106 960 2177 qui
1002 2127 1021 2157 ι
1056 2107 1220 2161 etiam
1255 2126 1271 2157 ι
1301 2119 1529 2162 coronat
1553 2114 1603 2162 te
1634 2125 1652 2158 ι
1690 2106 1745 2160 in
1773 2104 2023 2174 praesenti

454 2215 473 2250 ι
505 2197 558 2252 in
587 2196 955 2252 misericordia
993 2203 1049 2251 et
1071 2197 1530 2261 miserationibus,
1566 2216 1583 2247 ι
1618 2196 1672 2251 id
1707 2204 1796 2251 est
1839 2194 2025 2252 multis

447 2286 725 2343 beneficiis
758 2302 856 2356 per
891 2287 1316 2342 misericordiam
1355 2286 1582 2342 collatis.
1632 2286 1864 2343 Possunt
1909 2286 2027 2341 bazc

447 2379 553 2434 dici
582 2379 648 2434 de
676 2377 856 2433 futura
895 2377 1026 2441 vita,
1058 2378 1138 2433 sic
1163 2391 1178 2430 :
1203 2375 1307 2443 Qui
1346 2376 1586 2440 redimit,
1636 2376 1690 2430 id
1725 2384 1811 2431 est
1839 2375 1929 2444 qui
1958 2374 2053 2428 υ--

444 2468 600 2523 berat
625 2468 691 2523 de
736 2468 957 2522 interitu
1000 2467 1165 2522 vitam
1195 2477 1365 2533 tuam,
1389 2482 1457 2522 ne
1485 2466 1673 2521 audias
1698 2466 2022 2520 sententiam

441 2572 566 2612 cum
622 2557 821 2613 nudis:
862 2577 880 2608 ι
932 2557 1032 2623 Ite,
1079 2557 1373 2623 maledicti,
1426 2556 1482 2612 in
1539 2557 1715 2627 ignem
1760 2564 2023 2611 aeternum

443 2648 659 2720 (Matth.
694 2649 846 2721 xxv).
878 2669 898 2701 ι
925 2647 1028 2715 Qui
1075 2656 1300 2703 coronat
1335 2656 1406 2713 te,
1439 2647 1566 2717 quia
1608 2648 1681 2703 ibi
1712 2648 1927 2702 ornabit
1970 2655 2023 2702 te

442 2739 814 2795 misericordia
858 2745 914 2795 et
938 2738 1396 2804 miserationibus,
1427 2738 1481 2794 id
1522 2745 1606 2815 est
1638 2739 1760 2809 ’νω-
1809 2738 2023 2799 miseri.

443 2830 683 2885 cordiam
704 2828 982 2891 beneficiis
1011 2829 1173 2884 datis.

514 2924 645 2979 Item
694 2924 799 2981 alia
844 2924 1145 2990 retributio,
1187 2939 1309 2981 cum
1352 2926 1484 2983 dicit
1508 2946 1527 2980 ι
1571 2927 1665 2997 qui
1700 2926 1872 2997 replet
1904 2944 1925 2983 ι
1961 2927 2018 2983 in

443 3018 544 3072 bac
572 3017 683 3071 vita
706 3036 725 3067 ι
765 3017 1092 3074 desiderium
1124 3025 1274 3072 tuum
1318 3017 1375 3073 in
1400 3019 1578 3085 bonis,
1610 3038 1630 3071 ι
1664 3019 1793 3089 quia
1832 3018 2017 3077 multi-

440 3108 608 3179 plicat
626 3106 866 3175 justitias
884 3115 1009 3163 tuas
1034 3122 1132 3177 pro
1159 3116 1284 3163 voto
1309 3115 1423 3169 tuo.
1451 3109 1534 3164 vel
1562 3110 1629 3165 de
1670 3109 1773 3165 alia
1799 3109 1910 3165 vita
1938 3109 2018 3165 di-

442 3208 621 3263 catur,
645 3199 735 3254 ubi
773 3198 1097 3254 desideer
1116 3197 1250 3268 justi
1272 3200 1329 3255 in
1365 3199 1512 3257 nullo
1540 3200 1769 3268 fallitur,
1795 3220 1815 3253 ι
1853 3213 2014 3258 reno-

2128 2012 2307 2083 doque
2332 2010 2564 2067 blandus
2587 2019 2644 2065 et
2662 2010 2813 2065 mitis
2846 2010 3127 2081 apparebit
3154 2012 3333 2071 nobis.

2196 2102 2341 2157 Bene
2363 2102 2485 2156 dico
2505 2101 2648 2171 quod
2669 2099 2931 2156 Dominus
2954 2100 3279 2174 longanimis
3308 2102 3388 2157 sit
3414 2110 3478 2158 et
3509 2103 3713 2159 miseri-

2127 2212 2275 2262 cors,
2305 2197 2431 2265 quia
2464 2216 2481 2246 (
2514 2210 2621 2253 non
2670 2196 2796 2251 fecit
2826 2195 2983 2252 nobis
3010 2197 3307 2261 secundum
3355 2206 3590 2267 peccata
3635 2211 3713 2250 no-

2126 2296 2261 2354 stra,
2295 2306 2314 2341 ι
2354 2286 2911 2358 scilicetoriginalia,
2958 2295 3016 2341 ut
3069 2302 3172 2342 nos
3216 2287 3537 2352 damnaret,
3584 2288 3709 2342 sicut

2123 2386 2341 2448 peccata
2368 2378 2681 2446 exigerent;
2709 2397 2727 2430 t
2768 2393 2941 2447 neque
2978 2397 2998 2431 ι
3031 2377 3193 2434 etiam
3230 2396 3249 2431 ι
3288 2379 3554 2436 retribuit
3572 2380 3710 2434 nobis

2125 2470 2421 2527 secundum
2447 2469 2763 2539 iniquitates
2785 2478 2999 2524 nostras
3036 2489 3056 2521 ι
3083 2470 3351 2534 actuales,
3386 2486 3519 2541 quae
3544 2472 3706 2543 erige-

2123 2567 2244 2615 rent
2271 2568 2331 2615 ut
2362 2575 2461 2614 nos
2482 2574 2698 2630 semper
2722 2561 2779 2617 in
2807 2559 3059 2635 majores
3077 2562 3337 2617 vitiorum
3381 2562 3703 2634 profundita-

2125 2655 2206 2704 tes
2226 2647 2498 2718 dejiceret.

2190 2741 2336 2799 Bene
2360 2743 2483 2799 dico
2512 2762 2533 2795 ι
2570 2758 2679 2801 non
2704 2741 2957 2801 retribuit
2982 2742 3281 2807 secundum
3314 2742 3655 2815 iniquitates,
3680 2761 3698 2795 ι

2126 2855 2144 2888 t
2184 2836 2438 2906 quoniam
2480 2854 2499 2887 ι
2531 2835 2710 2905 potius
2762 2835 3093 2890 contrarium
3138 2832 3299 2900 fecit;
3330 2853 3353 2885 ι
3398 2836 3701 2890 cor-robor»

2118 2927 2227 2994 vit,
2258 2946 2280 2979 i
2318 2927 2372 2982 id
2415 2935 2499 2989 est
2551 2927 2965 2985 immutabiliter
3012 2926 3161 2983 dedit
3201 2946 3219 2978 ι
3276 2926 3695 2983 misericordiam

2120 3033 2296 3085 suam,
2324 3038 2343 3070 ι
2369 3017 2741 3081 remissionem
2764 3026 3130 3090 peccatorum,
3158 3025 3213 3072 et
3239 3017 3348 3077 alia
3373 3034 3696 3090 quaecunque

2116 3108 2398 3175 beneﬁcia,
2431 3128 2450 3162 ι
2490 3124 2652 3181 super
2692 3110 2946 3167 timentes
2971 3124 3049 3175 se,
3086 3128 3107 3162 ι
3148 3109 3205 3164 id
3231 3117 3319 3167 (δι
3357 3109 3429 3165 de
3460 3111 3695 3181 supernis

2117 3202 2268 3256 venit
2284 3201 2376 3257 illa
2402 3200 2913 3259 misericordia.Vel
2936 3216 3059 3257 cum
3080 3200 3213 3255 dicit
3262 3220 3283 3252 ι
3322 3215 3514 3273 super,
3543 3221 3563 3254 ι
3587 3216 3692 3271 pos-

440 3290 659 3345 vabitur
680 3311 699 3341 ι
718 3288 960 3344 etiamin
984 3289 1090 3344 hac
1108 3265 1240 3356 vita,
1260 3310 1278 3344 ι
1302 3299 1362 3346 ut
1379 3292 1556 3361 aquila
1574 3265 1831 3361 juventus
1853 3301 1965 3346 tua.
1991 3311 2011 3343 ι
2041 3265 2093 3335 c
2121 3305 2308 3347 sumus
2338 3290 2637 3364 intelligere
2665 3290 2810 3362 quod
2847 3289 3077 3362 amplior
3098 3290 3171 3345 sit
3208 3289 3303 3344 illa
3330 3265 3687 3346 misericordia

441 3379 645 3436 Natura
671 3379 864 3450 aquila
903 3388 988 3437 est
1030 3389 1087 3436 ut
1114 3381 1169 3436 in
1194 3383 1347 3443 senio
1388 3391 1598 3439 tantum
1645 3384 1696 3440 ei
1736 3390 2018 3441 excrescat

441 3479 677 3529 rostrum
698 3479 754 3526 et
778 3485 984 3543 ungues
1008 3473 1153 3542 quod
1177 3489 1284 3531 non
1308 3474 1484 3544 possit
1511 3489 1571 3530 se
1607 3473 1731 3531 cibo
1758 3475 2012 3542 reﬁcere;

441 3560 683 3617 ascendit
708 3570 886 3621 autem
914 3570 970 3617 et
1015 3573 1149 3619 tune
1167 3564 1427 3625 adversus
1467 3565 1657 3632 solem,
1685 3566 1854 3623 donec
1882 3581 2013 3635 pen-

436 3667 521 3708 na:
549 3669 661 3708 suae
687 3654 867 3710 calore
883 3663 1200 3721 cxurantur,
1228 3665 1283 3712 et
1301 3657 1492 3713 deinde
1518 3657 1731 3713 decidat
1752 3657 1803 3712 in
1829 3658 2013 3717 vivam

437 3736 653 3817 aquam,
677 3748 819 3803 unde
840 3749 1049 3815 exiens,
1080 3750 1224 3804 acuit
1240 3750 1307 3804 ad
1333 3758 1542 3819 petram
1572 3758 1807 3805 rostrum
1833 3758 1888 3805 et
1912 3766 2012 3806 und

437 3853 586 3909 gues,
628 3847 686 3894 et
722 3848 907 3909 postea
941 3841 1123 3895 citum
1146 3842 1387 3912 capiens,
1433 3841 1756 3910 juveneseit.
1796 3841 1874 3896 Ita
1912 3857 2014 3900 nos

436 3928 682 3997 occupati
709 3928 892 3985 multis
916 3930 1176 3999 peccatis,
1201 3946 1325 3985 cum
1366 3940 1611 3985 tenemur
1656 3932 1711 3986 in
1743 3939 2011 3988 vetustate

434 4013 585 4081 Addi,
623 4015 931 4071 accedimus
964 4016 1032 4070 ad
1054 4014 1349 4082 Christum,
1375 4018 1469 4087 qui
1493 4027 1577 4072 est
1602 4032 1764 4072 verus
1792 4018 1890 4084 sol,
1916 4035 2011 4074 cu-

429 4106 518 4177 jus
560 4106 740 4161 calore
771 4114 826 4161 et
868 4106 1137 4162 infusione
1174 4108 1364 4177 gratiae
1394 4117 1612 4178 peccata
1651 4119 1837 4167 nostra
1877 4126 2009 4168 exu-

435 4206 657 4262 runtur;
686 4205 741 4251 et
773 4198 896 4252 inde
952 4198 1106 4267 aquis
1152 4198 1405 4267 baptismi
1450 4198 1711 4267 lavamur,
1744 4200 1866 4257 inde
1914 4217 2005 4257 ro.

434 4297 608 4345 strum
646 4289 947 4352 incurvum,
979 4290 1034 4345 id
1074 4296 1157 4345 est
1202 4290 1401 4347 malam
1429 4291 1874 4346 consuetudinem
1912 4306 2007 4346 no»

433 4388 603 4438 stram
624 4380 877 4437 illidimus
900 4390 953 4437 et
975 4381 1362 4455 confringimus
1385 4392 1571 4457 petrae,
1594 4384 1649 4441 id
1662 4391 1750 4439 est
1770 4383 2002 4447 Christo,

431 4474 517 4531 cui
549 4488 648 4530 nos
674 4472 1093 4541 conformantes,
1118 4484 1437 4535 vetustatem
1471 4476 1790 4545 deponimus
1818 4485 1875 4532 et
1913 4477 2006 4546 jn-

430 4566 769 4621 venescimus
802 4583 816 4620 :
845 4564 931 4620 vel
971 4580 1254 4636 possumus
1299 4566 1482 4623 dicere
1515 4567 1582 4622 de
1617 4566 1707 4623 tali
1734 4568 1860 4632 vita,
1912 4568 2003 4629 ubi

427 4661 685 4731 juventus
709 4671 895 4716 nostra
926 4662 1292 4728 movebitur,
1318 4662 1532 4732 quando
1567 4661 1998 4733 impassibilitate

430 4762 486 4810 et
515 4751 918 4807 immortalitate
947 4751 1251 4808 induemur.

498 4844 642 4900 Bene
663 4844 804 4909 dico,
832 4843 1000 4914 replet
1031 4845 1375 4910 desiderium,
1425 4845 1553 4915 quia
1594 4846 1706 4916 ipse
1730 4856 1814 4902 est
1842 4866 1861 4898 ι
1898 4848 1999 4903 Do-

428 4938 609 4994 minus
634 4935 834 4992 faciens
860 4935 1285 5001 misericordias;
1317 4946 1372 4991 et
1402 4956 1421 4991 i
1444 4938 1610 4992 etiam
1633 4938 1839 4996 faciens
1867 4958 1886 4991 t
1911 4940 1999 5010 ju-

426 5029 648 5094 dicium,
687 5047 707 5081 ι
733 5028 789 5084 id
824 5036 908 5082 est
961 5026 1249 5082 vindictam
1279 5047 1296 5072 ι
1327 5028 1577 5084 omnibus
1615 5030 1861 5100 iniuriam
1898 5046 1996 5101 pa-

425 5119 701 5176 tientibus.
736 5136 757 5170 ι
792 5116 943 5175 Unde
983 5115 1269 5187 Apostolus
1307 5134 1321 5170 :
1351 5135 1370 5169 ι
1406 5117 1534 5173 Mitti
1578 5119 1890 5185 vindictam,
1937 5131 1997 5177 et

425 5225 526 5280 ego
547 5208 859 5272 retribuam,
889 5209 1021 5265 dicit
1053 5208 1313 5265 Dominus
1346 5207 1515 5278 (Rom.
1549 5225 1647 5277 xu;
1678 5208 1870 5266 Each.
1911 5228 1992 5279 ix;

428 5303 579 5356 Deut.
612 5302 805 5369 xxx“).
841 5319 860 5352 ι

496 5411 516 5443 ι
548 5392 728 5445 Notas.
768 5410 786 5441 ι
819 5389 950 5445 Pars
992 5391 1247 5446 secunda.
1300 5391 1428 5447 Dico
1455 5393 1627 5464 replet
1664 5393 1990 5451 desiderium

426 5490 594 5541 tuum,
609 5490 664 5536 et
689 5480 803 5550 ipse
823 5478 1112 5535 Dominus:
1136 5479 1264 5536 fecit
1286 5480 1453 5553 Moysi
1474 5491 1632 5537 notas
1648 5483 1767 5538 vias
1787 5499 1932 5552 suas,
1958 5505 1993 5539 ι’

422 5574 474 5627 id
500 5581 597 5636 est,
627 5580 891 5643 praecepta
913 5587 1009 5626 sua
1041 5612 1054 5626 .
1081 5581 1137 5627 et
1169 5588 1265 5643 per
1292 5573 1464 5642 ipsum
1490 5573 1707 5644 Moysen
1725 5584 1884 5632 notas
1906 5578 1984 5632 fe-

421 5663 494 5717 cit
527 5682 546 5715 t
586 5662 710 5718 filiis
752 5662 930 5728 Israel,
967 5682 986 5715 ι
1008 5664 1063 5718 id
1095 5672 1183 5718 est
1223 5663 1417 5733 populo
1455 5662 1700 5730 Judaico,
1737 5685 1757 5717 ι
1796 5669 1985 5724 volun-

424 5760 561 5808 tates
585 5768 735 5820 suas,
769 5773 789 5806 ›
819 5754 874 5809 id
896 5762 983 5810 est
1014 5754 1143 5824 quid
1164 5754 1306 5810 Deus
1333 5754 1491 5811 vellet
1519 5754 1698 5812 facere
1728 5760 1979 5830 populum

421 5844 591 5906 illum.

2117 3396 2279 3451 quam
2302 3381 2537 3452 dignitas
2564 3382 2967 3454 accipientium.
2992 3381 3060 3437 Et
3086 3381 3225 3439 hanc
3248 3382 3469 3439 scilicet
3489 3383 3676 3437 miseri-

2118 3472 2361 3531 cordiam
2382 3472 2533 3529 dedit
2556 3491 2575 3525 ‹
2608 3474 2903 3533 secundum
2933 3466 3271 3527 altitudinem
3294 3473 3423 3527 caeli
3444 3488 3473 3527 a
3488 3483 3675 3537 teri-ap

2116 3565 2244 3635 quia
2277 3566 2419 3621 sicut
2444 3564 2641 3620 oculum
2680 3564 2842 3621 altius
2864 3558 2941 3620 et
2962 3564 3178 3636 dignius
3203 3572 3289 3621 est
3319 3575 3482 3635 91am
3532 3575 3685 3629 terra,

2115 3666 2169 3712 et
2194 3657 2433 3727 irrigans
2475 3655 2609 3712 facit
2651 3671 2769 3713 eam
2810 3655 3162 3719 fructiferam,
3198 3655 3273 3715 ita
3322 3654 3686 3710 misericordia

2115 3750 2208 3806 Dei
2233 3750 2444 3821 dignior
2466 3765 2629 3820 quam
2651 3750 2762 3804 sint
2784 3749 2858 3803 illi
2879 3749 2972 3818 qui
2995 3748 3284 3819 recipiunt,
3302 3758 3355 3803 et
3369 3748 3564 3819 pluens
3584 3746 3691 3819 spi-

2112 3840 2293 3907 rituali
2320 3855 2463 3905 rore,
2486 3841 2649 3897 corda
2670 3855 2857 3899 eorum
2884 3840 3213 3895 fructificare
3246 3839 3377 3893 facit.

2180 3932 2325 3989 Bene
2372 3932 2492 3988 dico
2536 3932 2682 4002 quod
2723 3932 2864 3988 Deus
2909 3952 2927 3984 t
2965 3931 3324 3988 corroboravit
3360 3929 3673 3985 misericor-

2109 4023 2273 4089 diam,
2298 4044 2317 4076 ›
2349 4025 2555 4081 scilicet
2578 4028 2705 4095 quia
2739 4046 2757 4076 ι
2795 4027 2950 4097 longe
2970 4026 3096 4081 fecit
3123 4043 3155 4081 a
3183 4027 3336 4082 nobis
3366 4025 3688 4096 iniquitates

2109 4124 2346 4180 nostras,
2378 4135 2398 4167 ι
2431 4116 2483 4170 in
2516 4104 2724 4172 iantum
2756 4136 2773 4168 ι
2813 4127 3071 4187 quantum
3094 4126 3250 4173 ortus
3276 4118 3438 4175 distat
3471 4119 3545 4173 ab
3590 4135 3684 4174 oc-

2109 4204 2339 4260 cidente.
2374 4225 2393 4257 »
2411 4206 2552 4263 Bene
2577 4207 2792 4277 quidem
2821 4224 2920 4263 nos
2948 4218 3227 4280 comparat
3246 4211 3538 4274 occidenti,
3562 4213 3684 4282 quia

2107 4294 2237 4349 dum
2264 4295 2317 4349 in
2370 4298 2607 4366 peccatis
2662 4298 2881 4365 fuimus,
2913 4300 3066 4370 quasi
3116 4300 3372 4357 occidens
3417 4317 3682 4358 eramus:

2105 4384 2231 4452 quia
2279 4386 2582 4456 cognitione
2629 4395 2684 4441 et
2736 4386 3017 4461 splendore
3050 4390 3163 4443 veri
3214 4388 3399 4456 Solis,
3454 4393 3547 4462 qui
3610 4403 3685 4448 est

2106 4473 2270 4541 Deus,
2296 4492 2401 4532 non
2427 4476 2834 4545 illuminamur;
2868 4481 3091 4535 remotis
3124 4497 3255 4538 vero
3282 4484 3682 4553 iniquitatibus,

2107 4567 2262 4634 quasi
2291 4568 2474 4623 oriens
2512 4567 2640 4623 facti
2670 4584 2876 4636 sumus,
2907 4572 3032 4641 quia
3067 4571 3183 4643 jam
3220 4571 3517 4643 splendore
3548 4574 3686 4633 Solis

2096 4656 2320 4726 justitia:
2351 4660 2692 4714 irradiamur.
3570 4658 3579 4667 '

2176 4749 2305 4805 Dico
2339 4769 2357 4802 ι
2391 4750 2548 4823 longe
2597 4750 2907 4822 iniquitates
2930 4752 3078 4821 fecit,
3120 4774 3139 4807 ι
3177 4765 3234 4812 et
3280 4757 3447 4813 etiam
3496 4770 3682 4828 postea

2103 4854 2225 4894 cum
2251 4839 2592 4909 deliquimus,
2629 4860 2647 4892 t
2686 4843 2937 4899 misertus
2962 4855 3046 4902 est
3068 4846 3327 4907 Dominus
3367 4850 3683 4906 timentibus

2103 4945 2179 4995 se,
2208 4933 2477 5001 quomodo
2520 4934 2805 4990 miseretur
2832 4944 2985 5006 pater
3012 4938 3268 4997 filiorum.
3302 4962 3322 4994 ι
3352 4942 3507 5009 Sicut
3536 4947 3682 5001 enim

2103 5031 2256 5091 pater
2282 5023 2567 5092 aliquando
2604 5025 2799 5081 blande
2840 5029 3149 5085 consolatur
3178 5030 3340 5101 filios,
3384 5034 3681 5106 aliquando

2098 5114 2185 5185 pie
2217 5122 2340 5170 voto
2372 5116 2760 5173 recordationis
2781 5118 3030 5190 castigat,
3055 5120 3128 5175 ita
3158 5120 3299 5197 Deus
3334 5139 3393 5178 se
3424 5125 3685 5182 timentes

2097 5207 2219 5265 ideo
2240 5208 2455 5280 quidem
2494 5210 2779 5272 miseretur
2808 5230 2827 5262 ι
2859 5213 3112 5281 quoniam
3156 5214 3271 5285 ipse
3310 5222 3568 5290 cognovit
3615 5220 3682 5273 ti-

2094 5307 2370 5369 gmentum
2413 5308 2674 5365 nostrum,
2704 5319 2724 5354 ι
2753 5301 2805 5357 id
2849 5309 2955 5369 est,
2986 5304 3052 5359 de
3089 5303 3265 5377 fragili
3291 5310 3516 5364 materia
3575 5327 3679 5367 nos

2094 5390 2341 5459 cognovit
2363 5405 2502 5457 esse,
2532 5391 2657 5460 quia
2685 5407 2785 5447 nec
2810 5408 2906 5462 per
2928 5410 3025 5451 nos
3062 5397 3445 5461 tentationibus
3472 5416 3675 5473 possu-

2092 5495 2212 5537 mus
2238 5482 2511 5535 resistere.

2159 5572 2300 5627 Bene
2346 5572 2465 5629 dico
2494 5573 2741 5643 cognovit
2767 5589 2864 5631 nos
2901 5572 3231 5646 figmentum,
3284 5576 3409 5649 quia
3446 5578 3679 5637 confor-

2091 5660 2253 5719 taudo
2276 5676 2393 5728 nos,
2427 5682 2445 5714 ‹
2476 5664 2788 5721 recordatus
2813 5675 2897 5721 est
2934 5687 2950 5718 ι
2983 5669 3074 5739 qui
3114 5668 3396 5725 videbatur
3437 5671 3672 5742 oblitus,

2090 5753 2214 5807 dum
2242 5765 2338 5806 nos
2360 5753 2604 5822 permisit
2645 5756 2700 5809 in
2742 5756 2979 5824 peccatis
3008 5758 3259 5827 detineri,
3288 5779 3306 5810 ι
3338 5761 3605 5831 quoniam
3647 5786 3668 5816 ι

2089 5849 2381 5911 secundum
2406 5865 2510 5907 nos
2542 5870 2561 5904 ι
2593 5852 2769 5924 pulvis
2812 5870 3016 5924 sumus,
3063 5874 3082 5907 ι
3112 5854 3317 5913 scilicet
3363 5872 3463 5913 nos
3509 5856 3678 5917 colli-
