3940 6446
580 412 684 470 545

1039 406 1388 464 HAYMONIS
1425 405 1900 461 HALBERSTAT.
1942 404 2152 460 EPISC.
2195 402 2342 460 OPP.
2387 403 2566 460 PARS
2600 404 2644 459 Ι.
2681 435 2750 446 —-
2787 405 3141 462 COMMENT.
3184 408 3353 463 BIBL.

3730 417 3821 473 544

579 537 685 589 tur,
718 533 772 579 et
799 524 899 578 hoc
930 544 946 572 ι
992 523 1353 586 vehementer,
1390 539 1410 572 ι
1445 521 1500 575 id
1547 527 1668 586 est,
1699 511 2138 574 inscrutahiliter.
2171 519 2221 578 A
2243 524 2465 586 propter
2493 517 2806 589 agilitatem.
2835 518 3154 590 Allegorice,
3189 535 3287 588 per
3317 521 3516 576 nubem
3554 523 3822 593 signiﬁca-

579 616 788 682 Nullus,
811 624 1284 686 quantumcunque
1305 612 1597 684 perfectus,
1629 621 1806 684 potest
1826 611 2148 683 magnitudi-

581 722 706 762 nem
725 705 824 761 Dei
845 704 1319 775 comprehendere.
1345 702 1484 774 Cum'
1509 703 1657 769 dicit,
1692 722 1710 754 ι
1747 703 1889 757 Deus
1918 716 2090 766 meus,
2123 719 2141 751 ι

579 795 757 852 innuit
779 793 922 865 quod
952 794 1065 862 ipse
1093 793 1259 848 Deum
1302 791 1405 847 sibi
1435 791 1592 847 valde
1620 790 1939 846 familiarem
1965 789 2144 854 habet,

580 896 638 943 et
692 887 813 942 ideo
855 885 1075 940 idoneus
1109 883 1180 939 sit
1225 882 1316 953 qui
1363 881 1555 937 debeat
1605 880 1922 937 benedicere
1963 879 2149 936 Domi-

579 996 728 1036 num.
1959 978 1969 990 ’
2121 990 2129 997 ‘

647 1070 793 1125 Bene
846 1068 966 1124 dico
1015 1067 1160 1138 quod
1211 1064 1584 1137 magnificatus
1631 1064 1743 1130 sis,
1789 1062 2038 1133 quoniam
2067 1070 2147 1129 tu,

578 1160 742 1226 Deus,
771 1159 954 1214 omnia
977 1157 1211 1222 creasti,
1246 1164 1300 1211 et
1343 1156 1448 1210 hoc
1489 1161 1596 1219 est,
1629 1173 1647 1205 ‹
1678 1152 2069 1208 confessionem
2097 1159 2152 1208 et

582 1249 855 1313 decorem,
889 1267 906 1299 ›
942 1248 995 1302 id
1023 1255 1124 1313 est,
1147 1253 1425 1321 creaturas
1451 1245 1582 1300 istas
1607 1259 1727 1314 quae
1753 1243 2005 1299 dicuntur
2028 1259 2152 1298 con-

579 1337 742 1401 fessio
768 1346 822 1392 et
866 1337 1049 1402 decor,
1077 1336 1204 1406 quia
1245 1335 1499 1391 decorum
1527 1336 1814 1390 ostendunt
1852 1344 2151 1390 creatorem

582 1443 758 1492 suum,
782 1427 868 1481 vel
892 1430 1017 1496 quia
1042 1427 1170 1498 ipsae
1192 1441 1300 1492 res,
1327 1435 1584 1496 quantum
1611 1426 1678 1480 ad
1702 1436 2148 1492 naturamsuam,

582 1533 702 1589 quae
730 1525 925 1573 creatre
951 1526 1096 1583 sunt,
1126 1517 1361 1586 pulchrae
1389 1525 1444 1572 et
1482 1515 1689 1572 decora:
1714 1527 1858 1572 sunt.
1889 1516 2040 1573 Hanc
2065 1525 2151 1572 ta-

583 1626 706 1667 men
745 1609 1132 1666 confessionem
1165 1617 1194 1661 ‹’
1214 1610 1507 1682 induisti”
1540 1610 1715 1665 nudus
1743 1610 1960 1679 quidem
1995 1617 2049 1664 et
2072 1609 2154 1664 in-

582 1709 826 1764 ornatus,
852 1707 908 1755 et
935 1698 1065 1754 nulli
1092 1699 1335 1768 cognitus
1365 1708 1479 1753 erat
1517 1699 1658 1754 Deus
1683 1707 1970 1768 antequam
1999 1713 2152 1753 crea-

585 1801 735 1847 turas
772 1790 1008 1857 faceret,
1048 1790 1141 1846 sed
1175 1803 1268 1845 eas
1301 1799 1489 1860 postea
1533 1790 1738 1857 induit,
1778 1789 1902 1859 quia
1941 1804 2038 1859 per
2064 1804 2156 1845 eas

2250 627 2370 666 mus
2397 609 2670 666 Christum
2693 618 2746 665 et
2772 609 2905 665 alios
2934 619 3154 666 sanctos
3172 651 3187 676 ,
3222 626 3319 681 per
3346 626 3587 681 quorum
3615 614 3819 671 confor-

2249 701 2492 755 mitatem
2517 699 2586 755 ad
2608 699 2776 754 Deum
2813 700 3156 755 ascendimus
3184 718 3197 754 :
3239 715 3336 770 per
3363 710 3596 757 ventum
3633 719 3818 773 penna.

2252 802 2384 859 tum,
2416 793 2624 847 animas
2654 792 2838 848 fideles
2881 793 3178 863 accipimus
3197 833 3213 859 ,
3241 793 3569 864 quaeagiles
3598 806 3752 862 sunt,
3773 809 3815 853 et

2249 884 2446 938 mentis
2471 883 2708 952 agilitate
2738 882 2806 938 ad
2845 884 3012 939 Deum
3039 884 3521 955 contemplandum
3547 886 3749 954 volant,
3772 903 3812 943 et

2247 985 2494 1046 pennata;
2522 986 2647 1032 sunt
2683 977 2864 1032 multis
2891 978 3178 1034 virtutibus
3207 997 3219 1032 :
3253 995 3412 1049 super
3453 995 3602 1049 quos
3645 983 3805 1036 ambu-

2248 1069 2322 1124 lat
2349 1069 2512 1135 Deus,
2536 1070 2660 1140 quia
2687 1077 2742 1126 et
2770 1070 2825 1126 in
2853 1071 2985 1140 ipsis
3009 1079 3093 1127 est
3112 1112 3127 1138 ,
3155 1079 3210 1127 et
3246 1072 3438 1127 melior
3465 1074 3747 1138 omnibus,
3769 1089 3809 1131 et

2249 1177 2346 1233 per
2371 1164 2541 1232 ipsum
2567 1161 2907 1231 adjuvantent
2935 1165 3034 1234 ipsi
3062 1174 3470 1236 promoventur.

2320 1252 2438 1308 Alia
2484 1254 2799 1324 dispositio,
2846 1256 2900 1311 in
2932 1271 3037 1326 qua
3081 1255 3398 1326 magniﬁcus
3440 1265 3508 1312 et
3561 1257 3806 1317 laudabilis

2253 1352 2473 1414 apparet
2515 1345 2655 1400 Deus
2684 1363 2697 1398 :
2727 1345 2870 1415 quod
2893 1346 3023 1401 dicit
3048 1361 3062 1400 :
3099 1365 3117 1398 ι
3148 1347 3240 1417 qui
3280 1347 3414 1402 facis
3445 1349 3696 1418 spiritus,
3720 1371 3737 1404 ι
3765 1352 3802 1406 id

2251 1444 2336 1489 est
2384 1435 2527 1503 ipsas
2563 1434 2830 1504 angelicas
2873 1446 3168 1500 creaturas,
3225 1455 3244 1488 ι
3270 1438 3496 1508 angelos
3548 1450 3690 1504 tuos,
3715 1461 3730 1491 ι
3764 1444 3798 1496 id

2254 1535 2335 1582 est
2384 1527 2526 1595 ipsos
2562 1528 2796 1582 nuntios.
2847 1527 3078 1598 Spiritus
3129 1529 3274 1584 enim
3319 1545 3526 1584 nomen
3557 1541 3638 1586 est
3672 1534 3799 1602 ipsius

2254 1617 2595 1684 substantiae,
2632 1619 2852 1690 angelus
2888 1634 3014 1674 vero
3048 1635 3242 1674 nomen
3273 1619 3434 1676 oﬂicii
3465 1635 3485 1673 :
3532 1641 3554 1672 ι
3582 1632 3635 1675 ει
3661 1625 3794 1692 ignem

2254 1717 2499 1765 urentem
2517 1749 2532 1775 ,
2562 1730 2579 1760 ι
2618 1709 2671 1763 id
2698 1718 2783 1765 est
2803 1749 2819 1776 ,
2849 1710 3022 1780 ipsum
3051 1711 3299 1766 ordinem
3336 1712 3661 1782 angelorum
3679 1756 3691 1778 ,
3716 1717 3791 1769 sci-

2257 1798 2382 1854 licet
2443 1798 2710 1869 seraphim
2736 1840 2752 1865 ,
2821 1800 2913 1870 qui
2962 1800 3152 1855 ardens
3218 1801 3652 1870 interpretatur,
3697 1802 3788 1859 facis

585 1882 828 1953 cognitus
869 1889 924 1937 et
970 1888 1192 1936 ornatus
1237 1881 1502 1950 apparuit.
1541 1878 1622 1932 Tu
1661 1879 1814 1944 dico,
1852 1897 1869 1928 ι
1924 1879 2151 1933 amictus
2177 1882 2226 1942 Β
2259 1907 2277 1940 ι
2305 1889 2598 1955 ministros,
2631 1909 2649 1942 ι
2684 1890 2737 1944 id
2789 1899 2871 1945 est
2904 1906 3000 1961 per
3026 1891 3170 1959 ipsos
3195 1891 3479 1961 dispensas
3517 1901 3579 1946 ei
3610 1893 3787 1961 comples

584 1973 805 2038 lumine,
838 1993 856 2026 ι
895 1973 948 2027 id
977 1982 1093 2038 est,
1123 1972 1395 2029 creaturis
1430 1987 1526 2041 per
1550 1971 1938 2026 habitationem
1983 1979 2150 2038 tuam,

586 2065 677 2134 qui
705 2079 891 2118 verum
922 2063 1100 2118 lumen
1145 2078 1236 2128 es,
1267 2062 1441 2118 factus
1484 2062 1800 2127 luminosus,
1835 2081 1853 2113 ‹
1886 2061 2028 2117 sicut
2060 2076 2154 2117 ve-

587 2156 859 2220 stimento,
890 2174 910 2207 ι
943 2155 1067 2224 quia
1095 2154 1262 2224 ipsius
1289 2153 1551 2209 creaturis
1576 2153 1808 2208 ornaris.
1831 2151 2151 2224 Allegorice,

585 2249 676 2304 hic
701 2263 798 2318 per
825 2245 1218 2302 confessionem
1243 2260 1529 2316 possumus
1555 2245 1803 2315 accipere
1829 2244 2035 2311 fideles,
2063 2244 2154 2314 qui

586 2336 869 2393 Dominum
898 2335 1219 2391 confitentur
1241 2344 1296 2390 et
1321 2335 1561 2390 laudant.
1581 2335 1788 2394 .Decori
1813 2345 1940 2391 sunt
1965 2350 2155 2392 secun-

585 2430 710 2484 dum
746 2427 1063 2483 munditiam
1088 2427 1210 2482 vitae
1251 2441 1392 2492 suae,
1442 2426 1497 2480 in
1543 2441 1649 2496 quo
1691 2427 1856 2481 etiam
1904 2427 2153 2482 decorem

584 2520 700 2590 ejus
744 2519 830 2573 cui
877 2518 1134 2574 serviunt.
1163 2518 1397 2572 maxime
1445 2517 1778 2572 ostendunt:
1819 2517 2024 2572 eisdem
2073 2525 2158 2572 εει

585 2607 726 2664 Deus
751 2609 999 2672 amictus,
1030 2607 1180 2678 ipsis,
1213 2607 1356 2672 dico,
1384 2607 1604 2673 lumine,
1635 2607 1689 2662 id
1718 2615 1820 2672 est,
1854 2607 2154 2674 luminosis,

585 2702 877 2756 secundum
904 2700 1265 2771 cognitionem
1294 2713 1456 2768 quam
1488 2699 1686 2754 habent
1709 2698 1777 2754 de
1806 2698 1919 2755 Deo
1945 2700 2154 2754 habita-

586 2799 723 2855 tore,
758 2789 884 2860 quia
913 2796 1038 2844 sunt
1069 2797 1442 2844 ornamentum
1473 2786 1588 2853 Dei,
1615 2789 1753 2843 sicut
1777 2775 2155 2851 vestimentum

588 2879 817 2949 alicujus
850 2877 1111 2943 hominis;
1164 2879 1304 2934 unde
1338 2877 1603 2948 Propheta
1635 2897 1647 2932 :
1685 2879 1851 2934 «Vivo
1879 2895 2000 2950 ego,
2029 2880 2158 2935 dicit

587 2973 866 3038 Dominus,
923 2971 1050 3041 quia
1105 2971 1192 3026 his
1229 2971 1477 3026 omnibus
1531 2973 1670 3026 sicut
1715 2973 2036 3028 vestimento
2081 2975 2158 3028 in-

592 3063 793 3120 dueris.
823 3082 841 3115 ι

663 3172 682 3206 ι
706 3153 1010 3210 Extendens
1033 3153 1248 3208 caelum.
1265 3172 1282 3204 ι
1310 3152 1554 3209 Ostendit
1579 3154 1981 3226 dispositionem
2010 3157 2152 3224 caeli,

586 3259 685 3316 per
713 3257 877 3313 quam
906 3242 1047 3299 Deus
1078 3243 1450 3314 magnificatus
1479 3254 1723 3314 apparet.
1750 3245 1900 3313 Dico,

587 3334 998 3400 confessionem,
1037 3341 1094 3389 tu
1123 3353 1142 3386 ι
1177 3335 1432 3390 extendes
1479 3334 1674 3390 ccelum
1702 3336 1841 3392 sicut
1873 3338 2100 3407 pellem;
2131 3359 2150 3391 ›

587 3424 729 3480 sicut
766 3424 907 3478 enim
944 3409 1300 3493 pellis‘totum
1341 3424 1539 3480 animal
1570 3425 1828 3494 involvit,
1858 3429 1932 3482 ita
1961 3428 2164 3484 coelum

587 3524 760 3572 totum
787 3515 1044 3570 mundum
1073 3515 1298 3572 includit
1329 3536 1342 3571 :
1377 3525 1434 3572 tu
1461 3518 1610 3586 dico,
1647 3539 1664 3570 ι
1698 3520 1787 3590 qui
1827 3523 1963 3593 tegis
1993 3538 2152 3594 supe-

587 3606 732 3661 riora
757 3605 872 3676 ejus
907 3625 926 3659 ι
961 3607 1082 3663 εωιί
1117 3607 1483 3665 materialibus
1518 3631 1536 3662 ί
1566 3611 1719 3681 aquis
1747 3631 1758 3666 :
1795 3633 1813 3665 ι
1846 3616 1986 3670 unde
2027 3616 2155 3673 alibi

588 3693 764 3772 (Gem,
796 3700 868 3772 1):
898 3701 1065 3770 Aquae
1093 3717 1254 3772 super
1279 3702 1692 3760 firmamentum.
1717 3705 2035 3779 Allegorice,
2060 3724 2158 3779 per

583 3792 779 3855 cmlum
831 3809 1116 3870 possumus
1165 3795 1460 3867 intelligere
1519 3797 1755 3852 divinam
1800 3798 2155 3869 Scripturam,

583 3905 702 3960 quae
749 3892 990 3946 continet
1047 3901 1246 3946 arcana
1294 3886 1534 3942 coelestia
1583 3906 1595 3940 :
1650 3904 1768 3959 quae
1819 3890 1958 3946 sicut
2006 3892 2158 3960 pellis

582 3981 906 4044 extenditur,
938 3981 1063 4048 quia
1094 3995 1191 4035 nos
1225 3981 1460 4051 undique
1489 3978 1664 4035 munit
1688 3986 1742 4032 et
1778 3981 2026 4052 protegit.
2055 3981 2158 4035 Cu-

578 4072 670 4143 jus
713 4070 1004 4139 Scriptura:
1042 4070 1316 4138 superiora
1365 4079 1618 4140 teguntur
1643 4068 1830 4140 aquis,
1861 4071 1986 4140 quia
2031 4071 2160 4142 ipsae

586 4161 882 4231 Scriptura:
925 4169 1142 4230 portant
1177 4162 1330 4217 nobis
1377 4162 1530 4231 quasi
1575 4163 1628 4217 in
1671 4160 1957 4219 manifesto
1989 4178 2158 4233 aquas

584 4251 855 4320 baptismi,
881 4259 935 4308 ut
962 4252 1018 4306 in
1047 4252 1178 4322 ipsis
1205 4261 1422 4324 peccata
1445 4254 1792 4324 deponamus,
1823 4265 1878 4310 et
1899 4255 2158 4325 Spiritum

587 4350 832 4412 sanctum
862 4343 1204 4413 recipiamus.
1227 4343 1627 4420 Attendendum
1649 4345 1790 4414 quod
1818 4344 2051 4402 litteram
2075 4361 2158 4402 se-

515 4481 522 4486 .
591 4434 824 4490 cundum
855 4435 1080 4504 figuram
1113 4437 1369 4508 legimus,
1405 4445 1461 4492 et
1487 4452 1552 4492 ex
1582 4436 1848 4506 aliquibus
1873 4439 2054 4496 verbis
2082 4438 2160 4493 al-

587 4528 841 4598 legoriam
871 4529 1134 4585 trahimus
1157 4529 1462 4600 aliquando.
1489 4528 1583 4586 Vel
1607 4543 1890 4599 possumus
1916 4532 2158 4601 accipere

594 4644 611 4676 ι
645 4625 921 4694 superiora
954 4623 1092 4692 ejus,
1123 4644 1140 4676 ι
1178 4623 1470 4695 Scriptura:
1501 4625 1612 4694 ipsa
1643 4625 1833 4679 altiora
1863 4635 2152 4697 praecepta,
2181 4606 2235 4666 D

590 4712 794 4768 scilicet
827 4713 1166 4770 dilectionem
1196 4715 1288 4769 Dei
1331 4723 1384 4768 et
1413 4715 1672 4782 proximi,
1704 4730 1824 4784 quae
1857 4716 1985 4785 tegit
2013 4716 2155 4772 Deus

585 4805 758 4874 aquis,
788 4805 842 4860 id
865 4812 969 4870 est,
999 4805 1170 4875 replet
1197 4803 1562 4874 spiritualibus
1589 4805 1796 4876 gratiis.

657 4897 904 4952 Ostendit
929 4896 1064 4953 alias
1089 4898 1462 4968 dispositiones
1491 4917 1504 4953 :
1540 4919 1559 4952 ι
1589 4899 1887 4956 extendens
1914 4901 2107 4958 ctelum
2129 4923 2150 4958 ι

584 4987 737 5053 dico,
780 4995 837 5042 tu
867 5005 886 5038 ι
917 4988 1008 5058 qui
1050 4988 1203 5056 ponis
1246 4988 1440 5045 nubem
1487 5005 1768 5046 ascensum
1798 5000 1980 5058 tuum;
2024 5013 2042 5046 ι
2085 4995 2154 5051 ad

584 5079 817 5134 litteram
851 5080 926 5135 ita
954 5089 1104 5146 erat,
1134 5081 1258 5150 quia
1288 5082 1508 5152 angelus
1544 5084 1887 5140 nuntiaturus
1911 5086 2155 5156 patribus

585 5159 786 5226 nostris
831 5171 1160 5228 voluntatem
1207 5172 1340 5240 Dei,
1397 5174 1451 5228 in
1503 5179 1645 5232 nube
1697 5179 2058 5234 descendebat
2101 5188 2157 5236 et

586 5262 940 5328 ascendebat;
972 5264 1114 5319 unde
1144 5265 1199 5319 in
1230 5265 1334 5321 alio
1357 5265 1566 5335 psalmo
1589 5267 1719 5323 dicit
1745 5287 1758 5324 :
1793 5268 1880 5323 «In
1906 5269 2155 5326 columna

584 5353 744 5408 nubis
764 5352 1079 5422 loquebatur
1099 5355 1166 5411 ad
1191 5355 1865 5427 eos(Psal.xcvut,.Num.
1898 5362 2055 5432 χχιι).
2088 5361 2154 5418 Ει

587 5441 763 5499 adhuc
793 5443 1133 5514 magnificum
1156 5447 1323 5502 Deum
1349 5447 1604 5514 ostendit,
1647 5462 1769 5503 cum
1798 5448 1927 5505 dicit
1954 5470 1966 5504 :
2004 5470 2022 5502 ι
2047 5451 2148 5520 Qui

585 5534 828 5590 ambulas
878 5551 1038 5607 super
1077 5553 1282 5607 pennas
1329 5548 1632 5605 ventorum,
1663 5559 1680 5591 ι
1735 5541 1790 5597 id
1836 5552 1949 5611 est,
1996 5546 2155 5603 citius

586 5626 804 5696 perficis
829 5627 1157 5684 voluntatem
1183 5639 1332 5686 tuam
1367 5645 1529 5701 quam
1572 5633 1717 5688 venti
1754 5635 2034 5704 perficiant
2058 5639 2150 5694 ali-

588 5732 750 5786 quem
788 5721 1118 5789 propositum
1145 5737 1392 5790 cursum;
1424 5724 1509 5779 vel
1547 5725 1672 5794 quia
1703 5737 1757 5780 tu
1782 5724 1924 5783 Deus
1957 5729 2154 5799 ubique

588 5820 667 5860 es.
721 5806 877 5863 Venti
922 5810 1228 5867 scribuntur
1263 5813 1483 5882 pennati
1529 5822 1582 5870 et
1633 5830 1664 5870 a
1708 5815 1903 5872 divinis
1951 5807 2162 5888 poetis,

2183 2048 2190 2055 ο
2256 1982 2589 2037 voluntatem
2621 1990 2768 2037 tuam
2800 1982 2856 2037 in
2877 1984 3097 2039 mundo.
3114 1983 3197 2038 Ad
3226 1983 3557 2054 allegoriam
3585 1986 3657 2041 sic
3681 1987 3780 2041 dic:-

2255 2088 2416 2128 mus:
2455 2073 2556 2140 Qui
2583 2071 2718 2129 facis
2743 2073 2995 2143 spiritus,
3028 2093 3047 2126 »
3091 2075 3145 2129 id
3194 2083 3276 2129 est
3319 2074 3641 2144 spirituales
3668 2078 3777 2132 vim.

2255 2163 2472 2233 angelos
2502 2171 2652 2229 tuos,
2686 2181 2706 2215 ι
2755 2163 2880 2233 quia
2914 2178 3012 2234 per
3049 2163 3286 2232 ipsorum
3322 2183 3341 2215 ι
3371 2165 3776 2235 praedicationem.

2255 2255 2544 2310 annuntias
2589 2256 2746 2310 nobis
2791 2264 2936 2310 tuam
2965 2276 2984 2308 ι
3026 2255 3357 2311 voluntatem
3400 2275 3415 2312 :
3461 2268 3526 2313 et
3570 2259 3779 2313 ministris

2256 2354 2378 2400 tuos
2401 2344 2534 2399 facis
2559 2345 2735 2414 ignem
2762 2356 3028 2411 urentem,
3051 2346 3106 2401 id
3127 2355 3230 2412 est,
3258 2362 3528 2404 accensos
3575 2359 3625 2404 et
3644 2350 3776 2418 plenis

2256 2437 2541 2493 dilectione
2591 2437 2706 2504 Dei,
2764 2446 2822 2493 ut
2867 2439 3031 2494 etiam
3067 2439 3200 2497 alios
3232 2452 3394 2497 urant
3439 2451 3501 2497 et
3550 2445 3780 2499 accendant

2256 2531 2323 2586 ad
2347 2530 2690 2585 dilectionem
2725 2532 2841 2588 Dei.

2326 2623 2554 2680 Ostensa
2584 2626 2856 2680 creatione
2903 2636 2957 2682 et
3000 2627 3350 2698 dispositione
3388 2629 3532 2684 caeli
3556 2671 3572 2697 ,
3609 2631 3778 2685 ostendit

2257 2725 2414 2771 terra:
2443 2717 2772 2772 creationem
2800 2726 2854 2774 et
2898 2719 3328 2790 dispositionem,
3361 2723 3420 2777 in
3452 2738 3566 2792 qua
3592 2723 3775 2778 similiter

2257 2810 2684 2882 magniﬁcandus
2717 2813 3063 2884 cognoscitur
3084 2813 3225 2870 Deus
3253 2823 3307 2870 et
3329 2815 3638 2873 laudabilis.
3665 2818 3721 2869 Ac
3747 2819 3775 2868 si

2257 2900 2460 2956 diceret
2491 2919 2501 2953 :
2531 2901 2663 2956 ltem
2696 2911 2916 2972 propter
2952 2905 3059 2960 hoc
3087 2920 3147 2960 es
3176 2904 3584 2976 magnificatus,
3609 2907 3710 2979 quia
3739 2917 3773 2957 tu

2257 3005 2315 3047 es
2367 2992 2457 3047 ille
2521 3013 2538 3045 ‹
2569 2995 2663 3065 qui
2712 2994 2948 3051 fundasti
3004 3006 3205 3052 terram
3263 3012 3434 3068 super
3496 2997 3774 3054 stabilitatem

2257 3101 2433 3151 suam,
2467 3107 2484 3139 ι
2519 3086 2575 3141 id
2608 3094 2709 3154 est,
2734 3089 2979 3144 stabilem
3009 3099 3064 3145 et
3096 3089 3309 3144 firmam
3337 3105 3466 3145 eam
3494 3090 3672 3146 fecisti.
3695 3087 3775 3143 Sta-

2257 3179 2522 3234 bilitatem
2553 3188 2712 3235 terrze
2746 3182 3042 3252 accipimus
3069 3183 3135 3238 ad
3173 3182 3450 3248 litteram,
3485 3183 3778 3254 intelligente

1937 3247 2159 3344 Ψάυίδιί
2185 3251 2232 3317 C
2263 3271 2431 3342 ipsius
2478 3274 2797 3344 gravitatem
2818 3315 2831 3337 ,
2861 3247 2915 3328 et
2952 3275 3092 3330 aeris
3136 3247 3456 3330 circumfusi
3489 3247 3778 3332 sustentatur~

2259 3381 2384 3421 nem
2416 3385 2428 3419 :
2470 3381 2590 3436 quae
2618 3375 2762 3422 terra
2796 3387 2814 3416 ‹
2847 3383 2953 3422 non
2982 3368 3332 3423 inclinabitur
3360 3369 3417 3424 in
3449 3369 3674 3424 saeculum
3697 3384 3782 3422 sae-

2257 3459 2396 3524 culi,
2431 3460 2484 3514 id
2518 3469 2635 3527 est,
2665 3475 2775 3516 non
2818 3460 3142 3516 destruetur.
3174 3460 3329 3517 Licet
3358 3463 3504 3518 enim
3542 3461 3785 3532 aliquando

2259 3552 2491 3621 qualitas
2518 3559 2774 3618 mutetur,
2816 3551 3116 3608 substantia
3161 3561 3344 3609 tamen
3389 3569 3652 3626 nunquam
3675 3554 3783 3623 peri-

2256 3643 2353 3698 bit.
2383 3642 2488 3698 Per
2514 3652 2717 3698 terram
2747 3642 3097 3715 intelligimus
3120 3643 3436 3708 Ecclesiam,
3467 3659 3583 3714 quae
3610 3643 3781 3697 fundata

2255 3745 2340 3791 est
2381 3749 2542 3806 super
2575 3735 2924 3791 stabilitatem
2963 3751 3139 3802 suam,
3192 3737 3248 3792 id
3289 3746 3397 3801 est,
3431 3738 3722 3800 Christum,
3752 3745 3788 3788 et

2259 3827 2372 3897 ipsa
2411 3826 2652 3882 Ecclesia
2701 3842 2806 3882 non
2846 3828 3196 3884 inclinabitur
3225 3831 3280 3886 in
3321 3829 3565 3884 saeculum
3616 3830 3790 3888 saeculi.

2257 3917 2382 3986 quia
2420 3931 2694 3985 nunquam
2732 3917 2908 3987 aliqua
2944 3919 3201 3975 violentia
3248 3919 3424 3975 diaboli
3477 3919 3789 3974 destruetur.

2250 4030 2256 4034 ·
2330 4009 2554 4063 Terram
2576 4008 2831 4075 fundasti,
2871 4029 2890 4061 ‹
2921 4009 3037 4079 ejus
3067 4030 3086 4063 ι
3123 4021 3284 4068 term
3313 4033 3331 4064 ‹
3360 4013 3601 4083 abyssus,
3635 4032 3655 4064 δ
3683 4013 3793 4068 scili-

2257 4106 2344 4153 cet
2381 4097 2657 4163 Oceanus,
2690 4107 2773 4154 est
2806 4117 2826 4151 ‹
2855 4101 3086 4157 amictus
3126 4103 3267 4158 sicut
3297 4103 3692 4169 vestimentum,
3719 4124 3732 4153 I
3755 4104 3788 4156 id

2257 4197 2380 4255 est,
2426 4190 2662 4259 undique
2723 4190 3068 4247 circumdans
3128 4211 3146 4243 ‹
3181 4207 3342 4263 super
3387 4202 3602 4248 montes
3665 4194 3789 4263 ipsius

2256 4291 2417 4336 terra:
2447 4301 2465 4331 ι
2519 4281 2740 4337 stabunt
2791 4297 2943 4351 aqua:
2992 4282 3220 4349 diluvii;
3272 4285 3638 4341 ascenderunt
3686 4287 3788 4339 enim

2257 4390 2410 4446 aquae
2443 4373 2628 4430 diluvii
2677 4389 2838 4444 super
2881 4375 3204 4432 altissimum
3237 4386 3480 4432 montem
3532 4377 3786 4448 quindecim

2257 4467 2452 4522 cubitis
2502 4465 2654 4537 (Gen.
2685 4466 2805 4536 vn).
2832 4465 2967 4522 Cum
2992 4467 3123 4522 dicit
3173 4466 3440 4539 PrOpheta
3473 4471 3544 4525 de
3577 4469 3714 4539 aquis
3736 4467 3790 4519 di

2259 4557 2407 4622 luvii,
2435 4571 2554 4626 quae
2573 4557 2943 4627 praeterieram
2970 4565 3213 4630 tempore
3237 4575 3357 4626 suo,
3381 4563 3544 4631 quasi
3577 4562 3638 4617 de
3660 4559 3791 4614 futuro

2259 4647 2620 4703 annuntians:
2663 4665 2681 4698 ‹
2715 4645 2888 4718 Super
2914 4657 3124 4703 montes
3149 4650 3371 4704 stabunt
3396 4664 3584 4719 aquae,
3619 4669 3636 4700 ι
3670 4646 3792 4702 innuit

2259 4739 2344 4794 bis
2384 4755 2444 4794 se
2485 4739 2664 4808 potius
2693 4739 2758 4794 de
2807 4739 3110 4810 significato
3153 4757 3314 4811 quam
3363 4742 3429 4796 de
3479 4743 3652 4814 ﬁgura
3695 4755 3792 4795 nunt

2260 4843 2448 4901 agere,
2477 4837 2532 4883 et
2557 4829 2677 4884 ideo
2716 4828 3037 4900 inquirimus
3063 4845 3160 4901 per
3182 4832 3364 4886 omnia
3397 4831 3706 4904 allegoriam
3731 4851 3740 4882 :
3762 4838 3796 4880 rt

2259 4917 2555 4974 secundum
2577 4917 2683 4972 hoc
2706 4917 2850 4987 quod
2874 4925 3073 4973 terram
3099 4921 3396 4990 accipimus
3419 4920 3730 4980 Ecclesiam,
3747 4919 3797 4973 sic

2259 5005 2470 5060 dicetur
2485 5023 2497 5060 :
2515 5006 2754 5062 Ecclesia
2777 5023 2882 5063 non
2909 5008 3256 5066 inclinabitur
3277 5011 3332 5065 in
3356 5012 3626 5068 saeculum
3639 5009 3798 5067 seaculi.

2262 5095 2389 5150 licet
2434 5096 2658 5166 abyssus
2695 5095 3099 5166 profundissimi
3123 5139 3138 5164 ,
3186 5099 3242 5153 in
3266 5099 3409 5154 vitiis
3456 5102 3701 5164 scilicet,
3728 5101 3802 5154 sint

2258 5185 2484 5240 amictus
2515 5185 2651 5254 ejus,
2696 5186 2799 5241 hoc
2840 5195 2922 5242 est
2951 5189 3331 5244 vestimentum
3352 5232 3367 5257 ,
3407 5191 3463 5246 id
3496 5201 3621 5258 est,
3665 5205 3803 5262 per-se

2255 5283 2482 5344 quentes
2518 5275 2837 5342 Ecclesiam,
2868 5286 2922 5333 et
2947 5280 3183 5348 undique
3219 5296 3338 5335 eam
3370 5283 3807 5352 persecutionilms

2255 5367 2668 5432 circumdantes,
2699 5369 2839 5424 sicut
2867 5369 3061 5439 aliquis
3085 5373 3407 5429 vestimento
3431 5377 3806 5433 circumdatur;

2259 5468 2312 5514 et
2341 5473 2446 5513 non
2478 5466 2684 5514 tantum
2714 5476 2874 5531 super
2897 5463 3136 5520 minores
3169 5465 3225 5520 in
3253 5465 3520 5531 Ecclesia,
3554 5470 3654 5525 sed
3681 5468 3810 5523 etiam

2259 5563 2420 5619 super
2450 5557 2680 5616 montes,
2713 5550 2766 5606 id
2794 5561 2896 5618 est,
2926 5568 3088 5624 super
3111 5555 3343 5626 majores
3367 5556 3421 5611 in
3449 5557 3726 5623 Ecclesia,
3745 5571 3811 5609 ve-

2257 5639 2355 5694 luti
2405 5655 2568 5710 super
2614 5641 2761 5712 ipsos
2808 5644 3110 5713 apostolos,
3147 5647 3365 5701 stabunt
3398 5651 3631 5707 assidue
3678 5651 3816 5718 impu-

2258 5739 2482 5803 gnantes
2512 5748 2664 5802 aqua:
2688 5774 2703 5800 ,
2736 5735 2790 5790 id
2818 5743 2901 5790 est
2923 5776 2937 5801 ,
2974 5745 3350 5806 persecutores
3392 5739 3720 5812 demergere
3749 5753 3816 5790 vo-

2258 5822 2450 5891 lentes,
2478 5823 2642 5882 veluti
2671 5825 2834 5893 Nero,
2860 5829 2952 5898 qui
2986 5829 3338 5900 corporaliter
3366 5830 3598 5889 Petrum
3630 5843 3687 5890 et
3710 5832 3820 5888 Pan-
