3940 6508
165 504 290 561 545

1345 504 1781 562 EXPLANATIO
1815 503 1885 560 ΙΝ
1916 505 2254 566 PSALMOS.

3325 513 3432 568 546

164 618 292 671 lum
329 615 546 672 occidit.
573 615 742 686 Aquae
774 615 1022 680 stabunt,
1050 614 1143 670 sed
1173 615 1302 685 ipsae
1325 631 1478 686 aquae
1508 636 1527 668 ι
1556 617 1762 689 fugient
1784 622 1837 682 Α
1862 618 1950 673 siti
1979 635 2096 685 sua,
2130 621 2182 675 id
2213 629 2315 687 est,
2358 622 2482 678 licet
2506 621 2826 676 naturaliter
2847 620 3054 688 sitiant,
3103 629 3158 676 et
3183 623 3283 679 sibi
3309 639 3434 694 pro-

168 707 247 762 ab
285 705 659 776 increpatione
687 713 798 770 tua,
821 724 838 754 ι
873 705 1011 759 sicut
1036 703 1164 773 ipsa:
1192 720 1345 773 aqua:
1370 705 1554 759 diluvii
1585 719 1761 760 reces-

169 806 378 856 serunt
413 806 469 853 et
502 796 776 868 fugerunt,
823 813 853 851 a
881 797 992 850 Deo
1021 795 1202 859 missis
1225 797 1401 852 ventis
1430 797 1718 868 increpata:
1742 814 1757 864 ;

167 899 230 946 et
271 891 406 960 ipsae
453 903 604 958 aqua:
640 905 661 940 ‹
691 887 1079 953 formidabunt,
1107 907 1125 939 ι
1165 887 1219 941 id
1265 895 1347 943 est
1412 887 1761 943 formidantes

169 997 236 1038 se
289 982 615 1046 ostendent,
666 979 979 1035 recedentes
1013 978 1067 1033 in
1113 978 1289 1034 locum
1327 979 1646 1051 pristinum;
1680 999 1699 1030 ‹
1729 994 1760 1033 a

168 1086 316 1127 voce
338 1071 559 1126 tonitrui
584 1063 683 1134 tui,
704 1089 721 1122 ι
753 1069 809 1124 id
833 1079 936 1136 est,
961 1078 1180 1141 propter
1203 1085 1455 1140 magnum
1477 1077 1760 1124 ventorum

168 1159 388 1216 ﬂ‘atum.
437 1161 739 1233 Allegorice
783 1162 908 1216 sic:
958 1159 1337 1215 Persecutores
1379 1159 1632 1215 Ecclesia:
1675 1159 1761 1213 fu-

169 1251 351 1322 gient,
385 1249 438 1306 id
463 1261 564 1315 est,
593 1252 883 1308 cessabunt
908 1266 937 1304 a
970 1250 1342 1322 persecutione
1382 1265 1499 1314 sua,
1536 1269 1554 1300 ‹
1587 1249 1654 1303 ab
1680 1249 1762 1304 in-

169 1345 517 1415 crepatione,
552 1364 571 1396 ι
623 1345 676 1399 id
721 1352 825 1409 est,
874 1351 1095 1413 propter
1145 1342 1565 1397 admonitionem
1614 1350 1758 1396 tuam

169 1437 551 1507 increpantem
593 1450 685 1490 eos
715 1451 730 1490 :
757 1447 814 1490 et
856 1434 1223 1490 formidabunt
1250 1435 1318 1488 ah
1344 1434 1430 1489 his
1455 1448 1575 1504 quae
1619 1433 1759 1488 fece-

169 1537 330 1593 runt,
368 1528 543 1582 territi
572 1543 602 1581 a
629 1541 760 1582 voce
785 1527 1008 1582 tonitrui
1033 1526 1128 1590 tui,
1159 1526 1213 1580 id
1236 1533 1338 1590 est,
1371 1533 1595 1595 propter
1618 1539 1760 1579 com-

168 1619 534 1674 minationem
558 1619 707 1674 futiri
728 1618 937 1687 iudicii.

246 1697 402 1777 Dico,
429 1725 582 1781 aqua:
622 1710 904 1780 fugerunt;
928 1709 1124 1778 quibus
1155 1707 1481 1780 fugientibus
1513 1727 1532 1760 ‹
1565 1722 1755 1763 ascen-

169 1801 313 1856 dunt
340 1810 576 1866 montes,
603 1809 659 1856 et
684 1799 1012 1855 descendunt
1037 1799 1230 1869 campi,
1266 1818 1283 1848 ›
1317 1797 1369 1852 id
1400 1804 1514 1862 est,
1542 1797 1636 1851 alti
1663 1812 1758 1867 ap-

165 1904 392 1963 parent,
412 1908 520 1948 non
548 1906 736 1948 omnes
762 1891 816 1946 in
838 1891 1023 1946 eadem
1049 1889 1349 1954 altitudine,
1380 1889 1463 1944 vel
1487 1889 1542 1942 in
1563 1889 1752 1944 eadem

1859 709 2086 764 missum
2130 709 2382 765 Messiam
2411 710 2618 776 dicant,
2647 720 2829 766 tamen
2867 711 3108 766 videntes
3148 712 3345 782 ipsum,
3376 721 3434 770 et

1861 796 1977 866 ejus
2020 799 2322 854 doctrinam
2377 801 2680 867 audientes,
2748 817 2857 858 non
2897 802 3242 871 exstinguunt
3286 805 3431 859 sitim

1861 904 2034 957 suam,
2082 890 2208 960 quia
2232 891 2407 961 ipsum
2436 891 2710 950 Christum
2742 893 3154 964 Redemptorem
3179 911 3284 951 non
3309 912 3429 952 cre-

1860 981 2013 1047 dunt,
2079 981 2174 1036 sed
2223 982 2615 1052 exspectabunt
2647 984 2892 1040 converti
2946 984 3014 1039 ad
3047 985 3221 1056 ipsum
3259 1000 3431 1056 usque

1858 1071 1914 1128 in
1947 1071 2105 1127 finem
2138 1081 2462 1142 temporum.

1931 1163 2084 1230 Dico,
2131 1179 2283 1234 aquae
2306 1167 2720 1236 pertransibunt
2764 1167 2907 1222 inter
2942 1177 3173 1234 montes,
3199 1169 3265 1224 ad
3289 1168 3435 1226 ιίιιευ

1858 1275 1998 1326 ram,
2054 1269 2109 1316 et
2149 1280 2170 1314 ι
2212 1277 2372 1332 super
2419 1278 2505 1327 ea,
2561 1283 2578 1313 ι
2607 1263 2829 1327 scilicet,
2883 1272 3092 1319 montes
3137 1272 3194 1318 et
3240 1279 3428 1335 aquas,

1864 1371 1882 1402 ‹
1921 1351 2171 1408 volucres
2199 1352 2323 1407 εωιί
2345 1352 2686 1418 habitabunt,
2718 1361 2772 1406 et
2793 1355 2995 1409 dabunt
3029 1370 3186 1410 voces
3216 1371 3341 1411 suas
3364 1356 3432 1412 de

1862 1459 1882 1492 ι
1929 1442 2107 1497 medio
2135 1450 2429 1512 petrarum.
2472 1461 2490 1494 ι
2523 1442 2806 1509 Similiter,
2837 1445 2904 1498 ad
2935 1444 3243 1515 allegoriam
3272 1446 3426 1501 volu-

1856 1545 1979 1586 cres
2007 1531 2151 1598 caeli,
2187 1532 2240 1588 id
2261 1541 2363 1598 est,
2391 1533 2696 1603 spirituales
2721 1534 2846 1600 viri,
2877 1535 2970 1604 qui
2995 1550 3207 1606 semper
3235 1538 3429 1592 coelum

1854 1629 2067 1690 petunt,
2118 1621 2444 1677 babitabunt
2474 1638 2636 1694 super
2661 1640 2748 1690 ea,
2783 1625 2906 1695 quia
2941 1625 3186 1681 reﬁcient
3234 1642 3292 1682 se
3342 1627 3430 1681 illa

1856 1713 2062 1768 caelesti
2105 1713 2347 1769 doctrina
2377 1724 2432 1771 ct
2457 1717 2780 1772 auctoritate
2800 1725 3108 1772 sanctorum
3147 1720 3430 1785 montium,

1855 1813 1910 1859 et
1935 1805 2013 1859 sic
2034 1803 2240 1869 refecti,
2271 1806 2475 1860 dabunt
2507 1822 2668 1862 voces
2698 1822 2847 1873 suas,
2880 1807 2933 1862 id
2957 1816 3058 1875 est,
3089 1808 3274 1864 laudes
3294 1806 3431 1876 Deo,

1861 1915 1880 1948 ‹
1929 1897 1994 1952 de
2034 1896 2212 1951 medio
2257 1904 2556 1966 petrarum,
2607 1916 2626 1949 ι
2675 1899 2729 1953 id
2759 1905 2862 1964 εει,
2913 1898 3207 1954 secundum
3240 1907 3430 1955 aucto—

164 1983 486 2038 humilitate
510 2025 525 2049 ,
575 1983 669 2038 sed
716 2003 733 2034 ‹
761 1983 818 2036 in
862 1981 1038 2036 locum
1086 1995 1245 2049 quem
1292 1979 1528 2035 fundasti
1576 1979 1693 2044 eis,
1729 1998 1746 2029 ι
1781 1983 1828 2042 Β
1856 1986 2072 2041 ritatem
2127 1994 2438 2042 sanctorum
2469 1987 2834 2057 apostolorum
2874 1997 2930 2044 et
2983 1989 3209 2045 aliorum
3247 1987 3428 2061 perfe-

163 2087 340 2148 prout
363 2087 420 2133 tu
449 2077 762 2148 disposuisti
782 2093 894 2133 eos.
920 2076 1018 2133 Vel
1048 2075 1116 2130 ad
1139 2075 1449 2145 allegoriam
1476 2075 1555 2129 sic
1583 2092 1596 2129 :
1624 2075 1752 2130 Ces-

166 2169 422 2224 santibus
450 2169 931 2239 persecutionibus,
969 2176 1199 2233 montes,
1233 2168 1285 2222 id
1310 2177 1416 2233 est,
1449 2167 1657 2238 praelati
1696 2168 1750 2222 in

165 2260 440 2325 Ecclesia,
469 2261 784 2326 ascendunt,
810 2261 1048 2316 eminent
1070 2268 1125 2315 et
1172 2257 1454 2314 manifeste
1494 2259 1752 2328 praedica-

167 2350 311 2404 bunt
338 2366 352 2402 :
385 2357 442 2405 et
467 2350 664 2419 campi,
696 2351 749 2404 id
777 2359 879 2416 est,
911 2350 1158 2415 humiles,
1211 2349 1559 2414 descendunt,
1589 2349 1642 2404 id
1668 2356 1750 2403 est

168 2439 452 2496 humiliter
491 2440 744 2496 obedient
786 2441 898 2496 suis
936 2440 1194 2511 przelatis,
1239 2448 1294 2496 et
1330 2455 1436 2495 non
1467 2455 1657 2495 omnes
1671 2441 1748 2504 tin

167 2535 364 2590 eodem
389 2536 595 2601 ordine,
627 2538 722 2594 sed
757 2539 809 2592 in
838 2537 1014 2594 locum
1042 2552 1202 2608 quem
1235 2537 1472 2593 fundasti
1498 2538 1598 2603 eis,
1623 2537 1749 2608 quia

168 2629 394 2684 altiores
417 2638 541 2684 sunt
562 2629 617 2684 in
643 2629 884 2685 Ecclesia
910 2630 1001 2684 alii
1031 2645 1193 2700 quam
1225 2630 1333 2685 sint
1353 2630 1463 2685 alii.

240 2723 410 2792 Aquae
437 2721 660 2794 fugient,
693 2731 748 2778 et
776 2723 881 2779 illis
913 2743 932 2776 ι
959 2725 1186 2795 posuisti
1226 2725 1513 2779 terminum
1542 2744 1560 2776 ι
1592 2740 1749 2780 ειιιιιιι

167 2813 377 2880 littora,
408 2835 425 2866 ‹
451 2830 611 2885 quem
627 2829 733 2870 non
755 2817 1218 2887 transgredientur
1244 2835 1256 2870 :
1291 2836 1309 2866 ι
1327 2825 1383 2872 ει
1405 2818 1472 2870 ad
1492 2816 1621 2886 quid
1646 2805 1774 2871 hoc.

169 2903 266 2958 fiat
290 2905 547 2970 ostendit,
577 2905 761 2960 dicens
796 2921 810 2959 :
853 2926 872 2958 ι
916 2905 1099 2978 Neque
1126 2916 1509 2963 convertentur
1537 2907 1750 2978 eperire

170 3006 398 3062 terram,
439 3015 459 3049 ι
486 2997 539 3052 id
555 3005 639 3053 est
661 3013 768 3054 non
797 2999 1028 3070 amplius
1047 2999 1302 3055 diluvium
1331 3000 1615 3070 occupabit
1642 3007 1750 3054 ter-

172 3104 291 3143 ram
321 3097 508 3145 totam.
535 3089 796 3145 Similiter
821 3091 888 3145 ad
926 3091 1237 3163 allegoriam
1277 3109 1290 3145 :
1341 3091 1527 3146 Posuit
1569 3091 1749 3146 Domi-

171 3198 274 3236 nus
307 3183 592 3237 terminum
637 3184 1103 3254 persecutoribus,
1137 3198 1295 3254 quem
1326 3201 1433 3242 non
1478 3193 1751 3255 transgre—

170 3271 403 3338 dientur,
429 3273 553 3343 quia
580 3273 712 3327 nulli
739 3275 864 3329 licet
901 3275 1156 3339 insanire,
1197 3275 1299 3328 nisi
1336 3283 1595 3344 quantum
1625 3289 1748 3344 per-

1856 2085 2086 2133 ctorum.

1924 2169 2000 2225 De
2027 2170 2298 2226 montibus
2325 2171 2494 2226 mittis
2515 2171 2690 2228 fontes
2714 2172 2769 2226 in
2791 2171 3123 2228 convallibus
3149 2191 3162 2226 :
3205 2193 3225 2224 (
3271 2188 3429 2228 mon-

1859 2281 1877 2311 ‹
1928 2269 2012 2317 tes
2047 2281 2064 2312 ι
2101 2271 2301 2326 autem,
2326 2263 2393 2316 ad
2419 2261 2652 2316 litteram
2684 2284 2702 2313 ι
2741 2265 2925 2333 rigans
2961 2265 3025 2319 de
3051 2264 3425 2334 superioribus

1857 2371 1876 2403 ‹
1924 2351 2052 2417 tuis,
2085 2372 2102 2402 ι
2129 2351 2181 2406 id
2213 2359 2316 2416 est,
2363 2351 2632 2420 pluvia-de
2655 2353 2793 2407 coelo
2811 2354 3080 2409 veniente.
3115 2354 3213 2410 Vel
3257 2354 3303 2409 si
3333 2356 3427 2412 hic

1851 2444 2134 2509 habemus,
2163 2445 2292 2508 suis,
2335 2445 2439 2498 erit
2460 2444 2514 2499 in
2539 2447 2802 2514 superiori
2824 2446 3024 2512 littera,
3061 2447 3153 2518 qui
3191 2448 3428 2503 emittit:

1851 2544 1906 2590 et
1929 2536 2052 2604 quia
2077 2535 2157 2590 sic
2184 2537 2329 2607 rigas
2350 2544 2564 2591 montes
2597 2522 2861 2602 et'valles,
2904 2538 3026 2594 ideo
3069 2557 3088 2591 ι
3144 2540 3432 2595 satiabitur

1859 2647 1878 2679 ‹
1925 2636 2069 2682 terra
2115 2628 2181 2684 de
2215 2628 2396 2683 fructu
2431 2644 2655 2698 operum
2701 2638 2934 2695 tuorum,
2969 2651 2988 2682 ι
3038 2631 3093 2686 id
3123 2639 3223 2697 est,
3269 2647 3428 2702 quem

1854 2719 2087 2774 fructum
2113 2728 2168 2775 tu
2195 2704 2456 2790 operaris.
2499 2721 2577 2776 Ita
2602 2722 2670 2776 ad
2698 2721 2971 2778 litteram:
3016 2723 3151 2779 Cum
3189 2733 3423 2791 montes,

1853 2809 1908 2866 id
1960 2819 2044 2866 est
2086 2797 2306 2867 altiores
2350 2813 2405 2867 in
2436 2811 2700 2879 Ecclesia,
2750 2813 3063 2884 compluant
3108 2822 3162 2870 et
3201 2815 3428 2886 irrigent

1851 2903 2137 2959 inferiores
2182 2919 2276 2958 sua
2308 2903 2574 2970 doctrina,
2621 2905 2766 2975 ipsos
2804 2914 3019 2962 montes
3059 2906 3248 2978 irrigat
3286 2908 3428 2963 Deus

1850 2993 2086 3064 propriis
2130 2994 2286 3049 donis
2329 3003 2385 3049 et
2411 2995 2859 3065 inspirationibus
2901 2997 3032 3062 suis,
3070 3006 3126 3052 et
3156 3013 3254 3068 per
3300 2999 3424 3062 hoc,

1851 3091 2020 3148 terra,
2045 3083 2096 3138 id
2141 3092 2225 3139 est
2253 3094 2438 3140 sancta
2459 3085 2724 3152 Ecclesia,
2751 3086 3036 3142 satiabitur
3057 3097 3111 3142 et
3133 3089 3431 3158 replebitur

1851 3173 1916 3228 de
1943 3174 2146 3240 fructu,
2174 3174 2226 3228 id
2271 3184 2353 3231 est
2391 3176 2680 3232 virtutibus
2716 3192 2941 3248 operum
2983 3185 3220 3246 tuorum,
3259 3180 3312 3236 id
3341 3191 3427 3236 est

1852 3281 1988 3336 quas
2010 3275 2066 3321 tu
2095 3268 2340 3336 operaris
2360 3269 2414 3322 in
2437 3269 2535 3324 eis.

168 3363 338 3416 mittit
363 3363 536 3428 Deus;
573 3379 748 3434 neque
771 3364 1026 3432 deinceps
1046 3363 1289 3433 operient
1315 3374 1534 3431 terram,
1559 3365 1612 3419 id
1635 3371 1740 3428 est,
1772 3351 1817 3412 C
1917 3358 2063 3414 Bene
2104 3358 2221 3412 dico
2265 3378 2283 3409 ι
2321 3360 2606 3414 satiabitur
2636 3359 2838 3427 fructu,
2892 3381 2911 3413 ›
2959 3363 3085 3432 quia
3123 3371 3179 3418 tu
3206 3363 3348 3419 Deus
3370 3373 3429 3420 es

169 3453 315 3508 nulla
345 3455 598 3510 violentia
629 3454 907 3509 destruent
940 3454 1255 3509 Ecclesiam.

247 3545 401 3611 Dico,
436 3564 456 3596 ‹
489 3545 779 3614 terminum
810 3545 1059 3614 posuisti,
1092 3564 1110 3595 ι
1148 3554 1200 3599 ιιι
1237 3563 1255 3595 ‹
1287 3544 1378 3613 qui
1401 3544 1602 3600 emittis
1628 3543 1744 3599 fon-

180 3655 197 3686 ‹
245 3644 326 3690 tes
347 3635 400 3689 in
415 3634 767 3700 convallibus,
801 3654 818 3686 ι
852 3635 978 3704 quia
999 3635 1350 3690 demontibus
1376 3633 1549 3688 ﬂuunt
1569 3634 1745 3690 fontes

176 3727 230 3781 in
253 3725 448 3794 valles;
481 3734 534 3781 et
568 3745 586 3778 ι
619 3741 771 3796 aqua:
815 3746 832 3778 ι
863 3725 1087 3782 fluentes
1120 3747 1139 3778 ‹
1179 3727 1587 3798 pertransibunt
1623 3746 1642 3779 ι
1679 3728 1745 3782 de

173 3817 294 3872 loco
321 3816 388 3871 ad
423 3816 598 3871 locum
634 3836 652 3868 ‹
700 3817 843 3872 inter
886 3817 1122 3871 medium
1159 3817 1443 3880 montium,
1487 3837 1504 3867 ›
1551 3816 1677 3886 quia
1713 3832 1745 3871 a

173 3909 332 3964 nullis
371 3916 547 3979 potest
574 3908 798 3963 retineri
829 3924 1019 3962 cursus
1040 3925 1248 3963 eorum.
1311 3909 1577 3964 Similiter
1622 3924 1742 3978 my-

176 4002 308 4056 stice
335 4001 533 4056 emittit
557 3999 814 4054 Dominus
843 4000 1041 4065 fontes,
1071 4000 1123 4054 id
1144 4009 1248 4066 est,
1273 4001 1545 4054 doctrinas
1573 3999 1743 4054 ﬂuen-

176 4101 256 4147 tes
283 4092 348 4147 de
378 4091 666 4156 montibus,
697 4091 750 4146 id
775 4100 878 4155 est,
928 4091 994 4146 de
1020 4091 1222 4148 sanctis
1248 4090 1504 4161 apostolis
1546 4099 1600 4144 et
1627 4090 1747 4144 aliis

175 4182 425 4253 perfectis
454 4183 588 4236 viris
617 4183 671 4236 in
695 4182 954 4246 Ecclesia,
996 4183 1051 4237 in
1083 4181 1374 4248 convalles,
1403 4182 1454 4237 id
1485 4190 1588 4247 est,
1641 4182 1748 4262 hu-’

177 4277 329 4332 miles
348 4285 404 4332 et
433 4275 704 4345 simplices
729 4276 878 4330 viros
907 4275 1209 4330 edocendos
1229 4284 1285 4330 et
1308 4274 1742 4339 confirmandos;

175 4378 229 4424 et
258 4369 358 4424 illae
384 4384 562 4439 aquae,
591 4370 694 4424 hoc
721 4376 805 4424 est
825 4368 1102 4435 doctrinae,
1135 4368 1540 4439 pertransibunt
1568 4369 1632 4423 de
1662 4385 1748 4423 re-

177 4461 328 4530 gione
355 4461 410 4515 in
441 4460 738 4531 regionem,
787 4467 842 4514 et
871 4460 970 4515 hoc
991 4459 1134 4514 inter
1175 4459 1411 4514 medium
1453 4461 1745 4525 montium,

179 4553 230 4608 id
259 4562 353 4617 est,
393 4554 768 4622 superborum,
813 4553 939 4622 quia
969 4551 1118 4607 nullo
1138 4552 1298 4607 modo
1320 4551 1538 4621 superbi
1575 4559 1628 4606 et
1653 4567 1747 4621 po—

180 4653 347 4700 tentes
391 4645 549 4716 hujus
592 4644 718 4698 vitae
767 4651 1024 4714 poterunt
1073 4643 1331 4699 doctrinae
1375 4642 1470 4697 Dei
1523 4658 1741 4697 cursum

180 4755 332 4796 suum
356 4738 722 4808 exstinguere.
773 4735 870 4791 Vel
912 4755 929 4786 ‹
966 4737 1106 4790 inter
1127 4735 1364 4790 medium
1392 4735 1677 4801 montium,
1720 4753 1738 4786 ›

181 4833 231 4887 id
270 4840 370 4897 est,
405 4841 711 4886 sanctorum
741 4828 1105 4900 apostolorum
1141 4836 1196 4882 et
1225 4827 1452 4884 aliorum
1479 4827 1745 4896 perfecto-

183 4940 315 4988 rum,
351 4939 580 4994 quorum
628 4921 1038 4976 auctoritatibus
1073 4921 1189 4990 ipsa
1227 4921 1471 4976 doctrina
1512 4921 1744 4976 circum-

183 5012 390 5068 fulcitur
412 5021 465 5068 et
492 5011 807 5068 custoditur.

250 5105 410 5174 Aquae
458 5103 577 5159 dico
637 5104 704 5159 ad
744 5103 976 5158 litteram
1040 5102 1465 5174 pertransibunt,
1525 5110 1581 5158 et
1620 5103 1744 5159 inde

190 5217 207 5250 ι
238 5197 492 5267 potabunt
526 5210 714 5252 omnes
735 5195 920 5251 bestia:
957 5195 1094 5266 agri,
1144 5195 1332 5266 onagri
1373 5213 1392 5245 ι
1443 5202 1643 5258 autem,
1691 5195 1745 5249 id

187 5297 264 5347 est
305 5288 580 5345 silvestres
604 5287 766 5353 asmi,
803 5307 821 5338 ι
860 5287 915 5342 in
942 5287 1031 5342 siti
1061 5301 1182 5353 sua,
1224 5306 1242 5338 ι
1287 5287 1337 5341 id
1366 5293 1448 5341 est
1474 5287 1617 5356 quod
1655 5300 1752 5341 na-

191 5381 427 5437 turaliter
456 5379 677 5444 habent,
711 5399 728 5425 ι
767 5378 1174 5448 exspectabunt.
1212 5397 1230 5428 ι
1256 5377 1410 5433 Licet
1449 5377 1596 5432 enim
1619 5393 1750 5432 ona-

191 5471 266 5543 gri
291 5471 476 5526 sitiant
498 5468 839 5533 naturaliter,
860 5475 1040 5522 tamen
1082 5467 1156 5521 ita
1175 5466 1310 5520 fatui
1331 5475 1477 5533 sunt,
1501 5468 1644 5536 quod
1666 5468 1744 5522 vi-

192 5565 366 5619 dentes
410 5579 625 5634 aquam,
674 5559 927 5616 differunt
975 5559 1119 5614 sitim
1175 5574 1326 5614 suam
1378 5559 1747 5630 exstinguere.

193 5654 263 5709 Ita
291 5654 571 5726 allegorice
598 5653 664 5708 de
697 5667 854 5722 aqua,
883 5650 1091 5705 scilicet
1133 5651 1200 5705 de
1229 5650 1475 5705 doctrina
1501 5650 1616 5715 Dei,
1657 5667 1753 5722 po-

195 5745 370 5800 tabunt
395 5758 583 5801 omnes
612 5744 796 5799 bestia:
825 5741 962 5813 agri,
992 5741 1169 5805 idest,
1209 5748 1451 5811 agrestes
1475 5749 1529 5796 et
1555 5741 1751 5797 bestia-

193 5836 305 5894 liter
327 5839 566 5894 viventes
586 5838 651 5893 dc
676 5835 819 5892 omni
846 5850 1043 5906 genere
1086 5834 1386 5898 hominum,
1423 5833 1586 5889 veluti
1624 5851 1751 5906 gen-

195 5928 851 6001 tiles;onagriautem,id
877 5935 981 5990 est,
1021 5925 1211 5992 Judaei,
1256 5925 1393 5996 pigri
1437 5933 1492 5980 et
1520 5925 1648 5979 fatui
1696 5926 1749 5980 in

1852 3472 1870 3506 ‹
1913 3453 2216 3524 producens
2239 3451 2444 3520 fenum,
2485 3473 2502 3504 ι
2534 3453 2601 3508 ad
2623 3455 2882 3520 litteram,
2931 3476 2949 3506 ι
2986 3454 3267 3525 jumentis,
3307 3476 3326 3508 ι
3373 3457 3426 3512 id

1846 3553 1930 3600 est
1979 3544 2121 3598 unde
2157 3543 2402 3614 jumenta
2423 3554 2730 3614 pascantur,
2777 3565 2797 3598 ι
2832 3554 2888 3602 ει
2918 3547 3139 3602 herbam
3175 3567 3192 3599 ι
3227 3547 3426 3617 produ-

1847 3651 1977 3693 cens
2009 3655 2028 3688 ‹
2077 3637 2320 3692 servituti
2363 3637 2660 3704 hominum,
2725 3657 2742 3688 ι
2801 3640 2926 3709 quia
2960 3648 3256 3709 pascuntur
3303 3639 3428 3695 inde

1847 3741 1978 3782 oves
2013 3734 2068 3782 et
2095 3727 2280 3792 boves,
2320 3735 2376 3782 et
2403 3727 2505 3781 alia
2538 3743 2734 3798 pecora
2759 3744 2878 3797 quae
2910 3731 3153 3784 serviunt
3195 3731 3430 3785 homini-

1847 3818 1951 3873 bus
1976 3835 1988 3870 :
2018 3817 2102 3871 vel
2127 3815 2193 3871 ad
2209 3816 2611 3888 allegoriamita
2641 3835 2654 3870 :
2679 3815 2921 3872 Ecclesia
2951 3817 3254 3884 satiabitur,
3301 3818 3430 3888 quia

1849 3916 1905 3962 tu
1923 3908 2065 3961 Deus
2087 3923 2146 3962 es
2171 3906 2476 3976 producens
2506 3905 2573 3961 de
2598 3906 2712 3976 ipsa
2737 3905 2978 3962 Ecclesia
3001 3905 3208 3974 fenum,
3236 3907 3289 3962 id
3321 3915 3428 3976 est,

1848 3996 2133 4067 corporale
2163 3994 2484 4061 subsidium,
2518 4012 2539 4048 ‹
2571 3995 2822 4051 servituti
2867 3995 3164 4061 hominum,
3209 4015 3228 4048 ι
3261 3997 3314 4052 id
3344 4004 3432 4054 εει

1849 4088 2270 4146 rationabilium.
2311 4086 2466 4142 Facit
2487 4087 2632 4142 enim
2661 4086 2805 4143 Deus
2832 4094 2893 4142 ut
2919 4087 3083 4159 aliqui
3112 4088 3164 4142 in
3186 4087 3426 4146 Ecclesia

1848 4180 2130 4239 beneficiis
2154 4180 2625 4251 eleemosynarum
2655 4187 2958 4236 sustentent
3000 4178 3196 4248 fatuos,
3229 4189 3283 4236 et
3311 4181 3432 4237 inu-

1851 4274 1993 4340 tiles,
2017 4282 2072 4328 et
2095 4273 2285 4336 bonos,
2311 4280 2365 4328 et
2391 4272 2682 4328 rationales
2711 4258 2765 4326 in
2794 4271 3038 4326 Ecclesia
3069 4289 3081 4326 :
3111 4273 3425 4342 praecipitur

1851 4365 1995 4419 enim
2027 4362 2185 4418 nobis
2225 4360 2377 4434 (Luc.
2408 4375 2463 4415 vr
2504 4369 2555 4416 et
2589 4361 2670 4432 ιι)
2707 4361 2838 4415 dare
2871 4359 3264 4432 eleemosynam
3309 4379 3426 4419 om-

1851 4453 1908 4507 ni
1931 4452 2156 4522 petenti.

1921 4545 2004 4599 Ad
2039 4543 2293 4606 litteram,
2344 4541 2499 4612 quasi
2530 4541 2769 4596 diceret:
2814 4540 3002 4596 Adhuc
3026 4550 3106 4609 tu,
3155 4540 3315 4610 Deus,
3362 4546 3427 4599 de

1853 4647 1996 4694 terra
2024 4634 2279 4707 producis
2303 4633 2486 4688 fenum
2513 4632 2792 4702 jumentis,
2824 4639 2955 4698 etc.,
2987 4652 3007 4683 ‹
3040 4643 3100 4686 ιιι
3135 4651 3155 4684 ι
3185 4648 3282 4703 per
3312 4635 3426 4689 haec

1849 4729 1993 4785 culta
2020 4737 2107 4782 tua
2146 4747 2164 4778 ‹
2204 4725 2404 4781 educas
2431 4739 2651 4794 panem,
2690 4742 2708 4775 ι
2744 4721 2973 4789 scilicet,
3011 4724 3343 4781 frumentum
3372 4734 3429 4780 et

1851 4820 2003 4886 talia,
2053 4839 2071 4870 ‹
2108 4818 2172 4874 de
2208 4827 2375 4883 terra,
2411 4835 2428 4867 ι
2500 4835 2517 4866 ι
2559 4824 2614 4870 ει
2647 4816 2803 4885 panis
2839 4835 2856 4867 ι
2909 4816 2974 4870 ad
3016 4817 3119 4872 hoc
3157 4817 3426 4885 educitur,

1850 4925 1910 4971 ut
1936 4934 1955 4967 ι
1994 4913 2280 4970 conﬁrmet
2315 4926 2411 4967 cor
2432 4910 2688 4977 hominis,
2727 4929 2744 4962 ›
2773 4919 2834 4965 ιιι
2861 4911 3058 4967 educas
3082 4912 3149 4966 de
3176 4920 3322 4969 terra
3350 4915 3432 4968 vi-

1848 5023 2002 5073 num,
2038 5026 2057 5059 ‹
2093 5007 2280 5061 vinum
2305 5019 2401 5060 cor
2423 5003 2660 5059 hominis
2688 5002 2940 5069 laetificet,
2983 5023 3002 5056 ι
3041 5005 3180 5059 sicut
3208 5006 3431 5062 realiter

1848 5099 2097 5154 videmus
2123 5106 2279 5169 potos
2304 5095 2552 5150 homines
2575 5095 2701 5150 vino
2728 5094 2920 5151 laetari.

1925 5198 1994 5253 Et
2025 5198 2143 5253 ideo
2181 5196 2436 5268 producis
2462 5197 2645 5253 fenum
2665 5205 2720 5253 et
2756 5196 2858 5251 alia
2887 5195 3145 5266 praedicta
3172 5195 3324 5263 facis,
3367 5207 3430 5253 ut
3471 5181 3477 5187 ’

1853 5290 2054 5346 educas
2083 5287 2262 5342 oleum
2288 5288 2355 5344 de
2382 5296 2546 5356 terra,
2594 5290 2659 5344 ad
2685 5288 2790 5344 hoc
2819 5306 2838 5340 ι
2879 5295 2938 5342 ιιι
2964 5287 3016 5342 in
3038 5287 3158 5345 oleo
3190 5309 3208 5340 ι
3264 5291 3427 5346 homo

1859 5401 1878 5433 ι
1926 5379 2190 5434 exhilaret
2224 5378 2413 5435 faciem
2454 5397 2473 5432 ι
2507 5394 2680 5434 suam.
2710 5377 2914 5432 Natura
2943 5377 3086 5432 enim
3110 5377 3213 5433 olei
3239 5388 3341 5446 est,
3370 5389 3430 5435 ut

1855 5471 2083 5527 multum
2112 5471 2292 5526 foveat
2320 5486 2562 5536 carnem,
2591 5478 2646 5525 et
2686 5467 2876 5523 reddat
2915 5467 3160 5532 hilarem,
3195 5487 3215 5520 ‹
3245 5476 3303 5524 ει
3332 5483 3430 5540 pa-

1859 5581 1878 5614 ι
1923 5562 2008 5617 nis
2036 5577 2132 5616 eor
2159 5561 2394 5617 hominis
2433 5559 2733 5617 conﬁrmet.
2795 5578 2814 5610 ι
2867 5558 3160 5615 Possumus
3198 5561 3265 5614 ad
3293 5560 3426 5616 alle-

1852 5654 2058 5724 goriarn
2083 5653 2155 5707 ita
2182 5653 2361 5708 dicere
2389 5670 2400 5705 :
2445 5651 2525 5706 Tu
2552 5649 2806 5721 producis
2843 5649 3046 5715 fenum,
3079 5651 3182 5706 hoc
3201 5661 3285 5707 est
3310 5667 3428 5708 cor-

1849 5745 2089 5817 poralem
2121 5745 2596 5808 sustentationem,
2628 5743 2695 5798 ad
2721 5743 2822 5799 hoc
2855 5751 2914 5797 ut
2946 5742 3144 5799 educas
3165 5743 3232 5798 de
3254 5752 3422 5814 terra,

1853 5837 1905 5891 id
1945 5847 2028 5893 est
2060 5839 2127 5892 de
2181 5836 2425 5893 fidelibus
2464 5835 2568 5889 illis
2593 5835 2683 5905 qui
2717 5834 2836 5890 aliis
2884 5835 3025 5889 bona
3052 5849 3148 5890 sua
3191 5851 3428 5892 commuo

1852 5929 2056 5994 Dicant,
2089 5937 2299 5999 panem,
2327 5927 2377 5981 id
2402 5935 2485 5981 est
2507 5921 2851 5982 refectionem
2901 5925 2954 5981 in
2978 5925 3427 5999 contemplatione
