3940 6498
498 515 596 573 547

951 511 1302 570 HAYMONIS
1339 509 1814 579 HALBERSTAT.
1853 508 2067 566 EPlSC.
2102 510 2252 568 OPP.
2290 505 2491 567 PARS.
2529 511 2571 566 Ι.
2606 542 2676 552 -
2705 510 3062 568 COMMENT.
3095 509 3263 566 BlBL.

3662 509 3761 564 548

499 634 608 688 Dei.
652 632 785 687 Cum
808 631 951 686 enim
975 628 1092 682 aliis
1120 627 1258 682 bona
1288 641 1384 681 sua
1404 625 1753 691 distribuunt,
1791 640 1849 680 se
1872 625 2060 695 dignos
2087 629 2141 690 Α
2165 625 2372 681 neflciis
2420 625 2724 698 principum
2771 634 2826 681 et
2860 633 3140 696 potentum
3189 623 3468 679 Ecclesire.
3500 631 3761 694 patrono-

496 725 749 786 cfliciunt,
793 722 985 793 quibus
1019 722 1160 775 Deus
1193 717 1552 788 cognitionem
1578 717 1660 771 sui
1683 715 1978 787 largiatur:
2007 723 2066 774 et

497 816 563 869 ad
591 815 692 870 hoc
719 815 846 868 item
875 809 1123 882 producis
1154 808 1357 874 fenum,
1393 815 1452 863 ut
1475 808 1575 878 ipsi
1614 807 1832 878 capiant
1856 807 2059 872 vinum,

495 903 549 958 id
581 912 682 966 εει,
730 902 1064 957 Dominicum
1093 899 1426 969 sanguinem,
1463 907 1518 952 et
1545 897 1673 952 illud
1705 897 1888 951 vinum
1925 896 2062 952 laeti-

495 995 621 1048 ficet
647 1007 740 1046 cor
766 991 997 1045 hominis
1023 989 1264 1044 interius.
1311 987 1588 1042 Lmtantur
1618 987 1709 1056 qui
1733 993 2066 1056 cognoscunt

497 1085 652 1153 digne
681 1081 911 1136 refectos
940 1080 1217 1135 Dominico
1243 1077 1454 1148 poculo.
1497 1077 1631 1131 Item
1657 1077 1722 1131 ad
1757 1078 1858 1131 hoc
1887 1076 2066 1130 educit

493 1175 696 1240 fenum,
723 1183 778 1227 ut
801 1174 901 1243 ipsi
929 1173 1021 1243 qui
1047 1172 1231 1226 fenum
1253 1171 1580 1234 ministrant,
1629 1178 1896 1239 ungantur
1921 1167 2060 1233 oleo,

492 1265 546 1319 id
576 1273 680 1329 εει,
709 1263 910 1333 Spiritu
945 1272 1134 1316 sancto
1162 1279 1174 1314 :
1220 1270 1274 1315 et
1302 1268 1361 1314 ut
1388 1259 1651 1314 exhilaret
1681 1259 1938 1314 Dominus
1977 1257 2061 1313 fa-

492 1358 629 1413 ciem
669 1372 854 1411 eorum
891 1355 1206 1410 interiorem
1233 1354 1286 1408 in
1325 1351 1466 1416 oleo,
1505 1351 1559 1405 id
1584 1359 1687 1416 est,
1733 1351 1857 1420 quia
1883 1351 2065 1406 exsul-

494 1455 668 1501 tantes
694 1454 747 1499 et
775 1445 1017 1498 laetantes
1057 1442 1185 1498 facit
1211 1458 1302 1498 eos
1334 1442 1593 1496 Dominus
1622 1456 1719 1510 per
1751 1441 2061 1496 inhabitan-

495 1545 602 1591 tem
629 1534 906 1606 Spiritum.
934 1534 1079 1587 Dixit
1109 1533 1388 1602 superius;
1418 1539 1476 1585 ut
1501 1533 1699 1586 educas
1724 1549 1742 1583 ›
1769 1546 1982 1600 panem,
2010 1539 2066 1586 et

493 1628 649 1697 panis
685 1627 773 1680 ille
806 1641 899 1681 cor
938 1625 1211 1680 interioris
1233 1624 1466 1678 hominis
1487 1623 1808 1678 confirmet:
1863 1624 2062 1677 conﬁr-

493 1725 710 1772 mantur
731 1718 874 1772 enim
915 1716 1069 1771 bouis
1099 1715 1370 1786 operibus,
1407 1715 1604 1785 quibus
1627 1714 1835 1785 praebet
1877 1713 2064 1786 cogni-

494 1809 696 1864 tionem
733 1808 834 1862 sui.

563 1897 824 1951 Animalia
861 1897 933 1950 ita
979 1894 1253 1952 beneﬁciis
1294 1894 1388 1950 Dei
1439 1895 1728 1960 satiantur,
1773 1903 1829 1949 et
1866 1903 2064 1964 praeter

2165 733 2317 784 rum;
2350 732 2616 787 passeres,
2651 715 2703 771 id
2732 722 2816 772 est
2861 713 3113 782 humiles,
3161 715 3236 769 illi
3285 714 3553 770 videlicet
3594 715 3656 768 in
3679 729 3758 770 ce

2165 807 2297 872 dris,
2355 807 2406 862 id
2435 815 2520 862 est
2557 807 2658 860 sub
2711 807 3018 876 potentibus
3069 805 3227 876 hujus
3253 806 3398 870 vitae,
3445 823 3468 856 ι
3510 804 3756 860 nidifica-

2163 897 2317 954 bunt.
2373 917 2392 950 ι
2438 896 2658 954 Herodii
2697 906 2874 954 autem
2907 898 3117 964 domus,
3151 897 3202 952 id
3232 906 3335 960 est,
3377 911 3534 967 aqua
3587 895 3752 966 bapti-

2164 988 2303 1053 smi;
2338 995 2422 1042 est
2445 987 2552 1042 dux
2586 1002 2772 1042 eorum
2810 1001 3112 1057 passerum,
3155 985 3280 1055 quia
3321 986 3479 1040 ducit
3507 1000 3612 1039 eos
3633 1001 3748 1054 pas-

2165 1093 2316 1134 seres
2357 1077 2425 1132 ad
2455 1077 2620 1132 vitam
2648 1083 2928 1143 aeternam,
2968 1075 3054 1132 vel
3074 1077 3371 1132 secundum
3414 1077 3748 1132 sententiam

2164 1183 2268 1236 qua
2319 1167 2552 1223 diximus
2597 1181 2751 1222 avem
2799 1182 3052 1238 rapacem
3099 1168 3407 1236 herodium,
3457 1168 3744 1224 dicemus:

2162 1257 2417 1314 Passeres
2444 1259 2552 1314 illic
2587 1257 2941 1313 uidiﬁcabunt
2977 1259 3032 1312 in
3060 1258 3255 1323 cedris,
3307 1260 3408 1314 sed
3432 1259 3640 1314 domus
3663 1260 3746 1316 he-

2165 1349 2321 1414 rodii,
2353 1348 2405 1404 id
2435 1357 2517 1404 est
2559 1356 2734 1419 petra,
2759 1364 2879 1419 qua:
2905 1357 2989 1405 est
3009 1347 3275 1415 Christus,
3302 1351 3414 1405 dux
3440 1365 3644 1404 eorum
3664 1352 3742 1405 he-

2165 1440 2461 1505 rodiorum,
2495 1439 2548 1495 id
2573 1447 2677 1506 εει,
2723 1441 3000 1510 rapacium
3032 1449 3086 1496 et
3110 1455 3368 1511 pecorum
3401 1441 3577 1512 hujus
3613 1441 3736 1505 vita,

2163 1545 2299 1600 quos
2322 1531 2471 1586 ducit
2491 1529 2740 1586 Christus
2763 1539 2816 1586 et
2838 1531 2998 1601 regit,
3040 1531 3086 1585 si
3125 1529 3227 1600 ipsi
3263 1531 3328 1584 ad
3357 1545 3489 1585 eum
3526 1545 3739 1586 conver-

2167 1631 2369 1678 tantur.
2416 1621 2626 1677 Montes
2659 1621 2878 1685 excelsi,
2911 1621 2964 1681 id
3008 1627 3092 1676 est
3142 1619 3373 1690 apostoli
3413 1630 3470 1674 et
3523 1620 3618 1674 alii
3637 1637 3738 1691 per-

2161 1713 2290 1771 fecti
2336 1715 2460 1782 viri,
2511 1722 2638 1768 sunt
2687 1713 2881 1779 cervis,
2940 1713 2994 1768 id
3020 1720 3104 1768 est
3152 1712 3261 1767 illis
3288 1711 3613 1767 hominibus
3657 1714 3733 1781 qui

2162 1808 2335 1863 vitant
2363 1807 2539 1863 lutosa
2563 1807 2680 1862 loca
2709 1815 2765 1862 et
2797 1806 3033 1877 spinosa,
3068 1805 3170 1860 hoc
3197 1813 3282 1860 est
3321 1813 3581 1875 peccata,
3613 1802 3730 1858 refu-

2163 1899 2330 1972 gium,
2381 1899 2505 1970 quia
2534 1899 2587 1954 hi
2615 1898 2747 1954 tales
2777 1896 3048 1969 refugiunt
3094 1897 3162 1952 ad
3203 1897 3604 1954 auctoritatem
3627 1912 3730 1967 apo-

492 1990 595 2044 hoc
615 1990 776 2044 etiam
810 2008 826 2039 ι
860 1987 1002 2056 ligna
1023 1987 1198 2057 campi
1239 2005 1256 2039 ι
1285 1987 1351 2040 ad
1377 1986 1632 2048 litteram,
1656 1985 1934 2041 beneficiis
1963 1985 2060 2042 Dei
2088 1978 2137 2039 B
2164 1992 2443 2059 stolarum,
2481 1991 2605 2062 quia
2634 2005 2732 2060 per
2760 2005 2944 2045 eorum
2967 1989 3212 2060 exempla
3251 1988 3418 2044 fidem
3461 2004 3623 2043 suam
3657 2005 3724 2044 ca.

498 2101 516 2133 ς
569 2081 988 2136 saturabuntur:
1039 2098 1058 2129 ι
1107 2078 1380 2132 ministrat
1420 2078 1563 2131 enim
1602 2076 1742 2130 Deus
1771 2086 1826 2130 et
1854 2075 2060 2130 arbori-

491 2172 594 2227 bus
625 2186 844 2225 succum
870 2210 885 2234 ,
935 2177 990 2224 et
1041 2170 1296 2223 humores
1338 2167 1504 2235 alios,
1546 2177 1645 2236 per
1692 2181 1826 2235 quos
1874 2167 2061 2219 vivunt

492 2271 546 2318 et
590 2261 825 2315 fructum
868 2259 1072 2314 faciunt
1123 2276 1138 2310 :
1201 2257 1582 2312 saturabuntur
1635 2274 1653 2306 ‹
1694 2257 1857 2310 etiam
1912 2255 2058 2310 cedri

497 2369 516 2402 ‹
555 2349 744 2405 Libani
780 2364 912 2418 quas
955 2347 1217 2418 plantavit
1267 2366 1286 2397 ›
1332 2346 1621 2410 Dominus,
1675 2344 1932 2416 quoniam
1977 2343 2060 2398 di-

491 2444 704 2514 gniores
733 2450 785 2496 et
811 2441 1144 2510 pulchriores
1166 2438 1509 2493 inveniuntur
1532 2437 1739 2492 cunctis
1763 2437 1883 2492 aliis
1906 2437 2062 2491 arbo—

492 2533 661 2599 ribus,
708 2534 826 2588 ideo
863 2532 1093 2603 speciale
1119 2545 1254 2602 Opus
1291 2530 1386 2585 Dei
1416 2530 1686 2584 dicuntur.
1723 2547 1741 2579 ι
1777 2527 1909 2593 lllic,
1951 2547 1970 2578 ι
2006 2527 2061 2582 id

491 2634 574 2681 est
623 2625 678 2679 in
726 2625 857 2694 ipsis
885 2624 1059 2678 cedris
1090 2642 1107 2673 ‹
1147 2637 1396 2691 passeres
1440 2619 1808 2675 nidificabunt.
1854 2638 1872 2670 ι
1921 2618 2060 2674 Ecce

491 2732 591 2771 nec
615 2717 720 2770 hoc
744 2715 860 2770 sine
881 2713 1232 2783 dispositione
1256 2712 1351 2766 Dei
1372 2711 1451 2766 fit.

563 2807 826 2880 Herodius
855 2805 970 2859 avis
995 2805 1211 2870 dicitur,
1241 2803 1392 2872 cujus
1415 2803 1674 2858 habitatio
1695 2803 1748 2856 in
1774 2802 1927 2872 aquis
1952 2814 2055 2870 est,

490 2905 544 2952 et
587 2903 805 2968 putatur
843 2895 1029 2950 eadem
1055 2909 1173 2949 esse
1201 2909 1319 2964 quae
1349 2902 1432 2948 est
1465 2892 1668 2960 fulica;
1709 2895 1849 2948 unde
1898 2894 2061 2949 habet

492 2987 593 3041 alia
626 2987 944 3051 translatio;
975 3004 994 3036 ι
1030 2985 1204 3038 fulicae
1247 2985 1435 3038 domus
1460 2998 1686 3048 eorum;
1725 3002 1744 3034 ι
1777 2992 1833 3037 ει
1869 2998 2060 3038 εεειιιι-

492 3079 617 3132 dum
643 3079 745 3132 hoc
772 3078 1011 3130 dicemus
1052 3076 1159 3128 ita:
1213 3073 1468 3128 Passeres
1499 3074 1850 3128 nidificabunt
1891 3073 1945 3128 in
1974 3088 2060 3128 ce-

491 3168 645 3231 dris;
695 3186 713 3218 ι
753 3180 938 3221 eorum
971 3185 989 3217 ›
1030 3178 1309 3233 passerum
1343 3182 1362 3215 ‹
1401 3171 1484 3218 εει
1507 3163 1633 3227 dux,
1670 3183 1688 3215 ›
1717 3163 1771 3218 id
1792 3171 1875 3218 est
1914 3163 2057 3219 dele-

492 3268 644 3315 ctaus
671 3274 764 3315 eos
803 3266 859 3314 et
885 3257 1166 3322 reﬁciens;
1194 3275 1213 3308 ‹
1259 3257 1447 3312 domus
1489 3256 1714 3321 herodii,
1754 3273 1774 3308 ›
1808 3257 1912 3312 hoc
1949 3264 2055 3322 est,

2161 2083 2402 2138 stodiunt
2433 2089 2488 2136 et
2519 2089 2755 2136 tuentur.
2784 2077 3098 2138 Herinaceis
3127 2093 3277 2143 vero,
3301 2078 3356 2133 id
3379 2085 3492 2142 est,
3526 2077 3727 2132 hirsutis

2161 2182 2216 2228 et
2247 2171 2479 2242 spinosis
2513 2172 2568 2225 in
2608 2172 2863 2241 peccatis,
2893 2179 2977 2225 est
3007 2176 3184 2240 petra,
3237 2169 3292 2223 id
3334 2177 3445 2234 est,
3473 2168 3722 2229 Christus,

2160 2263 2447 2334 refugium,
2480 2261 2630 2332 cujus
2652 2262 2848 2317 ducatu
2878 2263 3055 2318 securi
3089 2270 3215 2318 sunt
3244 2263 3314 2318 ab
3339 2263 3725 2338 impugnatione

2160 2351 2380 2408 diaboli.

2230 2445 2437 2501 Praeter
2484 2445 2582 2500 has
2615 2443 3017 2514 dispositiones,
3058 2445 3192 2500 alias
3236 2462 3255 2496 ι
3317 2445 3456 2501 fecit
3510 2469 3528 2496 ι
3581 2445 3724 2513 Deus,

2168 2557 2186 2592 ‹
2231 2539 2412 2594 lunam
2447 2558 2466 2592 ι
2501 2539 2858 2605 materialem,
2906 2540 3215 2594 duraturam
3260 2557 3279 2591 ι
3319 2540 3375 2593 in
3407 2550 3673 2608 tempore,
3704 2557 3719 2588 ι

2163 2631 2214 2686 id
2244 2639 2346 2698 est,
2395 2631 2633 2701 quandiu
2687 2640 2896 2701 tempus
2939 2632 3058 2695 erit,
3115 2630 3245 2686 fecit
3290 2650 3311 2682 ‹
3377 2639 3435 2686 ει
3481 2651 3501 2683 ι
3557 2633 3719 2693 solem,

2162 2721 2254 2790 qui
2315 2740 2333 2773 ι
2373 2721 2453 2776 sol
2482 2723 2735 2793 cognovit
2776 2737 3026 2778 occasum
3069 2736 3248 2788 suum,
3286 2741 3304 2767 ι
3363 2721 3500 2791 quia
3534 2733 3626 2790 per
3652 2734 3719 2773 suo

2163 2813 2265 2867 lem
2300 2820 2355 2867 et
2378 2813 2558 2867 lunam
2583 2813 2710 2868 fecit
2751 2813 2892 2869 Deus
2937 2814 3335 2869 vicissitudines
3359 2823 3681 2884 temporum.

2231 2905 2425 2962 Positis
2447 2906 2908 2962 vicissitudinibus
2931 2907 3101 2963 noctis
3126 2917 3181 2964 et
3201 2909 3330 2974 diei,
3355 2910 3599 2964 ostendit
3623 2925 3718 2980 qm

2162 2997 2306 3052 Deus
2353 2997 2617 3066 disposuit
2644 2987 2890 3052 facienda
2924 2999 2977 3053 in
3004 3008 3181 3064 nocte,
3225 3009 3280 3055 et
3313 3011 3510 3071 postea
3542 3019 3651 3074 qua:
3679 3007 3717 3058 in

2162 3086 2266 3142 die.
2319 3085 2481 3154 Quasi
2507 3087 2746 3142 diceret:
2778 3085 2870 3142 Sol
2901 3091 3150 3159 cognovit
3185 3105 3473 3158 occasum,
3515 3107 3619 3162 quo
3645 3111 3714 3147 oc-

2162 3179 2397 3244 cidente,
2431 3198 2450 3230 (
2489 3179 2712 3249 posuisti
2744 3181 3015 3246 tenebras,
3051 3200 3071 3232 ι
3110 3181 3273 3237 veluti
3310 3198 3485 3255 prope
3533 3187 3719 3238 initium

2162 3271 2377 3326 noctis:
2411 3289 2429 3321 ‹
2467 3277 2523 3324 et
2559 3288 2579 3320 ι
2615 3268 2859 3325 (ἰείηάε-‹
2904 3268 3045 3326 facta
3077 3287 3202 3337 nox,
3245 3273 3299 3328 id
3322 3283 3410 3328 εει
3456 3273 3545 3328 illa
3569 3277 3723 3346 major

490 3364 629 3419 aqua
653 3347 716 3402 ad
741 3363 902 3418 quam
929 3348 1152 3402 νθηίυηι
1174 3360 1439 3416 Ρδδδθΐθει
1489 3354 1549 3400 ιη
1575 3347 1699 3401 inde
1729 3363 1787 3402 δε
1807 3346 2056 3403 Γθίῖοίθῐιι
2085 3346 2130 3408 C
2167 3381 2184 3414 ι
2223 3362 2552 3429 obscuratio,
2590 3380 2609 3414 ι
2640 3361 2695 3417 in
2735 3363 2853 3432 ipsa
2881 3374 3038 3419 nocte
3087 3384 3105 3416 ι
3166 3369 3574 3436 pertransibunt
3612 3385 3714 3422 om-

488 3449 544 3497 et
565 3441 846 3507 balneent;
877 3459 896 3490 ι
937 3448 1146 3494 montes
1168 3439 1362 3494 excelsi
1397 3457 1415 3490 ›
1451 3447 1577 3493 sunt
1601 3457 1619 3490 ι
1653 3439 1917 3510 refugium
1941 3455 2060 3496 cer-

493 3550 512 3583 ι
557 3532 660 3596 vis,
703 3550 722 3582 ι
752 3537 828 3596 ιιι,
877 3531 1071 3599 quibus
1094 3529 1411 3583 naturaliter
1439 3529 1653 3599 placent
1681 3540 1957 3599 montana,
2005 3540 2059 3586 et

487 3637 609 3678 cum
633 3630 917 3676 venatores
943 3635 1036 3675 eos
1059 3621 1432 3690 insequuntur,
1463 3620 1674 3692 fugiunt
1711 3623 1778 3677 ad
1807 3631 2052 3692 montes;

492 3735 511 3766 ι
558 3715 876 3780 herinaceis,
917 3715 994 3768 vid
1043 3723 1144 3779 est,
1183 3714 1390 3768 hirsuto
1418 3714 1655 3778 animali,
1710 3722 1792 3769 est
1838 3734 1855 3766 ι
1902 3725 2058 3786 petra

486 3806 769 3877 refugium.
823 3823 841 3856 ι
878 3805 1084 3860 Dicitur
1103 3807 1267 3858 etiam
1298 3805 1555 3860 herodius
1604 3806 1720 3860 avis
1750 3822 1856 3860 non
1884 3822 2054 3877 aqua—

488 3899 618 3963 tica,
663 3898 758 3952 sed
797 3897 949 3952 valde
979 3912 1148 3967 rapax
1197 3907 1252 3952 et
1281 3896 1475 3952 infesta
1511 3897 1839 3963 hominibus,
1871 3907 1926 3953 et
1961 3901 2058 3956 ba-

487 3989 620 4043 bitat
651 3989 703 4041 in
732 3996 882 4057 petra
934 3987 1000 4040 ad
1028 4002 1189 4055 quam
1218 3985 1436 4059 refugit,
1460 3995 1516 4042 et
1543 4003 1731 4043 secura
1767 3997 1869 4055 est,
1898 3991 1943 4044 si
1974 3991 2057 4045 in-

485 4085 642 4150 gruat
666 4078 717 4132 ei
747 4076 1039 4131 necessitas
1063 4094 1076 4129 :
1105 4085 1159 4129 et
1186 4078 1478 4132 secundum
1507 4077 1611 4132 hoc
1636 4078 1866 4144 dicetur,
1899 4097 1919 4130 ι
1955 4080 2053 4136 ἀοι

485 4185 607 4224 ιιιιιε
664 4168 906 4232 herodii,
959 4186 977 4218 ι
1029 4167 1081 4220 in
1132 4182 1238 4237 qua
1286 4169 1493 4224 habitat
1539 4169 1813 4236 herod‘ius,
1872 4189 1892 4222 ‹
1945 4171 2052 4227 dux

487 4267 592 4323 est,
631 4275 651 4308 ι
702 4257 756 4311 id
783 4266 888 4324 est,
920 4256 1184 4312 securitas
1229 4266 1284 4312 et
1328 4255 1572 4313 defeﬂsio
1599 4275 1807 4327 eorum,
1859 4261 1912 4316 id
1947 4273 2052 4329 est,

485 4351 854 4406 herodiorum.
905 4351 987 4406 Ad
1015 4351 1326 4422 allegoriam
1353 4352 1426 4406 ita
1451 4353 1690 4409 dicemus
1722 4373 1735 4408 :
1786 4354 1902 4409 Non
1937 4366 2054 4412 tan-

489 4453 600 4498 tum
635 4444 718 4498 illi'
734 4445 958 4514 perfecti
978 4445 1079 4499 viri
1127 4459 1266 4514 pane
1298 4445 1390 4499 Dei
1432 4454 1486 4500 et
1506 4446 1626 4500 aliis
1652 4446 1927 4504 beneficiis
1957 4449 2052 4504 Dei

486 4536 892 4601 saturabuntur,
917 4536 1012 4590 sed
1040 4535 1185 4604 ligna
1209 4535 1371 4589 etiam
1401 4537 1596 4606 campi.
1629 4537 1748 4592 Alia
1773 4541 2052 4599 translatio

485 4627 650 4682 dicit:
689 4647 705 4676 ι
744 4627 909 4692 silvae,
954 4645 972 4677 ι
1011 4625 1062 4679 id
1097 4633 1198 4692 εει,
1229 4626 1503 4681 silvestres
1524 4637 1577 4682 et
1599 4628 1785 4684 inculti
1824 4633 2051 4700 gentiles

485 4719 729 4774 conversi
776 4718 842 4772 ad
869 4718 1056 4782 Deum,
1113 4738 1130 4769 (
1169 4719 1553 4773 saturabuntur
1596 4736 1734 4790 pane
1768 4722 1864 4777 Dei
1927 4744 1946 4776 ι
1999 4733 2053 4780 et

485 4809 604 4864 aliis
630 4807 996 4877 spiritualibns
1023 4807 1212 4862 donis:
1241 4817 1294 4862 et
1312 4809 1505 4863 cedrus
1546 4809 1758 4877 Libani,
1781 4823 2048 4886 potentes,

484 4910 539 4957 ct
575 4900 690 4965 alti,
727 4908 786 4954 et
820 4899 1089 4954 candidati
1146 4900 1199 4953 in
1249 4901 1602 4971 dignitatibus
1645 4904 1804 4976 hujus
1845 4910 2047 4977 saeculi,

483 5010 619 5066 quas
647 4993 906 5050 Dominus
933 4993 1214 5064 plantavit,
1246 4995 1440 5064 quibus
1479 4997 1740 5062 Dominus,
1761 5001 1908 5057 dedit
1931 5003 2050 5060 illas

484 5087 716 5152 divitias,
748 5101 854 5142 non
890 5086 956 5141 ad
997 5087 1416 5157 superbiendum
1437 5089 1521 5145 vel
1543 5091 1611 5146 ad
1638 5094 2048 5164 opprimendum

483 5179 817 5245 innocentes,
861 5179 952 5234 sed
994 5187 1055 5233 ut
1075 5187 1349 5236 ostentent
1371 5190 1427 5236 et
1455 5181 1747 5238 defendant
1765 5187 1878 5241 suis
1909 5187 2048 5241 divi-

484 5273 572 5328 tiis
594 5272 912 5328 Ecclesiam.
965 5273 1196 5331 Possunt
1242 5277 1460 5346 quidem
1493 5278 1692 5336 divitiae
1743 5281 1904 5354 digne
1948 5285 2046 5339 ha-

479 5365 626 5431 beri;
656 5364 799 5420 unde
833 5363 1163 5434 Apostolus:
1198 5366 1438 5438 Praecipe
1491 5370 1748 5426 divitibus
1801 5389 1907 5428 non
1960 5391 2050 5430 su-

481 5455 644 5522 perbe
685 5469 892 5526 sapere,
921 5471 1094 5526 neque
1123 5473 1342 5528 sperare
1387 5459 1442 5514 in
1477 5461 1683 5516 incerto
1713 5463 2047 5534 divitiarum,

480 5545 575 5599 sed
622 5546 675 5599 iu
724 5545 834 5601 Deo
868 5547 991 5602 vivo
1028 5547 1112 5619 (II
1170 5548 1304 5604 Tim.
1360 5550 1437 5622 γι)
1490 5567 1596 5606 non
1643 5553 1778 5609 dixit
1823 5572 2048 5627 prorsus

480 5636 734 5705 abjiciant
760 5639 992 5707 divitias,
1019 5642 1113 5697 sed
1163 5657 1230 5697 ne
1261 5644 1591 5715 superbiant.
1629 5646 1762 5714 Illic,
1801 5649 1854 5704 id
1880 5660 1961 5707 est
1991 5654 2047 5708 in

480 5727 677 5794 cedris,
707 5729 808 5784 sub
837 5732 1145 5801 potentibus
1200 5733 1360 5804 hujus
1394 5735 1540 5803 vitae,
1568 5751 1836 5808 passeres,
1871 5740 1923 5797 id
1962 5750 2048 5798 est

481 5816 729 5885 humiles,
753 5820 843 5889 qui
872 5821 1091 5892 separvi
1121 5821 1345 5893 faciunt,
1378 5826 1538 5882 veluti
1569 5829 1817 5884 monachi
1845 5839 1901 5886 et
1918 5832 2045 5889 boni

479 5907 744 5975 canonici,
774 5911 864 5981 qui
894 5911 1095 5968 faciunt
1132 5916 1304 5980 nidos,
1334 5915 1388 5972 id
1409 5926 1494 5972 est
1537 5919 1701 5974 cellas
1723 5935 1848 5978 suas
1878 5921 1932 5978 in
1954 5925 2046 5980 be-

2166 3474 2185 3506 ‹
2230 3470 2324 3509 ιιεε
2367 3455 2554 3510 bestiae
2594 3455 2740 3509 silva:
2776 3476 2792 3502 ι
2845 3456 2907 3511 de
2949 3455 3066 3512 loco
3105 3459 3173 3511 ad
3203 3457 3406 3513 locum.
3453 3458 3548 3514 εει
3577 3460 3718 3513 enim

2160 3547 2508 3617 dispositione
2555 3547 2649 3602 Dei
2680 3557 2890 3619 tempus
2939 3549 3066 3604 illud
3091 3550 3350 3606 idoneum
3405 3554 3458 3608 in
3497 3569 3602 3624 quo
3629 3553 3722 3608 ille

2159 3641 2345 3696 bestiae
2374 3641 2474 3696 sibi
2497 3650 2743 3710 quaarant
2766 3642 2990 3697 victum.

2229 3733 2475 3789 Ostendit
2503 3734 2570 3789 de
2606 3734 2801 3803 quibus
2840 3735 3053 3789 dixerat
3077 3735 3283 3798 bestiis,
3325 3735 3550 3803 scilicet,
3586 3757 3605 3788 ι
3647 3753 3731 3792 ειν

2160 3823 2255 3877 ιιιιί
2307 3823 2521 3878 leonum
2555 3842 2573 3874 ι
2628 3833 2682 3877 ει
2731 3824 2828 3893 ipsi
2877 3822 3061 3880 leones
3095 3827 3504 3893 pertransibunt,
3550 3836 3608 3880 et
3652 3828 3730 3881 si-

2159 3913 2360 3968 militer
2401 3914 2521 3968 alia:
2550 3914 2734 3968 bestia:
2775 3935 2792 3965 ι
2848 3915 3123 3984 rugientes
3163 3937 3184 3970 ι
3233 3927 3282 3972 ει
3307 3917 3600 3973 clamantes
3651 3919 3730 3974 ad

2159 4006 2348 4074 Deum,
2405 4007 2472 4061 ad
2525 4005 2627 4060 hoc
2690 4008 3098 4076 pertransibunt
3152 4017 3213 4063 ut
3270 4027 3288 4060 ι
3347 4010 3558 4079 rapiant
3626 4011 3732 4066 sibi

2158 4112 2340 4152 escam
2397 4108 2451 4154 et
2486 4108 2730 4169 quaarant
2787 4117 2805 4150 ι
2849 4114 2966 4154 eam
3029 4119 3050 4153 ι
3106 4117 3134 4155 a
3177 4101 3308 4157 Deo.
3355 4119 3376 4153 ι
3427 4101 3546 4157 Non
3588 4106 3727 4158 enim

2158 4191 2355 4246 habent
2400 4191 2500 4246 sibi
2544 4192 2742 4258 cibum,
2794 4192 2896 4246 nisi
2946 4191 3038 4247 Dei
3071 4195 3447 4263 permissione.
3492 4193 3729 4252 Punicus

2156 4285 2301 4339 enim
2335 4283 2478 4338 Deus
2516 4284 2740 4354 alicujus
2759 4285 3010 4356 pauperis
3041 4266 3256 4354 delicta,
3288 4290 3562 4357 permittit
3581 4307 3728 4346 ovem

2157 4389 2308 4428 suam
2351 4373 2433 4428 vel
2458 4373 2661 4444 aliquid
2691 4375 2794 4430 tale
2818 4391 2848 4429 a
2879 4375 3003 4445 lupo
3032 4379 3302 4432 consumi.

2231 4487 2248 4520 ι
2298 4469 2460 4524 Ortus
2507 4478 2588 4524 est
2634 4469 2735 4535 sol,
2788 4490 2806 4521 ι
2861 4480 3077 4526 ostensa
3123 4473 3478 4543 diSpositione
3545 4479 3728 4542 noctis,

2155 4563 2390 4618 ostendit
2420 4563 2822 4632 dispositionem
2855 4565 2994 4630 diei;
3029 4566 3181 4634 quasi
3207 4567 3416 4623 diceret
3454 4589 3465 4622 :
3493 4570 3573 4625 lla
3606 4573 3664 4625 fit
3687 4574 3730 4626 in

2158 4662 2336 4731 nocte,
2359 4668 2480 4708 cum
2503 4664 2681 4708 autem
2716 4674 2734 4706 ‹
2761 4664 2910 4711 ortus
2929 4666 3011 4711 est
3035 4657 3138 4724 sol,
3154 4667 3207 4713 et
3227 4665 3546 4734 congregati
3567 4674 3689 4718 sunt
3713 4683 3728 4714 ι

2157 4746 2319 4802 catuli
2342 4746 2577 4814 leonum,
2609 4767 2626 4799 ι
2658 4755 2714 4802 ει
2735 4749 2790 4803 in
2811 4750 3077 4806 cubilibus
3099 4753 3211 4807 suis
3239 4754 3681 4812 collocabuntur.
3714 4777 3729 4809 I

2226 4835 2357 4892 Orto
2387 4837 2520 4904 sole,
2579 4846 2634 4892 et
2658 4839 2732 4893 ita
2759 4837 2945 4895 bestiis
2974 4841 3249 4898 collocatis
3301 4863 3320 4895 ‹
3361 4847 3538 4900 exibit
3582 4850 3734 4904 homo

2155 4926 2222 4982 ad
2275 4943 2410 4997 opus
2455 4944 2609 4983 suum
2655 4938 2710 4984 ει
2757 4930 2823 4985 ad
2887 4933 3254 5000 operationem
3299 4951 3458 4991 suam
3500 4956 3518 4990 ι
3561 4941 3734 4994 conti-

2157 5021 2427 5076 nuandam
2488 5039 2506 5072 ι
2545 5036 2714 5091 usque
2734 5023 2802 5077 ad
2832 5038 3131 5094 vesperam.
3172 5045 3189 5076 ι
3225 5026 3524 5085 Possumus
3559 5032 3637 5086 ita
3665 5031 3740 5087 di.

2154 5126 2277 5166 cere
2312 5110 2379 5165 ad
2415 5111 2723 5183 allegoriam
2770 5131 2781 5166 :
2820 5113 3068 5170 Christus
3125 5115 3298 5172 factus
3329 5129 3412 5173 est
3469 5123 3738 5193 refugium

2155 5200 2480 5266 herinaceis,
2510 5201 2564 5256 id
2595 5209 2697 5268 est,
2727 5205 3135 5273 peccatoribus;
3165 5223 3261 5275 per
3289 5209 3392 5264 hoc
3437 5213 3590 5279 quod
3621 5213 3742 5267 fecit

2155 5291 2356 5355 lunam,
2383 5292 2436 5346 id
2465 5301 2566 5358 est,
2598 5293 2916 5362 Ecclesiam,
2945 5312 3065 5366 qua:
3091 5296 3216 5353 licet
3239 5312 3455 5356 crescat
3481 5313 3534 5356 et
3553 5306 3745 5360 decre-

2155 5393 2272 5439 scat
2293 5385 2431 5438 sicut
2468 5385 2613 5450 luna,
2668 5396 2846 5442 tamen
2875 5390 3089 5444 durabit
3123 5391 3175 5445 in
3211 5400 3474 5463 tempore.
3529 5393 3651 5460 Sol,
3695 5398 3744 5452 id

2154 5487 2238 5532 est
2280 5476 2545 5544 Christus,
2599 5480 2689 5548 qui
2736 5485 2818 5536 est
2859 5497 3019 5537 verus
3054 5483 3154 5550 sol,
3204 5504 3221 5536 ‹
3267 5490 3527 5558 cognovit
3581 5507 3747 5546 occa-

2160 5585 2300 5635 sum,
2337 5590 2356 5622 ι
2395 5571 2446 5625 id
2474 5579 2577 5634 est,
2615 5574 2883 5641 ιιι-εεεείνὴ
2910 5585 3136 5631 mortem
3169 5593 3355 5644 suam;
3403 5587 3460 5633 et
3494 5596 3602 5651 per
3645 5584 3748 5639 hoc

2154 5667 2399 5714 mortuus
2420 5659 2539 5727 fuit,
2562 5661 2688 5731 quia
2706 5671 2782 5729 tu,
2800 5665 2956 5731 Deus,
2986 5687 3003 5720 ι
3023 5668 3244 5736 posuisti
3263 5670 3521 5725 tenebras
3539 5690 3559 5723 ι
3587 5674 3751 5745 igno—

2155 5747 2345 5802 rantiae
2378 5749 2433 5802 in
2459 5751 2711 5808 cordibus
2731 5752 3055 5822 Iudaeorum,
3101 5759 3224 5812 dum
3252 5758 3531 5816 Christum
3564 5767 3751 5820 medio

2154 5852 2276 5893 cum
2305 5853 2463 5894 suum
2495 5856 2602 5897 non
2629 5855 3014 5916 cognoverunt.
3040 5848 3108 5903 Et
3131 5848 3274 5904 facta
3301 5861 3384 5906 est
3414 5866 3544 5917 nox,
3577 5855 3638 5910 id
3665 5868 3750 5910 est

2078 6010 2094 6028 ‘
2155 5930 2464 5997 excaecatio,
2507 5933 2561 5987 in
2597 5936 2849 5991 cordibus
2884 5937 3140 6008 ipsorum,
3190 5942 3314 5996 dum
3348 5941 3639 5999 Christum
3697 5949 3752 6001 in
