3940 6512
235 496 351 553 549

1406 496 1844 556 EXPLANATIO
1872 498 1945 555 IN
1981 496 2319 558 PSALMOS.

3382 510 3486 566 550

231 617 473 664 mortem
512 605 795 676 dederunt,
840 616 897 665 et
930 608 987 665 in
1034 610 1150 680 ipsa
1200 617 1360 665 nocte
1396 611 1811 680 pertransibunt
1838 614 1885 673 Α
1912 618 2089 679 gente,
2117 617 2477 678 praetereunt;
2513 626 2545 661 ι
2569 618 2623 665 et
2645 609 2759 664 haec
2779 609 2957 665 omnia
2992 628 3012 665 ι
3060 612 3273 669 scilicet
3312 614 3480 673 draco

232 715 431 755 omnes
458 698 645 756 bestiae
666 701 831 769 silvae,
855 702 910 759 id
939 712 1021 758 est
1052 702 1323 759 daemones
1352 703 1460 759 late
1487 705 1811 768 discurrerit,

230 801 511 862 putantes,
565 801 778 849 mortuo
809 790 1050 861 Christo,
1097 806 1257 864 quem
1288 794 1543 850 videbant
1593 810 1810 850 causam

1920 710 1974 757 et
2008 701 2262 756 anima‘lia
2318 720 2337 753 ς
2371 709 2685 772 exspectant
2725 718 2753 757 a
2784 710 2836 759 te
2865 713 2926 759 ut
2950 705 3043 760 des
3069 704 3175 761 illis
3212 721 3390 763 escam
3429 709 3485 766 in

1915 800 2176 860 tempore.
2229 809 2248 843 ι
2276 792 2371 847 Vel
2402 807 2688 862 possumus
2709 794 2788 850 sic
2817 795 3130 851 continuare
3157 814 3168 850 :
3214 795 3292 852 Tu
3318 798 3482 868 Deus,

230 884 406 939 totius
434 882 677 954 justitiae,
720 898 829 940 suae
855 886 1110 956 potentiae
1141 900 1301 941 omne
1320 876 1613 941 humanum
1643 901 1812 958 genus
1912 882 2004 951 qui
2040 879 2217 936 fecisti
2244 891 2443 936 aeterna
2475 883 2528 937 in
2562 884 2847 952 sapientia,
2882 884 3058 942 fecisti
3094 888 3342 945 manibus
3379 892 3484 948 tuis

228 973 551 1029 derelictum
580 973 762 1031 fuisse.
814 975 1147 1032 Determinat
1187 989 1283 1047 per
1325 979 1588 1048 quasdam
1630 986 1811 1048 partes

227 1078 374 1133 quas
400 1064 489 1120 hic
518 1064 748 1136 accipiat
767 1064 995 1133 bestias,
1024 1082 1143 1123 cum
1173 1067 1308 1122 dixit
1331 1084 1345 1121 :
1368 1067 1541 1123 Catuli
1571 1067 1806 1135 leonum,

229 1154 419 1221 idest,
473 1154 710 1213 minores
752 1157 1042 1225 daemones,
1088 1169 1142 1214 et
1170 1159 1295 1212 mali
1320 1172 1507 1214 eorum
1552 1161 1806 1225 ministri,

226 1253 326 1322 qui
363 1252 770 1322 pertransibunt
808 1254 1102 1324 rugientes,
1168 1253 1221 1308 id
1255 1260 1359 1319 est,
1402 1251 1711 1308 frendentes
1742 1254 1807 1308 ad

224 1340 442 1412 aliquos
482 1342 845 1397 devorandum
877 1361 890 1397 :
926 1344 994 1399 ad
1032 1344 1134 1397 hoc
1167 1342 1594 1413 pertransibunt,
1620 1349 1678 1397 ut
1722 1359 1809 1397 ra-

222 1432 382 1501 piant
424 1441 478 1488 et
510 1441 753 1503 quaerant
788 1450 818 1489 a
853 1434 965 1490 Deo
998 1449 1177 1489 escam
1199 1433 1323 1500 sibi,
1358 1433 1562 1488 scilicet
1599 1433 1806 1502 aliquos

220 1536 368 1593 quos
411 1524 622 1594 possint
664 1522 765 1578 sibi
802 1524 1170 1593 incorporare,
1220 1524 1405 1578 ethoc
1460 1542 1477 1574 ι
1532 1538 1563 1577 a
1596 1522 1747 1578 Deo:
1782 1543 1800 1576 ι

218 1614 435 1669 nullum
465 1615 608 1670 enim
636 1614 740 1671 nisi
763 1612 855 1670 Dei
884 1616 1239 1686 permissione
1266 1624 1492 1685 possunt
1523 1614 1801 1671 devorare.

218 1705 484 1766 Permisit
528 1716 709 1762 autem
755 1707 895 1762 Deus
943 1707 1090 1776 justo
1122 1708 1327 1778 judicio
1367 1706 1803 1763 Judam'diabolo

219 1797 589 1871 incorporari,
620 1809 675 1857 et
707 1800 840 1856 alios
865 1800 1132 1856 similiter.
1187 1799 1269 1855 Ex
1297 1808 1470 1855 morte
1495 1799 1693 1856 Christi
1727 1800 1801 1854 ita

223 1886 353 1953 fuit,
402 1890 495 1944 sed
526 1898 810 1961 postquam
843 1898 994 1945 ortus
1025 1900 1107 1945 est
1161 1890 1260 1954 sol,
1304 1891 1356 1946 id
1388 1900 1469 1946 est
1504 1892 1801 1947 resurrexit

224 1976 499 2044 Christus,
530 1979 620 2048 qui
643 1981 797 2050 quasi
843 1976 918 2035 sdl
951 1980 1129 2035 oriens
1160 1979 1421 2035 mundum
1450 1981 1792 2048 illuminavit,
1828 1963 1872 2023 Β

229 2075 362 2123 tunc
386 2069 694 2140 congregati
728 2079 851 2125 sunt
892 2070 1160 2126 daemones
1190 2084 1203 2124 :
1250 2086 1356 2124 non
1386 2072 1527 2141 quod
1556 2071 1799 2127 localiter

222 2160 622 2227 convenissent,
661 2160 755 2216 sed
777 2175 873 2230 per
900 2161 1076 2217 Simile
1106 2162 1274 2217 dicit:
1318 2164 1443 2232 quia
1467 2162 1605 2217 sicut
1634 2162 1799 2232 aliqui

221 2246 492 2319 fugientes
534 2253 876 2321 praesentiam
908 2250 1136 2327 alicujus
1172 2254 1410 2323 potentis
1449 2254 1690 2321 victoris,
1723 2254 1799 2308 ita

222 2342 524 2409 daemones,
564 2340 654 2414 qui
683 2342 883 2401 Christi
919 2358 1038 2401 esse
1061 2348 1311 2402 volebant
1332 2347 1590 2418 dimissis,
1617 2361 1798 2403 reces-

221 2441 414 2486 serunt
436 2438 501 2488 ad
526 2448 689 2500 suos;
716 2438 773 2491 et
805 2444 935 2492 tunc
966 2438 1021 2492 in
1051 2439 1254 2493 maiitia
1302 2439 1626 2509 pertinaces,
1676 2458 1698 2491 ‹
1743 2440 1797 2494 in

219 2524 489 2583 cubilibus
536 2528 648 2583 suis
698 2529 1125 2595 collocabuntur,
1174 2552 1193 2585 ι
1251 2531 1304 2586 id
1351 2539 1470 2598 est,
1519 2532 1800 2601 quiescent

219 2616 276 2670 in
312 2614 419 2671 illis
457 2618 548 2688 qui
579 2629 705 2673 sunt
755 2621 974 2690 proprie
1015 2622 1213 2677 cubilia
1237 2637 1444 2688 eorum,
1499 2623 1707 2678 scilicet
1742 2623 1797 2677 in

218 2705 331 2761 illis
362 2708 453 2777 qui
481 2707 732 2764 obdurati
768 2717 824 2764 et
847 2720 1255 2780 perseverantes
1289 2713 1343 2766 in
1373 2715 1627 2782 peccatis,
1652 2712 1798 2770 nullo

220 2798 386 2852 modo
432 2797 497 2854 ad
538 2798 700 2854 fidem
729 2801 916 2855 volunt
951 2804 1248 2858 accedere:
1279 2803 1355 2858 illi
1393 2802 1799 2859 collocabantur

213 2888 274 2943 in
304 2887 570 2946 cubilibus
606 2892 757 2958 suis;
793 2893 958 2950 homo
996 2902 1172 2949 autem
1216 2895 1499 2950 rationalis
1529 2896 1699 2952 exibit
1729 2897 1797 2952 ad

214 2995 381 3050 opus,
410 2980 460 3035 id
482 2990 586 3047 est,
614 2982 897 3039 manifeste
918 2986 1233 3055 operabitur
1257 3004 1269 3040 :
1294 3000 1428 3057 opus
1465 2987 1587 3042 dico
1615 3000 1794 3054 suum,

218 3074 329 3129 hoc
357 3080 460 3139 est,
507 3073 753 3129 rationali
792 3077 907 3130 viro
934 3091 1249 3149 congruum,
1311 3078 1560 3135 videlicet
1590 3066 1791 3136 bonum

211 3180 372 3236 opus,
404 3174 458 3223 et
486 3165 552 3222 ad
578 3167 945 3239 operationem
978 3186 1127 3227 suam
1164 3172 1582 3229 continuandam
1622 3188 1795 3245 usque

214 3258 286 3312 ad
313 3273 613 3328 vesperam.

1912 973 2016 1027 hoc
2045 986 2215 1027 mare.
2265 971 2699 1043 Allegorice,per
2727 990 2875 1030 mare
2906 977 3016 1032 hoc
3037 978 3291 1035 steculum
3337 982 3483 1037 acci-

1909 1064 2106 1133 pimus,
2139 1064 2281 1132 quod
2301 1070 2384 1117 est
2413 1079 2669 1134 magnum
2695 1074 2750 1120 et
2774 1068 3068 1136 spatiosum
3090 1071 3336 1127 manibus
3354 1086 3484 1142 opc-

1910 1159 2167 1222 rantium,
2219 1159 2344 1228 quia
2368 1171 2583 1228 semper
2605 1167 2752 1228 patet
2793 1159 3164 1219 laborantibus
3198 1183 3211 1217 :
3248 1164 3380 1232 illic,
3430 1166 3483 1220 id

1907 1256 2010 1313 est,
2045 1249 2100 1301 in
2127 1248 2227 1302 hoc
2255 1248 2414 1313 mari,
2450 1256 2575 1302 sunt
2612 1249 2847 1319 reptilia,
2890 1251 2945 1305 id
2974 1260 3074 1317 est,
3120 1252 3394 1311 daemones
3420 1263 3474 1311 et

1907 1354 2091 1394 eorum
2115 1338 2369 1405 ministri,
2400 1353 2627 1408 quorum
2662 1354 2768 1394 non
2798 1348 2882 1395 est
2910 1356 3187 1408 numerus,
3228 1338 3476 1415 reptilia,

1907 1431 2117 1487 scilicet
2151 1430 2406 1485 animalia
2455 1431 2647 1501 pusilla
2686 1438 2742 1487 et
2776 1446 2989 1503 magna,
3036 1441 3161 1488 sunt
3188 1435 3336 1490 enim
3376 1436 3483 1491 da:-

1904 1538 2091 1578 mones
2127 1522 2219 1576 alii
2245 1521 2478 1591 majores
2501 1523 2640 1590 aliis,
2679 1537 2788 1578 non
2813 1523 3133 1588 substantia,
3186 1526 3280 1580 sed
3324 1535 3476 1595 pote-

1904 1621 2064 1669 state.
2109 1612 2249 1679 lllic,
2306 1614 2359 1669 id
2415 1614 2583 1669 estin
2628 1613 2732 1668 hoc
2761 1613 2919 1680 mari,
2967 1612 3171 1671 scilicet
3229 1616 3284 1670 in
3326 1632 3484 1671 mun-

1904 1705 1991 1771 do,
2025 1705 2436 1775 pertransibunt
2456 1722 2641 1773 naves,
2680 1705 2731 1761 id
2761 1714 2845 1762 est
2898 1705 3170 1772 Ecclesiaa,
3217 1722 3335 1778 quae
3356 1720 3481 1764 con-

1902 1798 2204 1851 tunduntur
2258 1795 2427 1865 hujus
2455 1799 2640 1853 mundi
2670 1796 2946 1865 fluctibus,
3000 1806 3176 1855 tamen
3203 1816 3311 1856 non
3349 1800 3478 1856 sub-

1901 1895 2236 1958 merguntur.
2265 1888 2331 1942 Et
2355 1887 2506 1953 alibi,
2530 1887 2715 1955 idest,
2752 1890 2807 1944 in
2828 1889 2931 1944 hoc
2956 1891 3179 1956 mundo,
3207 1900 3290 1945 est
3319 1890 3482 1946 draco

1899 1978 2020 2045 iste,
2051 1980 2104 2034 id
2131 1987 2232 2047 est,
2262 1979 2574 2050 principalis
2599 1979 3109 2046 diabolus,scilicet,
3138 1979 3476 2048 Beelzebub,

1900 2070 1994 2140 qui
2021 2084 2118 2140 per
2162 2070 2457 2124 Leviathan
2480 2069 2841 2141 significatur,
2899 2084 3058 2141 quem
3090 2072 3263 2142 prima
3322 2086 3478 2127 crea-

1901 2159 2049 2215 tione
2086 2161 2282 2215 creasti
2320 2161 2543 2226 bonum,
2584 2168 2707 2231 post
2733 2172 2917 2217 casum
2948 2174 3079 2216 vero
3125 2160 3369 2216 formasti
3409 2163 3475 2216 ad

1901 2248 2252 2317 illudendum,
2284 2249 2337 2304 id
2366 2260 2471 2316 est,
2523 2249 2828 2306 illusibilem
2854 2252 3059 2307 fecisti:
3092 2251 3220 2307 illud
3252 2252 3394 2307 enim
3424 2254 3476 2308 ei

1900 2341 2063 2396 etiam
2108 2340 2424 2397 meretrices
2468 2339 2689 2407 facient,
2727 2358 2862 2414 quas
2892 2345 2948 2397 in
2978 2343 3136 2399 fmdis
3174 2343 3320 2399 vitiis
3357 2344 3476 2399 ilia-

1900 2440 2125 2503 queatas
2150 2446 2275 2488 cum
2308 2431 2504 2488 fortius
2526 2442 2709 2488 tenere
2735 2442 2910 2504 putat,
2935 2434 3062 2506 ipsae
3089 2436 3158 2489 ab
3190 2434 3334 2491 illius
3359 2450 3474 2489 ma-

1898 2524 2057 2579 nibus
2090 2524 2392 2589 elabuntur,
2427 2535 2481 2580 et
2509 2539 2607 2596 per
2630 2524 3010 2596 paenitentiam
3040 2520 3312 2581 inChristi
3351 2542 3475 2581 cor-

1898 2629 1999 2685 pus
2040 2616 2417 2682 traducuntur,
2470 2626 2527 2671 et
2548 2616 2665 2671 hac
2700 2617 2901 2683 omnia,
2948 2617 3157 2673 scilicet
3184 2619 3369 2683 draco,
3417 2626 3476 2674 et

1899 2705 2003 2760 alia
2050 2714 2370 2776 exspectant
2390 2720 2421 2760 a
2452 2716 2506 2762 te
2524 2714 2584 2762 ut
2600 2707 2810 2763 desinis
2838 2722 3019 2762 escam
3040 2708 3093 2762 in
3116 2715 3357 2776 tempore
3379 2721 3476 2777 op—

1896 2807 2147 2868 portuno.
2206 2797 2578 2868 Opportunum
2628 2799 2773 2853 enim
2823 2807 3034 2869 tempus
3082 2798 3295 2865 habuit,
3350 2813 3472 2854 cum

1899 2890 2157 2945 Dominus
2185 2888 2376 2945 ludam
2406 2889 2461 2944 in
2484 2890 2732 2946 manibus
2756 2890 2899 2945 illius
2928 2889 3167 2944 tradidit.
3203 2890 3329 2946 Haec
3357 2904 3475 2945 om-

1898 2980 1988 3034 nia
2040 2990 2154 3035 ate
2197 2988 2517 3049 exspectant
2574 2995 2775 3047 escam,
2827 2989 2882 3035 et
2904 3000 2934 3032 -‹
2980 2980 3143 3035 dante
3193 2988 3244 3036 te
3286 2981 3391 3036 illis
3448 2998 3467 3032 ι

1896 3082 2095 3133 escam,
2131 3069 2237 3138 ipsi
2271 3086 2291 3120 ‹
2324 3067 2577 3141 colligent
2609 3088 2628 3121 ι
2674 3077 2784 3123 tam
2811 3069 3062 3125 animalia
3108 3082 3271 3139 quam
3300 3071 3474 3124 homi-

1896 3178 2015 3227 nes,
2054 3179 2073 3213 ‹
2112 3173 2165 3216 te
2218 3180 2239 3214 ι
2281 3170 2461 3216 autem
2509 3181 2528 3212 ‹
2574 3162 2850 3231 aperiente
2886 3172 3103 3216 manum
3132 3168 3301 3223 tuam,
3351 3178 3370 3212 ι
3419 3161 3473 3216 id

1895 3259 2000 3318 est,
2050 3252 2212 3307 dante
2240 3262 2295 3308 te
2320 3252 2601 3318 auxilium,
2650 3269 2668 3304 ι
2714 3253 2894 3307 omnia
2924 3251 3291 3323 implebantur
3318 3251 3467 3306 boni-

272 3313 748 3421 _Quandoquidem,
783 3366 816 3405 o
842 3351 1008 3417 Deus,
1035 3353 1149 3406 [nec
1177 3354 1359 3407 omnia
1384 3354 1629 3423 perfecta
1658 3353 1791 3410 feci-
1820 3313 1866 3378 Ο
1898 3350 2030 3409 tale,
2082 3361 2103 3394 υ
2145 3343 2197 3397 id
2234 3350 2318 3397 est
2374 3342 2692 3397 liberatione
2727 3350 2783 3396 θῑ
2837 3342 3056 3408 “mmo:
3106 3356 3205 3413 νοτ
3254 3342 3468 3398 υοηίιι·

216 3440 308 3505 sti,
349 3448 404 3495 et
435 3441 809 3508 corporaliter,
863 3450 919 3495 et
942 3442 1318 3510 spiritualiter,
1360 3460 1512 3514 ergo,
1553 3461 1587 3500 o
1625 3464 1644 3498 ‹
1688 3448 1792 3500 Do-

216 3531 386 3594 mine,
438 3530 772 3599 magnificata
808 3541 932 3586 sunt
974 3524 1136 3601 opera
1177 3542 1286 3597 tua,
1326 3553 1344 3585 ι
1392 3535 1444 3588 id
1500 3544 1583 3591 cst
1630 3536 1792 3591 mira-

216 3620 371 3684 bilia,
401 3628 457 3674 et
481 3621 762 3690 magnifica
809 3634 934 3677 sunt
960 3624 1192 3693 cognita,
1223 3632 1276 3679 et
1335 3643 1353 3676 ‹
1400 3642 1561 3697 quam
1600 3647 1618 3678 ι
1675 3643 1793 3681 ma-

218 3710 470 3779 gnificata
513 3711 895 3769 ineffabiliter:
943 3715 1061 3771 ideo
1093 3716 1211 3771 dico
1249 3718 1605 3787 magnificata,
1664 3720 1793 3790 quia

223 3819 242 3853 ι
284 3802 338 3856 in
369 3803 649 3874 sapientia,
687 3824 706 3855 ι
738 3806 791 3860 id
829 3802 912 3860 est
939 3807 1212 3875 sapienter
1245 3827 1263 3860 ι
1304 3809 1478 3864 fecisti
1508 3810 1689 3865 omnia
1725 3830 1743 3862 ι
1774 3829 1787 3863 :

214 3892 397 3946 omnia
426 3893 569 3949 enim
618 3894 872 3950 ineffabili
912 3896 1003 3950 Dei
1051 3899 1390 3971 providentia
1430 3910 1556 3955 sunt
1606 3903 1789 3971 dispo-

215 3972 498 4050 sita;id'eo
523 3988 687 4042 etiam
714 3997 839 4043 sunt
876 3990 1242 4061 magnificata,
1295 3993 1418 4061 quia
1469 4011 1487 4044 ι
1526 4002 1669 4047 terra
1701 4010 1788 4049 re-

213 4076 360 4148 pleta
417 4087 501 4134 est
535 4080 874 4149 possessione
930 4091 1017 4138 tua
1069 4103 1089 4136 ι
1139 4083 1481 4141 multitudine
1534 4087 1785 4143 habitan-

217 4170 375 4224 tium.

261 4260 396 4319 Pars
424 4264 677 4318 secunda.
729 4284 747 4317 ι
796 4264 908 4321 Hoc
952 4280 1100 4321 mare
1126 4281 1399 4341 magnum.
1446 4289 1465 4319 ι
1501 4269 1663 4338 Quasi
1708 4271 1789 4327 di-

212 4360 340 4407 cat:
374 4352 580 4408 Coelum
624 4362 677 4409 et
706 4364 930 4421 terram,
962 4356 1206 4423 Domine,
1235 4344 1315 4417 sic
1361 4359 1697 4429 disposu'isti,
1728 4371 1790 4417 et

217 4462 237 4495 ι
289 4444 391 4499 hoc
417 4460 605 4500 mare:
655 4465 674 4498 ι
725 4446 801 4501 ita
834 4446 985 4511 dicit,
1012 4447 1167 4518 quasi
1208 4436 1445 4518 praesens
1494 4453 1784 4507 ostendat:

211 4553 366 4594 mare
392 4537 512 4594 dico
563 4556 583 4590 ι
628 4554 874 4608 magnum
910 4558 929 4590 ι
975 4539 1030 4593 in
1062 4541 1144 4594 sui
1174 4548 1386 4606 natura,
1420 4551 1477 4597 et
1527 4563 1545 4593 ι
1595 4544 1789 4612 spatio-

208 4644 354 4694 sum,
409 4646 428 4680 ι
472 4628 524 4683 id
569 4637 653 4684 est
702 4630 938 4698 amplum
996 4648 1014 4679 ‹
1054 4630 1301 4686 manibus
1340 4650 1359 4682 ›
1401 4632 1781 4704 navigandum,
1813 4668 1867 4730 Ὁ

211 4722 271 4776 in
300 4736 407 4791 quo
436 4720 681 4777 similiter
710 4730 933 4790 possunt
976 4721 1229 4792 navigare
1260 4721 1443 4789 multi;
1504 4742 1523 4775 ι
1578 4724 1704 4790 illic,
1761 4744 1780 4777 ›

210 4812 373 4868 idest
421 4812 476 4867 in
509 4812 611 4867 hoc
647 4812 783 4866 mari
812 4819 937 4866 sunt
965 4830 984 4863 ‹
1022 4811 1253 4882 reptilia,
1294 4831 1312 4865 ι
1350 4812 1402 4869 id
1449 4823 1533 4869 est
1580 4815 1788 4883 marina

211 4914 476 4970 monstra,
512 4921 530 4955 ι
567 4918 792 4975 quorum
822 4920 930 4959 non
958 4914 1042 4960 est
1063 4919 1321 4960 numerus
1364 4924 1382 4957 ι
1435 4913 1617 4961 certus
1644 4906 1788 4976 apud

210 4995 449 5065 aliquem
487 4994 780 5050 hominem.

288 5086 517 5155 Reptilia
547 5103 653 5142 non
677 5096 902 5157 possunt
919 5090 1209 5153 numerari,
1234 5090 1330 5146 sed
1354 5091 1458 5146 hoc
1477 5107 1643 5147 unum
1662 5108 1789 5164 pos-

214 5196 337 5235 sum
365 5180 432 5234 dc
483 5179 587 5233 illis
611 5180 789 5234 dicere
830 5181 972 5250 quod
998 5180 1086 5235 illa
1117 5182 1328 5255 reptilia
1350 5183 1541 5255 pusilla
1594 5194 1647 5239 et
1673 5201 1785 5240 ma-

215 5290 323 5347 gna
354 5278 516 5326 sunt:
561 5273 663 5327 hoc
704 5282 786 5327 est
820 5273 963 5342 quod
994 5272 1127 5329 dicit
1165 5291 1178 5328 :
1223 5292 1243 5325 ς
1296 5273 1549 5329 animalia
1592 5277 1787 5346 pusilla

215 5378 341 5419 cum
404 5360 611 5432 magnis
651 5380 663 5416 :
720 5381 740 5415 ι
792 5370 846 5418 et
876 5364 1119 5433 quamvis
1170 5372 1249 5420 tot
1289 5365 1399 5420 sint
1440 5376 1680 5422 monstra
1730 5369 1787 5423 in

217 5454 377 5523 mari,
419 5463 595 5511 tamen
636 5473 655 5506 ι
703 5452 810 5509 illic
850 5470 1013 5510 naves
1058 5457 1463 5526 pertransibunt
1507 5479 1526 5512 ι
1585 5455 1783 5516 ίιιεηετε.

290 5547 347 5602 in
376 5542 467 5602 illo
491 5546 626 5602 mari
649 5556 729 5601 est
763 5566 780 5598 ι
815 5545 979 5601 draco
1009 5546 1098 5601 ille
1138 5568 1156 5599 ι
1215 5548 1497 5614 mirabilis,
1561 5550 1787 5607 infinita:

223 5636 628 5705 magnitudinis,
678 5636 770 5706 qui
799 5634 1093 5690 Leviatban
1125 5636 1445 5706 appellatur,
1481 5656 1498 5690 ι
1538 5654 1697 5709 quem
1732 5650 1789 5696 tu

225 5728 469 5786 formasti
506 5729 574 5785 ad
603 5728 927 5785 illudendum
958 5729 1008 5785 ei
1051 5728 1192 5803 (Job.
1223 5731 1329 5803 tn),
1375 5752 1393 5785 ι
1426 5734 1492 5787 ad
1521 5734 1624 5790 hoc
1654 5744 1713 5792 ut
1738 5735 1789 5790 ei

226 5820 497 5877 illndatur.
524 5820 673 5877 Licet
690 5822 832 5876 enim
852 5828 1034 5877 tantus
1059 5822 1131 5878 sit
1158 5831 1212 5878 et
1234 5826 1613 5881 voracissimus
1654 5827 1788 5898 (Isa.

190 5908 418 5984 “xxvn),
471 5920 645 5970 tamen
675 5922 797 5969 ante
822 5928 946 5995 eum
975 5928 1139 5974 naves
1156 5912 1352 5987 illaesae,
1389 5917 1503 5977 Deo
1525 5917 1672 5974 illum
1703 5935 1791 5976 ur-

1895 3447 2001 3492 tem
2032 3436 2127 3493 Dei
2151 3438 2253 3493 sibi
2279 3437 2554 3506 impensa;
2585 3438 2710 3507 quia
2735 3452 2909 3506 neque
2934 3437 3203 3492 daemones
3222 3437 3322 3492 sibi
3346 3451 3477 3492 con-

1893 3530 2129 3584 formare
2166 3529 2432 3593 homines,
2468 3527 2583 3583 Deo
2633 3529 2904 3597 praebente
2956 3526 3238 3594 auxilium,
3290 3540 3469 3598 neque

1892 3621 2008 3689 ipsa
2042 3620 2294 3675 animalia
2328 3628 2578 3688 poterunt
2603 3618 2957 3689 corporaliter
2982 3634 3200 3676 nocere.

1965 3714 2042 3768 Te
2078 3713 2242 3768 dante
2292 3712 2657 3782 implebuntur
2702 3713 2972 3778 bonitate;
3003 3722 3058 3766 at
3106 3713 3150 3767 si
3199 3713 3298 3782 ipsi
3326 3724 3466 3782 prns-

1894 3814 2126 3871 sumant,
2164 3814 2220 3860 tu
2249 3812 2461 3859 avertes
2492 3813 2545 3859 te
2583 3804 2650 3857 ab
2678 3805 2777 3868 eis,
2808 3812 2865 3859 et
2890 3805 2968 3859 sic
2996 3803 3387 3869 turbabuntur;
3417 3811 3475 3860 et

1894 3897 1995 3950 hoc
2025 3904 2126 3961 est,
2164 3916 2183 3946 ‹
2210 3903 2486 3950 avertente
2525 3903 2701 3951 autem
2731 3903 2781 3949 te
2826 3893 3014 3950 faciem
3067 3903 3235 3960 tuam,
3286 3896 3337 3949 id
3387 3903 3474 3952 est

1894 3984 2246 4038 subtrahente
2294 3984 2545 4054 gratiam,
2580 4002 2598 4033 ι
2635 3970 3013 4049 turbabuntur,
3051 4005 3069 4037 ι
3108 3985 3162 4039 id
3211 3992 3313 4051 est,
3371 4001 3466 4042 co-

1891 4084 2151 4146 gnoscent
2176 4089 2233 4130 se
2258 4074 2389 4128 nihil
2422 4086 2564 4140 esse,
2593 4082 2647 4129 ct
2681 4093 2699 4126 ε
2729 4073 2942 4130 auferes
2968 4075 3216 4146 spiritum
3253 4096 3271 4130 ι
3299 4079 3366 4134 ab
3386 4078 3468 4135 eis

1891 4166 2174 4237 superbiae,
2210 4168 2302 4236 qui
2338 4173 2421 4221 est
2449 4186 2467 4218 ι
2506 4178 2716 4231 eorum,
2748 4185 2768 4219 ι
2798 4166 3005 4223 scilicet
3048 4179 3209 4237 quem
3260 4185 3369 4224 non
3396 4184 3465 4224 ex

1892 4258 2023 4324 Deo,
2066 4257 2160 4312 sed
2188 4272 2254 4311 ex
2286 4273 2344 4312 se
2389 4257 2611 4323 habent,
2647 4277 2665 4309 ‹
2693 4265 2751 4312 et
2800 4258 3050 4313 deficient
3086 4277 3107 4309 ι
3134 4268 3167 4312 a
3219 4261 3468 4330 superbia

1890 4348 2320 4419 praesumptionis
2347 4368 2367 4400 ι
2399 4357 2454 4403 et
2483 4349 2538 4402 in
2564 4347 2843 4418 pulverem
2868 4363 3023 4403 suum
3050 4360 3425 4420 revertentur,
3441 4370 3459 4403 ο

1892 4441 1945 4495 id
1971 4450 2072 4505 est,
2102 4441 2474 4496 movebuntur.
2531 4440 2646 4507 Vel,
2674 4440 2978 4512 allegorice,
3017 4451 3360 4498 revertentur
3407 4444 3461 4498 in

1892 4533 2188 4601 pulverem,
2218 4548 2340 4587 cum
2377 4531 2604 4587 redeunt
2626 4532 2697 4587 ad
2742 4532 3122 4599 humilitatem,
3161 4544 3215 4589 et
3246 4535 3375 4590 nihil
3398 4551 3466 4591 ex

1892 4641 1950 4681 se
1973 4625 2194 4691 faciunt,
2227 4625 2320 4681 sed
2348 4626 2631 4680 materiam
2658 4627 2799 4681 unde
2826 4634 2971 4692 sunt,
3004 4628 3239 4683 cinerem
3268 4636 3326 4684 et
3349 4629 3466 4699 pul-

1896 4730 2079 4771 verem
2108 4730 2250 4782 esse,
2271 4723 2616 4788 cognoscunt.

1967 4814 2072 4885 ipsi
2115 4816 2442 4883 moriuntur,
2484 4823 2536 4871 et
2561 4824 2616 4870 tu
2647 4836 2665 4867 ι
2701 4815 2904 4873 emittis
2931 4816 3188 4887 Spiritum
3230 4828 3402 4887 tuum,
3441 4840 3460 4877 ι

1897 4916 2141 4963 sanctum
2172 4906 2455 4978 Spiritum,
2496 4908 2579 4962 vel
2609 4909 2880 4981 angelum.
2927 4909 3093 4967 Canet
3121 4913 3263 4968 enim
3316 4914 3464 4982 tuba,

1897 5015 2093 5055 vocans
2122 5007 2364 5055 mortuos
2390 5000 2457 5054 ad
2478 5000 2758 5071 judicium,
2788 5020 2807 5054 α
2846 5009 2899 5057 et
2927 5020 2945 5053 ι
2974 5009 3102 5059 tunc
3133 5023 3151 5054 ι
3196 5004 3467 5059 creaban-

1897 5102 2005 5159 tur,
2033 5113 2051 5145 ι
2087 5093 2140 5147 id
2175 5072 2280 5158 est,
2326 5091 2770 5159 immutabuntur,
2807 5113 2825 5145 ι
2861 5103 2915 5149 et
2939 5093 3221 5148 renovabis
3267 5091 3463 5148 faciem

1896 5194 2069 5239 terrae.
2108 5202 2125 5233 ›
2162 5182 2257 5238 Vel
2284 5183 2352 5238 ad
2378 5182 2707 5254 allegoriam,
2729 5184 3017 5239 secundum
3048 5183 3147 5238 hoc
3192 5182 3337 5253 quod
3377 5184 3460 5239 di-

1893 5275 2064 5332 cimus
2092 5271 2366 5343 pulverem
2392 5273 2560 5344 redigi
2584 5276 2649 5329 ad
2679 5272 3055 5335 humilitatem,
3081 5271 3159 5327 sic
3186 5271 3458 5327 dicemus:

1891 5367 1995 5437 ipsi
2022 5372 2355 5420 revertentur
2379 5362 2445 5419 ad
2473 5366 2767 5435 pulverem,
2791 5363 2848 5418 id
2870 5372 2971 5428 est,
2995 5364 3060 5417 ad
3080 5362 3458 5430 humilitatem,

1895 5470 1948 5515 et
1978 5469 2053 5525 tu,
2086 5458 2271 5513 emitte
2314 5456 2570 5527 Spiritum
2603 5463 2847 5511 sanctum
2894 5464 3041 5509 tuum
3082 5455 3133 5509 in
3164 5454 3325 5510 corda
3366 5468 3461 5508 eo-

1896 5565 2033 5614 rum,
2064 5556 2119 5603 et
2146 5563 2243 5618 per
2278 5547 2377 5603 hoc
2416 5546 2800 5602 recreabuntur
2829 5545 2897 5599 ad
2933 5543 3072 5601 bene
3107 5545 3457 5615 operandam,

1890 5648 1945 5698 et
1972 5644 2050 5697 sic
2079 5642 2267 5696 faciem
2291 5649 2469 5706 terrm,
2498 5639 2550 5693 id
2575 5646 2657 5692 est
2702 5642 2934 5692 mentem
2963 5650 3171 5702 eorum,
3197 5636 3287 5706 qui
3314 5636 3463 5707 prius

1895 5734 2122 5789 terrenis
2158 5733 2456 5797 inhiabant,
2499 5726 2907 5794 conformanda,
2936 5738 3130 5785 novam
3158 5737 3357 5784 terram
3383 5727 3463 5791 fa-

1892 5828 2020 5883 cies.

1969 5939 1986 5973 ι
2016 5914 2100 5975 Sit
2122 5919 2316 5991 gloria.
2360 5938 2376 5970 ›
2416 5915 2546 5971 Pars
2579 5914 2754 5969 tertia.
2794 5913 3143 5970 ‘Continuatio
3171 5932 3181 5967 :
3211 5912 3435 5982 Quando
