3898 6486
464 432 563 487 551

931 430 1284 488 HAYMONIS
1323 429 1800 488 llALBERSTAT.
1841 431 2055 490 EPISC.
2096 431 2247 513 OPP.
2281 422 2460 490 PARS
2499 433 2540 490 Ι.
2579 463 2648 474 -
2686 431 3040 491 COMMENT.
3078 433 3250 491 BIBL.

3632 438 3738 492 552

457 549 674 619 quidem
729 546 991 606 Dominus
1040 551 1153 605 haec
1204 548 1385 605 omnia
1420 556 1694 619 operatur,
1746 563 1876 621 ergo
1907 567 1927 602 ι
1963 549 2035 606 sit
2059 549 2114 612 Α
2138 549 2490 620 spiritualiter
2535 558 2780 620 quaerant
2823 550 3130 606 Dominum.
3176 551 3236 605 In
3269 550 3517 607 secunda
3551 561 3737 624 parte,

463 642 633 713 gloria
674 641 887 696 Domini
917 641 973 696 in
1008 641 1281 706 saeculum,
1321 660 1340 694 ι
1369 641 1424 697 id
1464 648 1548 697 est
1592 655 1689 696 vos
1727 654 1914 696 omnes
1945 656 2038 697 os-

461 731 668 787 tendite
696 729 983 786 Dominum
1025 731 1338 802 gloriosum,
1361 739 1415 786 et
1442 731 1544 787 hoc
1572 747 1681 787 non
1707 731 1776 786 ad
1807 738 2037 801 tempus,

461 823 560 878 sed
584 822 636 876 in
661 822 934 887 saeculum,
961 821 1016 876 id
1043 828 1128 877 est
1177 822 1232 876 in
1267 829 1552 887 aeternum,
1577 828 1632 876 et
1653 819 1859 876 debetis
1883 819 2044 890 glori-

463 914 629 970 ﬁcare
677 928 822 978 eum,
877 913 1003 984 quia
1051 913 1166 984 ipse
1210 922 1264 968 et
1291 913 1460 969 multa
1507 928 1673 983 opera
1703 912 1853 980 fecit,
1893 921 1951 968 et
1979 927 2043 967 ea

461 1003 620 1070 bona,
650 1013 704 1061 et
750 1005 853 1059 hoc
896 1002 1064 1059 dicit:
1096 1022 1116 1056 ‹
1154 1003 1448 1060 Laetabitur
1491 1002 1750 1058 Dominus
1779 1003 1833 1057 in
1860 1003 2040 1073 operi-

461 1095 564 1151 bus
605 1096 746 1162 suis;
787 1116 806 1149 ›
854 1096 1096 1152 ostendit
1140 1111 1260 1152 esse
1309 1096 1449 1152 bona
1495 1110 1678 1166 opera,
1733 1095 1798 1150 de
1848 1095 2042 1165 quibus

466 1187 735 1243 laetabitur
762 1188 922 1243 Deus.

539 1299 557 1330 ι
589 1279 886 1335 Laetabitur
905 1279 961 1334 in
981 1279 1237 1350 operibus
1263 1278 1397 1345 suis,
1425 1296 1442 1328 ι
1466 1277 1550 1332 his
1569 1277 1798 1345 scilicet,
1823 1277 1966 1348 quod
1988 1276 2043 1332 in

464 1377 718 1440 respectu
743 1367 862 1438 ejus
887 1378 1028 1424 terra
1053 1370 1292 1435 tremuit,
1320 1377 1528 1425 montes
1557 1367 1840 1438 fumigant,
1867 1370 2047 1424 ethoc

471 1468 580 1523 est,
615 1477 632 1510 ‹
663 1459 755 1528 qui
812 1459 1030 1528 respicit
1075 1468 1307 1526 terram,
1345 1480 1362 1512 ι
1398 1459 1449 1513 id
1497 1466 1581 1514 est
1613 1459 1796 1514 visilat
1837 1459 2046 1514 miseri-

469 1549 709 1606 corditer
757 1550 999 1606 minores
1034 1550 1100 1605 de
1147 1549 1404 1613 Ecclesia,
1468 1569 1485 1601 ι
1521 1547 1726 1604 etfacit
1767 1563 1885 1604 eam
1931 1558 2043 1604 tre-

468 1656 619 1697 mere
650 1661 670 1694 ›
705 1643 770 1698 de
793 1641 1068 1712 peccatis:
1102 1642 1194 1710 qui
1229 1662 1246 1692 ‹
1285 1641 1454 1712 tangit
1489 1661 1506 1693 ι
1537 1640 1699 1696 etiam
1731 1641 1909 1712 aliqua
1929 1656 2046 1710 per-

470 1732 765 1800 secutione,
800 1732 888 1788 vel
917 1733 1333 1789 comminatione
1365 1752 1383 1783 ‹
1416 1741 1649 1797 montes,
1685 1751 1704 1782 ›
1730 1732 1785 1786 id
1837 1741 1919 1788 est
1954 1747 2048 1802 po-

470 1830 662 1887 tentes,
720 1842 738 1874 (
781 1830 836 1878 et
884 1822 1169 1893 fumigant,
1226 1843 1243 1874 ι
1291 1823 1344 1878 id
1391 1832 1496 1890 est,
1546 1823 1848 1894 lacrymosa
1899 1837 2047 1879 com-

465 1913 769 1983 punctione'
793 1924 1014 1985 peccata
1054 1913 1282 1985 plorant.

539 2003 608 2058 Et
652 2003 780 2073 quia
837 2011 1017 2058 tantus
1061 2012 1145 2058 est
1208 2003 1488 2068 Dominus,
1535 2003 1793 2072 quidquid
1843 2002 2048 2059 faciant

467 2093 580 2160 alii,
606 2109 706 2165 ego
740 2113 759 2145 ‹
795 2094 1025 2149 cantabo
1049 2093 1276 2148 Domino
1309 2113 1327 2144 ι
1364 2108 1495 2149 voce
1525 2102 1580 2148 et
1601 2093 1882 2150 devotione
1905 2114 1918 2148 z
1945 2095 2048 2150 hoc

466 2193 551 2239 est
585 2203 603 2235 ι
645 2185 699 2238 in
741 2185 852 2239 vita
890 2200 1032 2251 mea,
1071 2203 1090 2236 ι
1125 2184 1179 2240 id
1207 2193 1291 2240 est
1332 2199 1438 2239 non
1477 2183 1544 2238 ad
1579 2185 1791 2250 horam,
1849 2185 1945 2240 sed
1989 2186 2047 2240 in

478 2284 592 2331 tota
641 2275 753 2329 vita
793 2290 932 2330 mea.
979 2275 1047 2329 Et
1094 2275 1258 2331 etiam
1290 2295 1308 2327 ‹
1348 2275 1600 2341 Psallam,
1635 2295 1653 2326 ‹
1683 2275 1738 2331 id
1766 2284 1866 2341 est,
1910 2277 2048 2336 bene

465 2369 731 2440 Operabor
757 2386 776 2420 t
804 2369 915 2424 Deo
945 2384 1082 2436 meo,
1110 2389 1129 2421 ι
1162 2370 1216 2425 id
1245 2378 1330 2425 est
1354 2384 1458 2425 non
1484 2369 1552 2425 ad
1582 2370 1796 2436 laudem
1841 2386 2044 2439 meam,

465 2461 564 2518 sed
593 2461 662 2516 ad
698 2461 958 2516 honorem
995 2461 1090 2514 Dei
1121 2461 1226 2517 mei
1253 2480 1265 2515 :
1296 2470 1351 2516 et
1389 2462 1491 2517 hoc
1521 2479 1540 2513 ι
1579 2462 1815 2532 quandiu
1848 2477 1988 2518 sum.
2022 2482 2040 2515 ι

533 2551 601 2606 Et
629 2567 736 2607 non
770 2560 980 2606 tantum
1017 2553 1246 2608 cantabo
1284 2552 1442 2617 mihi,
1480 2553 1574 2608 sed
1620 2552 1784 2607 etiam
1833 2569 2045 2608 annun-

462 2639 612 2698 tiabo
636 2641 774 2698 aliis.
809 2642 877 2696 Et
921 2641 1125 2696 utinam
1157 2642 1261 2698 hoc
1288 2641 1396 2697 tale
1426 2661 1444 2694 (
1478 2642 1750 2712 eloquium
1773 2659 1952 2699 meum
1977 2644 2050 2699 sit

461 2734 513 2790 ei
537 2734 834 2805 jucundum
864 2752 878 2788 :
918 2754 938 2788 ›
969 2735 1018 2790 ei
1047 2735 1264 2804 quidem
1289 2735 1395 2790 erit
1437 2749 1616 2791 meum
1645 2735 1917 2806 eloquium
1961 2736 2048 2807 ju-

462 2826 718 2893 cundum,
755 2845 775 2877 (
810 2841 909 2898 ego
937 2841 1066 2882 vero
1104 2826 1411 2883 delectabor
1437 2829 1493 2884 in
1522 2827 1771 2884 Domino.
1811 2849 1830 2881 ι
1865 2829 1934 2883 Et
1958 2830 2048 2884 hic

463 2928 681 2976 notatur
709 2917 993 2974 familiaris
1037 2919 1351 2975 vicissitudo
1399 2919 1537 2974 inter
1585 2921 1754 2975 Deum
1782 2927 1837 2975 et
1867 2920 2044 2975 homi-

465 3028 628 3068 nem:
663 3013 710 3068 si
746 3013 891 3068 enim
938 3013 1139 3068 habeat
1187 3014 1350 3068 homo
1378 3012 1789 3069 delectationem
1818 3013 1872 3069 in
1915 3015 2043 3080 Deo,

463 3111 519 3158 et
544 3103 658 3173 ipse
691 3103 834 3158 Deus
858 3103 1039 3158 statim
1071 3102 1427 3158 delectabitur
1456 3103 1509 3158 in
1540 3105 1778 3159 homine.

542 3212 560 3246 ‹
589 3193 701 3265 Ego
724 3193 1034 3250 delectabar
1064 3195 1117 3250 in
1148 3196 1375 3251 Domino
1406 3237 1422 3262 ,
1455 3214 1474 3246 ›
1509 3204 1564 3250 et
1586 3196 1792 3252 utinam
1816 3197 1907 3252 alii
1929 3213 2048 3268 pec-

2143 656 2263 712 qua:
2291 641 2479 711 incipit
2509 656 2524 696 :
2571 661 2591 694 ‹
2619 642 2944 698 Mementote
2967 643 3293 698 mirabilium
3321 642 3495 714 ejus,-
3517 665 3540 698 ι
3587 649 3739 716 ponit

2142 732 2407 789 mirabilia
2435 747 2555 802 quae
2580 733 2707 788 fecit
2733 733 2873 788 Deus
2899 733 3243 802 patriarchis.
3272 733 3332 789 ln
3355 735 3533 791 tertia
3559 747 3737 806 parte,

2146 838 2266 893 quae
2289 822 2513 893 incipit:
2569 840 2588 873 ι
2633 822 2700 877 Et
2739 823 2949 878 vocavit
2972 821 3194 889 famem,
3243 843 3262 875 ι
3312 825 3568 881 ostendit
3607 842 3733 897 quo-

2143 914 2303 969 modo
2349 913 2598 969 liberavit
2631 913 2798 968 Jacob
2843 922 2898 970 et
2930 915 3070 970 ﬁlios
3108 931 3252 981 suos,
3293 931 3628 988 praeparans
3661 924 3736 977 eis

2141 1003 2317 1058 locum
2348 1004 2401 1058 in
2431 1003 2663 1075 lEgypto
2692 1019 2792 1076 per
2825 1003 3044 1077 Joseph.
3081 1006 3140 1062 In
3173 1017 3367 1077 quarta
3395 1019 3595 1079 parte,
3627 1027 3734 1081 qua:

2145 1093 2335 1164 incipit
2367 1111 2379 1147 :
2437 1113 2456 1146 ς
2491 1093 2560 1148 Et
2593 1094 2832 1149 ﬁrmavit
2860 1110 2983 1150 eum
3014 1112 3177 1168 super
3209 1092 3467 1155 inimiCos
3511 1102 3656 1172 ejus,
3706 1123 3723 1157 ι

2142 1186 2375 1242 ostendit
2394 1185 2662 1242 mirabilia
2685 1201 2805 1256 quae
2823 1186 2953 1243 fecit
2975 1187 3248 1260 Egyptiis
3281 1206 3381 1260 pro
3405 1191 3728 1251 liberatione

2143 1276 2322 1348 populi
2346 1276 2449 1332 sui.
2475 1275 2533 1330 In
2561 1277 2748 1346 quinta
2772 1286 2950 1347 parte,
2975 1291 3094 1347 qua:
3126 1279 3314 1349 incipit
3339 1298 3351 1333 :
3388 1299 3412 1331 ‹
3455 1281 3531 1336 Et
3561 1285 3728 1340 eduxit

2145 1383 2239 1424 eos
2289 1384 2413 1424 cum
2455 1377 2680 1440 argento
2734 1376 2790 1422 et
2827 1383 2980 1434 auro,
3039 1389 3057 1422 ι
3089 1371 3324 1426 ostendit
3375 1383 3597 1441 quanta
3635 1376 3726 1431 vir-

2145 1463 2258 1511 tute
2291 1456 2550 1511 Dominus
2585 1455 2838 1527 populum
2886 1473 3041 1512 suum
3069 1457 3136 1511 ab
3176 1457 3412 1530 Egypto
3466 1463 3726 1530 eduxerit,

2145 1555 2200 1600 et
2227 1560 2318 1602 eos
2348 1546 2402 1600 in
2417 1555 2612 1602 terram
2629 1547 3001 1616 promissionis
3026 1547 3427 1616 introduxerit;
3465 1561 3529 1607 et
3548 1554 3601 1608 in
3621 1554 3726 1613 ulti.

2145 1652 2236 1691 mo
2279 1637 2532 1693 admonet
2559 1651 2653 1691 eos
2675 1644 2735 1690 ut
2767 1651 2863 1708 per
2885 1637 3002 1693 haec
3028 1638 3210 1692 omnia
3256 1639 3428 1696 Deum
3464 1657 3715 1713 qua-ant.

2145 1724 2381 1780 lntendit
2421 1725 2666 1780 homines
2699 1726 2989 1782 admonere
3014 1727 3084 1781 ad
3107 1727 3323 1784 laudem
3353 1729 3482 1786 Dei.
3537 1732 3718 1789 Titulus

2148 1821 2228 1876 sic
2253 1820 2495 1892 legitur:
2543 1820 2789 1877 Psalmus
2835 1822 2937 1877 iste
2989 1823 3189 1878 dicitur
3221 1823 3464 1889 alleluia,
3519 1826 3615 1879 hoc
3653 1838 3717 1882 est

2074 1910 2120 1971 B
2151 1913 2276 1969 talia
2305 1914 2570 1970 beneﬁcia
2615 1914 2712 1969 Dei
2734 1908 3010 1981 'continet,
3057 1931 3159 1986 pro
3188 1917 3386 1986 quibus
3434 1917 3715 1972 laudandus

2147 2008 2218 2063 sit
2252 2007 2398 2063 Deus
2437 2022 2559 2063 cum
2587 2007 2966 2064 exsultatione.

2217 2118 2334 2175 Vox
2372 2119 2656 2190 Prophetas
2694 2118 2774 2174 sic
2801 2118 3083 2175 invitantis
3118 2119 3188 2174 ad
3212 2119 3430 2175 laudem
3457 2118 3602 2174 Dei:
3636 2119 3714 2174 Vos

2146 2225 2352 2276 omnes,
2385 2211 2724 2266 attendentes
2759 2209 3021 2266 beneficia
3043 2226 3163 2282 quae
3191 2210 3322 2266 fecit
3350 2210 3509 2266 Deus
3557 2211 3715 2282 populo

2146 2316 2276 2366 suo,
2309 2319 2330 2352 ‹
2361 2300 2698 2358 conﬁtemini
2731 2300 2988 2364 Domino.
3025 2321 3044 2353 ι
3098 2301 3152 2356 id
3180 2309 3266 2357 est
3307 2299 3540 2356 laudate
3569 2301 3711 2355 Domi-

2146 2409 2298 2461 num,
2349 2411 2369 2445 ‹
2413 2401 2469 2449 et
2515 2394 2762 2450 invocate
2813 2409 3008 2449 nomen
3051 2392 3210 2463 ejus:
3258 2414 3278 2447 ›
3332 2407 3446 2448 non
3495 2394 3710 2449 invocate

2146 2501 2271 2542 eum
2294 2494 2515 2556 propter
2549 2501 2742 2541 aurum
2792 2486 2881 2541 vel
2920 2493 3140 2556 propter
3169 2484 3411 2550 divitias,
3467 2485 3571 2540 sed
3594 2493 3644 2538 ut
3661 2484 3714 2537 sit

2148 2575 2478 2630 inhabitator
2503 2575 2691 2640 vestri,
2743 2589 2914 2644 neque
2951 2577 3051 2630 hoc
3085 2576 3248 2630 etiam
3301 2573 3710 2636 suﬁiciatvobis,

2148 2665 2244 2721 sed
2295 2684 2313 2717 ι
2362 2665 2682 2720 annuntiate
2722 2665 2864 2721 inter
2890 2673 3077 2737 gentes
3097 2681 3262 2737 opera
3306 2666 3462 2736 ejus,
3510 2685 3532 2717 ι
3580 2665 3711 2720 idest

2148 2753 2363 2811 solliciti
2391 2754 2533 2820 sitis,
2563 2766 2623 2810 ut
2649 2755 2718 2810 de
2744 2764 2944 2821 vestra,
2973 2756 3054 2812 sic
3075 2757 3140 2811 de
3164 2755 3338 2811 salute
3364 2755 3622 2819 aliorum,
3647 2763 3708 2809 at-

2149 2851 2431 2904 tendentes
2460 2849 2565 2904 hoc
2590 2848 2686 2903 Dei
2709 2859 3036 2920 praeceptum
3069 2869 3082 2904 :
3109 2848 3212 2918 Qui
3234 2849 3415 2924 diligit
3438 2865 3587 2916 eum,
3609 2848 3705 2905 dili-

2148 2948 2239 3013 gat
2265 2947 2321 2995 et
2355 2939 2662 3010 proximum
2685 2955 2864 2995 suum.

2217 3076 2349 3132 Dico
2386 3094 2405 3127 ‹
2435 3075 2765 3133 conﬁtemini
2789 3077 3036 3144 Domino,
3071 3096 3089 3129 ›
3141 3078 3215 3133 ita
3244 3077 3483 3145 scilicet,
3536 3097 3558 3129 ι
3597 3093 3700 3133 can-

2153 3177 2263 3225 tate
2321 3171 2371 3225 ei
2429 3189 2448 3222 ›
2512 3178 2696 3227 mente
2737 3179 2793 3227 et
2846 3186 2998 3237 voce,
3039 3189 3057 3224 ι
3099 3178 3154 3227 et
3198 3172 3414 3242 psallite
3441 3173 3492 3228 ei
3527 3193 3547 3226 ι
3591 3174 3701 3228 bona

465 3263 674 3342 catores
727 3285 861 3342 ﬁant
910 3289 1041 3344 mihi
1093 3289 1327 3358 similes;
1381 3297 1435 3345 et
1476 3290 1578 3346 hoc
1629 3301 1712 3348 est
1743 3310 1760 3343 ι
1793 3263 2048 3347 deﬁciant
2075 3271 2118 3336 (ἶ
2148 3264 2483 3358 °P°"“,“°"e-
2541 3283 2561 3316 ⁴
2604 3263 2839 3358 Νέπειεῖ
2882 3283 2902 3317 ³
2960 3265 3123 3358 etiam
3173 3283 3192 3316 ‘
3248 3266 3436 3358 omnia
3471 3266 3706 3358 “Pw”

463 3386 777 3449 peccatores
817 3394 851 3434 a
887 3387 1056 3447 terra,
1088 3401 1108 3434 ›
1137 3381 1190 3437 id
1237 3390 1321 3437 est
1373 3398 1405 3437 a
1451 3383 1785 3450 terrenitate,
1829 3392 1888 3438 ut
1929 3385 2041 3456 jam

465 3471 837 3527 terrenitatem
865 3487 974 3526 non
1018 3481 1297 3542 appetant;
1333 3493 1352 3527 t
1387 3481 1444 3530 et
1472 3474 1644 3545 iniqui
1681 3493 1698 3526 ι
1734 3471 2046 3531 convertan-

471 3571 582 3630 tur,
614 3582 632 3615 ι
673 3565 748 3619 ita
777 3572 834 3620 ut
875 3579 982 3620 non
1016 3565 1122 3620 sint
1160 3585 1178 3616 ›
1208 3566 1350 3637 quod
1397 3582 1503 3623 non
1555 3567 1664 3622 sint
1709 3567 1851 3636 quod
1896 3568 2046 3637 prius

466 3668 624 3715 erant
646 3677 660 3714 :
685 3667 739 3716 et
765 3675 863 3731 pro
891 3661 976 3715 his
1004 3661 1256 3718 omnibus
1284 3661 1562 3719 beneﬁciis
1592 3663 1705 3728 Dei,
1745 3681 1763 3713 t
1795 3662 2041 3728 benedic,

466 3749 648 3808 anima
671 3765 812 3831 mea,
843 3750 1089 3808 Domino.
1127 3772 1146 3805 ι

953 3891 1021 3946 ΙΝ
1059 3891 1390 3950 PSALMUM
1418 3894 1549 3952 CIV.

982 4003 1237 4060 Tt'ruws.
1293 4005 1538 4062 Alleluia.

549 4135 566 4172 ε
602 4115 968 4171 Conﬁtemini.
1007 4134 1024 4166 ι
1081 4115 1384 4173 Notandum
1412 4120 1629 4188 quidem
1666 4123 1810 4192 quod
1836 4123 2048 4179 alleluia

470 4218 578 4260 non
613 4212 698 4259 est
726 4219 830 4258 vox
873 4205 1128 4271 humana,
1184 4205 1279 4261 sed
1325 4208 1601 4279 prophetae
1635 4218 1690 4265 et
1729 4210 1818 4266 alii
1876 4212 2048 4267 sancti

469 4294 592 4358 viri,
641 4294 786 4350 sicut
832 4295 1022 4351 beatus
1067 4293 1304 4353 Joannes
1339 4307 1529 4369 raptus
1559 4300 1614 4355 in
1647 4302 1821 4356 extasi
1861 4302 2044 4373 (Apoc.

476 4384 618 4457 xix),
667 4386 953 4443 audierunt
973 4396 1258 4446 cantantes
1286 4390 1500 4447 alleluia
1528 4394 1749 4465 angelos
1773 4413 1786 4448 :
1827 4409 1928 4450 nec
1953 4410 2048 4466 po-

474 4482 579 4533 test
616 4477 794 4548 aliqua
822 4494 929 4534 una
952 4494 1084 4536 voce
1120 4497 1223 4536 vox
1246 4481 1335 4537 illa
1363 4483 1711 4554 interpretari
1740 4504 1752 4538 :
1782 4494 1836 4539 et
1863 4485 1917 4540 in
1945 4487 2046 4541 hac

473 4584 605 4626 voce
642 4570 854 4626 alleluia
902 4572 1211 4627 continetur
1258 4581 1547 4646 utrumque
1595 4585 1650 4632 et
1691 4591 1886 4632 nomen
1923 4575 2041 4642 Dei,

2147 3353 2262 3424 ejus
2289 3347 2319 3409 ε’
2345 3375 2364 3407 ι
2393 3371 2502 3412 non
2528 3354 2671 3426 quod
2696 3355 2875 3411 omnia
2920 3355 3132 3426 possint
3181 3357 3422 3423 narrari,
3477 3357 3565 3412 sed
3603 3373 3702 3411 om-

2146 3453 2236 3508 nia
2264 3468 2385 3524 quze
2418 3453 2739 3519 narrabunt,
2791 3452 3058 3507 mirabilia
3081 3453 3175 3508 Dei
3203 3463 3349 3508 sunt.
3397 3453 3476 3507 Ad
3511 3454 3602 3506 hoc
3622 3463 3704 3504 re.

2146 3545 2306 3616 spicit
2345 3544 2489 3614 quod
2525 3543 2698 3598 dixit:
2731 3559 2749 3595 ι
2797 3544 3132 3599 Annuntiate
3173 3544 3313 3599 inter
3353 3553 3540 3614 gentes
3564 3554 3705 3610 opera

2145 3637 2280 3707 ejus,
2317 3656 2334 3689 ι
2372 3645 2427 3692 et
2453 3637 2498 3691 si
2524 3636 2628 3691 hoc
2649 3633 2908 3702 feceritis,
2936 3650 3127 3691 revera
3148 3635 3460 3701 laudamini,
3503 3642 3558 3688 et
3577 3632 3706 3688 illam

2146 3727 2361 3783 laudem
2408 3726 2573 3782 nolite
2611 3727 2907 3784 attribuere
2935 3727 3112 3794 vobis,
3155 3727 3251 3784 sed
3293 3745 3313 3779 ‹
3350 3725 3636 3782 laudamini
3667 3725 3712 3779 in

2147 3817 2364 3872 nomine
2398 3824 2586 3871 sancto
2635 3815 2773 3886 ejus,
2826 3835 2846 3868 ι
2902 3817 2957 3871 id
2993 3825 3078 3871 est
3133 3824 3194 3872 ut
3221 3815 3285 3871 de
3337 3822 3506 3870 vestra
3560 3813 3717 3870 laude

2149 3925 2345 3965 nomen
2386 3907 2599 3963 Domini
2641 3915 2696 3964 et
2718 3908 3030 3979 amplietur,
3070 3916 3123 3964 et
3157 3908 3428 3980 gloriosum
3457 3905 3714 3960 ostendac

2150 4007 2257 4054 tur.
2294 4000 2361 4054 Et
2384 3999 2456 4053 ita
2483 3999 2607 4054 dico
2635 4016 2657 4050 ί
2717 3999 2773 4054 in
2795 4000 3015 4056 nomine
3036 4009 3226 4055 sancto
3275 3998 3400 4068 ejus,
3437 4015 3458 4048 δ
3511 3995 3718 4052 scilicet

2155 4111 2174 4143 «
2219 4091 2446 4162 quaerite
2467 4091 2779 4160 Dominum,
2817 4111 2835 4144 ι
2869 4108 2978 4148 non
3029 4101 3482 4148 remuneratorem
3509 4088 3568 4144 in
3589 4097 3716 4144 tem-

2148 4184 2440 4256 poralibus,
2485 4184 2582 4241 sed
2609 4193 2670 4240 ut
2695 4185 2932 4257 seipsum
2977 4186 3169 4242 reddat
3191 4185 3348 4241 vobis
3384 4184 3620 4256 pretium
3640 4198 3717 4238 ve-

2151 4275 2494 4333 strilaboris.
2536 4276 2605 4332 Et
2647 4277 2751 4332 hoc
2778 4275 2940 4333 facite
2975 4293 3101 4334 cum
3150 4277 3374 4333 laetitia:
3407 4285 3466 4332 et
3488 4277 3596 4332 hoc
3626 4283 3714 4337 est,

2155 4389 2176 4422 ι
2219 4371 2429 4426 laetetur
2473 4386 2570 4428 cor
2620 4389 2639 4424 ι
2686 4372 2934 4442 quamvis
2985 4387 3112 4429 caro
3149 4371 3396 4428 molestia
3447 4371 3714 4444 aﬂligatur,

2150 4476 2305 4518 mens
2372 4469 2554 4518 tamen
2614 4479 2635 4515 ‹
2671 4463 3028 4532 quaerentium
3084 4463 3373 4518 Dominum
3418 4482 3438 4516 ι
3504 4463 3716 4526 laetetur,

2158 4575 2176 4609 ι
2220 4555 2456 4624 Quaerite
2500 4556 2788 4612 Dominum
2837 4575 2855 4608 ι
2900 4557 3040 4622 dico,
3087 4576 3106 4608 ι
3152 4563 3207 4612 et
3254 4555 3653 4612 confirmamini
3697 4573 3711 4604 ι

471 4671 529 4718 et
555 4662 670 4718 laus
696 4681 708 4716 :
739 4677 838 4718 nec
858 4661 1190 4732 simpliciter,
1219 4665 1313 4720 sed
1336 4627 1861 4724 cumjexsultatione.
1893 4666 2047 4736 Quod

2154 4650 2440 4719 quaerendo
2468 4663 2614 4715 eum,
2635 4656 2697 4704 ut
2722 4663 2895 4719 neque
2917 4664 3085 4716 mors,
3113 4663 3288 4719 neque
3311 4649 3424 4727 vita
3449 4651 3626 4719 possit
3645 4661 3719 4701 vos

475 4753 625 4816 dicit,
651 4769 723 4816 rx,
754 4767 948 4808 nomen
973 4753 1184 4809 Domini
1216 4763 1328 4822 est;
1358 4756 1500 4825 quod
1521 4755 1653 4811 dicit
1675 4772 1899 4822 ALLELU,
1933 4756 2052 4813 lau-

475 4844 599 4900 dem
649 4860 770 4900 cum
801 4846 1157 4903 exsultatione
1203 4849 1467 4918 designat.
1511 4849 1826 4920 Cuicunque
1871 4859 2050 4908 autem

473 4933 686 5005 psalmo
713 4934 837 4990 talis
859 4935 1042 4992 titulus
1062 4939 1452 5006 praescribitur,
1483 4939 1535 4995 in
1563 4956 1629 4996 eo
1655 4941 1796 4998 facta
1824 4943 1919 4999 Dei
1940 4944 2052 4999 lau-

475 5023 674 5080 dabilia
711 5025 1076 5081 continentur.
1117 5027 1175 5082 ln
1204 5029 1306 5083 hoc
1335 5037 1512 5086 autem
1538 5031 1747 5101 psalmo
1771 5035 2053 5090 continen-

475 5121 568 5173 tur
595 5115 882 5172 laudabilia
911 5132 1076 5188 opera
1105 5117 1223 5186 Dei,
1266 5135 1384 5189 quae
1403 5128 1456 5177 et
1488 5123 1716 5178 materia
1753 5132 1878 5180 sunt
1905 5124 2052 5195 psal-

477 5207 572 5264 mi.
613 5205 743 5274 Quae
779 5209 824 5264 si
863 5210 1226 5277 attendamus,
1266 5211 1434 5267 Deum
1473 5216 1713 5271 omnium
1753 5226 2053 5274 creatorem

479 5311 601 5353 cum
635 5298 868 5353 maxima
907 5299 1265 5356 exsultatione
1292 5301 1650 5372 laudabimus,
1698 5316 1753 5362 et
1789 5307 1905 5362 haec
1941 5323 2056 5362 om-

480 5389 570 5443 nia
601 5389 862 5444 beneﬁcia
897 5390 1025 5445 fecit
1060 5393 1204 5448 Deus
1226 5393 1302 5447 illi
1340 5395 1536 5464 populo
1585 5405 1642 5452 ut
1666 5414 1765 5468 per
1798 5401 1913 5455 haec
1935 5415 2054 5455 om-

479 5480 571 5535 nia
635 5490 1004 5537 commoneret
1064 5492 1119 5540 et
1159 5485 1418 5540 invitaret
1459 5502 1552 5543 eos
1599 5489 1666 5543 ad
1709 5491 2055 5558 quaerendum

481 5584 607 5628 eum
645 5572 1018 5642 spiritualiter,
1071 5575 1212 5631 sicut
1236 5577 1293 5632 in
1321 5577 1512 5633 ultimo
1536 5595 1700 5635 versu
1727 5582 1892 5637 dicit:
1931 5602 1947 5634 ι
1987 5582 2058 5640 Ut

482 5661 787 5717 custodiant
826 5661 1237 5732 iustiﬁcationes
1291 5667 1424 5739 ejus,
1466 5677 1521 5724 et
1583 5669 1754 5740 legem
1814 5670 1928 5740 ejus
1967 5688 2054 5728 re-

483 5753 724 5824 quirant.
773 5774 791 5808 ›
842 5755 910 5810 Et
962 5757 1088 5815 inde
1131 5760 1280 5830 ponit
1311 5761 1730 5818 admonitionem
1793 5764 1846 5819 in
1882 5766 2057 5834 prima

486 5853 664 5915 parte,
701 5857 762 5905 ut
781 5866 968 5909 omnes
993 5853 1178 5910 moniti
1197 5871 1294 5924 per
1323 5857 1438 5913 haec
1463 5858 1762 5930 corporalia
1795 5858 2057 5917 beneﬁcia

2153 4757 2407 4813 separare
2444 4758 2474 4796 a
2501 4742 2769 4797 charitate
2809 4740 3009 4797 Christi
3053 4740 3230 4812 (Rom.
3252 4744 3400 4813 'vm),
3448 4750 3509 4798 et
3536 4742 3624 4797 hic
3648 4739 3722 4795 dcc

2155 4831 2692 4902 terminatquomodo
2714 4838 2959 4900 oporteat
2983 4830 3176 4900 quaeri,
3197 4830 3385 4886 dicens
3411 4844 3426 4884 :
3455 4849 3476 4880 ‹
3508 4829 3724 4898 Quaerite

2161 4921 2357 4977 faciem
2406 4921 2523 4990 ejus
2574 4936 2812 4992 semper,
2847 4939 2866 4971 ι
2920 4920 2975 4976 id
3025 4929 3108 4975 est
3152 4929 3212 4974 ut
3254 4920 3345 4975 hic
3396 4919 3725 4991 praesentiam

2157 5013 2480 5087 cognitionis
2507 5013 2622 5084 ejus
2648 5013 2919 5078 habeatis,
2971 5017 3025 5066 et
3053 5011 3272 5068 tandem
3297 5010 3435 5067 facie
3454 5011 3524 5065 ad
3552 5010 3726 5067 faciem

2158 5105 2405 5162 videatis.

2234 5243 2252 5273 ε
2282 5221 2624 5277 Mementote.
2655 5239 2672 5273 ›
2708 5218 2844 5278 Pars
2865 5219 3097 5274 secunda
3139 5237 3152 5272 :
3186 5217 3338 5284 Dico,
3393 5235 3412 5269 ‹
3441 5216 3688 5288 quaerite,
3710 5230 3728 5266 ο

2159 5323 2212 5370 et
2236 5315 2302 5370 ad
2331 5314 2435 5370 hoc
2467 5321 2528 5368 ut
2549 5312 2804 5384 quaeratis
2835 5331 2855 5363 ι
2898 5318 3228 5368 mementote
3250 5309 3584 5366 mirabilium
3628 5309 3735 5380 ejus

2159 5420 2280 5475 qua:
2310 5403 2440 5460 fecit
2488 5400 2641 5472 (Gen.
2671 5419 2728 5457 xt
2771 5411 2819 5458 et
2843 5400 2956 5472 xx),
3011 5421 3031 5455 ι
3081 5401 3247 5457 veluti
3279 5402 3422 5472 quod
3443 5409 3632 5472 patres
3652 5415 3735 5454 ve-

2158 5503 2301 5550 stros
2327 5493 2571 5549 Rubrum
2601 5507 2750 5549 mare
2795 5493 2941 5548 sicco
2968 5492 3196 5565 vestigio
3227 5493 3461 5548 transire
3482 5491 3638 5556 fecit,
3692 5497 3738 5544 et

2167 5605 2186 5638 ι
2229 5587 2472 5658 prodigia
2501 5583 2637 5654 ejus,
2683 5605 2703 5638 ο
2734 5585 2900 5640 veluti
2928 5585 3079 5657 signa
3126 5601 3249 5656 quae
3295 5583 3426 5640 fecit
3473 5582 3740 5657 Egyptiis

2162 5675 2358 5746 (Exod.
2389 5676 2466 5746 ix)
2493 5691 2591 5746 pro
2609 5675 2854 5746 patrihus
2880 5673 2984 5731 illis
3012 5692 3026 5740 ;
3065 5694 3084 5726 ‹
3123 5685 3177 5731 et
3196 5674 3403 5745 judicia
3424 5675 3535 5730 onis
3560 5673 3699 5743 ejus,
3721 5690 3738 5724 ι

2163 5769 2216 5824 id
2243 5777 2346 5834 est,
2369 5776 2640 5840 praecepta
2664 5767 2814 5839 legis,
2845 5783 2965 5837 quae
2989 5767 3113 5823 licet
3135 5768 3346 5839 Moyses
3361 5766 3613 5830 dixisset,
3645 5778 3742 5819 non

2165 5868 2342 5915 tamen
2383 5867 2509 5915 sunt
2531 5857 2840 5928 accipienda
2865 5857 3018 5926 quasi
3050 5872 3080 5912 a
3111 5857 3312 5929 Moyse,
3359 5856 3454 5913 sed
3490 5855 3654 5925 quasi
3685 5868 3740 5909 cx
