3898 6490
127 373 246 432 555

1301 361 1736 425 EXPLANATIO
1768 363 1833 418 ιδ
1876 327 2211 424 ρεΑιιιόε.

3265 368 3371 427 554

125 496 231 537 ore
260 481 429 554 ipsius
455 480 551 539 Dei
578 499 592 537 :
636 480 683 538 si
710 480 830 553 quis
855 481 998 538 enim
1023 479 1118 536 Dei
1142 479 1402 536 beneﬁcia
1432 477 1693 542 attendat,
1724 485 1775 544 Α
1803 482 1908 540 tur,
1936 483 1994 530 ut
2018 484 2126 532 tam
2157 478 2311 548 pauci
2343 477 2399 533 in
2430 484 2578 533 tanta
2608 485 2753 532 terra
2777 477 3200 548 dominarentur,
3220 481 3373 539 vide-

124 572 486 643 Spiritualiter
511 573 756 642 quaesivit
782 580 836 627 et
863 573 913 627 ei
931 573 984 627 in
1017 571 1120 626 ﬁde
1143 571 1382 626 servivit.

95 695 108 702 -
200 663 279 718 Ita
301 675 357 719 et
377 679 472 719 vos
490 664 670 719 facere
687 665 912 728 debetis,
936 679 1030 719 vos
1050 664 1170 719 dico
1198 683 1216 715 ι
1246 678 1430 718 semen
1450 661 1702 729 Abrahae,

119 755 272 812 servi
299 756 447 827 ejus,
482 775 501 809 ›
540 764 596 810 et
626 755 788 811 etiam
825 773 843 806 ι
873 754 967 809 ﬁlii
988 753 1185 820 Jacob,
1229 754 1388 810 electi
1419 754 1561 826 ejus;
1601 773 1620 806 ι
1649 760 1705 808 et

120 848 201 901 ita
232 849 281 905 si
306 862 401 905 vos
427 846 631 904 similes
657 846 822 903 Jacob
842 847 1055 903 fueritis
1083 846 1224 902 inter
1250 846 1450 902 electos
1487 845 1582 902 Dei
1610 860 1704 917 po-

118 938 354 995 nemini.

193 1029 321 1086 ldeo
359 1029 525 1085 etiam
551 1038 896 1096 mementote,
942 1029 1068 1101 quia
1095 1049 1114 1083 (
1151 1029 1264 1100 ipse
1296 1048 1315 1083 ι
1349 1037 1432 1085 est
1467 1049 1485 1081 ‹
1525 1029 1706 1084 Ι)οωί-

114 1133 227 1174 nus
263 1118 406 1175 Deus
434 1128 657 1186 noster;
695 1139 714 1173 a
741 1130 794 1176 et
821 1120 970 1187 ideo,
993 1122 1116 1190 quia
1149 1137 1166 1171 ι
1196 1118 1395 1188 judicia
1422 1120 1568 1190 ejus,
1599 1139 1618 1172 ι
1653 1119 1706 1175 id

113 1218 204 1264 est
218 1219 483 1282 praecepta
507 1211 623 1280 ejus
636 1212 1046 1268 suntnotiﬁcata
1076 1231 1095 1262 ς
1129 1211 1183 1265 ἱη
1205 1211 1453 1266 universa
1483 1221 1646 1278 terra,
1679 1230 1699 1264 ι

113 1301 289 1356 veluti
336 1318 434 1373 per
458 1301 732 1359 Christum
781 1311 836 1358 et
861 1302 1132 1374 apostolos
1181 1301 1351 1372 ipsius
1379 1303 1702 1373 completum

114 1402 226 1458 est,
268 1393 405 1448 sicut
430 1402 486 1449 et
506 1393 622 1464 ipse
651 1393 936 1450 Psalmista
975 1395 1102 1450 dicit
1142 1392 1312 1467 (Psal.
1336 1397 1490 1468 xvm)
1521 1413 1534 1450 :
1592 1414 1609 1448 ι
1645 1395 1705 1450 ln

111 1482 260 1538 fines
287 1483 435 1539 orbis
464 1493 620 1539 terra
642 1485 808 1539 verba
836 1499 1044 1540 eorum.
1086 1505 1105 1536 ι

196 1573 322 1628 Ideo
355 1589 569 1644 quoque
615 1585 964 1641 mementote,
998 1577 1124 1646 quia
1164 1596 1182 1628 ‹
1217 1591 1423 1632 memor
1460 1575 1558 1630 fuit
1594 1594 1612 1626 ι
1648 1575 1704 1629 in

115 1662 244 1732 ipsa
292 1663 604 1734 impletione
629 1685 648 1718 ι
684 1667 996 1737 testamenti
1034 1667 1117 1722 sui
1154 1686 1173 1719 ι
1208 1667 1349 1722 illius
1395 1666 1736 1737 promissio-'

112 1757 211 1811 nis
237 1733 399 1826 quam
429 1756 560 1813 fecit
595 1733 1058 1824 Abrahaefdicens
1086 1776 1099 1812 :
1128 1778 1146 1810 ι
1186 1759 1304 1814 Tibi
1333 1733 1472 1813 dabo
1499 1766 1701 1814 terram

1805 578 1892 624 tur
1918 569 2097 638 potius
2123 571 2408 640 promissio
2433 569 2574 626 facta
2601 571 2667 627 de
2689 578 2834 627 terra
2862 571 3183 643 signiﬁcata,
3209 589 3371 645 quam

1805 663 1870 718 de
1891 670 2037 717 terra
2065 663 2172 717 illa.

1877 776 1896 808 ι
1929 759 1994 813 Et
2029 775 2049 808 ι
2075 755 2200 812 licet
2225 754 2561 824 promisisset
2585 753 2692 820 eis,
2722 761 2902 808 tamen
2936 753 3010 809 illi
3038 773 3058 806 ‹
3089 764 3370 826 pertrans-

1803 853 1980 909 ierunt
2021 871 2039 903 ›
2083 849 2277 919 quibus
2307 847 2422 916 ipsa
2449 846 2735 916 promissio
2773 845 2912 901 facta
2937 845 3057 912 fuit,
3085 847 3204 903 sine
3227 847 3370 903 illius

1801 941 2175 1015 promissionis
2226 939 2530 1010 adeptione,
2565 957 2585 990 ι
2623 937 2689 994 de
2718 946 2876 1008 gente
2905 957 2922 990 ι
2970 953 3074 993 una
3103 959 3120 990 ι
3160 940 3214 994 in
3251 954 3373 1009 gen-

1804 1047 1912 1088 tem
1941 1052 1958 1084 ι
1993 1031 2216 1087 alteram
2250 1047 2264 1082 :
2297 1046 2316 1080 ι
2351 1035 2406 1083 et
2441 1047 2460 1079 ι
2495 1041 2602 1082 non
2629 1033 2836 1081 tantum
2858 1027 2911 1082 in
2941 1043 3047 1083 uno
3069 1044 3256 1099 regno,
3280 1031 3374 1085 sed

1808 1141 1826 1174 ι
1862 1122 1927 1176 de
1955 1140 1975 1173 ι
2008 1135 2115 1175 uno
2142 1137 2162 1170 ι
2201 1131 2367 1188 regno
2391 1115 2459 1170 ad
2483 1115 2738 1186 p0pulum
2771 1116 3019 1170 alterum.
3056 1135 3075 1168 ι
3108 1117 3210 1172 Ivit
3229 1117 3372 1172 enim

1801 1212 2074 1268 Abraham
2120 1211 2186 1266 de
2215 1218 2360 1265 terra
2401 1207 2658 1264 Chanaan
2703 1208 2758 1262 in
2791 1216 2990 1263 terram
3036 1207 3287 1280 Egypti;
3319 1219 3378 1265 et

1802 1325 1925 1365 cum
1972 1307 2246 1363 Abraham
2292 1314 2349 1361 et
2391 1305 2503 1370 alii,
2529 1304 2722 1374 quibus
2768 1303 2856 1358 illa
2904 1305 3189 1373 promissio
3233 1304 3373 1361 facta

1801 1403 1923 1468 fuit,
1951 1411 2150 1458 terram
2179 1398 2498 1471 promissam
2519 1412 2625 1452 non
2659 1395 2984 1461 obtinerent,
3007 1404 3068 1451 ut
3092 1399 3260 1452 Deum
3290 1397 3374 1452 di-

1803 1508 1990 1549 camus
2014 1507 2263 1547 veracem
2299 1492 2352 1546 in
2374 1489 2676 1560 promissis,
2700 1488 2766 1544 de
2791 1487 3091 1559 signiﬁcata
3117 1498 3262 1544 terra
3292 1490 3374 1543 in-

1803 1584 2101 1653 telligamus
2130 1579 2540 1652 promissionem
2583 1578 2775 1633 factam
2799 1577 3050 1632 maxime.

1871 1677 1935 1731 Et
1964 1691 2084 1731 cum
2105 1673 2511 1746 pertransirent,
2549 1690 2568 1723 ‹
2600 1686 2709 1726 ιιοιι
2742 1669 2958 1739 reliquit
2978 1669 3252 1725 hominem
3274 1682 3372 1722 no-

1800 1784 1924 1825 cere
1951 1768 2059 1834 eis,
2095 1775 2150 1821 et
2179 1781 2332 1838 reges
2369 1785 2388 1817 ›
2425 1765 2518 1835 qui
2542 1762 2827 1818 voluerunt
2857 1761 2936 1816 eis
2970 1776 3168 1817 nocere
3199 1777 3218 1811 ι
3255 1775 3373 1815 cor-

103 1844 257 1902 lacte
280 1855 335 1902 et
355 1846 512 1902 melle
532 1847 785 1902 ﬂuentem
805 1847 1000 1918 (Exod.
1025 1846 1166 1918 xm),
1192 1867 1210 1899 ι
1229 1862 1346 1918 qua:
1360 1855 1503 1903 terra
1524 1847 1694 1918 ﬁgura

1811 1859 1962 1931 ripuit
1999 1873 2098 1928 pro
2127 1858 2223 1913 eis.
2264 1876 2283 1909 ι
2337 1855 2490 1912 Sicut
2534 1853 2905 1918 Pharaonem,
2946 1853 3039 1922 qui
3073 1849 3374 1908 abstulerat

99 1936 222 1990 fuit
253 1945 410 1992 terra
437 1938 733 1992 viventium
758 1955 772 1991 :
798 1952 917 2009 qua:
939 1938 1224 2009 promissio
1253 1937 1307 1992 in
1344 1937 1512 2008 ﬁgura
1542 1952 1692 1994 com-

100 2027 266 2096 pleta
306 2025 673 2097 fuit,_quando
697 2036 880 2083 nostra
905 2028 1216 2082 humanitas
1252 2028 1307 2082 in
1347 2026 1564 2082 Christo
1604 2042 1697 2083 ve-

96 2130 238 2170 ram
263 2117 506 2186 requiem
538 2117 791 2184 obtinuit,
818 2126 872 2173 et
909 2133 1008 2188 per
1046 2119 1221 2189 ipsum
1242 2117 1356 2186 jam
1396 2119 1696 2174 imitatores

96 2205 370 2274 Abrahae,
403 2207 458 2262 id
483 2207 736 2278 estjusti,
773 2208 965 2264 saltem
1006 2223 1101 2279 spe
1144 2209 1335 2265 eadem
1365 2209 1554 2279 requie
1577 2218 1698 2264 uta-

97 2297 272 2364 mini,
323 2300 628 2354 testamenti
678 2298 799 2354 dico
849 2300 1088 2354 mansuri
1117 2318 1136 2351 ι
1169 2299 1227 2354 in
1275 2300 1548 2366 saeculum,
1587 2323 1608 2352 ο
1642 2299 1696 2354 id

99 2395 200 2442 est
218 2387 567 2444 aeternaliter.
599 2387 810 2444 Fideles
837 2389 982 2444 enim
1012 2389 1130 2445 sine
1161 2390 1506 2445 successione
1547 2389 1694 2444 illam

103 2487 317 2534 terram
343 2480 713 2550 possidebunt,
745 2481 1049 2537 testamenti
1080 2481 1223 2546 dico,
1251 2480 1458 2536 scilicet
1489 2498 1508 2532 ι
1546 2480 1696 2536 verbi

100 2569 260 2640 quod
287 2589 306 2622 ι
339 2570 600 2627 Dominus
637 2590 657 2624 ι
688 2571 981 2635 mandavit,
1014 2591 1033 2624 ι
1061 2571 1116 2626 id
1141 2580 1224 2627 est
1251 2571 1561 2627 hominibus
1584 2579 1697 2626 tra-

101 2663 274 2729 didit,
322 2663 644 2720 duraturam
675 2683 694 2716 ι
743 2663 799 2718 in
845 2663 992 2719 mille
1030 2662 1426 2734 generationes,
1465 2681 1484 2715 ι
1513 2661 1566 2718 id
1613 2669 1697 2717 est

101 2774 352 2830 semper,
379 2759 592 2815 ﬁnitum
628 2775 826 2816 nomen
866 2775 966 2830 pro
996 2760 1225 2817 inﬁnito.
1256 2759 1374 2826 Vel,
1405 2779 1423 2811 ι
1454 2760 1624 2821 verbi,
1669 2778 1689 2811 ι

99 2851 170 2906 id
204 2859 292 2907 est
334 2851 589 2922 praecepti
614 2852 868 2918 Abrahae,
895 2867 1020 2907 cum
1049 2851 1187 2906 dixit
1218 2869 1232 2906 :
1267 2869 1286 2902 ι
1324 2851 1424 2905 Exi
1453 2851 1518 2906 de
1549 2860 1694 2906 terra

103 2950 237 3006 tua,
275 2943 423 3000 etde
450 2944 768 3016 cognatione
806 2953 896 2999 tua
923 2942 1076 3016 (Gen.
1113 2944 1232 3017 xu),
1275 2963 1294 2996 ι
1328 2945 1470 3013 quod
1497 2959 1696 3013 prace-

101 3041 265 3104 ptum
293 3033 347 3088 in
372 3033 695 3104 signiﬁcato,
717 3041 898 3088 manet
923 3051 942 3085 ι
972 3033 1027 3089 in
1053 3033 1198 3089 mille
1229 3034 1600 3106 generationes
1624 3050 1637 3087 :
1670 3051 1688 3083 ι

1795 1950 2027 2006 Abrahae
2058 1948 2247 2004 Saram
2272 1945 2423 2021 (Gen.
2448 1943 2562 2015 xx),
2596 1952 2651 2000 et
2670 1941 3004 2008 Abimelech,
3025 1941 3120 2012 qui
3151 1940 3374 1996 abstulit

1793 2041 1942 2097 Isaac
1966 2040 2265 2095 Rebeccam
2295 2036 2446 2110 (Gen.
2480 2033 2651 2106 xxw).

1865 2131 2066 2187 Dicens
2110 2130 2190 2185 eis
2231 2129 2446 2200 regibus
2483 2145 2497 2182 :
2553 2145 2571 2179 ι
2621 2124 2798 2181 Nolite
2854 2131 3079 2196 tangere
3138 2123 3374 2179 christos

1797 2235 1948 2276 meos
1976 2234 1991 2274 :
2022 2237 2041 2272 ι
2069 2218 2186 2274 Non
2209 2219 2351 2289 quod
2377 2217 2454 2271 illi
2479 2216 2743 2272 haberent
2781 2214 3111 2271 materialem
3161 2214 3374 2269 unctio-

1797 2327 1940 2376 nem,
1972 2310 2065 2367 sed
2087 2311 2421 2382 spiritualem
2452 2327 2465 2362 :
2499 2328 2517 2361 ι
2547 2317 2601 2362 et
2627 2307 2791 2362 nolite
2827 2303 3132 2377 malignari,
3165 2321 3184 2356 ι
3214 2303 3268 2358 id
3290 2311 3376 2359 cst

1796 2402 2030 2473 maligne
2049 2415 2208 2472 agere
2237 2419 2257 2452 ι
2292 2401 2346 2455 in
2370 2397 2648 2470 prophetis
2668 2395 2824 2451 meis.
2856 2414 2877 2447 ι

1871 2511 1889 2543 ι
1931 2491 1999 2546 Ει
2021 2491 2260 2556 vocavit,
2300 2509 2318 2543 ι
2346 2488 2482 2544 Pars
2523 2488 2703 2543 tertia.
2746 2485 2870 2540 Haec
2897 2483 3026 2540 facit
3051 2483 3376 2554 patriarchis

1794 2587 1850 2636 et
1874 2581 2151 2651 prophetis
2180 2595 2196 2634 :
2225 2598 2244 2631 ι
2277 2586 2332 2634 et
2368 2598 2386 2630 ι
2418 2577 2584 2633 etiam
2610 2584 2805 2647 praeter
2841 2576 2958 2630 haec
2987 2593 3006 2626 ι
3044 2573 3258 2630 vocavit
3301 2573 3380 2628 fa-

1795 2685 1959 2735 mem,
1997 2688 2016 2721 ι
2056 2670 2208 2741 quasi
2249 2668 2528 2732 famulum,
2561 2686 2579 2718 ι
2615 2682 2776 2736 super
2813 2674 3012 2721 terram
3045 2683 3064 2716 ι
3092 2664 3370 2720 Chanaan.

1795 2760 1863 2816 Et
1904 2776 2002 2831 per
2039 2761 2185 2816 illam
2216 2755 2414 2815 famem
2448 2779 2467 2811 ι
2500 2758 2755 2814 contrivit
2777 2771 2937 2812 omne
2975 2755 3373 2810 ﬁrmamentum

1794 2854 1973 2922 panis,
2006 2872 2025 2905 ι
2063 2853 2188 2922 quia
2232 2852 2390 2922 panis
2426 2850 2596 2906 defuit
2641 2850 2733 2921 qui
2778 2865 2871 2906 eos
2904 2849 3274 2904 conﬁrmaret.
3304 2847 3376 2902 Et

1797 2952 1900 3006 hoc
1927 2947 2154 3017 contigit
2179 2947 2232 3002 in
2269 2955 2508 3016 tempore
2538 2943 2706 3000 Jacob
2735 2941 2888 3016 (Gen.
2914 2942 3070 3012 xui).

1788 3081 1791 3083 -
1868 3041 1935 3095 Ει
1967 3049 2027 3095 ιιι
2055 3039 2122 3094 de
2153 3038 2296 3092 fame
2316 3037 2406 3090 illa
2427 3036 2548 3092 illos
2580 3035 2855 3097 liberaret,
2891 3054 2909 3085 σ
2950 3033 3096 3088 misit
3127 3039 3252 3086 ante
3280 3044 3376 3086 eos

105 3125 188 3181 ibi
217 3126 361 3182 enim
409 3127 758 3197 spiritualiter
796 3126 1045 3183 omnibus
1095 3125 1338 3182 ﬁdelibus
1367 3135 1694 3196 praeceptum
1735 3195 1765 3199 _
1800 3134 1998 3197 virum,
2033 3151 2050 3183 ›
2085 3131 2293 3186 scilicet
2339 3128 2560 3199 Joseph,
2610 3127 2703 3198 qui
2737 3144 2756 3177 ‹
2804 3125 3001 3196 Ioseph
3040 3124 3377 3180 venundatus

105 3230 197 3276 est
241 3220 392 3276 exire
430 3195 496 3277 de
533 3220 848 3277 terrenitate
904 3235 1000 3276 sua
1055 3227 1108 3275 et
1156 3195 1555 3276 blandimentis
1586 3236 1696 3275 suae
1723 3195 1768 3257 ο
1800 3236 1881 3283 cst
1904 3226 1958 3279 in
1985 3195 2204 3280 servum
2245 3243 2262 3274 ι
2293 3222 2347 3277 in
2377 3195 2610 3292 Egypto
2628 3195 2782 3292 (Gen.
2808 3195 3017 3285 xxxix).

107 3311 462 3382 cognitionis.

187 3401 525 3456 Testamenti
580 3402 738 3465 dico,
785 3418 805 3451 ι
855 3403 998 3470 quod
1045 3418 1064 3451 ι
1097 3400 1211 3469 ipse
1251 3417 1270 3450 ι
1320 3399 1581 3470 disposuit
1629 3401 1697 3454 ad

108 3491 410 3555 Abraham,
445 3499 502 3543 et
541 3508 560 3541 ι
596 3503 803 3544 memor
842 3488 942 3543 fuit
976 3507 994 3539 c
1019 3487 1314 3559 juramenti
1342 3488 1447 3553 sui,
1479 3507 1496 3539 ι
1532 3489 1585 3544 id
1613 3496 1699 3543 est

109 3580 309 3641 ﬁrmae,
353 3585 410 3632 et
449 3592 572 3632 cum
614 3577 925 3647 juramento
954 3578 1345 3648 promissionis,
1381 3578 1436 3632 id
1461 3587 1546 3633 est.
1595 3578 1697 3632 im-

113 3667 396 3723 mutabilis
428 3666 584 3724 factae
619 3687 638 3720 ι
674 3669 742 3724 ad
762 3669 927 3734 Isaac,
963 3689 983 3722 ι
1016 3669 1110 3724 ubi
1149 3669 1284 3725 dixit
1311 3669 1360 3724 ei
1390 3669 1690 3725 Dominus:

120 3778 140 3810 ι
172 3759 235 3814 In
263 3757 414 3815 Isaac
441 3760 723 3816 vocabitur
749 3761 842 3816 tibi
875 3776 1059 3816 semen
1089 3757 1241 3832 (Gen.
1272 3760 1405 3831 xxi).
1441 3779 1461 3813 ι

194 3868 215 3903 ι
253 3851 323 3906 Et
340 3851 469 3906 illud
497 3871 515 3904 ι
545 3860 923 3909 testamentum
953 3872 972 3905 ι
1007 3853 1198 3908 statuit
1220 3854 1272 3907 in
1298 3851 1486 3916 Jacob,
1521 3871 1538 3904 ι
1569 3851 1693 3923 quia

113 3941 366 3996 eamdem
390 3941 805 4012 promissionem
830 3940 957 3997 fecit
986 3941 1154 3997 Jacob
1190 3941 1264 3994 ita
1296 3941 1438 4011 quod
1476 3950 1619 3996 esset
1641 3939 1693 3995 el

120 4053 142 4086 ς
172 4034 228 4088 in
251 4041 597 4104 praeceptum,
634 4053 653 4086 ι
684 4033 908 4098 scilicet,
931 4041 990 4088 ut
1027 4041 1246 4103 propter
1276 4031 1421 4086 illam
1461 4031 1693 4102 promis-

112 4125 327 4181 sionem
367 4125 599 4180 serviret
633 4123 758 4191 Deo,
789 4125 943 4195 quasi
985 4139 1082 4194 per
1111 4133 1435 4194 praeceptum
1471 4121 1590 4187 Dei,
1638 4129 1696 4177 et

110 4231 218 4286 per
245 4215 420 4288 legem
457 4224 797 4282 moneretur;
828 4236 847 4267 «
885 4224 940 4272 et
963 4214 1150 4280 Israel,
1185 4234 1202 4267 ι
1229 4215 1283 4270 id
1310 4223 1394 4269 est
1421 4214 1519 4285 ipsi
1546 4213 1692 4270 facto

111 4307 304 4375 Israel,
329 4308 382 4364 id
415 4317 500 4364 est
523 4308 712 4364 videns
743 4309 911 4364 Deum
945 4307 1389 4378 multiplicatione
1408 4307 1690 4373 virtutum,

116 4397 311 4454 statuit
343 4417 362 4450 ‹
395 4397 451 4452 in
479 4406 862 4454 testamentum
889 4405 1172 4463 aeternum,
1205 4416 1224 4450 ι
1257 4396 1382 4466 quia
1402 4395 1693 4467 promissio

113 4493 212 4550 illa
236 4501 290 4549 et
312 4493 663 4550 immutabilis
687 4501 743 4549 et
766 4501 966 4548 aeterna
992 4493 1097 4547 erit
1132 4491 1402 4547 ﬁdelibus.

194 4603 214 4635 ι
249 4583 543 4654 Disposuit,
579 4602 598 4636 ι
628 4583 836 4650 statuit,
865 4583 1050 4639 dicens
1080 4600 1094 4637 :
1130 4601 1148 4635 ι
1182 4581 1302 4638 Tibi
1328 4583 1464 4638 dabo
1489 4590 1692 4636 terram

114 4674 396 4740 Chanaan,
429 4694 448 4728 ›
480 4675 534 4731 id
572 4683 656 4730 est
699 4683 898 4732 terram
928 4674 1321 4746 promissionis,
1347 4689 1510 4745 quam
1554 4674 1695 4730 Cha-

117 4783 266 4823 naan
300 4768 440 4824 ﬁlius
464 4766 576 4824 Noe
596 4768 746 4839 prius
774 4768 1110 4824 inhabitavit.
1143 4765 1396 4823 Chanaan
1427 4766 1692 4836 interpre-

121 4869 270 4915 tatur
303 4861 594 4917 descensus
619 4861 701 4914 vel
731 4860 983 4916 humilis:
1008 4859 1134 4915 inde
1161 4859 1327 4916 dicit:
1356 4878 1374 4911 ι
1407 4859 1527 4915 Tibi
1556 4857 1695 4915 dabo

122 4964 326 5011 terram
355 4953 631 5019 Chanaan,
662 4972 681 5006 ι
715 4954 770 5010 id
806 4963 892 5010 est
921 4963 1119 5009 terram
1146 4969 1266 5024 qua:
1304 4969 1401 5024 per
1422 4953 1696 5008 humilita-

123 5052 237 5101 tem
257 5043 575 5114 acquiritur,
607 5043 710 5098 hoc
737 5051 838 5108 est,
863 5042 1139 5100 caelestem
1171 5042 1526 5099 Hierusalem.
1562 5042 1694 5096 Ter-

125 5152 246 5192 ram
285 5135 426 5202 dico,
465 5134 810 5192 «funiculum
843 5136 1176 5192 haereditatis
1207 5145 1420 5201 vestrae,
1473 5153 1493 5186 ι
1539 5134 1591 5188 id
1617 5140 1700 5189 est
1777 5139 1786 5145 '

125 5242 249 5297 qua:
275 5225 533 5281 dividitur
550 5225 778 5297 singulis
802 5226 1048 5283 tribubus
1065 5241 1164 5296 per
1181 5225 1478 5281 funiculum
1510 5242 1524 5278 :
1554 5225 1625 5278 ita
1643 5230 1701 5279 et

129 5329 275 5374 terra
301 5317 593 5372 viventium
617 5318 768 5388 quasi
791 5317 1026 5374 funiculo
1053 5317 1416 5384 distribuitur,
1437 5316 1561 5387 quia
1587 5316 1700 5371 uni-

127 5409 326 5478 cuique
355 5409 646 5464 secundum
672 5409 1082 5480 dispositionem
1123 5411 1240 5467 Dei.

204 5500 355 5555 Hanc
380 5509 580 5556 terram
609 5501 878 5571 promisit,
912 5521 930 5554 ‹
966 5518 1088 5557 cum
1119 5522 1138 5556 ι
1173 5502 1247 5558 illi
1282 5502 1476 5573 quibus
1500 5501 1701 5572 promi-

130 5593 203 5649 sit
233 5612 252 5644 ι
291 5601 472 5648 essent
524 5609 749 5648 numero
797 5595 947 5649 brevi
983 5612 995 5646 :
1046 5613 1064 5646 ι
1095 5603 1148 5648 et
1196 5594 1269 5648 ita
1315 5593 1510 5659 brevi,
1557 5593 1702 5663 quod

137 5703 157 5736 ι
189 5683 519 5753 paucissimi,
551 5695 605 5739 et
623 5684 814 5741 incola:
833 5682 949 5754 ejus
977 5704 994 5736 ι
1023 5695 1197 5749 terrm,
1225 5685 1314 5755 qui
1345 5684 1496 5753 quasi
1523 5692 1704 5740 extra-

134 5780 224 5829 nei
272 5774 347 5830 ibi
373 5775 706 5830 habitabant.
735 5775 868 5831 Cum
905 5784 1083 5831 autem
1135 5777 1463 5846 impossibile
1489 5776 1700 5835 videre-

552 5869 820 5930 PATIOL.
865 5867 1060 5930 CXVI

1869 3317 1935 3371 Et
1979 3325 2107 3370 tunc
2148 3312 2391 3385 IEgyptii
2435 3331 2454 3363 ι
2493 3311 2916 3366 humiliaverunt
2941 3311 2994 3364 in
3026 3309 3375 3379 compedibus

1796 3407 1960 3480 pedes
2001 3404 2141 3474 ejus,
2177 3424 2195 3455 ι
2231 3404 2356 3474 quia
2389 3417 2524 3458 uxor
2563 3402 2767 3458 domini
2799 3402 2905 3466 sui,
2936 3402 3029 3471 qui
3075 3400 3376 3471 Phutiphar

1798 3502 2096 3563 dicebatur,
2129 3496 2385 3568 imposuit
2418 3495 2494 3550 illi
2540 3497 2747 3552 crimen
2792 3495 3062 3560 adulterii,
3113 3497 3180 3549 ad
3231 3492 3375 3564 quod

1799 3590 1962 3660 impia
1983 3603 2105 3644 eum
2135 3602 2326 3659 cogere
2346 3585 2562 3642 volebat
2586 3585 2794 3656 (Ibid).
2817 3585 2967 3640 Licet
2989 3585 3132 3638 enim
3163 3584 3266 3641 hoc
3297 3583 3378 3638 di-

1797 3698 1914 3748 cas,
1943 3689 2124 3736 tamen
2159 3695 2266 3736 non
2306 3686 2390 3734 est
2435 3678 2740 3733 contrarius
2787 3675 2977 3746 Moysi.
3008 3673 3203 3744 Ioseph
3251 3674 3374 3743 qui-

1798 3775 1920 3830 dem
1961 3771 2164 3843 placuit
2211 3768 2480 3844 [principi
2515 3765 2818 3837 carceris,]
2863 3773 2918 3820 et
2961 3764 3201 3832 prazl'ecit
3248 3779 3371 3818 cum

1797 3863 1918 3919 aliis
1952 3862 2201 3932 captivis,
2232 3861 2358 3930 quia
2383 3867 2672 3927 utrumque
2695 3855 2867 3926 potuit
2891 3853 3030 3920 ﬁeri,
3058 3862 3113 3908 et
3133 3861 3192 3907 ut
3221 3853 3372 3923 prius

1795 3958 1850 4013 in
1883 3953 2230 4021 compedibus
2253 3958 2565 4022 poneretur,
2588 3958 2645 4002 et
2672 3954 2856 4017 postea
2897 3945 3202 4001 carcerario
3228 3960 3377 3999 com—

1793 4047 2052 4118 placeret.
2101 4045 2159 4100 In
2213 4043 2301 4098 illa
2351 4042 2597 4113 captione
2641 4058 2658 4091 ι
2691 4038 2916 4102 ferrum,
2954 4059 2972 4089 ι
3005 4038 3057 4091 id
3102 4045 3187 4092 est
3238 4037 3373 4091 dura

1795 4137 2062 4201 anxietas,
2101 4154 2120 4187 ι
2155 4133 2470 4206 pertransiit
2496 4132 2733 4186 animam
2773 4128 2913 4198 ejus,
2955 4129 3126 4184 donec
3166 4128 3376 4183 veniret

1793 4233 2021 4288 verbum
2068 4230 2200 4300 ejus,
2239 4250 2257 4283 ι
2294 4229 2348 4286 id
2391 4237 2476 4285 est
2501 4229 2672 4285 donec
2699 4227 2950 4298 exposuit
2975 4226 3208 4292 somnia,
3237 4227 3370 4300 ipse,

1797 4329 1979 4378 tamen
2009 4337 2116 4376 non
2145 4336 2212 4376 CX
2232 4335 2309 4376 se.

1868 4416 2021 4481 Dico,
2047 4415 2270 4470 verbum
2293 4413 2410 4483 ejus
2439 4425 2547 4466 non
2570 4425 2638 4466 ex
2656 4425 2716 4466 se
2740 4409 3006 4480 exposuit,
3035 4409 3128 4464 sed
3153 4423 3219 4465 ex
3240 4407 3370 4475 Deo,

1717 4545 1771 4606 Β
1796 4517 1850 4565 et
1878 4509 1982 4564 hoc
2019 4516 2122 4573 est,
2157 4525 2176 4559 ι
2204 4505 2474 4575 eloquium
2504 4503 2717 4559 Domini
2763 4500 3112 4557 inflammavit
3157 4517 3303 4568 eum,
3348 4523 3366 4554 ι

1798 4603 1852 4660 id
1873 4611 1957 4658 est
1979 4600 2199 4672 spiritus
2219 4598 2515 4668 prophetiae
2533 4595 2855 4650 illuminavit
2877 4609 3020 4650 eum.
3046 4593 3114 4648 Et
3140 4594 3267 4663 quia
3298 4593 3372 4647 ita

1797 4692 2045 4764 exposuit
2086 4692 2317 4756 somnia,
2350 4709 2368 4741 ‹
2406 4687 2556 4743 misit
2606 4702 2702 4741 rex
2737 4705 2756 4737 ι
2789 4684 3024 4750 Pharao,
3060 4701 3078 4735 ι
3116 4692 3171 4739 et
3212 4683 3374 4738 solvit

1799 4799 1922 4838 eum
1961 4801 1979 4834 ι
2015 4797 2044 4835 a
2083 4791 2234 4837 reatu
2279 4777 2435 4850 (Gen.
2461 4777 2594 4848 xu),
2629 4791 2697 4831 ne
2746 4791 2776 4829 a
2826 4776 3042 4831 domino
3085 4789 3185 4830 suo
3222 4774 3374 4829 adul-

1800 4873 1993 4928 terium
2041 4869 2113 4924 illi
2166 4871 2550 4940 imponeretur,
2593 4873 2649 4922 et
2692 4881 2799 4921 non
2827 4863 3056 4934 quilibet
3100 4878 3230 4929 rex,
3277 4864 3372 4920 sed

1806 4981 1825 5014 (
1856 4961 2106 5032 princeps
2126 4959 2444 5030 populorum
2475 4977 2494 5010 ι
2515 4956 2822 5023 multorum,
2850 4973 2870 5008 ι
2895 4966 2951 5011 et
2969 4954 3171 5011 dimisit
3194 4969 3318 5010 eum
3345 4973 3366 5008 ι

1795 5070 1862 5110 ex
1891 5063 2005 5109 toto
2024 5053 2334 5108 liberorum.

1866 5146 1936 5200 Et
1977 5154 2098 5217 post
2132 5162 2151 5196 ι
2187 5143 2468 5200 constituit
2495 5157 2616 5198 eum
2647 5141 2921 5199 dominum
2954 5138 3147 5196 domus
3173 5151 3286 5195 sua:
3312 5146 3370 5196 et

1795 5234 2093 5304 principem
2117 5233 2294 5289 omnis
2316 5231 2668 5303 possessionis
2689 5245 2818 5286 suae.
2858 5247 2878 5280 ι

1866 5325 1948 5379 Ad
1977 5325 2080 5379 hoc
2109 5342 2127 5375 ι
2162 5331 2224 5378 ιιι
2265 5323 2505 5379 erudiret
2534 5321 2805 5393 principes
2832 5317 2948 5390 ejus
2989 5317 3132 5374 sicut
3172 5323 3372 5372 semet-

1803 5418 2000 5488 ipsum,
2025 5435 2042 5468 ι
2060 5415 2113 5470 id
2142 5423 2223 5472 est
2242 5414 2462 5486 Ioseph,
2484 5414 2568 5470 vel
2595 5414 2928 5470 Pharaonem
2960 5412 3026 5467 de
3046 5410 3376 5467 divinatione

1803 5506 2154 5569 somniorum,
2190 5521 2208 5556 ι
2240 5511 2298 5559 et
2343 5522 2362 5556 ι
2406 5503 2569 5557 etiam
2607 5519 2626 5552 ‹
2668 5515 2822 5556 senes
2874 5500 2989 5572 ejus
3019 5518 3040 5553 ι
3075 5498 3375 5556 reverenda

1810 5615 1828 5648 ‹
1857 5596 2196 5667 prudentiam
2245 5597 2464 5651 doceret
2490 5613 2508 5646 ι
2547 5592 2815 5658 eamdem,
2860 5600 2920 5646 ut
2965 5592 3167 5647 scirent
3208 5604 3376 5660 expo-

1803 5701 1933 5742 nere
1959 5687 2188 5742 somnia.
2216 5685 2430 5742 Pharao
2459 5685 2628 5751 enim,
2649 5699 2757 5740 non
2785 5683 3067 5738 attendens
3105 5682 3247 5752 quod
3275 5681 3375 5739 Jo-

1805 5777 1936 5847 seph
1980 5791 2046 5834 ex
2077 5777 2257 5833 divina
2303 5775 2656 5846 inspiratione
2704 5773 2808 5829 hoc
2853 5772 3098 5838 haberet,
3150 5773 3377 5842 putabat

2870 5862 2944 5926 18
