3898 6466
554 395 660 453 555
1018 390 1372 453 HAYMONIS
1408 392 1887 452 HALBERSTAT.
1926 392 2143 452 EPISC.
2185 392 2337 452 OPP.
2379 386 2639 455 PARS‘I.
2668 427 2738 439 —
2767 394 3126 457 COMMENT.
3165 399 3337 458 BIBL.
3744 405 3839 469 536

553 511 699 584 quod
719 525 788 569 ex
808 511 1046 571 humano
1068 509 1281 583 ingenio
1299 510 1403 566 hoc
1427 508 1685 575 haberet,
1712 515 1767 565 et
1786 506 1924 564 alios
1950 507 2143 564 docere
2169 510 2225 572 Α
2247 506 2508 563 beneﬁcia
2537 506 2677 563 facta
2705 506 2923 565 Iudaeis.
2956 507 3048 564 Sic
3073 512 3337 579 percussit
3371 510 3716 587 Egnatios,
3751 536 3773 569 ι
3800 531 3838 577 ει

553 612 761 675 posset.
1406 628 1412 633 ~
2239 612 2355 669 eos,
2389 619 2408 653 ι
2439 599 2495 655 id
2534 608 2639 666 est,
2682 615 2828 667 suos,
2866 601 2958 672 qui
3006 603 3208 671 captivi
3253 606 3322 660 ab
3360 605 3662 678 :Egyptiis
3701 616 3835 667 tene-

623 696 888 755 Domiuus
922 694 1070 753 misit
1094 692 1311 763 Ioseph,
1346 712 1363 744 ι
1399 699 1454 748 et
1487 711 1506 744 ι
1550 706 1649 765 per
1696 707 1819 747 eum
1854 708 1873 743 ε
1910 691 2133 747 intravit
2235 690 2458 757 bantur,
2511 710 2530 743 ι
2564 691 2750 747 eduxit
2786 712 2808 745 ι
2852 693 2919 748 de
2956 690 3192 765 Egypto
3230 714 3251 748 ι
3294 712 3422 752 cum
3464 714 3621 754 auro
3670 709 3730 757 et
3766 719 3832 758 ar-

553 791 719 849 lsrael
749 790 805 846 in
838 788 1127 860 Egyptum
1170 785 1322 857 (Gen.
1346 784 1515 858 XLVI),
1550 804 1568 837 ι
1596 785 1653 840 id
1693 792 1776 840 est
1804 784 2132 847 lsraeliticus
2214 787 2418 851 .Sento,
2456 800 2475 832 ι
2525 782 2649 851 quia
2696 796 2822 837 vasa
2862 792 3119 853 argentea
3160 792 3216 839 et
3260 800 3432 842 aurea
3459 789 3538 843 ab

553 884 799 956 populus,
822 901 841 934 ι
867 890 921 937 et
944 879 1111 935 Jacob
1133 878 1314 934 accola
1340 878 1441 932 fuit
1466 878 1522 932 in
1552 885 1695 933 terra
1720 876 1889 934 Cham
1915 895 1935 929 ι
1965 891 2129 947 quam
2238 877 2670 941 asportaveraut,
2707 887 2828 942 qua:
2853 871 2921 927 ab
2955 872 3087 941 ipsis
3119 887 3385 946 praecepto
3424 878 3665 934 Domini
3696 895 3825 938 erant

555 976 724 1031 Cham
747 973 888 1030 ﬁlius
916 970 1031 1026 Noe
1051 969 1200 1040 prius
1231 967 1513 1025 habitavit.
2234 961 2485 1016 mutuati.
2512 959 2693 1015 Noluit
2718 975 2838 1016 eam
2874 962 3133 1023 Dominus
3176 974 3237 1020 ut
3266 968 3511 1039 populus
3547 985 3696 1027 suus
3726 990 3821 1044 με.

629 1090 650 1124 ε
670 1072 738 1127 Et
762 1090 781 1123 ,
804 1071 879 1127 ibi
895 1090 917 1122 ι
943 1070 1093 1125 auxi;
1110 1068 1366 1140 populum
1384 1081 1542 1122 suum
1555 1066 1902 1123 vehementer
1921 1084 1940 1119 ,
1960 1080 2129 1136 quan.
2235 1052 2371 1107 tium
2396 1068 2506 1110 sua:
2538 1054 2814 1110 servitutis
2838 1054 3115 1111 amitteret
3144 1075 3158 1110 :
3194 1075 3214 1108 (
3247 1057 3315 1114 Et
3347 1076 3467 1116 non
3497 1070 3635 1117 erat
3663 1064 3719 1119 in
3746 1067 3816 1120 tri-

549 1172 664 1219 ωιη
706 1164 775 1220 ad
818 1177 1121 1218 numerum,
1156 1161 1296 1216 pars
1330 1167 1544 1230 (μω-ιε,
1588 1180 1607 1212 ι
1634 1159 1702 1214 Et
1734 1159 1971 1219 ﬁrmavit
2000 1174 2125 1227 eum
2231 1140 2409 1198 bubus
2444 1156 2633 1198 eorum
2676 1142 2945 1209 inﬁrmus,
2994 1165 3013 1198 ι
3066 1146 3211 1215 quod
3254 1146 3413 1203 valde
3446 1150 3715 1219 mirabile
3740 1152 3815 1210 fuit

548 1267 711 1324 super
751 1254 999 1309 inimicos
1024 1253 1159 1321 ejus,
1192 1271 1212 1304 ,
1244 1252 1371 1323 quia
1409 1252 1609 1307 ίηνίωε
1647 1250 1913 1321 Ερμῆς
1941 1250 2127 1307 eduxit
2233 1231 2375 1324 qugd
2397 1232 2451 1286 in
2482 1240 2628 1288 tanta
2652 1232 2994 1324 multitudine
3026 1235 3204 1291 nullus
3230 1237 3645 1297 inﬁrmaretur.

548 1358 675 1398 suos
696 1344 859 1407 Deus,
886 1350 942 1397 et
968 1341 1087 1397 illos
1115 1341 1298 1397 multis
1328 1340 1519 1399 alllixit
1542 1340 1736 1397 modis.

624 1462 643 1495 ε
676 1443 745 1498 Et
772 1443 1039 1498 convertit
1059 1456 1154 1496 eor
1173 1455 1360 1495 eorum
1391 1460 1410 1490 ι
1439 1439 1838 1512 Εεγριὶοιιιιιι,
1874 1456 1893 1488 ι
1924 1446 1985 1493 ut
2007 1438 2125 1497 odi-

550 1542 671 1590 rent
692 1533 947 1605 populum
974 1531 1303 1603 ejus(E;rod.
1336 1530 1401 1601 ι),
1434 1550 1452 1583 ι
1478 1531 1533 1587 id
1560 1538 1645 1586 est
1672 1529 1788 1593 Dei,
1809 1548 1828 1581 ‹
1857 1538 1914 1586 et
1941 1530 2122 1595 dolum

534 1627 789 1682 facerent
808 1626 863 1680 in
891 1640 1077 1681 servos
1104 1622 1221 1691 ejus
1246 1643 1265 1676 ι
1296 1623 1380 1678 vel
1423 1623 1612 1679 labore
1638 1623 1994 1694 aggravando,
2035 1622 2123 1677 vel

541 1718 779 1788 pretium
807 1717 1192 1774 subtrahendo.

616 1819 686 1875 Et
711 1820 836 1890 quia
866 1818 1047 1875 dolum
1077 1819 1150 1872 ita
1180 1816 1467 1880 faciebant,
1506 1814 1628 1869 ideo
1670 1834 1689 1866 ι
1724 1814 1874 1871 misit
1900 1813 2122 1886 Moysen

545 1926 759 1966 servum
798 1926 954 1967 suum
983 1930 1002 1962 ι
1035 1910 1101 1964 ad
1130 1908 1468 1963 Pharaonem
1496 1903 1710 1978 (Ibid.),
1744 1924 1765 1958 ι
1798 1916 1856 1962 et
1890 1921 1996 1977 per
2033 1907 2120 1977 ip-

544 2018 662 2057 sum
691 2000 875 2057 Aaron
902 2016 1063 2071 quem
1088 2000 1271 2072 elegit.
1300 2018 1323 2050 ο

615 2100 682 2154 Et
717 2099 936 2170 «posuit
958 2098 1014 2152 in
1043 2098 1144 2164 eis,
1168 2117 1186 2150 ι
1219 2096 1269 2152 id
1293 2106 1375 2152 est
1412 2096 1468 2151 in
1498 2095 1678 2168 Moyse
1701 2104 1755 2152 et
1776 2097 1955 2153 Aaron
1981 2097 2122 2169 lega-

545 2192 614 2245 tis
641 2190 771 2253 suis,
811 2208 830 2240 ‹
859 2188 1024 2244 verba
1046 2188 1320 2259 signorum
1361 2201 1583 2242 suorum
1603 2196 1659 2242 et
1676 2187 2043 2259 prodigiorum
2063 2189 2121 2244 in

543 2288 688 2336 terra
736 2279 926 2334 Cham.
965 2296 984 2330 ι
1019 2275 1125 2333 Per
1163 2276 1283 2332 illos
1332 2276 1537 2348 legatos
1585 2291 1712 2333 suos
1756 2278 2121 2334 comminatus

540 2372 640 2426 fuit
663 2370 951 2443 Egyptiis,
982 2368 1124 2441 quod
1151 2369 1253 2424 nisi
1280 2368 1615 2426 dimitterent
1638 2370 1892 2441 populum
1935 2385 2116 2438 suum,

539 2462 745 2518 faceret
775 2462 829 2516 iu
855 2461 934 2517 eis
977 2461 1147 2532 signa,
1180 2459 1329 2515 velut
1355 2460 1627 2525 tenebras,
1659 2467 1714 2515 et
1754 2459 1857 2514 alia
1883 2460 2115 2526 minora,

539 2562 593 2609 et
618 2553 863 2626 prodigia
887 2554 953 2609 de
987 2551 1259 2608 occisione
1286 2550 1784 2622 primogenitorum,
1807 2557 1864 2605 et
1903 2550 2112 2606 talium.

610 2655 843 2710 Minatus
895 2655 997 2709 fuit
1043 2670 1140 2724 per
1174 2652 1295 2708 illos
1341 2653 1513 2723 signa,
1552 2660 1607 2707 et
1655 2652 1957 2723 complevit,
1989 2654 2114 2723 quia

541 2769 559 2801 ι
598 2749 712 2819 ipse
757 2746 904 2802 misit
948 2743 1195 2800 tenebras
1231 2764 1248 2795 ι
1283 2759 1443 2815 super
1470 2742 1753 2816 Egyptios
1801 2744 1996 2817 (Exod.
2031 2747 2109 2817 ι),

536 2855 655 2908 qua:
685 2838 848 2893 etiam
876 2836 1081 2907 palpari
1106 2843 1342 2907 possent,
1376 2853 1394 2886 ι
1431 2845 1486 2891 et
1511 2855 1530 2887 ι
1560 2836 1639 2891 sic
1674 2857 1691 2888 ‹
1726 2836 2054 2892 obscuravit.
2084 2857 2105 2891 ι

539 2933 603 2987 Et
637 2934 739 2987 hoc
766 2931 925 2987 modo
966 2930 1303 2999 complendo,
1340 2948 1358 2980 ‹
1388 2945 1493 2985 non
1525 2930 1869 2985 exacerbavit
1905 2947 2111 2987 sermo-

514 3016 630 3076 nes
666 3037 810 3087 suos,
846 3041 863 3072 ι
902 3020 956 3075 id
983 3028 1194 3075 estnon
1225 3018 1354 3073 fecit
1373 3017 1545 3073 videri
1580 3019 1802 3074 acerbos
1827 3028 1881 3074 et
1904 3018 2104 3075 falsos:

514 3108 715 3166 acerbi
742 3110 885 3165 enim
908 3118 962 3165 et
988 3108 1262 3179 rejiciendi
1291 3107 1563 3174 videntur,
1586 3106 1633 3162 si
1670 3123 1775 3164 non
1810 3116 1970 3179 prout
1995 3110 2108 3180 ipse

533 3203 896 3267 ordinaverat,
929 3200 1239 3270 implentur.

600 3300 666 3355 Et
696 3320 713 3352 ‹
756 3299 1022 3355 convertit
1067 3318 1085 3349 ›
1113 3297 1275 3352 etiam
1305 3313 1324 3347 ι
1361 3309 1529 3365 aquas
1562 3308 1750 3351 eorum
1796 3295 1853 3350 in
1890 3297 2106 3367 sangui-

530 3404 674 3455 nem,
693 3386 755 3443 et
779 3387 975 3444 occidit
1002 3387 1178 3460 pisces
1203 3400 1408 3441 eorum.
1446 3404 1465 3437 ι

603 3510 622 3542 ι
656 3490 722 3545 Ει
749 3489 914 3545 edidit
950 3498 1094 3545 terra
1121 3503 1307 3543 eorum
1339 3502 1498 3542 ranas
1535 3506 1554 3541 ι
1589 3502 1713 3543 eum
1740 3494 1894 3542 tanta
1924 3490 2101 3561 copia,

526 3583 668 3654 quod
691 3598 791 3637 nec
821 3581 1085 3637 thalamus
1120 3580 1243 3635 inde
1281 3579 1532 3635 evacuari
1561 3588 1774 3650 poterat
1802 3579 1998 3653 (Exod.
2024 3598 2100 3637 vn

523 3685 579 3732 et
603 3673 721 3747 vui)
751 3692 764 3728 :
791 3680 844 3729 et
871 3672 975 3728 hoc
1009 3691 1027 3722 ι
1068 3671 1126 3726 iu
1163 3670 1525 3742 penetralibus
1551 3686 1737 3742 regum
1771 3672 2031 3759 ipsorum.
2077 3693 2095 3726 ι

591 3778 659 3834 Ει
690 3777 805 3848 ipse
842 3793 860 3826 ι
894 3774 1046 3841 dixit,
1079 3792 1098 3824 ι
1129 3773 1182 3828 id
1231 3781 1315 3828 est
1363 3771 1549 3837 voluit,
1588 3793 1606 3824 ι
1653 3781 1707 3828 et
1749 3774 1894 3828 venit
1938 3790 2103 3846 cyno-

520 3871 685 3942 myia,
724 3887 743 3920 ι
775 3867 832 3922 id
870 3873 952 3923 est
992 3877 1178 3919 musca
1216 3863 1408 3918 canina
1443 3882 1461 3914 ι
1493 3868 1547 3916 et
1568 3862 1829 3934 einiphes,
1864 3883 1883 3916 ι
1920 3863 1971 3918 id
2020 3875 2103 3920 est

520 3963 741 4025 culices,
776 3958 869 4029 qui
893 3956 1173 4012 intrabant
1195 3953 1249 4007 in
1278 3952 1467 4008 oculos
1495 3954 1614 4024 ejus
1638 3951 1973 4026 (Exod.vm)
2007 3973 2021 4011 :
2047 3963 2103 4010 et

521 4056 627 4110 hoc
663 4048 858 4107 nonin
900 4045 1088 4117 paucis
1134 4042 1287 4111 locis,
1325 4042 1420 4099 sed
1459 4061 1478 4095 ‹
1518 4044 1571 4098 in
1625 4042 1873 4100 omnibus
1903 4045 2100 4102 ﬁnibus

519 4158 729 4200 eorum.
762 4160 780 4192 Ι

595 4232 814 4287 Pluvias
844 4249 862 4282 ‹
897 4228 1063 4284 etiam
1089 4241 1279 4282 eorum
1306 4226 1484 4296 posuit
1510 4226 1824 4298 grandinem
1854 4246 1871 4280 ι
1896 4237 1949 4285 et
1974 4244 2095 4285 eum

519 4323 781 4398 grandine
815 4339 833 4372 ι
878 4320 1057 4392 ignem
1108 4316 1543 4383 comburentem,
1578 4336 1596 4367 ι
1640 4318 1694 4373 id
1740 4324 1824 4374 est
1870 4318 2096 4376 fulmina

520 4414 717 4488 (Exod.
750 4410 846 4484 ιι).
883 4429 901 4462 ι
937 4411 993 4465 in
1024 4417 1169 4465 terra
1190 4409 1447 4480 ipsorum.
1486 4429 1505 4462 ι

589 4518 657 4572 Ει
696 4530 763 4572 eo
812 4514 936 4585 igne
967 4531 987 4564 ι
1018 4519 1074 4567 et
1119 4512 1380 4584 grandine
1435 4510 1704 4582 percussit
1749 4512 1936 4569 vineas
1996 4529 2091 4571 eo-

514 4624 658 4675 rum,
681 4615 739 4663 et
778 4603 1035 4660 ﬁeulneas
1071 4618 1280 4669 eorum,
1306 4611 1361 4661 et
1405 4603 1660 4658 contrivit
1700 4603 1907 4676 lignum
1940 4626 1958 4659 ›
1994 4623 2090 4679 po-

515 4715 635 4755 tuos
663 4708 719 4755 et
746 4696 879 4753 alias
907 4694 1129 4751 arbores
1161 4713 1179 4745 ε
1216 4695 1401 4749 ﬁnium
1427 4710 1636 4750 eorum.
1676 4715 1694 4747 ι

592 4818 611 4850 ‹
637 4798 784 4857 Dixit
815 4817 834 4849 ι
870 4797 1051 4863 etiam,
1080 4796 1135 4851 id
1157 4805 1239 4852 est
1268 4796 1452 4861 voluit,
1484 4816 1502 4849 ‹
1541 4806 1595 4851 et
1618 4797 1765 4852 venit
1788 4797 1995 4856 locusta
2032 4810 2087 4858 et

496 4891 732 4954 .brueus,
754 4886 1035 4959 cujus-non
1057 4895 1175 4943 erat
1202 4902 1461 4942 numerus
1487 4885 1680 4958 (Exod.
1708 4886 1785 4960 χ).
1820 4908 1839 4941 ι

584 4978 817 5034 Locusta
840 4985 897 5032 et
928 4978 1130 5032 brueus
1155 4995 1173 5027 ι
1200 4975 1433 5031 comedit
1462 4990 1620 5031 omne
1648 4975 1830 5033 fenum
1857 4978 1913 5034 in
1941 4987 2083 5037 terra

494 5086 744 5136 icorum,
782 5077 858 5125 -et
912 5068 1145 5125 comedit
1205 5082 1419 5125 omnem
1478 5066 1712 5126 fructum
1775 5078 1930 5127 terrae
1957 5089 2081 5145 _eo-

508 5176 630 5217 rum
664 5179 685 5212 ι
715 5159 862 5231 quod
898 5157 1180 5230 cynomyia
1204 5165 1260 5214 ct
1283 5156 1526 5228 einiphes
1564 5160 1744 5219 facere
1781 5178 1889 5219 non
1924 5174 2079 5235 pote-

484 5260 652 5310 -ηιιι,

480 5378 483 5383 λ
583 5364 602 5397 ι
629 5344 697 5401 Et
720 5342 989 5416 percussit
1010 5355 1171 5398 omne
1192 5339 1607 5413 primogenitum
1633 5344 1688 5401 in
1710 5355 1854 5402 terra
1889 5362 2075 5405 eorum

492 5435 707 5508 ,(Eud.
734 5435 859 5505 xu),
888 5454 908 5486 ι
932 5432 991 5490 id
1016 5442 1099 5491 est
1135 5433 1191 5489 in
1232 5431 1542 5491 hominibus
1572 5442 1627 5497 et
1648 5435 1792 5503 (aliis
1835 5439 2077 5497 animali-

2305 1320 2371 1374 Et
2398 1328 2524 1376 tunc
2567 1341 2586 1374 ι
2630 1320 2918 1394 ΑΞεγρῑιιε,
2957 1343 2975 1375 ι
3021 1324 3075 1380 id
3117 1334 3219 1393 est,
3250 1326 3329 1381 illi
3373 1330 3473 1400 qui
3510 1331 3573 1385 in
3600 1329 3810 1404 θεωρῶ

2232 1420 2623 1476 remanserant,
2676 1431 2695 1464 ι
2741 1414 2917 1469 laetata
2948 1424 3033 1470 est
3080 1415 3136 1470 in
3175 1416 3523 1487 profectione
3561 1437 3802 1486 eorum,»

2228 1510 2517 1573 postquam
2547 1520 2673 1560 suos
2709 1505 2764 1559 in
2795 1506 2932 1559 mari
2970 1507 3201 1577 periisse
3243 1512 3524 1580 cognovit.
3560 1512 3636 1567 Et
3663 1531 3801 1585 quare

2230 1594 2410 1651 laetata
2438 1598 2558 1653 est?
2595 1617 2613 1648 ί
2651 1596 2785 1666 Quia
2824 1600 2989 1657 timor
3026 1617 3235 1670 eorum,
3279 1624 3300 1658 ι
3345 1606 3564 1663 scilicet
3612 1607 3798 1668 Judae-

2230 1703 2374 1754 rum,
2411 1709 2429 1740 ί
2466 1689 2709 1746 incubuit
2744 1707 2906 1763 super
2946 1708 3059 1759 eos,
3091 1713 3112 1745 ι
3145 1696 3199 1751 id
3233 1705 3338 1765 est,
3372 1697 3674 1774 Egyptios
3704 1723 3722 1759 :
3746 1709 3793 1760 ti-

2231 1789 2485 1837 muerunt
2517 1782 2662 1838 enim
2700 1798 2768 1839 ne
2796 1783 3036 1847 redirent
3053 1783 3246 1855 Judaei,
3268 1797 3327 1845 et
3351 1804 3554 1848 omnes
3584 1797 3794 1852 resuta;

2148 1866 2198 1929 B
2218 1832 2793 1942 sanguine};

2296 1963 2495 2018 Eduxit
2522 1962 2716 2035 (Exod.
2749 1964 2848 2036 ιιι),
2874 1973 2931 2022 et
2969 1986 2989 2020 ‹
3019 1969 3280 2038 expandit
3315 1970 3527 2028 nubem
3565 1974 3624 2029 in
3644 1988 3785 2047 prote-

2226 2054 2517 2113 tectiouem
2562 2068 2750 2111 eorum
2799 2075 2816 2108 ι
2857 2072 2963 2126 qua
2991 2067 3305 2131 protegeret
3324 2077 3429 2118 .eos
3465 2075 3663 2120 contra
3691 2070 3781 2124 sas

2225 2155 2436 2213 aratum,
2462 2157 2518 2203 et
2542 2147 2791 2205 inimicos
2826 2160 3126 2207 excaecaret
3157 2170 3169 2205 :
3196 2171 3222 2205 ι
3256 2161 3313 2210 et
3348 2173 3371 2208 ι
3405 2155 3593 2226 ipsam
3625 2162 3779 2216 uultu

2210 2241 2470 2297 .eamdem
2506 2239 2746 2299 faciebat
2788 2259 2807 2293 ι
2852 2242 3053 2314 ignem,
3098 2252 3162 2303 ut
3194 2245 3415 2304 luceret
3460 2250 3547 2307 eis
3586 2269 3684 2324 per
3710 2271 3779 2311 m-

2222 2339 2385 2391 ctem.
2423 2352 2443 2385 ι

2298 2440 2317 2473 ι
2353 2422 2630 2497 Petierunt
2658 2443 2676 2476 ι
2710 2424 2874 2481 etiam
2905 2440 3103 2484 carnes
3131 2427 3329 2499 (Exod.
3360 2433 3509 2505 xvr),
3540 2453 3562 2487 (
3590 2446 3643 2492 et
3671 2440 3779 2493 venit

2221 2518 2492 2584 coturnix,
2522 2527 2587 2575 ,et
2612 2534 2750 2589 pane
2794 2519 2917 2575 coeli
2944 2523 3206 2579 saturavit
3245 2539 3363 2592 eos,
3411 2546 3433 2579 ι
3478 2544 3676 2586 manna
3710 2518 3778 2588 re¥

2219 2608 2401 2664 niente
2440 2609 2508 2663 ab
2548 2625 2692 2667 aere.
2733 2607 2927 2665 Manna
2965 2612 3212 2667 nominat
3242 2615 3474 2672 nomine
3507 2620 3773 2689 signiﬁed,

2216 2698 2272 2753 id
2294 2707 2400 2763 est.
2427 2698 2648 2778 Christi,
2692 2701 2783 2770 qui
2815 2716 2941 2757 vere
2969 2710 3052 2756 est
3070 2703 3230 2773 panis
3269 2705 3418 2772 coeli,
3469 2708 3543 2764 de
3582 2726 3681 2781 quo
3710 2727 3776 2782 pe

2217 2797 2441 2845 scuntur
2464 2789 2637 2861 angeli
2655 2808 2667 2843 :
2685 2791 2824 2861 quod
2850 2808 3044 2846 manna
3062 2793 3390 2864 signiﬁcavit
3418 2798 3575 2857 hunc
3599 2818 3775 2872 pana,

2215 2877 2270 2933 id
2298 2888 2401 2945 est,
2430 2895 2629 2951 corpus
2650 2879 2874 2948 Christi.
2903 2899 3008 2954 quo
3037 2883 3221 2940 ﬁdeles
3248 2886 3604 2947 reﬁciuntur.

2293 2988 2311 3019 ι
2343 2970 2553 3042 Dirupit
2598 2982 2828 3043 petram,
2863 2984 2917 3033 et
2945 2974 3213 3034 ﬂuxerunt
3242 2994 3427 3051 aquae,
3455 2984 3701 3042 abierunt
3734 2990 3774 3044 in

2214 3058 2359 3116 sicco
2393 3060 2615 3118 ﬂumina
2644 3061 2839 3137 (Exod.
2885 3068 3040 3139 χιιι),
3079 3088 3099 3120 ι
3140 3083 3262 3139 qua:
3294 3086 3397 3133 eos
3438 3077 3774 3147 sequebantw

2211 3163 2310 3219 per
2338 3148 2629 3207 desertum.

2136 3223 2183 3288 C
2286 3242 2414 3298 Haec
2439 3244 2620 3298 omnia
2648 3245 2898 3315 feciteis,
2940 3264 3047 3305 non
3087 3267 3186 3322 pro
3221 3257 3435 3314 meritis
3468 3263 3779 3329 eorum,sed

2150 3398 2155 3403 _
2214 3354 2234 3386 ‹
2269 3335 2524 3404 quoniam
2572 3351 2781 3393 memor
2820 3332 2919 3393 fuit
2958 3342 3107 3403 verbi
3159 3348 3333 3401 sancti
3385 3350 3491 3415 sui,
3534 3371 3556 3404 ι
3590 3340 3778 3417 idest,

2207 3427 2585 3496 promissionis
2611 3442 2720 3483 suae
2746 3445 2908 3499 quam
2953 3420 3185 3491 Abrabze
3214 3435 3423 3495 fecerat
3454 3461 3468 3496 :
3514 3462 3536 3493 ‹
3579 3445 3729 3500 verbi
3757 3467 3775 3497 ι

2207 3516 2349 3582 dico,
2381 3536 2401 3569 ι
2449 3519 2591 3588 quod
2620 3520 2805 3575 habuit
2843 3524 2913 3577 ad
2951 3522 3224 3585 Abraham
3265 3544 3498 3598 puerum
3542 3548 3714 3598 suum,
3754 3555 3771 3588 ι

2194 3607 2393 3665 .dicens
2441 3610 2491 3666 ei
2534 3628 2547 3663 :
2603 3630 2621 3663 ‹
2681 3611 2740 3667 ln
2776 3612 2985 3675 semine
3031 3626 3123 3672 tuo
3163 3620 3559 3679 benedicentur
3603 3641 3773 3683 omnes
3858 3676 3867 3693 ,

2207 3709 2394 3770 gentes
2442 3700 2596 3774 (Gen.
2645 3704 2801 3777 χχιι).
2857 3726 2876 3758 ι
2927 3706 2984 3762 Si
3031 3711 3179 3766 enim
3212 3727 3397 3771 omnes
3440 3728 3643 3786 gentes
3698 3721 3779 3777 de-

2192 3791 2830 3885 .struxisset,‘promissio
2866 3795 3008 3854 facta
3036 3799 3269 3858 Abraha:
3290 3805 3493 3874 impleri
3519 3824 3642 3865 non
3663 3827 3785 3885 pos-

2204 3890 2325 3937 set:
2361 3882 2485 3952 quia
2510 3882 2759 3942 Christus
2788 3888 2853 3945 de
2868 3888 3079 3948 Judaais
3110 3904 3259 3972 natus
3283 3895 3395 3949 fuit.

2281 3990 2302 4023 ι
2343 3972 2411 4028 Ει
2436 3994 2455 4027 ι
2491 3975 2613 4030 ideo
2647 3995 2666 4028 ι
2695 3977 3164 4053 eduxit,populum
3192 4001 3338 4042 suum
3376 4001 3500 4043 eum
3532 3992 3787 4048 exsulta-

2188 4063 2351 4120 tione
2378 4085 2397 4118 ι
2439 4064 2503 4122 de
2545 4065 2664 4125 loco
2689 4071 2757 4127 ad
2796 4071 3000 4141 locum,
3032 4096 3052 4128 ‹
3101 4086 3157 4135 et
3198 4077 3394 4139 electos
3418 4095 3567 4139 .suos
3609 4085 3670 4141 in
3702 4087 3783 4145 lae-

2203 4156 2341 4213 tilia.
2385 4178 2404 4209 ι

2276 4268 2295 4301 ‹
2349 4249 2418 4307 Ει
2458 4250 2603 4311 dedit
2632 4252 2738 4312 illis
2778 4256 3028 4328 regiones
3071 4250 3338 4336 gentium,
3384 4283 3403 4323 ι
3446 4269 3580 4343 quia
3604 4282 3779 4342 gentes

2180 4349 2401 4400 ..terram
2429 4346 2814 4440 promissionis
2854 4352 3201 4421 possidebant
3243 4377 3257 4413 :
3313 4362 3515 4439 quibus
3564 4360 3776 4440 fugatis,

2201 4453 2221 4488 ι
2253 4436 2607 4507 possederunt
2636 4457 2656 4491 ι
2692 4438 2867 4499 ειυόωί
2900 4464 2920 4496 ‹
2956 4444 3182 4511 labores
3212 4469 3233 4503 ι
3275 4436 3475 4516 eorum
3504 4478 3527 4512 ι
3560 4436 3777 4534 populo-

2193 4542 2335 4583 rum.
2364 4548 2394 4582 ο)

2270 4621 2335 4675 Et
2352 4620 2469 4678 hinc
2501 4624 2682 4680 omnia
2707 4625 2968 4685 beneﬁcia
2990 4631 3119 4689 fecit
3140 4635 3222 4690 eis
3259 4635 3431 4706 Deus,
3466 4660 3487 4693 ι
3518 4653 3583 4699 ut
3602 4657 3778 4704 custo-

2195 4711 2345 4768 diant
2366 4710 2804 4784 iustiﬁcationes,
2832 4738 2849 4770 ι
2882 4719 2935 4775 id
2954 4732 3058 4788 est,
3090 4731 3150 4778 ut
3178 4724 3330 4795 justte
3364 4731 3562 4795 vivant
3590 4753 3781 4794 seca.

2176 4803 2321 4860 ,dum
2347 4806 2600 4862 man‘data
2637 4828 2657 4862 t
2704 4811 2838 4882 ejus,
2882 4821 2939 4869 et
2972 4815 3145 4888 legem
3166 4821 3635 4897 ejusrequirant,
3678 4852 3698 4884 ι
3737 4834 3783 4888 id

2168 4903 2297 4962 ,est,
2348 4897 2650 4987 intelligant
2689 4902 2745 4958 in
2784 4904 2970 4973 ﬁguris
2999 4910 3203 4968 veteris
3252 4912 3393 4987 legis
3445 4920 3537 4974 vel
3588 4923 3787 4982 Iresia-

2167 4986 2381 5055 menti,
2410 4986 2559 5046 aliud
2576 5004 2697 5047 esse
2726 4991 3132 5071 intelligendum
3167 5006 3224 5057 et
3245 4986 3675 5073 inquirendum.

2688 5123 2758 5179 IN
2790 5124 3119 5185 PSALMUM
3155 5131 3265 5188 CV.

2678 5237 2914 5297 'l'truws
2957 5260 2971 5299 :
3014 5240 3263 5301 Alleluia.

2260 5356 2664 5455 (“conﬁtemini
2688 5360 2767 5455 :ll.
2816 5380 2835 5414 ι
2868 5362 3065 5455 volunt
3107 5367 3327 5441 quidam
3357 5372 3451 5429 hic
3487 5375 3594 5435 bis
3640 5387 3799 5455 poni,

2184 5464 2210 5499 ί
2248 5446 2477 5514 alleluia,
2516 5470 2537 5548 ι
2564 5451 2660 5507 sed
2682 5452 2879 5548 beatus
2906 5453 3266 5530 Hieronymus
3295 5460 3432 5537 dicit
3460 5446 3666 5536 quod'
3682 5446 3804 5548 qui;

504 5526 638 5630 bus,
665 5543 683 5576 ι
718 5522 987 5630 primitias
1028 5522 1204 5579 omnis
1232 5522 1433 5581 laboris
1474 5540 1660 5583 eorum
1696 5546 1716 5580 ι
1750 5528 1806 5583 in
1846 5530 2093 5606 primiti-l
2179 5556 2391 5613 cunque
2416 5543 2657 5614 psalmus
2682 5545 2846 5603 habet
2874 5547 2930 5603 in
2960 5522 3261 5621 principio,
3282 5571 3313 5609 ,ι
3361 5522 3636 5630 alleluia:
3684 5522 3804 5625 Τί,

476 5621 590 5676 «is
612 5620 877 5692 frugibus.

2154 5633 2286 5732 .ﬁne
2309 5650 2523 5732 quoque
2543 5638 2762 5732 habet}
2795 5640 3028 5707 alleluia,
3066 5662 3084 5695 ι
3122 5653 3176 5699 et
3199 5646 3298 5719 'ita
3334 5648 3608 5712 dicemus
3652 5663 3807 5732 quod

581 5730 602 5763 ι
628 5712 697 5767 Et
720 5712 907 5769 eduxit
932 5710 1206 5783 populum.
1241 5730 1260 5764 ι
1282 5710 1430 5807 Pars
1448 5711 1657 5807 quinta.
1681 5713 1749 5769 Et
1768 5715 1857 5773 hic
1882 5724 2076 5777 contra
2175 5725 2407 5782 alterum
2440 5726 2649 5783 alleluia
2687 5728 2755 5785 sit
2792 5733 2859 5786 de
2892 5734 3213 5801 praecedenti
3244 5714 3480 5807 psalmo,
3536 5710 3809 5807 aitEn-vn;

504 5805 709 5877 plagas,
737 5823 871 5878 quas
900 5806 1235 5865 enumeravit
1259 5803 1527 5876 Egyptiis
1561 5805 1752 5875 factas,
1790 5821 2072 5869 enumerat
2175 5817 2241 5873 de
2271 5818 2537 5887 sequenti.
2565 5818 2623 5874 ln
2648 5822 2971 5890 praecedenti
2997 5823 3202 5891 psalmo
3227 5803 3589 5905 enumeravit
