3898 6474
137 414 248 471 557

1312 405 1751 466 EXPLANATIO
1789 406 1858 464 1N
1894 405 2232 465 PSALMOS.

3281 408 3388 468 558

138 529 263 585 licia
296 545 416 603 quae
437 528 566 586 fecit
599 527 739 584 Deus
780 525 905 582 filiis
947 524 1132 591 Israel,
1165 521 1309 580 nulla
1357 538 1545 580 eorum
1589 537 1719 593 pcc-
1747 525 1796 587 Α
1822 529 1925 586 est,
1969 520 2145 589 Filio,
2189 520 2282 591 qui
2328 520 2496 578 faciat
2540 518 2893 577 salvationem
2947 533 3109 591 quam
3154 529 3217 578 tu
3258 537 3391 595 prae-

139 638 267 694 cata
321 638 647 680 enumerans
688 640 702 677 :
745 621 798 675 in
853 621 957 675 hoc
1003 628 1183 673 autem
1236 615 1445 688 psalmo
1481 616 1719 670 ostendit

139 721 521 777 miserationes
565 732 700 788 quas
737 714 865 771 fecit
891 715 1032 769 Deus
1079 711 1210 782 ipsis
1237 709 1584 781 peccantibus
1615 727 1628 762 :
1667 717 1723 764 et

139 818 271 887 quia
299 816 363 870 de
383 814 488 869 illis
518 808 954 874 miserationibus
972 805 1268 862 laudandus
1288 815 1370 860 est
1394 804 1556 870 Deus,
1577 802 1720 874 psal-

138 925 268 962 mus
302 908 403 961 iste
441 903 666 960 Alleluia
697 899 1019 956 intitulatur.
1061 897 1282 952 Materia
1317 903 1440 950 sunt
1473 895 1600 965 ipsm
1624 891 1719 948 Dei

143 998 553 1062 misericordiae,
585 994 715 1066 ipsis
739 991 1086 1065 peccantibus
1126 988 1395 1045 exhibita.
1424 986 1722 1041 Attendens

141 1103 349 1156 autem,
375 1088 516 1159 quod
543 1087 780 1156 loquitur
825 1082 1101 1140 conversis
1132 1097 1162 1136 a
1189 1079 1444 1152 peccatis,
1485 1077 1603 1131 illas
1625 1077 1722 1132 Dei

139 1180 545 1239 misericordias
571 1177 838 1233 exhibitas
863 1175 1208 1246 peccantibus
1233 1191 1244 1226 :
1279 1181 1335 1226 et
1363 1171 1524 1225 etiam
1549 1171 1721 1240 ipsum

141 1277 315 1332 Deum
362 1273 680 1346 quandoque
727 1271 1026 1326 vindicasse
1070 1269 1138 1324 de
1180 1267 1308 1338 ipsis
1351 1268 1720 1339 peccantibus,

141 1367 340 1424 invitat
363 1379 646 1436 perversos
677 1363 730 1417 in
772 1363 874 1416 hac
917 1361 1088 1432 prima
1133 1367 1285 1429 parte
1321 1359 1389 1413 ad
1431 1358 1722 1414 confessio-

141 1474 268 1516 nem
287 1466 650 1528 peccatorum,
679 1461 739 1508 ut
765 1453 857 1508 Dei
881 1450 1251 1507 misericordia
1273 1450 1418 1519 digni
1446 1450 1722 1506 invenian-

141 1560 253 1606 tur.
280 1551 337 1605 ln
367 1549 598 1605 secunda
623 1554 796 1617 parte,
823 1559 942 1614 qua:
987 1542 1179 1612 incipit
1212 1560 1222 1595 :
1263 1560 1280 1594 ι
1314 1541 1508 1597 Patres
1548 1543 1722 1597 nostri

142 1642 198 1696 in
226 1640 481 1712 ngypto,
517 1657 534 1690 ι
579 1635 816 1692 ostendit
858 1649 950 1687 eos
984 1646 1258 1702 peccasse,
1293 1639 1348 1685 et
1382 1639 1569 1686 contra
1605 1646 1724 1687 esse

137 1731 225 1786 eis
271 1728 696 1786 misericordiam
745 1725 839 1778 Dei
881 1723 1196 1779 exhibitam.
1239 1721 1299 1775 In
1343 1722 1501 1776 tertia
1547 1730 1720 1791 parte,

137 1839 264 1894 quae
292 1821 480 1891 incipit
509 1839 520 1874 :
559 1838 577 1871 (
612 1817 731 1874 Cito
756 1816 1020 1880 fecerunt,
1049 1834 1066 1865 ι
1093 1813 1330 1869 ostendit
1353 1815 1494 1884 quod
1532 1814 1584 1868 in
1627 1815 1719 1869 de-

137 1922 289 1970 serto
336 1919 524 1968 contra
563 1910 734 1964 Deum
789 1915 1149 1977 peccaverunt
1202 1924 1214 1960 :
1267 1905 1502 1961 ostendit
1555 1905 1718 1960 etiam

137 2009 289 2078 quod
317 2007 382 2061 de
412 2003 742 2075 quibusdam
787 2001 928 2056 Deus
966 2015 1024 2055 se
1051 2000 1363 2064 vindicavit,
1413 2007 1467 2053 et
1506 2000 1720 2054 tandem

133 2116 242 2174 per
271 2099 490 2171 Moysen
529 2097 774 2168 placatus
812 2095 932 2149 fuit.
965 2094 1021 2148 In
1054 2102 1247 2163 quarta
1284 2102 1459 2164 parte,
1491 2110 1609 2163 quae
1635 2095 1719 2147 in-

133 2191 278 2261 cipit
311 2206 324 2244 :
360 2210 377 2241 ‹
420 2189 485 2244 Ει
517 2203 616 2259 pro
641 2186 806 2242 nihilo
835 2186 1142 2240 habuerunt
1167 2191 1365 2238 terram
1389 2182 1721 2238 desiderabi~

133 2282 273 2350 lem,
307 2300 327 2334 ι
362 2280 598 2336 ostendit
624 2293 718 2333 eos
740 2277 942 2333 idolum
979 2278 1258 2339 adorasse,
1282 2283 1336 2330 et
1356 2290 1455 2345 per
1480 2275 1720 2330 Phineen

128 2355 284 2444 iram
309 2371 416 2430 .Dei
441 2386 568 2441 erga
595 2384 687 2424 eos
715 2369 980 2438 placatam
1023 2367 1209 2421 fuisse.
1242 2365 1302 2420 In
1335 2367 1523 2434 quinta
1545 2377 1718 2436 parte,

134 2479 262 2536 qua:
288 2462 474 2531 incipit
513 2479 525 2514 :
557 2478 589 2520 ι(
647 2459 714 2516 Ει
757 2459 1105 2514 irritaverunt
1133 2473 1279 2521 eum,
1315 2477 1334 2508 ι
1365 2458 1601 2513 ostendit
1628 2474 1721 2514 eos

131 2556 226 2618 sic
269 2566 545 2624 peccasse,
594 2549 735 2621 quod
783 2549 948 2604 etiam
995 2563 1178 2604 secum
1231 2546 1448 2619 Moysen
1493 2563 1721 2617 peccare

137 2646 424 2708 fecissent,
468 2649 524 2697 et
556 2656 650 2696 eos
677 2639 812 2694 ﬁlios
853 2653 978 2694 suos
1019 2647 1073 2693 et
1113 2637 1252 2692 ﬁlias
1283 2652 1406 2692 suas
1443 2638 1720 2694 daemoniis

137 2741 469 2804 immolasse,
499 2745 554 2793 et
580 2736 723 2806 quod
745 2735 886 2790 Deus
908 2750 1001 2790 eos
1022 2741 1244 2804 pr0pter
1267 2742 1485 2803 peccata
1515 2734 1569 2787 in
1602 2749 1716 2788 ma-

137 2851 248 2894 nus
271 2840 619 2904 peccatorum
639 2828 865 2883 dederit.
892 2827 950 2882 ln
971 2834 1124 2882 sexta
1151 2834 1324 2896 parte,
1347 2841 1466 2895 quae
1489 2825 1678 2894 incipit
1703 2844 1716 2878 :

129 2945 166 3000 ὲι
213 2923 403 2980 Salvos
434 2923 517 2978 lac
543 2935 664 2986 nos,
714 2939 732 2971 ι
767 2927 886 2976 orat
913 2908 979 2974 ut.
1000 2920 1142 2975 Deus
1180 2919 1475 2974 Ecclesiam
1503 2921 1567 2974 de
1590 2935 1721 2976 cun-

139 3017 248 3073 ctis
270 3014 518 3086 gentibus
545 3020 836 3084 congreget
863 3011 930 3066 ad
973 3011 1185 3066 laudem
1218 3011 1332 3066 Dei.
1359 3011 1593 3067 lntendit
1620 3027 1717 3068 au-

123 3120 256 3188 ,tem
281 3121 630 3180 quoscunque
652 3105 880 3160 invitare
895 3104 1200 3172 adlaudem
1229 3104 1347 3170 Dei,
1376 3105 1430 3159 id
1454 3113 1558 3168 est,
1587 3120 1720 3160 can—

123 3213 265 3270 ,_tare
302 3200 531 3272 alleluia,
557 3206 611 3254 et
634 3197 827 3254 invitat
869 3211 1151 3268 perversos
1191 3196 1257 3251 ad
1289 3196 1718 3252 conversionem.
1752 3227 1797 3291 ε

215 3315 286 3382 Et
304 3313 384 3370 sic
403 3310 623 3380 incipit:
653 3325 671 3356 ι
702 3306 1043 3362 Conﬁtemiui
1074 3325 1092 3356 ι
1118 3314 1339 3374 peccata
1364 3314 1544 3360 vestra
1575 3325 1594 3356 ι
1621 3307 1725 3360 Do-

144 3409 316 3486 mipo,
353 3424 376 3458 ι
405 3412 467 3458 ιιι
494 3399 898 3469 consequamini
923 3398 1156 3461 veniam,
1198 3417 1217 3449 ι
1255 3398 1512 3466 quoniam
1553 3398 1726 3453 bonus
1811 3412 1823 3446 ς

143 3507 252 3562 est,
292 3515 311 3546 ι
337 3494 396 3549 id
415 3501 518 3555 est,
552 3489 902 3549 misericors:
939 3495 996 3542 et
1032 3487 1213 3544 videte
1261 3501 1329 3542 ne
1359 3487 1540 3546 securi
1571 3489 1727 3542 boni-

129 3595 263 3642 .mte
288 3577 785 3653 ipsius,_ducamini
823 3577 878 3631 in
919 3577 1299 3648 negligentiam
1347 3577 1725 3650 confessionis,

131 3694 174 3730 .r
206 3672 459 3743 quoniam
487 3666 856 3728 misericordia
877 3664 992 3735 ejus
1025 3673 1109 3728 est
1137 3666 1191 3724 in
1214 3666 1410 3722 saeculo
1442 3688 1460 3719 ι
1496 3675 1724 3724 tantum.

131 3764 268 3833 ,Nisi
301 3763 447 3819 enim
479 3761 566 3818 hic
606 3758 857 3822 conversi
877 3757 1115 3823 fueritis,
1135 3757 1581 3816 misericordiam
1621 3775 1728 3814 non

149 3855 438 3913 invenietis
461 3895 477 3919 ,
511 3853 644 3923 quia
678 3860 803 3910 tunc
841 3859 925 3907 est
965 3851 1120 3908 tarda
1146 3851 1486 3920 pmnitentia,
1531 3859 1588 3907 et
1622 3867 1730 3907 non

147 3956 234 4004 est
257 3944 627 4016 acceptabilis.

219 4058 332 4114 Nec
357 4058 478 4113 dico
503 4063 711 4111 tantum
736 4053 804 4109 de
824 4067 890 4108 eo
924 4053 1052 4124 quia
1085 4054 1281 4119 bonus,
1304 4060 1361 4108 et
1387 4053 1444 4108 in
1475 4053 1578 4109 hac
1617 4054 1729 4109 vita

146 4149 521 4208 misericordia
541 4145 678 4214 ejus,
714 4145 839 4215 quia
859 4145 1132 4214 potentias
1159 4151 1217 4198 et
1243 4143 1430 4199 laudes
1456 4144 1573 4215 ejus
1597 4160 1731 4200 enu-

145 4255 364 4296 merare
393 4253 500 4292 non
545 4249 795 4306 possunt;
833 4243 888 4289 et
925 4235 1028 4289 hoc
1067 4242 1152 4289 est
1183 4253 1196 4288 :
1247 4255 1266 4285 ‹
1305 4233 1436 4302 Quis
1482 4235 1730 4305 loquetur

146 4330 421 4402 potentias
447 4327 677 4390 Domini,
713 4345 731 4376 ι
780 4335 833 4380 et
866 4326 987 4396 quis
1024 4343 1043 4376 ‹
1081 4325 1244 4381 faciet
1291 4326 1502 4381 auditas
1542 4341 1730 4381 omnes

133 4421 339 4477 laudes
359 4418 512 4489 ejus?
549 4437 567 4469 ι
596 4416 782 4472 Nullus
803 4417 1009 4486 utique.

222 4533 497 4590 Potentias
543 4539 597 4587 et
620 4532 805 4586 laudes
832 4531 1012 4585 nullus
1055 4537 1233 4600 potest
1263 4545 1602 4598 enumerare,
1636 4535 1729 4590 sed

149 4628 259 4682 hoc
279 4640 443 4680 unum
473 4622 612 4693 quod
645 4621 719 4676 illi
763 4641 781 4673 ι
819 4621 910 4691 qui
940 4621 1548 4692 custodiuntjudicium,
1605 4644 1624 4676 ι
1674 4625 1727 4681 id

149 4728 256 4781 est,
295 4715 370 4772 illi
415 4715 507 4784 qui
534 4714 734 4768 habent
782 4712 1177 4776 discretionem,
1219 4713 1346 4782 quid
1391 4715 1461 4768 sit
1502 4715 1724 4784 bonum,

149 4809 284 4880 quid
333 4805 553 4871 malum,
602 4821 622 4853 ι
660 4809 714 4856 et
758 4802 961 4856 faciunt
1001 4800 1289 4871 justitiam,
1342 4823 1360 4855 ι
1406 4803 1461 4858 id
1503 4812 1604 4871 est,
1637 4807 1730 4876 qui

149 4897 498 4970 exsequendo
542 4895 704 4958 bona,
733 4893 873 4947 mala
904 4893 1160 4948 deserunt
1186 4907 1200 4947 :
1232 4895 1412 4949 ethoc
1440 4912 1460 4947 ι
1502 4896 1555 4950 in
1583 4897 1728 4952 omni

153 5003 420 5064 tempore,
454 5009 473 5042 ι
504 4989 558 5044 id
577 4995 682 5053 est,
709 4987 942 5054 assidue,
973 4986 1047 5042 illi
1072 4995 1197 5042 sunt
1229 5006 1247 5039 ‹
1282 4987 1446 5043 beati.
1484 5007 1504 5039 ›

229 5108 328 5162 ilic
364 5105 567 5159 faciens
613 5116 672 5163 se
721 5117 888 5156 unum
933 5101 1000 5156 de
1035 5100 1160 5167 illis,
1193 5101 1382 5170 incipit
1427 5116 1584 5157 orare
1630 5118 1730 5174 pro

153 5197 288 5262 illis,
318 5195 599 5266 quasijam
629 5191 928 5248 conversis.
955 5190 1302 5248 Continuatio
1326 5209 1339 5246 :
1370 5192 1523 5259 Dico,
1552 5213 1580 5248 ι
1603 5209 1730 5249 con-

154 5293 407 5360 ﬁtemini,
441 5312 460 5344 ›
505 5292 580 5346 ita
607 5299 826 5346 orantes
854 5308 869 5344 :
915 5308 933 5339 ‹
971 5288 1236 5350 Memento
1261 5289 1455 5356 nostri,
1483 5289 1727 5355 Domine,

155 5391 219 5448 in
239 5386 590 5458 beneplacito,
630 5404 649 5436 ι
681 5383 735 5439 id
762 5391 865 5455 est,
916 5383 969 5453 in
999 5382 1166 5454 Filio,
1201 5397 1361 5452 quem
1402 5390 1458 5438 et
1498 5396 1565 5438 ex
1617 5382 1730 5446 solo

155 5479 493 5552 beneplacito
525 5486 791 5544 tuo,,non
829 5491 896 5532 ex
920 5475 1199 5532 hominum
1230 5475 1460 5541 meritis,
1491 5476 1560 5531 ad
1609 5475 1733 5532 red-

157 5571 487 5642 emptionem
520 5568 796 5640 hominum
835 5567 1030 5636 misisti
1070 5585 1082 5620 :
1129 5585 1148 5618 (
1181 5567 1521 5637 beneplacito
1558 5587 1576 5620 ι
1609 5568 1732 5638 dico

146 5681 189 5718 ,ι
231 5661 412 5734 populi
449 5661 549 5727 tui,
589 5680 607 5716 ι
638 5660 694 5717 id
733 5667 836 5727 est,
877 5674 974 5728 per
1005 5675 1165 5730 quem
1195 5659 1425 5730 populus
1469 5668 1591 5716 tuus
1638 5660 1734 5716 tibi

159 5753 545 5812 reconciliatus
577 5761 692 5820 est;
741 5760 796 5809 et
825 5752 1094 5822 quomodo
1137 5750 1282 5806 dicat
1331 5770 1349 5802 ι
1406 5759 1674 5808 memento
1710 5771 1728 5804 ι

161 5845 403 5902 ostendit
445 5845 664 5901 dicens:
701 5863 719 5897 ι
754 5843 924 5900 Visita
969 5858 1066 5898 nos
1113 5842 1165 5899 in
1208 5842 1425 5898 salutari
1467 5851 1576 5909 tuo,
1616 5862 1633 5894 ι
1680 5843 1731 5898 id

1821 614 2023 669 vidisti.

1897 722 1916 755 ‹
1939 703 2110 759 Visita
2134 723 2152 756 ι
2173 703 2294 760 dico
2326 722 2346 756 ι
2369 705 2435 761 ad
2449 705 2736 761 videndum
2757 706 2811 761 in
2832 705 3074 763 bonitate
3096 705 3390 764 electorum

1821 805 2059 862 tuorum,
2112 816 2131 847 ι
2180 797 2234 851 id
2283 806 2398 863 est,
2442 805 2503 852 ιιι
2535 799 2843 868 habeamus
2895 799 3192 855 bonitatem
3245 802 3391 857 illam

1823 902 1985 957 quam
2016 888 2217 942 habent
2253 887 2410 942 electi
2441 889 2541 955 tui,
2582 889 2791 944 scilicet
2813 887 3078 958 justitiam
3107 910 3119 944 :
3153 898 3206 946 et
3228 893 3390 947 etiam

1827 981 1847 1031 ι
1877 978 1946 1032 ad
1975 977 2260 1033 lzetandum
2286 979 2342 1032 in
2370 978 2556 1033 laetitia
2585 981 2760 1050 gentis
2783 989 2907 1047 tuae,
2951 1001 2969 1032 ›
3005 981 3057 1035 id
3080 991 3179 1048 est,
3207 991 3266 1054 ut
3297 983 3390 1037 lte-

1823 1078 2003 1126 temur
2022 1071 2088 1126 de
2112 1070 2418 1141 cognitione
2445 1071 2544 1136 tui,
2583 1072 2723 1126 sicut
2752 1080 2807 1126 et
2832 1087 2963 1143 gens
3004 1081 3094 1126 tua
3126 1073 3289 1128 facit:
3327 1075 3397 1130 ad

1822 1165 1927 1219 hoc
1969 1163 2270 1228 videamus,
2305 1163 2372 1218 ad
2417 1164 2517 1218 hoc
2546 1163 2808 1228 laetemur,
2845 1185 2861 1214 ι
2913 1172 2973 1218 ιιι
2998 1165 3235 1220 lauderis
3267 1180 3392 1220 cum

1821 1256 2138 1323 hareditate
2189 1263 2300 1321 tua,
2343 1275 2360 1307 ι
2419 1255 2469 1310 id
2496 1263 2598 1320 est,
2629 1263 2690 1309 ut
2724 1265 2780 1309 tu
2809 1257 3042 1311 lauderis
3079 1273 3107 1310 a
3139 1258 3311 1322 nobis,
3341 1266 3396 1312 ct

1822 1359 1923 1399 nos
1958 1353 2177 1416 propter
2209 1353 2260 1398 te
2289 1343 2594 1410 laudemur,
2624 1343 2715 1414 qui
2742 1361 2926 1399 sumus
2957 1346 3244 1400 haereditas
3281 1356 3396 1413 tua,

1824 1436 2032 1492 scilicet
2056 1445 2112 1490 ut
2131 1437 2373 1491 videntes
2403 1436 2491 1490 alii
2521 1451 2686 1506 Opera
2714 1444 2898 1490 nostra
2927 1437 3065 1490 bona
3097 1435 3400 1507 gloriﬁcent

1822 1527 2038 1582 Patrem
2066 1535 2342 1594 nostrum,
2372 1527 2466 1596 qui
2497 1527 2550 1580 in
2586 1526 2738 1581 caelis
2764 1534 2848 1580 est
2875 1525 3087 1598 (Matth.
3119 1527 3195 1596 v).

1897 1618 2020 1672 Ideo
2048 1627 2192 1688 peto,
2229 1636 2247 1668 ‹
2279 1627 2568 1684 memento,
2592 1617 2771 1682 visita,
2804 1635 2822 1668 ι
2855 1617 2978 1686 quia
3015 1635 3032 1667 ‹
3065 1633 3165 1672 nos
3201 1632 3398 1688 pecca-

1822 1707 2000 1763 vimus
2039 1724 2160 1762 cum
2192 1709 2436 1778 patribus
2463 1709 2693 1774 nostris;
2727 1726 2744 1759 ι
2779 1707 2831 1762 id
2855 1716 2957 1774 est,
2986 1708 3076 1763 ubi
3108 1718 3288 1779 patres
3307 1726 3401 1768 no-

1824 1801 1946 1866 stri,
1975 1811 2034 1854 ut
2060 1799 2231 1852 Adam
2257 1807 2312 1852 et
2351 1797 2462 1863 alii,
2503 1807 2889 1868 peccaverunt,
2933 1814 3032 1854 nos
3059 1799 3402 1869 peccavimus

1824 1893 1880 1948 in
1907 1893 2005 1958 eis,
2033 1891 2123 1961 qui
2149 1904 2364 1946 eramus
2387 1891 2441 1945 in
2471 1891 2671 1945 lumbis
2693 1906 2901 1946 eorum.
2933 1889 3046 1956 Vel,
3082 1906 3200 1944 cum
3236 1893 3402 1961 patri-

1825 1999 1927 2040 nus
1952 1983 2315 2053 peccavimus,
2361 1981 2415 2038 id
2446 1991 2549 2046 est,
2596 1981 2859 2037 similibus
2891 1981 3134 2050 peccatis
3162 1989 3215 2035 et
3260 1983 3399 2051 turpi

1825 2077 1938 2130 vita
1980 2077 2147 2130 Deum
2195 2073 2545 2138 oll‘endimus;
2607 2091 2625 2124 ι
2676 2071 2872 2141 injuste
2900 2073 3126 2143 egimus,
3166 2090 3183 2123 ι
3228 2087 3403 2142 quan-

1828 2175 1942 2221 tum
1971 2166 2037 2220 ad
2077 2165 2276 2220 cultum
2315 2165 2441 2231 Dei;
2492 2182 2510 2216 ‹
2547 2164 2883 2234 iniquitatem
2924 2162 3172 2230 fecimus,
3217 2182 3236 2215 ι
3276 2177 3402 2232 erga

1825 2258 2118 2328 proximos.

1903 2369 1922 2402 ι
1965 2350 2154 2406 Patres
2194 2350 2386 2406 nostri.
2427 2370 2445 2403 ι
2483 2349 2618 2406 Pars
2652 2350 2906 2406 secunda.
2950 2348 3096 2405 Bene
3122 2348 3242 2406 dico
3283 2365 3404 2406 cum

1821 2445 2085 2516 patribus,
2129 2445 2255 2514 quia
2307 2453 2488 2515 patres
2537 2444 2707 2498 nostri
2746 2437 3111 2513 peccaverunt
3141 2458 3155 2496 :
3183 2450 3238 2497 et
3283 2439 3401 2513 ipsa

1823 2546 2046 2609 peccata
2069 2535 2402 2606 exsequitur,
2432 2535 2615 2590 dicens
2644 2554 2654 2588 :
2694 2553 2711 2585 ι
2747 2525 2938 2588 Patres
2979 2531 3152 2588 nostri
3187 2553 3205 2584 ›
3249 2533 3402 2588 habi-

1825 2639 2003 2685 tantes
2062 2649 2079 2679 ‹
2138 2629 2191 2682 in
2239 2626 2503 2697 JEgypto,
2555 2643 2664 2682 non
2709 2625 3089 2680 intellexerunt
3137 2624 3402 2680 mirabilia

1825 2726 1936 2784 tua,
1977 2739 1994 2769 ι
2031 2718 2085 2772 id
2109 2726 2210 2782 est,
2240 2733 2346 2772 non
2375 2717 2723 2771 attenderunt
2753 2716 2923 2770 Deum
2962 2717 3060 2769 has
3086 2716 3272 2787 plagas
3304 2716 3404 2771 im-

1815 2795 2037 2866 mittere
2068 2808 2337 2880 .IEgyptiis
2387 2816 2612 2878 propter
2653 2807 3030 2862 liberationem
3079 2807 3262 2878 populi
3295 2807 3402 2872 sui,

1819 2887 1917 2957 sed
1943 2900 2203 2972 putabant
2227 2900 2339 2953 haec
2361 2899 2576 2953 evenire
2619 2913 2717 2968 per
2757 2906 2977 2952 naturas
3009 2913 3188 2952 rerum
3234 2895 3402 2968 Egy-

1823 2993 1952 3064 ptiis
1986 3007 2000 3046 :
2027 2999 2100 3059 et,
2130 2991 2273 3062 quod
2300 2991 2473 3062 magis
2501 2991 2693 3044 mirum
2717 2999 2830 3057 est,
2868 3009 2885 3041 ι
2907 3007 3014 3047 non
3044 2991 3262 3046 fuerunt
3291 3007 3404 3046 mc-

1809 3072 2007 3141 °mores
2037 3083 2393 3139 multitudinis
2424 3083 2812 3139 misericordiae
2840 3091 2965 3150 tuae,
3007 3103 3024 3135 ι
3067 3084 3118 3139 id
3147 3094 3250 3150 est,
3282 3085 3401 3155 pla-

1813 3163 2018 3250 garum
2055 3191 2151 3246 per
2196 3175 2417 3241 multam
2462 3175 2886 3230 misericordiam
2929 3169 3105 3241 tuam,
3147 3185 3207 3230 ut
3246 3192 3408 3246 popu-

1828 3267 1940 3324 lum
1983 3276 2134 3322 tuum
2188 3267 2450 3322 liberares
2474 3266 2543 3321 ab
2593 3264 2865 3338 Egyptiis
2912 3267 3297 3322 immissarum.
3347 3266 3406 3322 Si

1827 3364 1970 3419 enim
2002 3377 2109 3418 non
2134 3360 2491 3416 attribuerent
2524 3356 2658 3427 Deo,
2685 3359 2959 3416 recordari
2999 3361 3256 3416 deberent
3283 3361 3407 3431 quia

1813 3453 2098 3522 mirabilia
2119 3459 2296 3520 erant.

1899 3546 2015 3602 Non
2057 3545 2274 3602 fuerunt
2319 3559 2607 3613 memores,
2656 3563 2676 3596 ι
2721 3555 2775 3600 et
2800 3544 3152 3600 irritaverunt
3187 3565 3205 3598 ι
3236 3545 3404 3601 Deum

1835 3658 1855 3690 ‹
1898 3638 2249 3692 ascendentes
2296 3639 2352 3693 in
2403 3653 2574 3703 mare,
2622 3656 2641 3690 ι
2691 3635 2818 3706 quia
2867 3652 2991 3691 cum
3035 3637 3308 3692 venissent
3341 3633 3409 3691 ad

1811 3742 2002 3792 mare,
2032 3734 2088 3784 et
2123 3728 2306 3782 hostes
2330 3741 2360 3781 a
2390 3734 2540 3798 tergo
2568 3726 2919 3794 insequentes
2945 3725 3225 3790 vidissent,
3258 3733 3408 3795 puta-

1830 3825 2025 3874 verunt
2056 3817 2197 3886 quod
2220 3818 2359 3872 Deus
2384 3831 2475 3871 eos
2506 3815 2573 3871 ab
2602 3814 2848 3870 hostibus
2881 3814 3114 3869 liberare
3145 3830 3252 3870 non
3288 3831 3408 3885 pos-

1805 3917 1933 3988 ;set,
1963 3909 2027 3963 de
2045 3907 2200 3976 cujus
2227 3907 2467 3978 potentia
2497 3904 2850 3961 dubitandum
2888 3922 2997 3960 non
3025 3915 3163 3970 erat,
3201 3907 3326 3975 quia
3352 3906 3407 3962 in

1829 4003 2066 4076 Egypto
2093 4001 2276 4056 multis
2301 4001 2566 4072 portentis
2598 3998 2882 4054 manifesta
2914 3997 3118 4064 fuerat;
3146 3999 3239 4053 sed
3261 3999 3410 4054 dixe-

1805 4103 1959 4166 ,runt
1989 4112 2001 4147 :
2027 4093 2151 4148 Ideo
2175 4093 2362 4147 eduxit
2386 4107 2483 4147 nos
2514 4099 2574 4146 ut
2595 4091 3047 4156 interﬁceremur,
3090 4091 3283 4146 melius
3313 4107 3433 4146 au-.

1819 4193 1940 4242 .tem
1961 4192 2180 4239 essetut
2208 4182 2263 4237 in
2287 4183 2533 4238 domibus
2556 4182 2756 4237 nostris
2778 4197 3132 4237 moreremur.
3162 4201 3180 4234 ι
3215 4182 3360 4237 Mare
3384 4204 3401 4235 ι

1831 4279 1950 4335 dico
1986 4295 2004 4327 ι
2038 4275 2304 4341 Rubrum,
2341 4294 2360 4326 ι
2408 4284 2462 4348 et
2491 4276 2610 4330 ideo
2636 4275 2738 4329 hoc
2761 4274 2930 4344 ponit.
2970 4273 3094 4345 quia
3123 4275 3237 4344 ipsa
3279 4291 3406 4345 qua«

1813 4368 1954 4446 .litas
1980 4367 2144 4446 maris
2168 4367 2406 4430 terrebat
2439 4381 2551 4430 eos,
2581 4381 2703 4440 qure
2733 4364 2934 4418 rubedo
2963 4365 3128 4418 maris
3150 4381 3214 4419 ex
3242 4365 3410 4436 ipsius

1831 4466 1991 4514 terra:
2021 4441 2282 4528 qualitate
2309 4456 2573 4528 procedit.
2612 4474 2630 4507 ι
2666 4455 3035 4510 Aseendentes
3073 4475 3089 4506 ›
3132 4455 3262 4511 dicit
3283 4473 3408 4526 pro-

1751 4561 1951 4652 .Dpter
1983 4551 2143 4608 situm
2172 4551 2297 4617 loci,
2339 4550 2464 4620 quia
2493 4548 2756 4634 ﬁgyptus
2791 4559 2876 4610 est
2901 4550 3120 4604 humilis
3151 4560 3325 4616 terra;
3355 4543 3410 4605 et

1835 4645 1962 4700 licet
2000 4643 2324 4708 irritassent,
2378 4649 2560 4698 tamen
2612 4659 2630 4692 ι
2681 4640 2909 4696 salvavit
2948 4657 3042 4697 eos
3069 4651 3288 4713 propter
3315 4660 3410 4699 no-

1819 4750 1961 4810 .men
1986 4749 2141 4806 suum
2176 4714 2195 4786 ἱ
2231 4731 2616 4802 ampliandum,
2654 4732 2857 4788 scilicet
2889 4751 2907 4784 ι
2944 4742 3004 4788 ιιι
3042 4741 3226 4790 notam
3265 4732 3412 4792 face-

1835 4833 1918 4884 ret
1945 4825 2241 4896 potentiam
2267 4837 2438 4879 suam.
2468 4841 2486 4874 ι

1908 4923 1976 4977 Ει
2000 4930 2062 4976 ιιι
2085 4922 2261 4990 ipsam
2292 4917 2719 4974 misericordiam
2747 4919 2844 4976 Dei
2873 4923 3177 4994 graviorem
3202 4926 3404 4982 habea-

1837 5028 1982 5079 mus,
2021 5013 2240 5070 modum
2281 5011 2592 5067 salvationis
2630 5013 2885 5079 ostendit,
2930 5015 3157 5072 dicens:
3203 5017 3414 5073 «Etin—

1840 5109 2080 5180 crepavit
2105 5121 2254 5161 mare
2284 5105 2550 5171 Rubrum,
2578 5114 2633 5162 et
2661 5108 2990 5163 exsiccatum
3017 5116 3172 5164 estet
3191 5111 3412 5169 deduxit

1837 5215 1932 5258 eos
1957 5199 2008 5252 in
2035 5197 2262 5268 abyssis,
2294 5215 2311 5248 ι
2345 5197 2400 5252 id
2427 5205 2512 5252 est
2538 5197 2593 5252 in
2615 5198 2980 5268 profunditate
3025 5198 3170 5257 illius
3210 5204 3402 5271 maris,

1843 5311 1863 5345 ι
1899 5292 2039 5348 sicut
2062 5291 2116 5346 in
2137 5291 2366 5362 deserto,
2394 5291 2566 5364 »,qui_a
2580 5291 2970 5364 siccovestigio
2983 5306 3084 5366 eos
3104 5295 3410 5352 transduxit

1817 5381 2200 5455 ,(Ea;od..x1v).

1909 5473 1976 5528 Et
2004 5473 2231 5532 salvavit
2255 5489 2353 5531 eos
2365 5474 2448 5542 de.
2463 5490 2630 5532 manu
2647 5473 2964 5542 odientium,
3001 5495 3020 5528 ι
3043 5477 3098 5533 id
3119 5484 3204 5536 est
3229 5475 3404 5550 Egy-

1839 5566 2072 5638 ptiorum
2099 5585 2120 5618 ι
2144 5574 2200 5624 et
2217 5567 2464 5634 redemit,
2495 5587 2516 5620 ι
2535 5566 2589 5622 id
2610 5576 2693 5622 est
2715 5567 2962 5624 liberavit
2987 5587 3006 5622 ι
3037 5585 3130 5626 eos
3149 5571 3217 5627 de
3238 5586 3404 5629 manu

1839 5657 2063 5726 inimici,
2099 5677 2118 5710 ι
2148 5658 2199 5714 id
2229 5668 2314 5714 est
2358 5660 2424 5721 de
2471 5666 2734 5729 potestate
2775 5658 3090 5716 Pharaonis.
3125 5661 3397 5729 Dicenda,

1846 5769 1864 5802 ‹
1885 5751 2143 5818 redemit,
2171 5772 2189 5804 ι
2220 5753 2440 5810 nomine
2471 5750 2753 5822 signiﬁcati
2787 5752 2851 5808 de
2875 5752 3209 5824 signiﬁcante
3233 5753 3406 5828 loqui-

1842 5850 1958 5909 tur;
1981 5859 2078 5915 per
2093 5845 2194 5901 hoc
2215 5845 2356 5900 enim
2379 5842 2608 5914 pretium
2632 5843 2906 5915 sanguinis
2927 5845 3280 5916 signiﬁcatur,
3295 5861 3403 5920 quo
