3898 6476
457 369 570 430 559
925 368 1280 429 HAYMONIS
1313 365 1791 428 HALBERSTAT.
1832 363 2048 422 EPISC.
2087 359 2238 420 OPP.
2279 359 2458 416 PARS
2494 357 2536 413 l.
2563 386 2632 399 —-
2659 354 3015 414 COMMENT.
3058 350 3231 420 BlBli.
3619 342 3742 398 560

461 483 727 555 redempti
757 498 946 540 sumus
974 482 1042 539 de
1071 498 1232 538 manu
1291 481 1519 548 inimici,
1543 481 1598 536 id
1661 488 1747 535 est
1803 478 2022 535 diaboli.
2052 483 2106 545 Α
2129 483 2257 532 runt
2281 475 2423 532 facta
2452 474 2696 552 miranda
2724 490 2739 539 ;
2769 481 2823 529 et
2845 473 2948 528 hoc
2977 478 3093 526 est:
3128 490 3146 522 ι
3179 467 3460 525 mirabilia
3501 469 3561 523 in
3587 477 3740 524 terra

469 627 472 630 .
539 597 560 630 ‹
587 579 654 634 Et
672 577 887 648 operuit
905 592 1071 646 aquas
1093 574 1412 630 tribulantes
1434 589 1547 640 eos,
1589 592 1607 626 ι
1637 573 1840 628 scilicet
1861 570 2030 643 IEgy-
2130 567 2297 625 Cham
2333 587 2351 622 ι
2401 567 2457 623 in
2505 567 2693 622 eadem
2744 563 3011 634 Egypto;
3050 561 3136 616 vel
3165 576 3261 631 per
3323 579 3344 610 ε
3381 559 3687 615 mirabilia
3716 579 3734 612 ι

461 669 626 741 ptios,
656 668 732 722 ita
753 667 968 738 quidem
987 665 1179 736 quod.t
1216 681 1355 721 unus
1374 678 1442 720 ex
1460 664 1541 720 eis
1580 679 1689 720 non
1717 661 1976 719 remansit
2004 680 2024 714 ι
2130 669 2356 730 possunt
2402 658 2630 727 intelligi
2659 655 2922 710 beneficia
2974 669 3092 724 quae
3140 651 3266 706 fecit
3316 652 3402 705 eis
3468 650 3630 704 Deus
3681 651 3736 704 in

463 759 558 829 qui
587 773 697 814 non
734 765 1087 828 mergeretur.

541 867 561 898 ι
603 846 672 900 Et
699 864 718 897 ι
747 854 874 900 tunc
898 845 997 915 ipsi
1037 845 1110 900 ita
1145 844 1324 902 educti
1357 863 1377 898 ι
1422 844 1768 901 crediderunt
1789 844 1844 899 in
1868 841 2032 898 verbo

463 939 604 1010 ejus,
631 946 686 994 et
710 936 1060 992 laudaverunt
1085 936 1299 994 laudem
1338 938 1476 1009 ejus,
1507 956 1526 990 i
1554 937 1608 992 id
1641 944 1726 994 est
1753 951 1875 992 eum
1901 949 2031 1006 pro-

460 1040 585 1100 pter
611 1028 896 1084 laudabilia
925 1028 1065 1083 facta
1093 1044 1210 1084 sua.
1260 1081 1263 1084 .

539 1142 558 1175 ι
589 1121 710 1178 Cito
733 1120 999 1176 fecerunt.
1047 1139 1066 1172 ι
1097 1121 1231 1176 Pars
1274 1121 1457 1176 tertia.
1502 1119 1881 1184 Crediderunt,
1913 1117 2030 1172 lau-

431 1266 434 1267 ν
460 1215 748 1276 (laverunt,
774 1220 828 1267 et
859 1213 962 1267 hoc
987 1230 1006 1264 ι
1031 1212 1138 1267 cito
1159 1211 1422 1277 fecerunt,
1459 1231 1477 1263 ι
1506 1212 1558 1266 id
1586 1217 1669 1286 est
1700 1209 2031 1274 transitorie,

459 1308 587 1378 quia
620 1326 638 1357 ι
667 1305 819 1360 obliti
854 1313 978 1360 sunt
1003 1319 1228 1376 operum
1251 1305 1366 1375 ejus
1405 1323 1423 1356 ι
1457 1320 1576 1374 qua:
1613 1305 1666 1358 in
1693 1303 1772 1357 eis
1805 1303 1858 1357 in
1885 1300 2034 1355 omni

461 1399 702 1469 potentia
726 1398 1057 1463 ostenderat,
1076 1417 1093 1450 t
1137 1406 1191 1451 et
1214 1412 1319 1451 non
1346 1395 1721 1450 sustinuerunt
1751 1391 2032 1448 consilium

464 1487 603 1556 ejus,
637 1507 656 1538 ι
689 1487 818 1556 quia
849 1502 970 1541 cum
1009 1486 1151 1541 Deus
1185 1485 1346 1540 vellet
1372 1484 1450 1540 eis
1481 1483 1695 1539 dilferre
1729 1482 1905 1538 cibum
1939 1496 2034 1550 per

465 1576 735 1646 quoddam
781 1575 1098 1640 consilium,
1131 1575 1186 1631 id
1223 1584 1306 1630 est
1335 1574 1743 1645 providentiam,
1790 1581 1852 1626 ut
1903 1586 2033 1643 pro-

464 1666 622 1720 baret
639 1679 755 1728 eos,
788 1663 865 1719 illi
893 1680 1002 1720 non
1025 1664 1414 1730 sustinuerunt,
1451 1663 1547 1719 sed
1570 1662 1752 1718 statim
1793 1677 2035 1717 murmu-

463 1763 747 1809 raverunt.

2130 749 2388 822 Egypto.
2429 748 2592 806 Obliti
2633 756 2762 804 sunt
2807 766 2825 798 ι
2853 745 3112 801 terribilia
3161 763 3180 796 ι
3229 743 3378 798 facta
3430 763 3453 794 ι
3489 745 3554 796 in
3599 744 3734 797 mari

2131 841 2336 906 Rubro,
2373 860 2392 894 ι
2430 841 2556 910 quia
2591 855 2715 895 cum
2757 839 2942 895 hostes
2971 845 3153 893 essent
3182 837 3237 891 in
3266 836 3418 890 mari
3470 834 3730 900 involuti,

2132 933 2324 990 timere
2345 940 2638 1003 potuerunt
2664 916 2730 987 ne
2749 931 2852 986 sibi
2877 931 3018 986 idem
3043 929 3409 1000 contingeret.

2209 1042 2227 1074 ι
2255 1022 2320 1076 Ει
2349 1041 2366 1074 ›
2394 1030 2522 1078 tunc
2543 1020 2800 1076 Dominus
2824 1039 2841 1070 ι
2871 1019 3025 1083 dixit,
3051 1036 3068 1068 ι
3096 1017 3149 1072 id
3168 1026 3253 1072 est
3279 1016 3594 1086 disposuit,
3625 1035 3644 1066 ι
3677 1025 3729 1070 ut

2133 1113 2470 1184 disperderet
2499 1129 2614 1178 eos,
2650 1131 2669 1162 ι
2705 1112 2760 1166 id
2789 1119 2874 1166 est
2900 1110 3090 1181 dignos
3130 1109 3406 1177 judicavit
3461 1109 3725 1178 disperdi-

2133 1206 2278 1261 tione
2303 1222 2317 1258 :
2349 1215 2404 1260 et
2430 1206 2854 1275 disperdidisset,
2885 1225 2903 1256 ι
2931 1205 2976 1259 si
2999 1220 3105 1260 non
3130 1203 3343 1274 Moyses
3373 1203 3599 1258 electus
3620 1202 3720 1271 ejus

2133 1299 2372 1355 stetisset
2409 1299 2463 1352 in
2495 1308 2786 1368 conspectu
2824 1297 2941 1368 ejus
2985 1315 3004 1346 ι
3039 1310 3200 1350 orans
3239 1311 3339 1364 pro
3377 1294 3595 1364 populo
3623 1295 3714 1356 illo,

2141 1411 2160 1444 ‹
2203 1393 2258 1447 ἰιι
2313 1391 2700 1456 confractione,
2740 1411 2758 1444 ι
2809 1393 2863 1446 id
2905 1402 2988 1446 est
3034 1401 3277 1461 tempore
3327 1390 3715 1446 confractionis

2134 1483 2327 1537 futurae
2361 1482 2486 1537 illis.
2525 1483 2639 1548 νει,
2671 1482 2726 1536 in
2779 1481 3138 1544 confessione,
3165 1481 3232 1549 ,id
3275 1490 3364 1534 est
3395 1479 3710 1541 humilitate,

2132 1575 2258 1645 quia
2295 1573 2598 1627 humiliavit
2646 1588 2704 1628 se
2735 1588 2832 1642 pro
2893 1572 2974 1626 eis
3022 1572 3076 1625 in
3131 1577 3435 1640 conspectu
3483 1570 3706 1633 Domini,

2132 1666 2351 1721 dicens:
2381 1663 2626 1730 Domine,
2654 1664 2770 1718 dele
2803 1679 2888 1718 me
2917 1663 2982 1717 de
3005 1661 3144 1716 libro
3185 1671 3281 1716 tuo
3314 1662 3506 1732 potius
3544 1676 3695 1730 quam

2135 1758 2392 1828 populum
2432 1757 2593 1811 istum
2643 1754 2823 1811 deleas
2852 1754 3063 1826 (Ibid.).
3092 1753 3243 1810 Sicut
3293 1768 3435 1824 ergo
3468 1754 3704 1807 Dominus

549 1864 569 1898 ι
598 1844 667 1900 Ει
701 1845 1088 1917 concupierunt
1119 1865 1138 1898 ι
1182 1860 1288 1900 non
1318 1843 1490 1901 solum
1510 1842 1809 1898 naturalem
1835 1843 2034 1908 cibum,
2064 1851 2112 1911 B
2139 1863 2264 1918 erga
2297 1847 2416 1902 illos
2439 1847 2684 1901 oratione
2725 1845 2892 1917 Moysi
2927 1845 3174 1915 placatus
3203 1853 3312 1908 est,
3341 1844 3431 1897 sic
3464 1842 3706 1897 estintel-

466 1943 529 1989 ut
573 1950 763 2006 panem
805 1945 862 1992 et
897 1951 1114 2008 aquam,
1161 1951 1282 2006 qua:
1311 1936 1447 1990 bene
1486 1941 1709 2005 possent
1746 1934 1802 1988 in
1827 1933 2041 1989 deserto

461 2027 728 2095 sullicere,
766 2028 860 2084 sed
907 2048 925 2080 ‹
958 2028 1448 2099 concupiscentias,
1486 2046 1505 2078 ι
1552 2027 1608 2080 id
1646 2034 1730 2080 est
1780 2025 2040 2082 delicatos

467 2119 639 2184 cibos,
665 2119 874 2175 scilicet
900 2134 1028 2175 aves
1046 2128 1101 2174 et
1125 2117 1450 2186 huiusmodi,
1481 2118 1649 2172 ethoc
1679 2134 1700 2170 ι
1726 2133 1780 2171 ιη
1803 2117 2038 2182 deserto,

467 2217 525 2264 et
555 2217 900 2265 tentaverunt
942 2209 1108 2265 Deum
1162 2209 1218 2265 in
1247 2210 1508 2280 inaquoso
1545 2228 1564 2261 ι
1620 2208 1930 2264 dubitantes
1975 2209 2040 2264 de

472 2300 714 2370 potentia
734 2299 870 2370 ejus.

546 2411 565 2445 ε
595 2394 658 2453 Et
686 2412 703 2444 ι
730 2393 857 2448 licet
873 2391 953 2447 sic
966 2390 1436 2455 tentarentDeum,
1455 2399 1632 2446 tamen
1650 2409 1668 2441 ι
1688 2389 1928 2445 dediteis
1941 2405 2041 2460 pe-

473 2488 718 2544 titionem
761 2484 1001 2554 ipsorum
1024 2501 1043 2535 ι
1075 2489 1130 2538 et
1159 2482 1263 2537 hoc
1306 2496 1479 2552 usque
1514 2479 1582 2534 ad
1612 2477 2038 2548 plenitudinem;

465 2589 525 2634 et
561 2580 663 2634 hoc
677 2563 779 2641 est,
810 2593 828 2626 ι
863 2581 919 2628 et
944 2572 1092 2629 misit
1127 2571 1467 2628 saturitatem
1509 2571 1566 2624 in
1603 2569 1813 2623 animas
1855 2580 2040 2620 eorum

468 2667 667 2740 (Exod.
691 2665 803 2738 xv).
839 2684 859 2718 ι

547 2781 564 2813 ι
600 2761 665 2815 Et
696 2779 714 2812 ι
746 2767 927 2813 tamen
964 2755 1199 2812 nondum
1221 2761 1590 2819 cessaverunt,
1614 2753 1708 2808 sed
1742 2772 1760 2804 ι
1791 2751 2040 2806 irritave-

471 2861 602 2917 runt
630 2851 849 2929 Moysen
889 2850 943 2910 in
989 2848 1204 2920 castris,
1235 2847 1415 2909 Aaron
1455 2855 1700 2908 sanctum
1750 2843 1985 2907 Domini,
2017 2861 2036 2892 ι

470 2948 564 3020 qui
600 2945 968 3003 sanctificatus
1015 2943 1214 3008 fuerat,
1245 2950 1299 2998 et
1343 2953 1537 2996 unctus
1593 2943 1647 2995 in
1699 2941 2040 2995 sacerdotem

470 3046 742 3110 praecepto
776 3034 1010 3099 Domini,
1059 3033 1207 3086 illum
1251 3033 1586 3086 sacerdotem
1631 3030 1845 3084 Domini
1890 3029 2043 3084 nole-

473 3131 608 3186 bant
645 3125 940 3196 suscipere,
978 3122 1072 3177 sed
1099 3121 1384 3175 irritabant
1425 3121 1547 3174 inde
1583 3118 1823 3188 Moysen,
1855 3119 2042 3174 dicen-

2137 1937 2408 2008 ligendum
2437 1953 2557 1992 eum
2596 1936 2822 2006 singulis
2851 1935 3042 1991 diebus
3068 1935 3311 2006 peccatis
3341 1933 3558 1988 nostris
3606 1947 3704 1986 ora-

2141 2029 2286 2083 tione
2333 2029 2566 2084 tidelium
2607 2029 2855 2099 placari:
2906 2045 3007 2083 nec
3056 2038 3232 2083 tamen
3264 2044 3366 2098 per
3414 2029 3523 2082 hoc
3554 2027 3701 2081 divisa

2139 2121 2474 2190 providentia
2512 2130 2772 2187 mutatur,
2803 2122 2927 2191 quia
2960 2123 3100 2176 sicut
3154 2121 3432 2176 Dominus
3484 2122 3700 2192 pmiiﬁt

2140 2224 2198 2265 se
2251 2209 2596 2280 placandum,
2634 2211 2714 2266 sic
2760 2213 3006 2282 praevidit
3055 2213 3156 2267 hoc
3187 2212 3437 2266 futurum
3489 2214 3704 2268 oratione

2140 2300 2376 2356 ﬁdelium
2413 2319 2424 2354 :
2463 2311 2516 2356 et
2541 2302 2586 2356 si
2615 2302 2889 2358 orationes
2919 2318 3027 2357 non
3060 2302 3274 2369 fierent,
3324 2302 3453 2372 ipse
3481 2319 3590 2357 non
3616 2306 3702 2373 pla-

2141 2401 2375 2446 caretur.
2408 2392 2476 2446 Et
2499 2392 2626 2448 licet
2656 2393 2889 2463 Moyses,
2921 2408 2988 2447 ne
3028 2407 3320 2448 commune
3365 2395 3604 2448 exitium
3625 2396 3703 2448 De-

2141 2482 2322 2537 minus
2372 2482 2574 2537 faceret
2623 2485 3022 2554 deprecaretur,
3066 2492 3245 2539 tamen
3288 2484 3414 2553 ipse
3483 2486 3599 2540 zelo
3635 2485 3702 2540 Da'

2142 2581 2464 2638 commotus,
2491 2573 2687 2629 multos
2713 2573 2912 2629 occidit
2943 2588 2958 2626 :
2982 2573 3125 2629 sicut
3144 2573 3312 2628 etiam
3331 2575 3560 2643 iudices
3580 2576 3703 2631 hodie

2138 2662 2398 2718 Ecclesiae
2443 2679 2548 2718 non
2597 2676 2841 2746 peccant,
2870 2665 3016 2731 licet,
3059 2665 3175 2721 zelo
3216 2666 3315 2721 Dei
3343 2670 3628 2732 commoti,
3659 2672 3704 2722 de

2144 2752 2302 2806 malis
2323 2753 2618 2807 vindictam
2645 2754 2864 2809 faciant.

2219 2861 2236 2892 ι
2278 2840 2547 2896 Stetisset.
2588 2861 2606 2894 ι
2637 2843 2718 2896 Ad
2767 2844 2888 2905 hoc,
2930 2851 2989 2898 ut
3028 2851 3300 2899 averteret
3334 2845 3486 2902 iram
3537 2847 3700 2918 ejus”

2145 2931 2199 2992 id
2236 2946 2319 2992 est
2347 2933 2466 3001 Dei,
2502 2957 2519 2988 ‹
2559 2951 2627 2990 ne
2675 2935 3009 3007 disperderet
3035 2953 3149 3002 eos,
3179 2957 3198 2988 ι
3232 2938 3288 2992 id
3314 2949 3404 2995 est
3435 2957 3512 2996 ne
3541 2941 3708 2997 faceret

2144 3029 2223 3084 eis
2248 3043 2586 3082 communem
2617 3029 2892 3083 interitum
2921 3028 3108 3100 (Num.
3137 3029 3274 3100 xiv).

2216 3120 2348 3176 Pars
2376 3131 2589 3192 quarta.
2635 3142 2654 3174 ‹
2682 3123 2750 3177 Et
2792 3144 2810 3175 ›
2856 3123 2983 3178 licet
3028 3124 3169 3180 Deus
3218 3125 3496 3182 beneficia
3523 3125 3710 3182 fecisset

475 3231 558 3277 tes
591 3233 712 3273 eum
749 3232 856 3272 non
885 3219 1155 3286 praecepto
1189 3211 1398 3266 Domini
1430 3211 1529 3266 hoc
1555 3210 1762 3282 egisse,
1793 3209 1886 3264 sed
1916 3208 2042 3280 quia
2071 3221 2115 3285 ρ
2145 3213 2244 3278 eis,
2292 3222 2472 3268 tamen
2522 3233 2540 3265 ι
2587 3215 2996 3272 desiderabilem
3038 3225 3266 3284 terram,
3301 3238 3322 3272 ι
3363 3220 3573 3275 scilicet
3608 3236 3713 3292 pro-

474 3309 701 3366 fratrem
731 3320 886 3362 suum
913 3301 1158 3359 exaltare
1179 3299 1389 3356 volebat
1415 3299 1603 3370 (Num.
1635 3300 1791 3370 xw).

550 3399 618 3456 Et
647 3404 866 3469 propter
894 3393 1040 3448 illam
1067 3392 1422 3447 irritationem
1441 3409 1459 3441 ι
1480 3398 1667 3460 aperta
1688 3396 1772 3445 est
1792 3396 1959 3450 terra,
1991 3393 2047 3442 et

475 3488 757 3562 deglutivit
813 3485 1024 3540 Dathan
1057 3523 1073 3548 ,
1142 3489 1198 3538 et
1259 3480 1470 3551 operuit
1532 3493 1694 3548 super
1751 3491 2048 3548 congrega-
2129 3510 2138 3515 -

477 3581 683 3636 tionem
709 3577 912 3632 Abiron
933 3614 948 3640 ,
987 3593 1006 3626 ›
1050 3574 1102 3629 id
1130 3585 1214 3628 est
1241 3569 1520 3642 deglutivit
1547 3569 1774 3634 Abiron,
1807 3577 1863 3622 et
1894 3581 2048 3621 suam

461 3669 762 3734 familiam,
785 3675 840 3723 et
863 3680 921 3722 se
951 3679 1114 3736 super
1133 3677 1254 3719 eam
1280 3661 1562 3718 conclusit.

551 3782 572 3816 ‹
605 3762 674 3818 Ει
695 3763 749 3817 in
770 3772 1040 3833 synagoga
1062 3771 1250 3813 eorum
1267 3795 1283 3822 ,
1311 3773 1330 3807 ι
1361 3754 1416 3809 id
1443 3761 1529 3808 est
1555 3753 1609 3807 in
1635 3749 2051 3821 congregatione

477 3855 858 3915 consentiente
882 3852 1000 3907 istis
1019 3848 1323 3920 prteceptis,
1343 3855 1404 3900 ut
1421 3844 1668 3900 tollerent
1689 3837 2052 3898 sacerdotium

476 3950 546 4006 ab
599 3948 816 4010 Aaron,
873 3942 1080 3998 scilicet
1128 3939 1306 3994 Cbore
1359 3946 1415 3992 et
1457 3935 1584 3990 filiis
1612 3935 1758 3998 suis,
1789 3951 1808 3984 ι
1845 3930 2052 3986 exarsit

479 4039 620 4112 ignis
647 4058 665 4091 ι
701 4038 755 4092 in
788 4042 1021 4096 tantum,
1045 4029 1190 4099 quod
1223 4046 1242 4078 ι
1278 4025 1492 4080 ﬂamma
1518 4023 1815 4080 combussit
1854 4034 2051 4112 pecca-

483 4111 651 4187 tores.
688 4147 707 4179 ›
759 4125 893 4180 Cum
939 4120 1082 4176 enim
1133 4117 1311 4172 Chore
1367 4130 1490 4171 cum
1537 4113 1644 4168 illis
1694 4111 2049 4174 thurificaret,

487 4220 631 4292 ignis
651 4227 941 4272 conversus
951 4219 1054 4278 est,
1068 4207 1429 4266 etcombussit
1441 4220 1563 4262 eos:
1579 4206 1670 4275 qui
1688 4205 1826 4277 ignis
1838 4205 2050 4275 signum

488 4310 593 4364 fuit
651 4305 861 4362 ardoris
925 4299 1400 4372 concupiscentiae.
1427 4298 1685 4370 ipsorum.
1748 4296 2053 4353 lnvidentes

486 4399 634 4458 enim
683 4397 886 4463 Aaron,
923 4393 1180 4451 volebant
1214 4405 1283 4447 ex
1326 4405 1387 4446 se
1415 4387 1674 4459 ,aliquem
1721 4387 2052 4444 constitttere

485 4490 842 4551 sacerdotem.

2129 3304 2442 3368 missionis,
2469 3320 2629 3374 quam
2666 3306 2809 3362 Deus
2852 3308 3199 3376 promiserat,
3239 3329 3258 3360 ι
3292 3310 3592 3366 habuerunt
3616 3325 3708 3382 pro

2149 3392 2342 3459 nihilo,
2385 3414 2404 3447 ι
2430 3396 2554 3465 quia
2577 3412 2681 3451 non
2711 3397 3058 3453 crediderunt
3080 3401 3433 3468 promissioni
3464 3401 3570 3455 Dei.

2231 3505 2250 3537 ‹
2284 3485 2398 3541 Νοη
2438 3481 2785 3544 crediderunt
2837 3491 3004 3544 verbo
3047 3490 3162 3559 ejus
3196 3511 3217 3544 ι
3261 3493 3332 3547 de
3376 3493 3710 3563 promissione

2159 3573 2247 3627 illa
2286 3576 2450 3646 :quia
2498 3578 2732 3633 reversis
2761 3579 3192 3649 exploratoribus
3241 3584 3376 3648 suis,
3421 3600 3545 3639 cum
3597 3599 3710 3638 nun-

2156 3666 2356 3720 tiarent
2381 3675 2580 3722 terram
2606 3669 2750 3724 illam
2774 3670 2907 3725 satis
2936 3672 3132 3726 bonam
3157 3687 3299 3738 esse,
3327 3685 3383 3727 et
3409 3675 3462 3728 in
3494 3690 3564 3729 ea
3591 3676 3712 3731 virts

2152 3768 2383 3824 quorum
2424 3770 2565 3811 unus
2597 3767 2814 3812 centum
2863 3757 3175 3815 Iudaeorum
3221 3771 3398 3832 posset
3447 3765 3716 3827 occidere.

2158 3861 2176 3894 ι
2215 3851 2270 3898 et
2309 3863 2327 3894 ι
2355 3844 2476 3899 ideo
2505 3860 2983 3904 murmuraverunt
3007 3851 3064 3906 in
3103 3853 3445 3908 tabernaculis
3481 3857 3608 3910 suis
3638 3857 3722 3911 di-

2153 3940 2338 3986 centes
2371 3953 2384 3985 :
2415 3932 2732 4000 Quaeramus
2759 3937 2949 3993 ducem
2993 3942 3167 4004 nobis,
3192 3951 3241 3995 et
3266 3953 3616 3997 revertamur
3665 3945 3722 3999 in

2153 4023 2472 4096 Egyptum,
2507 4027 2700 4084 melius
2738 4030 2880 4084 enim
2911 4042 3057 4087 esset
3100 4034 3252 4089 nobis
3281 4035 3455 4090 adhuc
3497 4037 3564 4091 in
3613 4054 3720 4094 ser-

2154 4118 2325 4173 vitute
2355 4135 2518 4189 quam
2547 4122 2600 4176 in
2625 4138 2805 4193 pugna
2849 4124 3077 4180 istorum
3106 4129 3285 4196 perire
3312 4128 3508 4198 (Nam.
3540 4135 3716 4202 xxvi):

2162 4226 2179 4260 ι
2210 4225 2320 4264 non
2371 4212 2730 4268 exaudierunt
2777 4229 2966 4271 vocem
3018 4218 3230 4273 Domini
3281 4239 3300 4270 ι
3341 4222 3472 4290 quia
3529 4224 3719 4278 dubita-

2159 4312 2358 4356 verunt
2386 4304 2450 4357 de
2483 4313 2624 4358 terra
2653 4306 2742 4361 illa
2765 4324 2927 4377 quam
2955 4311 3098 4366 Deus
3121 4313 3203 4366 eis
3231 4316 3592 4382 promiserat.

2231 4410 2250 4443 ‹
2295 4391 2362 4447 Ει
2387 4411 2406 4444 ι
2434 4402 2562 4451 tunc
2590 4395 2852 4455 Dominus
2881 4419 2901 4451 ι
2935 4400 3163 4457 elevavit
3181 4419 3406 4461 manum
3435 4422 3619 4475 suam,
3643 4410 3718 4465 »ἰαί

2154 4490 2240 4537 est
2263 4483 2473 4554 paravit
2507 4497 2566 4538 se
2598 4487 2664 4540 ad
2695 4487 2988 4544 vindictam
3026 4490 3332 4549 faciendam
3370 4515 3391 4548 ‹
3433 4513 3601 4570 super
3629 4516 3719 4564 eos.

561 4601 581 4634 ι
608 4580 676 4636 Ει
703 4599 722 4632 ι
751 4587 972 4650 propter
996 4574 1099 4632 hoc
1123 4593 1142 4628 ‹
1168 4572 1394 4629 vitulum
1417 4569 1659 4628 fecerunt
1681 4589 1700 4622 ι
1728 4567 2051 4625 conflatilem
2075 4569 2130 4631 D
2155 4581 2214 4627 ut
2241 4582 2611 4643 prasterneret
2645 4591 2740 4633 eos
2764 4580 2817 4634 in
2841 4581 3074 4636 deserto.
3109 4603 3127 4634 ι

494 4693 512 4724 ι
556 4673 611 4727 in
638 4669 802 4734 Oreb,
841 4686 860 4718 ι
887 4667 942 4721 in
968 4665 1086 4722 loco
1110 4663 1220 4730 illo,
1245 4661 1458 4734 quando
1477 4660 1685 4732 Moyses
1711 4661 1765 4715 iu
1810 4668 2052 4716 montem

491 4760 736 4820 ascendit
796 4758 863 4812 ad
934 4755 1237 4811 Dominum.
1296 4752 1598 4823 Coegerunt
1669 4751 1814 4805 enim
1878 4748 2051 4805 Judaei

487 4853 690 4916 Aaron,
733 4857 792 4908 ut
837 4847 1038 4902 faceret
1083 4847 1162 4900 eis
1207 4843 1430 4898 vitulum
1476 4840 1798 4898 conflatilem
1847 4839 2051 4912 (Exod.

486 4940 682 5013 mut),
710 4947 765 4995 et
799 4939 915 5009 ipse
936 4937 1206 4991 consensit
1228 4936 1330 5000 eis,
1353 4935 1550 5005 partim
1583 4941 1824 4999 coactus,
1855 4933 2052 5002 partim

490 5033 784 5103 cupiditate
834 5027 1114 5099 pecunia;
1165 5044 1184 5076 ι
1229 5035 1284 5080 et
1333 5027 1696 5080 adoravernnt
1751 5023 1997 5094 sculptile
2030 5043 2048 5076 ι

495 5124 646 5179 illud.

571 5233 590 5266 ι
625 5212 694 5268 Et
722 5231 740 5263 ι
773 5212 846 5267 ita
871 5231 890 5262 ‹
924 5215 1268 5266 mutaverunt
1287 5207 1508 5278 gloriam
1535 5221 1711 5273 suam,
1739 5226 1757 5259 ι
1780 5207 1835 5263 id
1854 5215 1938 5263 est
1957 5206 2062 5263 Do-

443 5329 446 5333 '
497 5307 658 5370 mini,
694 5303 786 5375 qui
816 5311 934 5358 erat
956 5301 1126 5374 gloria
1153 5314 1338 5354 eorum
1357 5338 1373 5363 ,
1409 5316 1428 5348 ι
1460 5299 1514 5353 in
1559 5299 1962 5355 similitudinem
1984 5299 2065 5354 vi-

494 5399 593 5453 tuli
616 5392 948 5453 eomedentis
976 5389 1178 5446 fenum.
1221 5408 1242 5442 ι
1272 5387 1543 5444 Honorem
1577 5388 1816 5446 debitum
1841 5405 1950 5445 non
1975 5397 2059 5444 at-

497 5492 796 5545 tribuerunt
824 5497 954 5540 vero
981 5482 1170 5548 vitulo,
1203 5481 1299 5536 sed
1323 5478 1612 5535 simulacro
1635 5479 1807 5535 vituli.

567 5579 658 5636 Sic
678 5577 886 5651 agendo
914 5595 933 5628 ί
969 5575 1121 5630 obliti
1143 5583 1268 5629 sunt
1289 5573 1476 5639 Deum,
1509 5571 1602 5642 qui
1641 5571 1866 5627 salvavit
1900 5587 1994 5628 eos
2032 5593 2050 5624 ι

500 5672 567 5725 ab
596 5670 880 5742 Egyptiis,
914 5688 932 5718 ι
991 5667 1083 5736 qui
1109 5665 1237 5722 fecit
1272 5664 1561 5737 magnalia,
1600 5679 1618 5713 ι
1675 5663 1728 5719 id
1751 5672 1834 5719 est
1864 5681 2054 5738 magna

500 5759 658 5826 facta,
709 5778 727 5814 ς
764 5760 818 5815 ἱη
854 5757 1088 5831 ,Εεγριο
1124 5778 1143 5810 ι
1171 5758 1236 5814 ad
1261 5771 1355 5813 eos
1387 5753 1715 5822 liberandos,
1744 5765 1798 5811 et
1819 5753 1907 5810 illa
1941 5755 2056 5811 fue-

2233 4683 2251 4716 ε
2287 4663 2356 4718 Ει
2391 4684 2408 4717 ι
2445 4681 2550 4721 non
2589 4676 2794 4724 tantum
2829 4686 2943 4735 eos,
2975 4673 3069 4728 sed
3104 4694 3122 4726 ‹
3161 4683 3224 4729 ιιι
3269 4676 3722 4745 dejiceretm

2157 4768 2348 4809 eorum
2370 4755 2424 4808 in
2453 4756 2784 4822 nationibus,
2820 4777 2838 4810 ›
2869 4760 2922 4815 id
2956 4770 3040 4816 est
3058 4777 3154 4831 per
3181 4765 3435 4822 diversas
3456 4772 3721 4826 nationes:

2156 4855 2212 4900 et.
2239 4847 2312 4900 ita
2337 4846 2612 4914 dejiceret,
2639 4858 2700 4903 ut
2745 4866 2853 4906 non
2876 4863 3059 4907 essent
3093 4855 3324 4921 similes,
3375 4861 3516 4928 quia
3565 4877 3722 4917 eorum

2159 4935 2440 5005 generatio
2494 4938 2800 5006 superbiam
2851 4942 3172 5012 generabat;
3223 4947 3320 5001 sed
3372 4952 3570 5018 potius
3617 4971 3634 5003 ι
3667 4952 3728 5004 di-

2163 5036 2439 5127 spergeret
2467 5043 2561 5084 eos
2595 5029 2647 5083 in
2679 5031 3007 5102 regionibus,
3043 5053 3062 5084 ›
3098 5035 3151 5089 id
3182 5045 3266 5092 est
3298 5053 3403 5107 per
3431 5041 3730 5114 longinquas

2164 5131 2431 5186 regiones.

2242 5224 2261 5256 ι
2295 5205 2363 5261 Et
2400 5226 2418 5258 ι
2444 5209 2639 5265 merito
2660 5211 3090 5281 disperdiderunt
3120 5215 3311 5284 (Num.
3337 5223 3462 5294 xv),
3491 5226 3617 5295 quia
3654 5224 3734 5294 ipsi

2171 5313 2189 5346 ι
2222 5294 2420 5352 initiati
2465 5309 2608 5365 sunt,
2640 5321 2659 5352 ›
2698 5306 2929 5372 passive,
2959 5307 3012 5361 id
3056 5318 3141 5363 est
3169 5294 3522 5380 consecrati,
3556 5329 3614 5371 ut
3647 5317 3738 5369 alia

2167 5388 2448 5480 translatio
2469 5393 2654 5459 habet,
2677 5414 2695 5446 ι
2718 5395 2863 5462 Beel,
2899 5417 2919 5450 ι
2946 5399 2999 5454 id
3026 5410 3112 5457 est
3132 5403 3274 5459 idolo
3303 5406 3408 5472 illi,
3445 5429 3465 5459 ‹
3500 5410 3736 5480 ριιεεοτι

2115 5499 2120 5504 ·
2165 5476 2310 5533 illius
2346 5479 2474 5544 loci,
2501 5483 2704 5538 scilicet
2724 5485 2938 5559 Priapo,
2989 5491 3080 5559 qui
3109 5502 3191 5548 est
3235 5496 3368 5549 deus
3422 5476 3740 5568 tentigi‘nis;

2165 5569 2370 5640 phegor
2390 5588 2622 5644 namque
2642 5579 2847 5649 tentigo
2860 5581 3265 5650 interpretatur,
3289 5585 3372 5640 vel
3386 5585 3744 5660 Beelphegor.

2168 5661 2222 5715 id
2267 5670 2351 5716 est
2395 5663 2530 5719 deus
2575 5670 2871 5740 tentiginis.
2905 5692 2924 5722 ι
2969 5671 3060 5727 Vel
3101 5675 3300 5730 initiati
3349 5689 3484 5732 sunt
3529 5700 3550 5730 ι
3587 5688 3747 5750 potat

2169 5751 2272 5822 legi
2300 5754 2511 5821 active;
2542 5757 2619 5813 sic
2663 5783 2677 5806 ο
2720 5760 2916 5818 initiati
2939 5773 3087 5831 sunt,
3118 5765 3171 5821 id
3195 5775 3279 5821 est
3315 5766 3668 5826 devovet-unt
3701 5781 3749 5823 se
