3898 6494
186 494 292 552 561

1349 492 1786 554 EXPLANATIO
1822 493 1890 551 IN
1927 494 2263 555 PSALMOS.

3318 508 3423 564 56%

187 613 272 669 illi
316 610 478 667 idolo.
532 631 550 661 ‹
597 609 956 668 Comederunt
1007 608 1273 668 sacriﬁcia
1325 621 1681 677 mortuorum,
1730 631 1748 662 ι
1782 613 1831 673 Α
1856 617 1913 664 et
1940 609 2316 667 traditionibus
2349 607 2622 670 seniorum
2659 632 2674 670 :
2709 617 2857 686 quia,
2882 617 3118 674 dimissis
3147 622 3428 691 praeceptis

187 703 248 758 id
269 712 351 758 est
381 700 700 774 idolothyta,
724 701 930 758 scilicet
951 717 1169 758 carnem
1198 702 1559 758 sacriticatam
1587 703 1758 758 simu-

187 792 358 848 lacris
391 801 750 848 mortuorum.

269 903 289 935 ‹
323 883 390 939 Et
420 902 438 935 ι
470 891 596 938 tunc
625 902 642 935 ι
669 884 1016 939 irritaverant
1054 900 1176 940 eum
1203 887 1256 942 in
1295 887 1760 943 adinventionibus

186 976 329 1040 suis,
365 995 382 1027 ι
408 976 463 1030 in
493 977 596 1032 hoc
633 977 778 1046 quod
812 985 937 1032 sunt
971 979 1241 1034 commisti
1269 980 1600 1045 Madianitis,
1635 980 1760 1050 quia

185 1068 518 1138 prohibitum
570 1076 686 1122 erat
730 1083 797 1122 ne
826 1084 948 1124 cum
977 1070 1250 1125 extraneis
1280 1070 1588 1125 mulieribus
1615 1085 1762 1124 com-

185 1158 588 1222 miscerentur,
643 1173 871 1226 quarum
925 1157 1153 1212 consilio
1199 1161 1558 1214 adoraverunt
1612 1159 1762 1213 Beel-

185 1249 426 1318 phegor;
465 1268 483 1300 c
519 1257 573 1304 et
600 1268 619 1301 ι
654 1249 774 1304 ideo
811 1268 829 1299 ε
857 1249 1204 1318 multiplicata
1229 1258 1311 1304 est
1336 1251 1389 1304 in
1412 1251 1493 1306 eis
1531 1250 1705 1316 ruina,
1735 1269 1756 1302 ι

186 1340 320 1409 quia
339 1341 405 1394 ab
437 1341 569 1411 ipsis
599 1341 751 1394 tnulti
791 1351 915 1395 sunt
937 1338 1229 1394 interfecti.

269 1450 287 1480 ‹
318 1430 384 1484 Ει
409 1449 427 1480 ι
455 1440 580 1484 tunc
601 1430 655 1484 in
681 1430 771 1484 illo
801 1429 1039 1498 periculo
1066 1448 1084 1480 ‹
1117 1430 1266 1484 stetit
1291 1429 1521 1486 Phinees
1552 1450 1570 1482 ι
1597 1445 1764 1499 purus

187 1531 397 1584 mente,
426 1519 550 1589 quia
578 1534 684 1573 non
717 1520 961 1589 peccavit
999 1534 1120 1574 cum
1160 1519 1299 1584 aliis,
1343 1539 1361 1570 ε
1393 1530 1447 1574 et
1475 1520 1707 1590 placavit
1740 1539 1758 1570 ι

187 1607 480 1663 Dominum
511 1608 861 1677 perfodiendo
887 1607 1130 1662 Judaeum
1162 1624 1283 1662 cum
1307 1608 1592 1666 Madianite
1620 1624 1766 1664 com-

183 1701 428 1755 mistum.
461 1721 478 1752 ι
503 1701 568 1754 Ει
590 1721 608 1752 ι
636 1710 766 1755 tunc
798 1719 815 1750 ι
835 1701 1133 1768 quassatio,
1166 1719 1184 1750 ι
1213 1699 1265 1755 id
1288 1709 1372 1755 est
1397 1701 1573 1766 ruina,
1595 1719 1614 1752 ε
1645 1716 1765 1757 ces-

185 1791 356 1853 sarit,
393 1810 411 1841 ›
444 1791 652 1846 scilicet
680 1805 842 1860 quam
863 1790 1230 1859 patiebantur.

268 1899 284 1930 ι
319 1880 387 1934 Ει
419 1889 723 1948 rcputatum
749 1889 832 1934 est
852 1880 898 1934 ei
921 1879 970 1933 in
994 1878 1326 1948 justitiamin
1351 1879 1694 1951 generatione
1713 1889 1767 1936 et

1858 698 1976 766 Dei,
2014 702 2378 770 sequebantur
2412 706 2727 764 traditiones
2747 724 2888 764 suas.
3216 754 3221 759 .

1933 812 1952 844 ι
1979 793 2046 847 Et
2071 804 2203 849 tunc
2227 794 2399 852 iratus
2423 807 2506 852 est
2543 798 2872 866 Dominus”
2893 802 2946 856 id
2971 812 3055 857 est
3081 803 3324 860 exhibuit
3349 805 3430 862 ef-

1858 880 2060 936 fectum
2102 881 2226 937 irati
2257 901 2279 934 ι
2309 883 2363 938 in
2386 886 2640 956 p0pulum
2669 902 2845 955 suum,
2885 908 2903 941 ι
2927 890 3100 945 ethoc
3128 910 3146 943 ε
3176 891 3376 958 furore,
3401 912 3421 947 ο

1859 973 1914 1029 id
1941 982 2025 1029 est
2065 974 2217 1045 gravi
2258 974 2362 1041 ira,
2401 995 2420 1028 ‹
2455 985 2511 1032 et
2555 979 2894 1036 abominatus
2931 989 3017 1037 est
3056 982 3428 1041 [nereditatem

1859 1077 2034 1127 suam,
2068 1081 2086 1116 ι
2109 1062 2221 1132 jam
2251 1080 2358 1120 non
2387 1081 2584 1122 curans
2615 1083 2709 1124 eos
2739 1071 2894 1140 quasi
2932 1071 3302 1129 hmreditatem
3329 1075 3428 1130 de-

1860 1153 2099 1208 fendere.
2121 1171 2140 1204 ‹
2161 1153 2226 1208 Et
2249 1174 2268 1207 ι
2289 1154 2409 1210 ideo
2437 1174 2455 1204 ‹
2485 1157 2811 1215 tradiditeos
2831 1160 2884 1215 in
2908 1177 3100 1218 manus
3116 1164 3377 1233 gentium,
3401 1182 3424 1218 ι

1859 1243 1985 1311 quia
2026 1248 2156 1300 tunc
2199 1253 2373 1300 sunta
2417 1245 2738 1303 Philistbazis
2783 1249 2978 1305 devicti
3028 1272 3046 1303 ‹
3075 1261 3129 1308 et
3169 1252 3432 1311 dominali

1860 1343 1988 1390 sunt
2008 1349 2194 1390 eorum
2215 1336 2306 1405 qui
2337 1336 2565 1391 oderunt
2594 1353 2705 1404 eos,
2745 1358 2762 1389 ι
2805 1341 3012 1397 scilicet
3036 1342 3333 1400 Pbilisthazi
3371 1351 3437 1404 et

1861 1424 1974 1480 alii.
2509 1449 2513 1452 -

1937 1533 1956 1566 ς
1976 1514 2044 1568 Et
2067 1521 2194 1570 tunc
2217 1515 2608 1571 tribulavcrunt
2623 1532 2718 1574 eos
2733 1517 2935 1574 inimici
2953 1533 3160 1587 eorum,
3179 1530 3234 1577 et
3253 1523 3435 1581 humi-

1862 1604 1976 1660 liati
2008 1614 2195 1670 sunt,»
2227 1607 2279 1660 id
2324 1615 2406 1662 est
2457 1608 2680 1662 multum
2738 1608 2920 1664 alllicti
2967 1629 2985 1661 ε
3023 1613 3122 1665 sub
3177 1613 3432 1672 manibus

1861 1712 2047 1752 eorum
2073 1714 2086 1750 :
2118 1717 2137 1748 ι
2170 1697 2428 1752 Dominus
2449 1706 2630 1752 tamen
2657 1718 2676 1750 ι
2713 1714 2854 1769 saepe
2877 1699 3126 1756 liberavit
3149 1718 3260 1759 eos.
3299 1723 3319 1756 ι

1939 1805 1957 1836 ‹
1991 1785 2096 1855 lpsi
2123 1795 2304 1840 autem
2339 1806 2356 1837 ι
2384 1788 2523 1842 hanc
2548 1787 2916 1843 liberationem
2940 1805 3047 1845 non
3073 1793 3437 1862 attendentes,l

1873 1893 1892 1926 α
1927 1878 2388 1932 exacerbaverunt
2412 1894 2534 1933 eum
2557 1879 2609 1933 in
2639 1880 2864 1934 consilio
2890 1897 3008 1943 suo,
3049 1902 3068 1935 ι
3099 1884 3151 1938 id
3187 1893 3271 1940 est
3304 1901 3439 1942 con-

188 1971 592 2042 generationem
637 1987 806 2040 usque
864 1972 916 2026 in
952 1972 1366 2041 sempiternum;
1407 1993 1425 2024 ›
1473 1974 1574 2028 hoc
1620 1973 1762 2044 quod
1792 1957 1838 2016 Β
1865 1965 2022 2030 sulte,
2057 1984 2075 2016 ι
2105 1975 2159 2021 et
2201 1967 2463 2022 humiliati
2496 1977 2623 2023 sunt
2663 1970 2717 2024 in
2753 1970 3126 2040 iniquitatibus
3159 1976 3295 2041 suis,
3327 1995 3352 2026 ›
3378 1977 3438 2032 id

195 2061 316 2114 zelo
340 2062 428 2114 Dei
469 2062 736 2131 percussit
779 2061 952 2128 illum,
995 2077 1101 2116 non
1145 2070 1227 2116 est
1249 2062 1321 2115 illi
1372 2072 1676 2133 reputatutn
1708 2065 1762 2118 in

191 2150 568 2209 homicidium.

270 2260 288 2293 ί
328 2243 394 2296 Ει
423 2243 790 2299 irritaverunt.
826 2263 845 2295 ι
877 2243 1008 2300 Pars
1035 2245 1239 2315 quinta.
1271 2245 1340 2300 Et
1367 2244 1492 2302 licet
1515 2245 1657 2302 Deus
1686 2247 1764 2302 sic

188 2333 523 2390 vindicasset
551 2335 604 2388 in
630 2350 742 2400 eos,
770 2336 870 2405 ipsi
896 2345 1076 2392 tamen
1125 2354 1233 2392 non
1263 2348 1636 2406 cessaverunt,
1671 2340 1765 2395 sed

189 2426 356 2482 etiam
409 2426 582 2496 ipsum
644 2425 860 2495 Moysen
928 2441 1111 2480 secum
1168 2442 1391 2496 peccare
1453 2417 1696 2482 fecerunt
1747 2445 1760 2481 :

189 2527 249 2574 ct
278 2518 381 2571 hoc
425 2524 508 2570 est
533 2559 550 2581 ,
584 2534 602 2566 ‹
641 2526 694 2570 et
727 2517 1075 2571 irritaverunt
1102 2530 1225 2570 eum
1253 2516 1318 2570 ad
1356 2531 1522 2586 aquas
1558 2528 1767 2572 contra-

190 2607 475 2670 dictionis,
512 2626 529 2659 ι
570 2607 657 2661 ubi
690 2607 898 2677 Moyses
931 2606 1090 2677 ejecit
1135 2607 1213 2661 eis
1258 2623 1451 2677 aquam
1501 2609 1568 2662 de
1611 2617 1764 2677 petra

191 2698 409 2770 (Num.
449 2698 585 2771 xx),
637 2698 791 2768 juxta
849 2708 1048 2754 terram
1098 2700 1486 2769 promissionis,
1548 2702 1764 2770 quando

183 2793 392 2863 jurgati
440 2799 565 2846 sunt
608 2791 700 2846 ﬁlii
738 2790 930 2856 Israel,
969 2791 1205 2846 dicentes
1253 2793 1394 2862 quod
1435 2809 1540 2848 non
1583 2802 1765 2863 posset

191 2901 392 2955 aquam
424 2885 490 2940 de
517 2893 669 2956 petra
709 2885 1027 2955 producere,
1057 2903 1075 2936 ι
1107 2893 1163 2939 et
1193 2895 1418 2940 vexatus
1445 2895 1527 2940 est
1557 2885 1765 2957 Moyses

191 2988 418 3046 propter
458 2990 570 3039 eos,
612 2995 631 3027 ι
688 2976 741 3031 id
771 2984 856 3030 est
896 2976 1144 3030 turbatus
1184 2985 1266 3031 est
1323 2977 1390 3030 ab
1425 2976 1552 3042 illis,
1585 2996 1603 3028 ι
1637 2978 1763 3047 quia

192 3065 658 3121 exacerbaverunt
684 3067 930 3137 spiritum
961 3065 1094 3135 ejus,
1137 3085 1156 3118 ι
1207 3067 1260 3120 id
1303 3076 1387 3122 est
1411 3083 1534 3123 eum
1567 3069 1762 3123 iratum

191 3170 294 3224 pro
324 3171 418 3210 sua
445 3156 820 3210 incredulitate
848 3156 1095 3211 fecerunt
1122 3164 1177 3211 et
1202 3158 1476 3212 acerbum.
1503 3189 1519 3202 ο

275 3267 292 3299 ‹
330 3248 396 3303 Et
433 3269 451 3301 ι
485 3249 609 3319 quia
636 3258 937 3305 commotus
980 3248 1082 3303 fuit
1119 3249 1187 3303 ab
1224 3248 1350 3314 illis,
1383 3265 1402 3300 ι
1433 3250 1678 3306 distinxit
1707 3251 1760 3306 in

194 3338 352 3393 labiis
371 3308 550 3402 suisf.
579 3339 630 3392 id
658 3348 742 3393 est
758 3339 913 3393 aliter
934 3347 988 3392 et
1010 3338 1170 3392 nimis
1199 3339 1532 3393 conﬁdenter
1559 3339 1768 3396 locutus
1794 3308 1840 3370 ο

1863 2066 1947 2114 est
2003 2067 2222 2127 propter
2266 2058 2576 2129 iniquitates
2635 2073 2762 2116 suas
2823 2071 2948 2117 sunt
2991 2062 3173 2120 alllicti
3245 2064 3432 2121 multis

1863 2149 2055 2205 modis.

1940 2259 1960 2292 ι
1995 2241 2196 2296 Etcum
2225 2261 2243 2294 ι
2269 2242 2369 2312 ipsi
2389 2243 2461 2298 ita
2484 2262 2502 2295 ι
2528 2245 2931 2312 tribularentur,
2945 2247 3080 2303 vidit
3111 2269 3129 2301 ι
3149 2249 3434 2317 Dominus,

1864 2336 1919 2384 et
1940 2329 2195 2384 misertus
2215 2339 2300 2385 est
2311 2346 2494 2386 eorum
2513 2352 2530 2383 ι
2559 2342 2614 2388 et
2633 2335 2836 2390 audivit
2859 2337 3158 2392 orationem
3177 2353 3386 2406 eorum,
3409 2359 3434 2398 ι

1866 2419 1916 2473 id
1945 2430 2029 2474 est
2049 2419 2296 2476 liberavit
2323 2436 2438 2486 eos,
2469 2433 2522 2477 et
2551 2423 2677 2492 quia
2731 2425 3149 2493 tribulabantur,
3195 2436 3255 2484 et
3307 2430 3438 2500 quia

1866 2508 2253 2564 clamabantad
2269 2525 2414 2566 eum.
2441 2531 2460 2563 ‹
2486 2512 2551 2566 Εῑ
2575 2529 2781 2569 memor
2809 2513 3254 2574 fuit'l’estamenti
3281 2519 3384 2584 sui,
3411 2537 3439 2570 ι

1866 2599 1919 2654 id
1969 2608 2052 2654 est
2100 2601 2474 2669 promissionis
2525 2601 2679 2658 facta!
2721 2603 2951 2662 Abrahae
2999 2607 3153 2679 (Gen.
3184 2609 3343 2682 nn),
3377 2609 3444 2666 in

1868 2692 2020 2761 cujus
2050 2693 2255 2748 semine
2291 2709 2396 2748 non
2429 2694 2744 2766 impleretur
2773 2700 3059 2767 promissio
3097 2715 3256 2771 quam
3292 2699 3448 2758 Deus

1866 2783 2087 2848 fecerat,
2115 2783 2216 2838 nisi
2239 2799 2332 2840 eos
2346 2794 2606 2842 servaret.
2645 2806 2663 2838 ‹
2684 2787 2752 2844 Et
2773 2789 3025 2857 penituit
3044 2805 3190 2856 eum,
3217 2811 3240 2845 ι
3272 2791 3327 2847 id
3351 2797 3446 2848 est:

1868 2874 2209 2929 immutatum
2258 2873 2462 2930 factum
2511 2884 2596 2930 est
2653 2896 2670 2928 ‹
2700 2879 2993 2934 secundum
3036 2879 3444 2938 multitdinetn

1866 2967 2252 3023 misericordiae
2289 2983 2420 3034 suae,
2456 2984 2560 3024 non
2604 2985 2704 3040 pro
2736 2973 2946 3030 meritis
2971 2989 3183 3042 eorum,
3228 2975 3324 3032 sed
3349 2990 3444 3035 so-

1867 3060 2101 3114 cundum
2125 3060 2547 3116 misericordiam
2575 3076 2750 3126 suam,
2775 3077 2895 3132 quae
2922 3064 3092 3121 multa
3112 3072 3216 3121 est.
3241 3117 3249 3126 .

1941 3168 1960 3201 ‹
1992 3149 2060 3205 Et
2079 3151 2224 3206 dedit
2245 3165 2338 3206 eos
2360 3152 2415 3206 in
2449 3152 2868 3218 misericordias,
2896 3174 2915 3206 ι
2936 3155 3077 3212 sicut
3107 3157 3358 3226 Petrum,
3383 3170 3444 3216 et

1867 3237 2090 3293 Paulum
2100 3280 2114 3304 ,
2131 3248 2186 3294 et
2199 3239 2554 3310 Stephanum,
2567 3250 2621 3296 et
2641 3243 2776 3298 alios
2794 3245 2991 3314 quibus
3004 3258 3226 3318 peccata
3240 3252 3448 3306 condo-

1874 3330 2055 3394 navit;
2084 3339 2137 3384 et
2168 3331 2221 3384 in
2247 3332 2328 3386 eis
2365 3331 2764 3390 multitudinem
2790 3335 3014 3403 iustitiae
3035 3339 3447 3411 multiplicavit:

195 3429 299 3483 fuit
318 3429 384 3482 ad
404 3427 522 3481 illos
534 3442 694 3496 quam
717 3427 1116 3491 consuevisset;
1149 3425 1311 3481 veluti
1327 3427 1544 3495 quidam
1562 3429 1766 3496 dicunt,
1825 3457 1854 3484 ο
1871 3428 1926 3474 el
1947 3419 2051 3473 hoc
2069 3430 2172 3484 est,
2206 3439 2224 3472 ι
2252 3420 2306 3474 in
2331 3431 2621 3492 conspectu
2641 3425 2881 3481 omnium
2893 3427 2985 3498 qui
3007 3441 3263 3500 ceperant
3279 3446 3393 3487 eos.
3417 3453 3445 3486 ι

195 3526 619 3591 prmsutnptuose
645 3517 782 3572 dixit
811 3535 824 3570 :
856 3517 1104 3586 Nunquid
1136 3519 1432 3587 poterimus
1469 3520 1620 3583 vobis
1643 3521 1772 3577 edu-

205 3625 334 3663 cere
372 3609 438 3662 de
480 3615 631 3678 petra
674 3607 905 3676 aquam?
932 3616 1034 3662 etc.
1067 3606 1133 3661 Et
1165 3607 1360 3662 iterum
1401 3608 1544 3664 aliud
1577 3627 1771 3680 pecca-

202 3711 313 3755 tum
341 3710 652 3767 enumerat,
685 3703 906 3758 dicens:
942 3721 961 3754 ι
998 3700 1113 3757 Non
1135 3701 1566 3772 disperdiderunt
1587 3713 1771 3774 gentes

200 3792 522 3860 quas-dixit,
558 3812 576 3845 ι
608 3793 662 3848 id
691 3801 773 3848 est
797 3793 1071 3863 praecepit,
1101 3812 1122 3845 ‹
1157 3793 1416 3847 Dominus
1441 3792 1581 3848 Deus
1610 3792 1712 3848 illis
1745 3813 1764 3847 ι

198 3890 258 3934 ιιι
289 3882 678 3950 disperderent.
710 3881 973 3953 Praecepit
999 3884 1142 3938 enim
1181 3882 1442 3939 Dominus
1472 3893 1529 3937 ut
1565 3883 1772 3954 disper-

197 3973 390 4027 dercnt
430 3972 545 4027 illas
571 3981 759 4044 gentes
785 3974 850 4030 de
881 3985 1025 4030 terra
1071 3975 1349 4039 Chanaan,
1390 3974 1597 4030 scilicet
1644 3990 1769 4044 pro-

198 4063 501 4127 missionis,
535 4079 600 4118 ne
629 4079 816 4121 eorum
851 4064 1288 4119 consuetudinem
1318 4064 1672 4130 addiscerent,
1714 4073 1770 4120 et

197 4168 296 4224 per
327 4153 468 4207 illam
495 4154 560 4208 ad
583 4155 847 4209 culturam
877 4147 1138 4211 idolorum
1167 4163 1531 4210 moverentur.

270 4243 383 4298 Non
401 4243 848 4314 disperdiderunt,
875 4245 967 4300 sed
995 4245 1172 4316 potius
1193 4264 1212 4296 ε
1242 4247 1511 4301 commisti
1542 4255 1666 4302 sunt
1689 4248 1772 4303 in-

198 4345 284 4391 ter
308 4344 492 4406 gentes
518 4355 536 4388 ι
557 4344 713 4390 terra:
737 4335 897 4402 illius,
931 4356 949 4388 ί
972 4346 1026 4392 et
1051 4337 1353 4392 didicerunt
1372 4351 1534 4406 opera
1558 4353 1763 4403 eorum,

196 4440 252 4484 et
278 4429 580 4484 servierunt
616 4429 956 4499 sculptilibus
994 4444 1199 4490 eorum,
1232 4437 1286 4483 et
1310 4427 1512 4483 factum
1537 4439 1621 4484 est
1666 4431 1770 4486 illis

198 4522 253 4578 in
281 4519 614 4584 scandalum,
650 4539 669 4570 ι
699 4521 825 4590 quia
861 4518 1030 4575 Judaei
1061 4519 1399 4575 offenderunt
1428 4519 1619 4574 Deum.
1659 4521 1768 4592 Ag-

196 4620 388 4683 gravat
421 4611 676 4666 malitiam
699 4626 885 4666 eorum
905 4652 920 4678 ,
943 4612 1130 4667 dicens
1157 4628 1172 4666 :
1204 4631 1222 4662 ι
1256 4610 1322 4664 Et
1355 4611 1768 4666 immolaverunt

197 4701 336 4755 ﬁlios
386 4717 512 4756 suos
543 4711 599 4757 et
643 4700 780 4756 ﬁlias
825 4717 950 4756 suas
1002 4701 1300 4756 daemoniis.
1327 4720 1344 4752 ›
1378 4700 1514 4755 Nam
1571 4702 1618 4757 si
1677 4703 1766 4759 isti

197 4800 326 4846 sunt
368 4790 671 4851 ,idololatraa
712 4791 803 4861 qui
835 4791 1016 4846 hircos
1056 4790 1358 4856 immolant,
1389 4790 1559 4846 multo
1593 4793 1766 4864 magis

199 4882 277 4936 illi
309 4883 401 4953 qui
432 4882 588 4938 ﬁlios.
630 4882 741 4938 Nec
785 4883 1196 4939 immolaverunt
1227 4883 1364 4939 ﬁlios
1397 4899 1520 4939 suos
1572 4885 1764 4956 depre-

197 4971 400 5028 hensos
435 4974 488 5028 itt
519 4972 788 5043 peccatis,
821 4974 916 5029 sed
955 4992 973 5024 ε
1007 4971 1308 5029 effuderunt
1335 4975 1652 5046 sanguinem
1681 4976 1764 5032 in-

199 5073 504 5128 nocentem,
558 5066 872 5136 sanguinem
916 5065 1146 5120 ﬁliorum
1186 5081 1403 5120 suorum
1443 5074 1499 5121 et
1535 5067 1765 5123 ﬁliarum

197 5171 440 5220 suarum,
467 5170 600 5224 quas
628 5155 1067 5211 sacriﬁcaverunt
1089 5154 1424 5226 sculptilibus
1436 5155 1714 5212 Chanaan.
1741 5176 1761 5209 ι

276 5266 296 5301 ‹
335 5247 400 5301 Et
431 5266 449 5300 ι
482 5247 605 5302 dum
649 5247 747 5317 ipsi
782 5247 856 5302 ita
903 5247 1269 5304 interﬁcerent
1315 5247 1452 5303 ﬁlios
1484 5263 1637 5313 suos,
1665 5249 1766 5320 ipsi

200 5337 430 5392 interius
465 5335 730 5391 interfecti
775 5345 900 5391 sunt
935 5355 948 5390 :
979 5347 1033 5392 et
1063 5338 1165 5392 hoc
1197 5345 1309 5400 est,
1337 5336 1616 5392 interfecta
1654 5338 1768 5408 (in-

200 5425 374 5499 fecta)
411 5434 501 5481 .cst
553 5433 724 5489 terra,
795 5443 812 5475 ι
858 5425 910 5480 id
954 5434 1036 5481 est
1090 5425 1190 5495 ipsi
1244 5426 1440 5481 terreni
1504 5425 1768 5482 interfecti

201 5525 329 5574 sunt
363 5517 502 5572 inter
528 5531 586 5572 se
617 5534 637 5568 ‹
675 5515 727 5570 in
751 5516 1128 5588 sanguinibtts,
1162 5535 1181 5568 ι
1212 5517 1359 5572 suis:
1387 5535 1406 5568 ‹
1441 5524 1495 5572 et
1523 5517 1575 5572 in
1612 5537 1631 5570 ι
1669 5517 1768 5574 hu-

197 5607 433 5680 jusmodi
466 5626 484 5659 ι
517 5608 768 5679 operibus
793 5623 979 5664 eorum
1008 5615 1090 5664 est
1117 5607 1501 5671 contaminata,
1543 5627 1562 5659 ι
1592 5607 1646 5662 id
1686 5615 1770 5664 est

203 5701 295 5758 alii
324 5699 565 5770 exemplo
593 5715 778 5754 eorum
823 5709 950 5756 sunt
985 5700 1125 5754 male
1166 5699 1390 5769 operati.
1421 5719 1438 5750 ‹
1471 5699 1536 5755 Et
1564 5719 1581 5751 ι
1607 5700 1769 5755 etiam

207 5795 307 5865 ipsi
331 5794 543 5863 utrique
570 5812 588 5843 ‹
629 5790 874 5846 fornicati
925 5799 1048 5846 sunt
1091 5811 1108 5844 ι
1150 5806 1178 5844 a
1205 5790 1330 5854 Deo,
1371 5798 1424 5844 et
1445 5789 1768 5845 adhaerendo

206 5882 431 5939 daemoni
457 5881 718 5942 adultero.
740 5891 796 5938 et
821 5882 919 5938 hoc
945 5901 962 5934 ι
995 5882 1049 5936 in
1095 5880 1562 5937 adinventionihus
1604 5881 1716 5936 suis
1744 5900 1763 5934 ι

1796 4658 1846 4718 D

1873 3509 2004 3576 Quae
2041 3511 2184 3565 enim
2212 3519 2399 3582 gentes
2426 3513 2579 3582 prius
2607 3514 2912 3570 habuerunt
2935 3517 3149 3577 Iudaeos
3176 3523 3447 3592 captivos,

1872 3596 2034 3652 modo
2083 3614 2376 3663 conversae,
2410 3612 2730 3672 receperunt
2774 3620 2868 3660 eos
2893 3609 3203 3679 magistros,
3251 3621 3310 3666 ut
3335 3610 3440 3667 Pes

1873 3696 2016 3742 trum
2038 3697 2094 3742 et
2117 3688 2272 3743 alios.
2306 3690 2420 3756 Vel,
2454 3709 2472 3742 ‹
2510 3691 2566 3745 in
2609 3704 2899 3763 conspectu
2943 3699 3185 3754 omnium
3233 3702 3328 3771 qui
3350 3717 3441 3760 ce-

1869 3786 2065 3848 perunt
2081 3793 2196 3844 eos,
2220 3799 2239 3831 »
2273 3780 2328 3834 in
2350 3791 2640 3852 conspectu
2662 3782 2962 3843 daemonum
2981 3827 2996 3855 ,
3024 3802 3145 3858 quae
3167 3791 3319 3860 prius
3351 3806 3442 3849 ca-

1869 3869 2049 3939 ptivos
2072 3871 2327 3926 tenebant
2354 3886 2470 3928 eos.
2906 3882 2909 3884 '

1947 3981 1965 4012 ς
2011 3961 2200 4018 Salvos
2228 3962 2332 4018 fac.
2373 3983 2392 4015 ι
2416 3963 2547 4020 Pars
2588 3975 2761 4022 sexta.
2791 3967 3158 4028 Continuatio.
3186 3972 3448 4042 Quand)-

1870 4055 2114 4122 quidem,
2169 4071 2203 4111 o
2237 4055 2480 4123 Domine,
2529 4066 2606 4112 tot
2652 4059 2914 4115 beneﬁcia
2960 4060 3138 4118 fecisti
3196 4065 3452 4135 patribus

1872 4147 2091 4212 nostris,
2118 4161 2245 4218 ergo
2276 4147 2361 4203 fac
2387 4149 2574 4204 eadem
2595 4159 2651 4205 et
2671 4151 2858 4218 nobis;
2882 4162 2938 4208 et
2960 4153 3064 4210 hoc
3079 4163 3182 4222 est,
3210 4173 3230 4208 ι
3265 4156 3452 4214 salvos

1869 4239 1953 4294 fac
1979 4255 2096 4304 nos,
2137 4240 2358 4295 Domine
2395 4241 2535 4296 Deus
2572 4250 2774 4309 noster,
2812 4253 2868 4299 et
2893 4260 3162 4318 congrege
3181 4263 3302 4314 nos,
3333 4267 3351 4300 ι
3384 4249 3445 4305 id

1869 4339 1951 4386 est
1978 4330 2063 4385 fac
2086 4346 2183 4386 nos
2221 4333 2507 4388 convenire
2535 4334 2588 4388 in
2619 4336 2835 4390 nomine
2864 4335 2990 4391 ﬁdei
3019 4355 3032 4391 :
3061 4357 3080 4390 ι
3115 4355 3384 4412 congrega
3411 4361 3433 4394 ι

1871 4425 1990 4479 dico
2021 4444 2037 4475 ι
2075 4425 2139 4480 de
2161 4425 2489 4490 nationibus,
2510 4423 2528 4476 ἰ
2549 4427 2697 4481 idest
2720 4427 2787 4482 de
2799 4427 3028 4484 diversis
3041 4432 3309 4500 gentibus,
3331 4433 3441 4500 vel,

1873 4513 2166 4569 auferendo
2190 4515 2256 4570 de
2290 4514 2620 4582 nationibus,
2643 4515 2850 4572 scilicet
2875 4516 2943 4572 de
2989 4518 3287 4578 imitatione
3309 4537 3445 4593 gen-

1874 4608 2028 4661 tium.

1943 4699 2026 4752 Ad
2043 4698 2148 4755 hoc
2182 4714 2448 4771 congrega
2476 4719 2494 4751 ‹
2522 4707 2582 4753 ut
2628 4700 2982 4758 conﬁteamur
3016 4705 3221 4760 nomini
3249 4715 3447 4762 sancto

1877 4796 1987 4852 tuo,
2011 4796 2065 4842 et
2099 4787 2392 4858 gloriemur
2423 4789 2476 4843 in
2519 4788 2674 4846 laude
2719 4799 2833 4856 tua,
2880 4812 2898 4842 ι
2930 4802 2990 4848 ut
3016 4793 3234 4864 gloriosi
3273 4811 3447 4866 appa‘

1872 4891 2086 4932 reamus
2105 4879 2171 4932 de
2195 4879 2297 4932 hoc
2321 4878 2461 4947 quod
2483 4879 2846 4946 telaudamus,
2862 4891 2918 4938 et
2938 4892 3144 4941 tantum
3163 4885 3302 4942 valet
3323 4870 3446 4943 iure

1870 4969 2076 5040 optatio
2106 4977 2367 5038 quantum
2387 4971 2744 5027 enumeratio.

1943 5059 2008 5114 Et
2048 5059 2172 5113 inde
2211 5058 2366 5125 dicit,
2405 5059 2530 5128 quia
2576 5075 2677 5116 nos
2714 5059 2813 5129 ita,
2851 5063 3014 5130 Deus,
3059 5067 3438 5136 congregabis,

1875 5168 1894 5201 ε
1928 5149 2241 5206 benedictus
2276 5167 2295 5200 ι
2331 5149 2402 5203 sit
2459 5169 2478 5202 ι
2506 5149 2765 5208 Dominus
2812 5152 2953 5208 Deus
2997 5152 3180 5220 Israel,
3220 5174 3242 5209 ι
3270 5155 3323 5210 id
3349 5167 3440 5214 est

1868 5237 2238 5312 benedictione
2284 5238 2572 5309 incipiente
2613 5261 2631 5293 ι
2659 5243 2729 5297 ab
2763 5261 2782 5292 ι
2839 5242 2942 5296 hoc
2997 5259 3016 5294 ι
3055 5244 3284 5309 saeculo,
3324 5255 3428 5322 et.

1867 5329 2195 5401 perdurante
2227 5348 2246 5380 ι
2277 5329 2330 5383 in
2359 5348 2378 5383 ι
2423 5330 2566 5386 aliud
2595 5351 2614 5382 ι
2655 5330 2940 5398 saeculum;
2982 5342 3037 5388 et
3059 5333 3284 5403 populus
3315 5350 3439 5390 om-

1869 5422 1975 5487 nis,
2001 5421 2211 5477 scilicet
2237 5422 2469 5492 gentilis,
2489 5423 2616 5492 quia
2640 5422 2816 5478 adhuc
2831 5431 2915 5479 est
2933 5424 3188 5491 carnalis,
3215 5445 3234 5478 ι
3264 5425 3439 5498 dicet,

1871 5513 2012 5580 Fiat,
2042 5512 2154 5582 ﬁat,
2185 5532 2204 5567 ι
2240 5514 2294 5568 id
2329 5522 2433 5581 est,
2463 5513 2776 5571 benedictus
2801 5514 2874 5571 sit
2897 5516 3058 5572 Deus.

2296 5650 2372 5708 1N
2419 5647 2818 5707 PSALMUM
2861 5648 3012 5706 CVI.

2387 5763 2647 5819 TlTULlJS.
2679 5762 2939 5828 Alleluia,

1955 5897 1972 5932 ‹
2007 5875 2368 5936 Conﬁtemini.
2409 5873 2492 5929 lll.
2527 5893 2546 5926 ι
2602 5873 2664 5935 Si
2706 5876 2970 5938 habeatur
3015 5883 3157 5939 aliud
3207 5882 3446 5956 alleluia,
