3898 6476
466 368 569 423 563

930 371 1282 431 HAYMOMS
1320 374 1794 434 HALBERSTAT.
1836 379 2048 469 EPISC.

2092 383 2240 441 OPP.
2278 387 2456 446 PARS
2494 390 2534 446 Ι.
2571 421 2641 434 -
2673 393 3028 454 COMMENT.
3069 399 3238 456 BlBL.
3625 405 3734 462 564

463 482 815 550 praecedentis
848 485 1038 554 psalmi
1070 496 1171 553 est,
1216 489 1510 545 secundum
1542 490 1943 562 Hieronymum.
1975 495 2031 548 In
2058 500 2109 558 A
2139 497 2257 554 dico
2291 503 2433 571 quod
2472 518 2566 560 eos
2609 508 2864 584 redemit,
2909 513 3034 580 quia
3077 513 3179 584 ipsi
3237 531 3257 564 ι
3287 525 3726 583 erraverunt,"

462 574 638 640 primo
672 593 691 627 ι
720 574 1059 634 Conﬁtemini
1091 599 1110 632 ι
1135 582 1368 636 ostendit
1389 583 1647 639 beneﬁcia
1678 583 1820 640 facta
1845 585 2030 644 electis

460 665 625 723 Israel
661 688 674 722 :
705 670 759 727 in
781 674 1018 727 secundo
1047 674 1446 730 misericordias
1480 691 1614 746 quas
1642 676 1772 733 fecit
1800 692 2030 747 peccan-

459 758 636 816 tibus:
668 761 841 817 i’n‘hoc
863 771 1053 826 autem
1066 767 1572 824 ostenditbeneﬁcia
1600 785 1720 839 quae
1747 769 2028 826 fecitDeus

460 851 754 906 universali
785 854 1060 921 Ecclesiae,
1114 856 1180 911 de
1215 855 1414 913 Judaeis
1459 868 1619 929 atque
1665 861 1912 931 gentibus
1961 861 2029 918 de

2133 588 2462 649 daemonibus
2485 602 2540 650 et
2567 611 2674 652 non
2700 599 2809 654 Deo
2822 601 3137 658 obedientes
3165 621 3179 671 ;
3209 623 3227 656 ι
3265 605 3320 660 in
3339 606 3674 674 solitudine,
3704 627 3723 663 ι

2131 682 2184 736 id
2219 693 2304 738 est
2331 684 2428 740 soli
2469 701 2501 740 a
2537 686 2681 755 Deo,
2716 691 2921 747 scilicet
2951 704 3233 752 manentes
3267 699 3321 751 in
3352 697 3723 769 inﬁdelitate;

2134 789 2154 822 ι
2198 783 2254 828 et
2284 794 2302 826 ›
2349 777 2514 832 etiam
2553 796 2572 830 ‹
2610 781 2664 834 in
2703 782 2996 853 inaquoso,
3033 805 3050 837 ι
3084 787 3138 842 id
3164 797 3248 844 est
3279 790 3331 844 in
3365 791 3634 848 siccitate
3673 803 3723 850 et

2127 863 2379 921 ariditate
2425 868 2618 923 divinae
2673 871 2963 941 doctrinae,
3017 876 3222 933 sciiicet
3271 895 3381 935 non
3435 881 3721 938 habebant

457 953 693 1011 quatuor
718 947 958 1014 partibus
982 947 1164 1003 mundi
1190 958 1626 1021 congregatae;et
1652 953 1774 1034 quia
1789 952 2025 1023 psalmus
2124 954 2229 1022 qui
2268 971 2362 1011 eos
2412 958 2779 1026 perfunderet,
2825 971 2880 1032 et
2929 965 3200 1036 irrigaret,
3241 977 3294 1023 et
3347 968 3719 1030 fructiﬁcaret

454 1033 557 1087 iste
580 1035 861 1090 laudabilia
886 1038 980 1092 Dei
1008 1038 1269 1095 beneﬁcia
1303 1044 1562 1109 continet,
1581 1045 1699 1100 ideo
1723 1030 2024 1100 intitulatur
2123 1058 2248 1099 rore
2276 1046 2512 1104 caelestis
2552 1050 2811 1107 doctrina:
2839 1072 2852 1108 :
2882 1064 2936 1110 et
2983 1057 3107 1128 quia
3139 1068 3292 1114 erant
3324 1063 3381 1115 in
3411 1061 3712 1120 solitudine

458 1121 739 1177 «Alleluia.
763 1125 1010 1182 iMateria
1027 1139 1150 1182 sunt
1178 1130 1785 1199 ipsabeneﬁcia.Modus
1811 1134 1897 1188 :ln
1912 1136 2023 1204 pri—
2122 1141 2176 1189 et
2199 1135 2314 1191 sine
2347 1138 2612 1207 doctrina,
2647 1143 2768 1198 ideo
2800 1161 2821 1196 ι
2857 1144 2964 1202 non
3006 1148 3329 1206 invenerunt
3367 1153 3526 1207 viam
3578 1155 3708 1209 civi-

451 1225 537 1266 ma
559 1217 712 1281 parte
739 1217 849 1287 agit
873 1219 937 1272 de
967 1220 1297 1290 ignorantia;
1324 1226 1557 1280 ostendit
1586 1229 1851 1295 quomodo
1881 1229 2019 1285 Deus
2123 1225 2249 1279 tatis
2271 1244 2290 1276 ι
2320 1241 2418 1296 per
2439 1244 2599 1298 quam
2622 1243 2841 1300 possent
2869 1237 3126 1294 accedere
3152 1241 3218 1294 ad
3243 1240 3538 1298 civitatem
3567 1263 3582 1297 :
3607 1261 3704 1300 non

447 1313 689 1358 errantes
722 1305 775 1358 in
811 1307 1128 1364 inﬁdelitate
1156 1313 1362 1381 peccati
1395 1324 1449 1367 et
1477 1315 1775 1383 ignorantia
1818 1319 2016 1385 perdu-
2119 1312 2241 1369 dico
2278 1317 2708 1390 qualemcunque
2753 1325 3047 1392 civitatem,
3101 1331 3195 1384 sed
3233 1332 3565 1400 habitaculi,
3607 1355 3625 1387 ι
3655 1338 3702 1392 id

447 1399 536 1445 cat
563 1392 615 1445 in
632 1393 930 1450 Ecclesiam
959 1415 1110 1453 suam
1145 1418 1155 1452 :
1181 1415 1248 1455 ex
1275 1402 1619 1458 similitudine
1643 1405 1804 1471 illius,
1829 1406 2018 1475 quier—
2118 1415 2201 1462 est
2223 1408 2277 1463 in
2299 1425 2404 1480 qua
2430 1412 2780 1471 habitandum
2810 1428 2894 1474 est
2914 1419 3182 1490 ﬁdelibus,
3216 1424 3268 1479 id
3298 1434 3386 1481 est
3418 1427 3693 1483 Ecclesiae.

446 1486 629 1536 rantes
651 1485 701 1536 in
731 1485 1018 1542 solitudine
1047 1490 1114 1543 ad
1144 1491 1412 1546 civitatem
1435 1494 1665 1550 reduxit.
1694 1497 1751 1551 In
1782 1499 2013 1553 secunda

444 1579 616 1637 parte,
643 1587 761 1640 quae
787 1573 1009 1643 incipit:
1041 1596 1058 1627 ι
1081 1577 1450 1635 Conﬁteantur
1471 1581 1717 1651 Domino,
1741 1605 1759 1637 ›
1780 1575 2014 1640 θείεηάἰέ

449 1661 716 1725 quomodo
747 1661 886 1718 Deus
919 1666 1250 1723 introductos
1277 1671 1329 1723 in
1365 1671 1604 1727 Ecclesia
1643 1676 1800 1730 satiet
1830 1677 2012 1733 divino

444 1749 628 1812 verbo,
687 1760 742 1806 et
774 1754 984 1809 vincula
1025 1769 1366 1827 peccatorum
1413 1763 1651 1832 ipsorum
1689 1767 2005 1838 disrumpat,

442 1839 638 1896 sicutsi
661 1843 853 1914 aliquis
874 1848 1117 1905 homines
1137 1852 1473 1910 introductos
1497 1856 1551 1911 in
1574 1858 1847 1914 civitatem
1872 1862 2012 1917 bene
2040 1853 2087 1914 B

441 1943 686 1999 pasceret
715 1946 770 1991 et
795 1938 1064 1996 reﬁceret.
1110 1945 1167 1998 ln
1211 1947 1368 2001 tertia
1406 1960 1576 2016 parte,
1611 1967 1729 2021 quae
1757 1953 1944 2022 incipit
1977 1970 2009 2010 a

439 2026 674 2080 secundo
707 2046 725 2077 ‹
762 2027 1149 2096 Conﬁteantur,
1181 2056 1200 2087 ι
1252 2036 1487 2093 ostendit
1514 2042 1782 2110 quomodo
1829 2045 2008 2099 satiati

438 2128 536 2184 per
563 2117 786 2170 verbum
813 2119 1048 2175 divinum
1079 2123 1359 2182 fastidiant
1388 2130 1568 2200 aliqui,
1608 2133 1750 2201 quod
1791 2135 2006 2203 quidem

437 2207 664 2261 mortale
714 2217 797 2262 est
833 2210 910 2265 eis
958 2213 1082 2282 quia
1130 2211 1234 2270 non
1276 2231 1496 2287 possunt
1540 2221 1716 2276 cibum
1767 2238 2004 2292 sumere,

436 2293 537 2346 nisi
581 2295 720 2350 Deus
747 2298 993 2354 reﬁceret
1021 2317 1128 2365 eos,
1159 2314 1215 2357 ut
1235 2306 1347 2375 jam
1393 2309 1634 2365 divinum
1664 2314 1886 2368 verbum
1912 2329 2012 2370 eos

438 2399 710 2442 resumere
756 2377 1000 2446 delectet.
1055 2394 1112 2448 In
1142 2407 1334 2465 quarta
1385 2410 1559 2471 parte,
1592 2419 1710 2473 quae
1760 2405 2004 2476 incipita

440 2475 598 2529 tertio
631 2495 650 2526 ‹
686 2476 1074 2548 Conﬁteantnr,
1113 2504 1131 2535 ι
1180 2488 1414 2542 ostendit
1461 2493 1726 2559 quomodo
1749 2475 1888 2548 Deus
1914 2509 2002 2548 re--

431 2574 612 2622 ctorcs-
625 2568 876 2625 Ecclesia:
903 2573 1268 2641 periclitantes
1297 2579 1480 2634 multis
1515 2583 1925 2650 tempestatibus
1949 2591 2003 2639 et

430 2658 684 2723 procellis
739 2658 895 2728 hujus
937 2665 1151 2730 saeculi,
1192 2667 1342 2722 sicut
1367 2678 1606 2725 rectores
1652 2673 1868 2726 navium
1903 2671 2006 2727 llu-'

426 2747 603 2804 ctibus
627 2752 822 2817 maris,
852 2755 1141 2823 procellam
1180 2770 1449 2829 amoveat,
1481 2778 1665 2818 auram
1719 2766 1995 2834 immittat,

426 2846 482 2891 et
515 2840 726 2895 tandem
777 2843 835 2896 in
858 2855 1072 2914 portum
1109 2850 1400 2909 voluntatis
1439 2856 1684 2911 deducat.
1717 2857 1774 2912 In
1804 2860 2004 2930 quinta

427 2936 600 2995 parte,
627 2946 746 2999 qua:
767 2933 954 3004 incipit
981 2939 1048 2992 ah
1076 2940 1264 2997 ultimo
1295 2964 1311 2993 ‹
1342 2943 1734 3013 Conﬁteantur,
1769 2968 1788 3000 ι
1815 2957 1996 3005 osten-

427 3016 504 3070 dit
539 3016 684 3084 justo
723 3023 818 3076 Dei
875 3023 1074 3092 judicio
1124 3029 1336 3086 Iudaeos
1387 3049 1506 3090 esse
1550 3047 1845 3094 excmcatos
1877 3080 1892 3105 ,
1941 3047 1995 3095 et

399 3162 408 3170 ,
425 3108 808 3177 plenitudinem
824 3118 1060 3185 gentium
1074 3122 1422 3190 subintrasse,
1440 3134 1490 3181 et
1504 3143 1597 3183 eos
1608 3130 1871 3186 maximos
1888 3131 1992 3185 fru-

2154 1551 2164 1564 .
2186 1518 2316 1575 Dico
2340 1537 2446 1577 non
2466 1524 2785 1583 invenerunt
2811 1529 2958 1585 illam
2979 1534 3143 1601 viam,
3161 1535 3286 1592 licet
3311 1548 3504 1594 essent
3535 1557 3556 1590 ι
3586 1556 3698 1594 esu-

2115 1608 2316 1666 rientes
2358 1622 2412 1667 et
2458 1615 2703 1674 sitientes
2730 1639 2748 1672 ›
2781 1621 2922 1677 viam
2957 1640 3062 1694 qua
3119 1637 3341 1697 possent
3395 1631 3590 1685 venire
3635 1629 3693 1684 ad

2114 1713 2295 1755 veram
2354 1704 2784 1765 beatitudinem:
2841 1714 2982 1790 sicut
3045 1720 3304 1773 mundani
3358 1721 3684 1790 philosophi,

2115 1791 2207 1858 qui
2240 1793 2468 1850 diversis
2518 1799 2818 1857 rationibus
2851 1785 3101 1862 .sollicite
3169 1785 3527 1880 inquirebant
3569 1811 3687 1881 quid

2117 1892 2259 1936 esset
2314 1901 2580 1943 summum
2619 1892 2838 1962 bonum,
2878 1907 2932 1951 et
2972 1915 3076 1968 qua
3102 1901 3189 1955 via
3237 1913 3469 1972 possent
3511 1906 3689 1958 venire

2114 1973 2180 2027 ad
2213 1990 2396 2030 veram
2426 1970 2829 2039 beatitudinem.
2864 1987 2980 2054 Vel,
3012 2007 3030 2039 ι
3067 1970 3370 2049 esurientes
3406 2006 3465 2050 et
3505 1998 3684 2054 sitien-

2109 2241 2225 2295 via:
2267 2245 2390 2312 quia
2446 2248 2666 2315 quidam
2719 2267 2815 2321 per
2860 2259 3178 2326 potentiam,
3208 2264 3434 2332 quidam
3469 2282 3574 2336 per
3618 2271 3681 2325 di-

2107 2333 2368 2400 gnitatem
2391 2376 2405 2401 ,
2438 2339 2655 2406 quidam
2687 2357 2784 2410 per
2822 2345 3062 2411 divitias,
3097 2351 3217 2405 aliis
3248 2333 3490 2425 quoque
3522 2360 3681 2415 diver-

2108 2423 2184 2476 sis
2213 2427 2431 2480 modis':
2471 2440 2523 2482 et
2551 2429 2679 2486 licet
2698 2433 2968 2491 esurirent
2991 2447 3044 2493 et
3066 2441 3296 2498 sollicite
3324 2423 3677 2516 inquirerent,

2106 2521 2286 2570 tamen
2332 2538 2349 2568 ‹
2378 2521 2580 2586 anima,
2616 2543 2634 2574 ι
2667 2523 2720 2579 id
2757 2534 2838 2580 est
2868 2530 3154 2599 sapientia,
3182 2553 3202 2584 ι
3232 2551 3427 2592 eorum
3490 2541 3547 2594 in
3572 2544 3677 2611 ipsis

2105 2607 2300 2662 defecit
2329 2630 2346 2660 ι
2380 2612 2504 2680 quia
2561 2614 2686 2681 sibi,
2725 2626 2779 2672 et
2809 2635 2913 2673 non
2961 2622 3089 2688 Deo,
3144 2628 3484 2696 sapientiam
3545 2607 3676 2688 attri-

2100 2695 2355 2764 buebant,
2382 2710 2438 2754 et
2462 2702 2582 2758 ideo
2619 2719 2808 2761 eorum
2836 2710 3100 2780 sapientia
3136 2695 3348 2772 nullum
3382 2721 3674 2790 profectum

2101 2788 2304 2853 habuit,
2348 2793 2440 2848 sed
2487 2810 2712 2864 prorsus
2748 2801 2955 2859 inutilis
3003 2806 3254 2878 inventa,
3311 2812 3553 2884 defecit;
3597 2822 3672 2889 qui

2098 2873 2226 2935 véro
2246 2898 2344 2952 per
2375 2888 2643 2954 potentias
2678 2900 2732 2945 et
2768 2892 2870 2948 alia
2910 2896 3217 2968 hujusmodi
3242 2873 3566 2975 inquirunt,
3591 2873 3669 2966 (le-

2097 2965 2286 3026 ﬁeiunt
2313 3015 2327 3040 ,
2361 2977 2487 3046 quia
2519 2988 2664 3034 recta
2690 2982 2775 3037 via
2806 3000 2912 3039 non
2942 2988 3217 3048 incedunt.

2171 3103 2188 3136 ‹
2219 3084 2286 3139 Et
2320 3106 2337 3136 ι
2357 3089 2495 3174 quia
2516 3091 2596 3146 sic
2625 3091 2958 3165 defecerunt,
2990 3100 3093 3158 hac
3118 3108 3452 3166 necessitate
3477 3117 3666 3180 coacti,

423 3205 543 3251 ctus
559 3198 783 3256 Domino
803 3177 1116 3264 reddidisse.
1141 3209 1368 3270 Intentio
1394 3177 1476 3271 est
1498 3227 1557 3272 ut
1576 3227 1852 3275 cantemus
1866 3220 1993 3277 alle-
2017 3203 2064 3266 (ἶ
2158 3177 2529 3279 θιθωίδνωίυηῑ
2556 3186 2628 3279 δάν
2666 3187 2972 3259 Dom'num’
3011 3214 3030 3247 ’
3067 3197 3264 3255 (ω’ωὲ
3303 3205 3524 3272 qmdem
3547 3223 3663 3278 8’3'

423 3287 554 3354 luia,
579 3291 631 3346 id
655 3303 758 3358 est,
785 3304 842 3350 ut
863 3297 1029 3352 Deam
1055 3300 1352 3360 laudemus.

2097 3272 2183 3324 tice
2213 3272 2538 3340 aspiratione
2566 3278 2858 3348 admoniti;
2893 3302 2910 3333 ι
2954 3293 3009 3340 et
3043 3306 3062 3338 ι
3093 3289 3206 3357 ipse
3247 3309 3266 3342 ι
3300 3297 3497 3364 eripuit
3518 3272 3603 3352 eos
3635 3318 3654 3350 ι

490 3381 606 3436 Vox
654 3385 927 3454 propheta,
973 3391 1051 3444 sic
1093 3359 1430 3453 admoneam
1461 3419 1472 3453 ζ
1500 3400 1771 3459 “tendite
1817 3405 1982 3462 bene_
2023 3425 2050 3452 .
2089 3359 2251 3462 quasi
2273 3365 2503 3462 quadam
2536 3367 2789 3462 violentia
2832 3372 2898 3428 de
2937 3380 3360 3438 necessitatibus
3394 3400 3579 3452 eorum,
3621 3405 3640 3438 ι

420 3468 562 3535 ﬁcia,
585 3487 704 3540 quae
729 3472 1131 3536 facitDominus
1156 3481 1432 3553 Ecclesiae,
1461 3497 1514 3543 et
1534 3498 1763 3560 utroque
1787 3509 1983 3563 genere

418 3564 772 3623 confessionis
796 3588 816 3622 ι
845 3572 1174 3630 Conﬁtemini
1203 3577 1449 3648 Domino,
1486 3603 1505 3634 ι
1534 3595 1856 3643 accusantes
1887 3603 1981 3645 vos

415 3655 483 3711 de
519 3661 756 3727 peccatis
801 3666 1015 3732 vestris,
1060 3677 1114 3723 et
1140 3669 1419 3730 laudantes
1446 3677 1613 3732 Deum
1670 3695 1768 3750 pro
1797 3682 1979 3736 multi-

416 3748 598 3806 tudine
647 3753 1030 3813 beneﬁciorum
1077 3777 1296 3819 suorum
1331 3783 1345 3821 :
1385 3776 1439 3822 et
1481 3748 1687 3846 debetis
1733 3775 1977 3830 conﬁteri

419 3857 440 3892 ε
470 3844 719 3910 quoniam
747 3865 766 3898 ›
814 3847 928 3917 ipse
961 3859 1044 3906 cst
1096 3871 1114 3905 ι
1149 3854 1343 3922 bonus,
1375 3877 1394 3910 ι
1431 3858 1485 3913 id
1533 3844 1617 3916 est
1644 3863 1974 3932 misericors,

411 3944 466 3989 et
494 3937 760 3993 condonet
805 3953 1023 4008 peccata
1059 3946 1438 4006 conﬁtentibus
1471 3969 1484 4005 :
1512 3961 1566 4007 et
1603 3954 1705 4009 hoc
1733 3955 1892 4012 facite
1919 3959 1973 4014 in

411 4030 681 4095 praesenti,
715 4028 842 4106 dpm
858 4039 1067 4102 tempus
1091 4045 1173 4090 est
1194 4039 1503 4108 miserendi,
1533 4061 1552 4094 c
1588 4047 1840 4114 quoniam
1867 4051 1974 4105 mi-

410 4121 705 4174 sericordia
741 4119 856 4188 ejus
893 4143 911 4175 ι
956 4134 1040 4180 est
1064 4144 1082 4177 ι
1109 4129 1162 4181 ἱη
1206 4132 1478 4200 saeculum,
1517 4145 1535 4184 ι
1573 4136 1624 4190 id
1663 4145 1745 4192 est
1776 4139 1830 4193 in
1872 4142 1973 4198 hac

409 4209 516 4262 vita
542 4217 626 4265 est
657 4210 807 4267 locus
843 4211 1243 4286 misericordia),
1282 4231 1403 4292 post
1434 4223 1571 4282 hanc
1610 4238 1780 4286 restat
1814 4231 1970 4301 judi-

402 4301 566 4356 cium.

475 4389 588 4461 Ego
614 4408 806 4450 moneo
846 4413 943 4456 vos
993 4401 1239 4461 conﬁteri
1277 4409 1456 4466 ethoc
1482 4411 1621 4468 idem
1666 4419 1809 4486 quod
1848 4420 1966 4476 dico

405 4499 524 4554 ego,
579 4505 596 4537 ι
629 4488 812 4544 dicant
845 4511 864 4542 ι
906 4509 1090 4551 omnes
1140 4497 1228 4558 alii
1281 4518 1300 4551 ‹
1334 4501 1423 4570 qui
1475 4503 1736 4575 redempti
1782 4519 1906 4564 sunt
1933 4528 1961 4566 a

400 4575 646 4646 Domino,
692 4601 709 4633 ι
749 4583 976 4650 scilicet,
1026 4587 1378 4648 exhortentur
1422 4595 1557 4652 alios
1610 4600 1857 4656 conﬁteri
1908 4613 1963 4659 et

403 4667 566 4722 Deum
593 4670 830 4728 laudare.
865 4675 929 4728 Et
958 4679 1092 4734 bene
1141 4681 1348 4738 debetis
1377 4685 1481 4740 hoc
1512 4687 1711 4756 dicere,
1743 4691 1867 4760 quia
1907 4695 1959 4749 hi

407 4767 532 4812 sunt
563 4777 582 4808 ι
614 4776 748 4830 quos
777 4765 1002 4821 redemit
1034 4787 1052 4818 ι
1099 4770 1354 4828 Dominus
1403 4777 1656 4844 practioso
1703 4784 1964 4851 sanguine

401 4849 522 4906 Filii
550 4854 630 4907 sui
664 4872 683 4906 ‹
735 4855 800 4910 de
837 4872 997 4912 manu
1045 4861 1266 4930 inimici,
1309 4885 1326 4918 ι
1363 4865 1414 4921 id
1463 4877 1545 4924 est
1599 4871 1663 4924 de
1704 4849 1964 4943 petesmte

392 4941 587 4996 diaboli
618 4959 755 5019 :nec
793 4949 948 5015 pauci
985 4949 1275 5021 redempti,
1313 4957 1406 5013 sed
1457 4975 1476 5009 ‹
1504 4973 1597 5014 eos
1651 4941 1956 5036 congrega-

391 5030 472 5085 vit
495 5052 524 5082 ἰ
567 5034 825 5093 Dominus
881 5037 936 5092 i'n
994 5039 1192 5096 unio'ne
1244 5043 1367 5100 ﬁdei
1425 5066 1444 5100 ι
1481 5050 1545 5104 de
1587 5053 1897 5123 regionibus
1933 5077 1950 5109 ι

391 5121 638 5179 diversis.

459 5213 602 5269 Bene
621 5215 759 5284 dico,
783 5238 801 5269 ‹
825 5218 890 5274 de
912 5221 1240 5291 regionibds,
1264 5244 1281 5277 ›
1302 5229 1426 5297 quia
1448 5238 1757 5306 congregati
1781 5249 1903 5295 sunt
1920 5257 1949 5294 a

392 5322 412 5357 ι
437 5305 568 5360 solis
591 5315 734 5372 ortu,
762 5328 780 5362 ι
810 5309 862 5364 id
884 5319 966 5367 est
989 5313 1056 5368 ab
1082 5315 1328 5372 orientali
1347 5322 1583 5391 regione,
1607 5341 1625 5376 ‹
1654 5305 1709 5380 et
1732 5343 1944 5399 occasu,

383 5393 454 5450 ab
484 5397 751 5466 aquilone,
787 5418 807 5450 ι
845 5401 900 5455 id
928 5407 1009 5457 est
1038 5420 1066 5457 a
1089 5409 1472 5477 septentrione,
1507 5432 1524 5464 α
1552 5424 1606 5469 et
1648 5419 1807 5485 mari,
1841 5440 1858 5472 ›
1891 5393 1944 5476 id

383 5494 465 5539 est
489 5502 516 5539 a
540 5491 846 5546 merediana
873 5485 1062 5566 ‘plhga.
1096 5497 1201 5553 Per
1245 5516 1417 5568 mare,
1459 5507 1600 5574 quod
1647 5519 1727 5564 est
1758 5511 1811 5564 in
1839 5514 1944 5569 cir-

383 5576 525 5630 cuitu
551 5581 811 5637 universae
851 5593 1028 5653 tcrrm,
1052 5591 1348 5658 quamlibet
1376 5597 1561 5652 mundi
1587 5610 1796 5668 partem
1820 5618 1944 5672 pne-

382 5679 567 5722 sumus
589 5670 890 5743 designare.

449 5762 691 5818 ()stcndit
732 5765 872 5822 unde
909 5781 1001 5824 cos
1032 5772 1290 5844 redemit;
1323 5779 1478 5850 quasi
1516 5781 1758 5842 diceret:
1793 5788 1936 5847 Bene

2088 3447 2141 3502 id
2176 3460 2279 3516 est,
2309 3453 2374 3509 de
2403 3456 2704 3526 ignorantia
2729 3470 2785 3517 et
2812 3479 2998 3521 errore
3025 3469 3362 3540 solitudinis,
3390 3485 3442 3532 et
3464 3479 3654 3535 damus

2085 3539 2140 3593 in
2188 3541 2505 3612 Ecclesiam,
2549 3551 2868 3620 sapientiam
2917 3573 3100 3613 veram
3149 3563 3484 3622 ministravit
3523 3570 3607 3624 eis
3645 3588 3660 3625 :

2091 3649 2109 3681 ‹
2146 3633 2343 3703 eripuit
2370 3656 2390 3689 ι
2427 3639 2545 3694 dico
2587 3662 2605 3692 ι
2640 3659 2762 3698 cum
2800 3648 3221 3722 tribularentur,
3274 3677 3293 3711 ι
3333 3660 3390 3714 id
3425 3671 3510 3716 est
3543 3678 3668 3718 cum

2081 3726 2320 3781 maxime
2341 3733 2781 3802 angustiarentur
2804 3739 3113 3810 ignorantia
3141 3755 3196 3803 et
3219 3748 3334 3805 aliis
3360 3756 3666 3809 necessitao

2083 3814 2226 3873 tibus
2260 3823 2488 3890 peccati.

2089 3974 2091 3977 .
2154 3945 2173 3977 α
2207 3927 2418 4000 Eripuit
2458 3952 2477 3985 ι
2506 3935 2648 4002 dico,
2701 3956 2720 3990 ι
2752 3947 2806 3994 et
2853 3961 2874 3994 ι
2919 3944 3112 4002 deinde
3145 3966 3166 4000 ι
3212 3948 3420 4005 deduxit
3445 3966 3545 4007 eos
3593 3953 3663 4010 in

2078 4016 2220 4071 viam
2253 4031 2481 4090 rectam,
2532 4044 2550 4077 ι
2604 4027 2657 4082 id
2689 4039 2792 4097 est,
2836 4037 3204 4105 cognitionem
3241 4040 3439 4097 Christi
3477 4053 3537 4098 et
3574 4060 3667 4101 ca-

2075 4110 2290 4166 tholica:
2318 4113 2442 4170 ﬁdei
2479 4118 2761 4190 inspiravit
2795 4126 2875 4181 eis
2901 4131 3012 4184 :‘ad
3041 4131 3143 4188 hoc
3185 4150 3206 4186 σ
3239 4145 3299 4189 ιιι
3329 4135 3472 4192 irent
3501 4160 3524 4191 ι
3569 4155 3669 4210 per

2073 4200 2270 4258 bonam
2301 4210 2667 4276 operationem
2713 4234 2734 4266 ο
2766 4217 2820 4272 in
2847 4219 3146 4292 civitatem,
3187 4247 3206 4278 ι
3241 4227 3296 4283 id
3335 4241 3423 4286 est
3465 4232 3662 4288 Eccle-

2072 4295 2206 4351 siam
2273 4310 2514 4359 sanctam
2571 4324 2590 4359 ‹
2652 4308 3002 4372 habitationis
3061 4337 3080 4370 i
3137 4320 3190 4375 in
3243 4337 3350 4392 qua
3405 4325 3667 4384 habitan-

2071 4386 2198 4442 dum
2230 4399 2334 4446 est.

2149 4504 2167 4536 ‹
2197 4486 2587 4550 Conﬁteantur.
2617 4515 2637 4548 ι
2669 4497 2805 4556 Pars
2830 4508 3084 4562 secunda.
3118 4508 3347 4581 Propter
3375 4514 3501 4572 haec
3529 4534 3663 4588 prae-

2068 4575 2210 4632 dicta
2239 4581 2500 4639 beneﬁcia
2524 4587 2616 4642 Dei
2641 4590 2762 4646 dico
2789 4609 2812 4644 ι
2838 4593 3183 4655 Conﬁtemini
3214 4575 3238 4657 τ’
3259 4623 3279 4656 ι
3305 4575 3667 4682 εῑὶιειιίρτο-

2067 4674 2187 4734 pter
2218 4669 2334 4725 haec
2370 4687 2489 4741 qua:
2516 4687 2814 4747 sequuntur
2844 4700 2862 4733 ε
2895 4681 3266 4745 Conﬁteantur
3289 4669 3666 4756 Domino.mi-

2067 4758 2376 4817 sericordiae
2393 4764 2530 4833 ejus,
2547 4771 2880 4828 etmirabilia
2904 4775 3038 4844 ejus,
3077 4799 3096 4830 ι
3122 4781 3174 4836 id
3197 4792 3297 4849 est,
3325 4783 3528 4846 ﬁdeles
3551 4792 3667 4846 lau-

2067 4851 2194 4906 dent
2220 4853 2406 4920 Deum,
2455 4859 2719 4919 habentes
2743 4880 2935 4923 causas
2963 4869 3215 4929 laudandi
3247 4877 3669 4941 misericordias

2066 4940 2308 5010 Domini,
2357 4948 2680 5008 mirabiliter
2721 4955 2992 5028 impensas
3022 4981 3062 5014 ⁴ι
3119 4964 3243 5022 ﬁliis
3272 4970 3594 5032 hominum.

2068 5051 2086 5083 ε
2107 5033 2480 5093 Conﬁteantur
2498 5040 2726 5102 Domino
2749 5050 3134 5110 misericordia
3152 5056 3285 5126 ejus,
3301 5080 3319 5112 ι
3348 5061 3404 5118 id
3428 5076 3547 5133 est,
3573 5067 3669 5126 ho-

2057 5123 2233 5180 mines
2279 5126 2501 5185 laudent
2545 5133 2712 5190 Deuin
2754 5153 2852 5208 pro
2891 5145 3278 5206 misericordiis
3327 5168 3474 5223 quas
3533 5159 3668 5216 fecit

2054 5214 2156 5281 eis,
2196 5231 2296 5285 pro
2333 5222 2704 5296 mirabilibus,
2749 5240 2805 5286 et
2842 5233 2958 5291 haec
2995 5239 3269 5298 mirabilia
3315 5214 3469 5304 facta
3532 5214 3666 5311 ﬁliis

2053 5305 2352 5366 hominum.

2098 5422 2247 5480 'ldeo
2282 5427 2478 5484 debent
2503 5433 2748 5490 conﬁteri
2783 5447 2835 5494 et
2865 5439 3105 5511 laudare,
3142 5465 3160 5499 ι
3194 5449 3320 5519 quia
3357 5453 3604 5516 satiavit
3643 5481 3659 5512 ι

2054 5516 2314 5575 Dominus
2349 5524 2509 5578 verbo
2551 5526 2809 5584 doctrina:
2853 5534 3170 5602 spiritualis,
3217 5555 3315 5609 per
3362 5557 3551 5612 quam
3610 5550 3666 5605 in

2050 5607 2291 5665 Ecclesia
2323 5628 2416 5667 sua
2441 5629 2532 5670 eos
2561 5623 2863 5689 composuit
2913 5645 2930 5673 ε
2962 5627 3194 5683 animam
3226 5629 3468 5700 inanem,
3535 5659 3557 5691 ι
3611 5642 3666 5698 id

2049 5711 2134 5757 est
2160 5720 2382 5760 vacuam
2421 5709 2489 5763 ab
2525 5712 2673 5765 omni
2715 5730 2838 5769 vera
2878 5721 3219 5790 cognitione,
3256 5725 3417 5781 veluti
3450 5727 3664 5790 fatuos

2049 5797 2105 5849 ct
2130 5810 2234 5851 non
2263 5794 2457 5867 fatuos,
2504 5809 2557 5856 et
2585 5803 2887 5877 simplices;
2927 5813 3018 5868 sed
3055 5834 3072 5866 ‹
3126 5823 3178 5872 et
3221 5817 3461 5877 annnam
3516 5839 3656 5886 esu-
