3898 6466
104 432 212 488 565

1244 428 1679 487 EXPLANATIO
1714 425 1782 484 IN
1822 430 2139 489 PSALMOS

3242 435 3348 490 566

105 548 356 611 rientem,
406 565 425 598 ι
477 546 617 602 sicut
644 546 1006 617 philosophos,
1054 561 1072 596 ι
1107 544 1324 602 satiavit
1349 547 1519 610 bonis,
1561 569 1578 601 ι
1616 549 1671 603 id
1697 547 2069 606 Aeveniunt:
2111 555 2165 600 et
2212 559 2275 600 ea
2320 560 2438 616 quze
2479 545 2544 601 de
2574 545 2688 616 ipso
2735 547 2951 603 fastidio
2997 549 3343 618 proveniunt,

103 649 213 707 est,
242 639 464 710 replevit
499 640 762 709 spirituali
791 639 1074 709 sapientia.

180 752 201 784 ε
244 733 469 787 Satiavit
507 750 525 782 i
571 732 692 786 dico
732 732 877 802 ipsos
907 751 926 784 ι
961 723 1234 797 sedentes,
1269 751 1288 785 ›
1323 731 1376 786 id
1398 740 1498 796 est,
1525 747 1676 789 com-

101 832 381 879 morantes
404 842 427 876 ‹
457 823 508 878 in
531 824 787 888 tenebris,
814 842 837 874 ι
864 823 916 878 id
948 832 1050 889 est,
1083 824 1136 879 in
1165 824 1486 894 ignorantia,
1515 839 1544 878 a
1571 838 1679 893 qua

102 915 253 972 nullo
282 913 444 996 modo
478 928 578 984 per
624 927 682 968 sc
715 922 936 996 possent
972 913 1121 969 exire
1153 933 1164 967 :
1208 931 1228 965 ‹
1269 924 1322 970 ει
1368 933 1386 964 ι
1426 914 1680 968 sedentes

106 1026 123 1054 ι
165 1006 222 1060 in
251 992 438 1059 umbm
464 1005 673 1070 mortis,
705 1024 724 1057 ι
761 992 813 1058 id
834 1012 939 1069 est,
968 1005 1024 1059 in
1054 1005 1197 1074 turpi
1223 1005 1354 1069 vita,
1387 1019 1506 1074 quae
1533 1015 1678 1059 esset

101 1097 392 1154 excaecatio
438 1097 538 1162 eis,
575 1101 630 1152 et
668 1098 858 1151 umbra
899 1098 1098 1152 ducens
1126 1096 1191 1150 ad
1229 1105 1458 1151 mortem
1489 1114 1503 1150 :
1533 1097 1678 1165 ipsos

100 1192 226 1246 dico
277 1208 296 1241 ι
343 1190 550 1244 vinctos
598 1189 652 1243 in
699 1189 1058 1254 mendicitate,
1115 1207 1134 1239 ›
1185 1187 1238 1242 id
1280 1195 1381 1252 est,
1429 1187 1675 1258 indigen-

102 1283 175 1335 tia
205 1280 366 1335 totius
400 1273 558 1344 boni;
611 1295 634 1330 ο
679 1289 734 1335 ει
775 1278 942 1346 ferro,
987 1299 1004 1331 ι
1042 1278 1097 1334 id
1141 1285 1244 1345 est,
1297 1278 1496 1334 duritia
1546 1293 1675 1349 pec-

99 1383 366 1428 catorunn.

173 1467 298 1522 ideo
341 1474 495 1522 erant
542 1468 595 1522 in
639 1465 1010 1529 mendicitate,
1066 1484 1087 1518 ‹
1135 1466 1261 1535 quia
1313 1465 1674 1521 exacerbave—

99 1569 253 1620 runt,
298 1579 316 1611 ›
347 1559 400 1614 id
441 1567 544 1625 est,
571 1559 764 1614 acerba
795 1559 1196 1627 iudicaverunt,
1230 1555 1478 1628 fugiendo
1512 1577 1530 1608 ‹
1565 1557 1678 1613 elo-

97 1650 228 1720 quia
248 1648 362 1713 Dei,
395 1668 414 1700 ι
454 1649 506 1704 id
531 1658 632 1712 est,
662 1658 925 1718 praecepta
955 1649 1046 1702 Dei
1082 1667 1092 1700 :
1129 1648 1253 1718 quia
1274 1648 1319 1703 si
1343 1648 1536 1716 aliquis
1560 1663 1680 1703 mo-

96 1743 262 1795 nebat
300 1756 393 1796 eos
441 1741 506 1795 de
551 1741 815 1795 cliaritate
854 1739 938 1794 vel
979 1739 1158 1808 aliquo
1195 1739 1305 1804 tali,
1352 1738 1677 1808 reputabant

94 1834 430 1904 fugiendam,
460 1842 512 1887 et
531 1833 585 1886 in
612 1831 758 1887 nullo
785 1831 988 1887 moneri
1029 1831 1312 1885 voluerunt
1343 1849 1354 1884 ;
1384 1830 1467 1884 lex
1491 1839 1674 1884 tamen

93 1927 362 1981 naturalis
412 1923 683 1979 indicabat
734 1925 812 1979 eis
867 1926 967 1978 hoc
1020 1938 1126 1978 non
1179 1937 1298 1976 esse
1346 1921 1669 1976 faciendum.

102 2038 128 2069 ‹
164 2018 232 2072 Et
251 2017 530 2073 consilium
553 2016 836 2082 Altissimi,
867 2035 885 2068 ›
912 2016 1118 2071 scilicet
1138 2014 1377 2070 coelestia
1401 2021 1670 2084 appetere,

91 2108 220 2163 haec
249 2117 459 2163 terrena
486 2122 591 2161 non
620 2122 834 2173 curare,
863 2106 1076 2161 Christo
1107 2115 1294 2160 nostro
1327 2104 1676 2173 Redemptori

94 2200 405 2264 adhterere,
457 2216 476 2249 ε
511 2198 880 2263 irritaverunt,
920 2218 938 2250 ›
989 2197 1039 2250 id
1078 2205 1178 2261 est,
1223 2206 1482 2266 quantum
1513 2195 1579 2247 ad
1618 2208 1678 2248 se

94 2305 300 2344 vanum
328 2288 591 2353 fecerunt,
617 2305 738 2344 cum
769 2290 822 2343 in
851 2289 1012 2344 nullis
1035 2287 1253 2343 Christo
1293 2287 1558 2343 assentire
1579 2299 1676 2340 vo-

93 2379 334 2446 luerunt,
363 2391 461 2434 nec
488 2380 660 2449 ipsum
695 2395 816 2434 esse
843 2379 1254 2449 Redemptorem
1296 2377 1676 2432 crediderunt:

94 2471 187 2525 vel
237 2480 549 2540 spernentes
585 2470 873 2525 consilium
919 2468 1218 2534 Altissimi,
1267 2477 1327 2522 ut
1362 2467 1677 2538 pncdictum

95 2569 206 2625 est,
232 2560 602 2626 irritaverunt,
644 2559 700 2614 id
741 2567 840 2625 est,
873 2559 942 2614 ad
984 2558 1318 2614 iracundiam
1354 2556 1522 2612 Deum
1553 2571 1678 2626 pro-

102 2658 452 2706 vocaverunt.

180 2759 197 2792 ι
231 2740 297 2794 Et
345 2761 363 2794 ι
398 2741 524 2811 quia
573 2741 650 2797 sic
680 2741 1047 2808 irritaverant,
1075 2741 1196 2796 ideo
1227 2757 1246 2790 ‹
1283 2754 1380 2796 cor
1407 2754 1616 2806 eorum,
1652 2758 1672 2791 ι

99 2831 156 2886 id
179 2839 281 2897 est,
307 2831 485 2886 anima
505 2847 712 2898 eorum,
734 2853 754 2884 ‹
778 2841 862 2888 εει
884 2833 1219 2888 humiliatum
1247 2820 1298 2886 in
1321 2831 1616 2898 laboribus,
1652 2849 1672 2884 ι

104 2924 162 2977 id
193 2930 298 2987 est,
340 2923 394 2977 in
423 2925 706 2979 conatibus
731 2925 844 2980 suis
872 2944 883 2979 :
915 2925 1040 2994 quia
1071 2932 1544 2995 quantumcunque
1588 2938 1678 2978 co-

99 3020 383 3079 narentur,
413 3023 468 3068 et
492 3014 798 3069 laborarent
819 3029 917 3085 per
938 3029 997 3070 se
1023 3014 1090 3069 ad
1113 3015 1516 3084 inquisitionem
1551 3013 1681 3067 bea-

100 3105 348 3160 titudinis
373 3106 581 3173 venire,
609 3115 786 3162 tamen
816 3121 911 3162 cor
929 3106 1386 3172 csthumiliatum,
1417 3105 1542 3174 quia
1585 3104 1677 3158 de-

99 3195 370 3250 fecerunt.
423 3197 538 3264 Vel,
576 3213 671 3253 cor
715 3205 798 3252 est
845 3197 1183 3252 humiliatum
1235 3205 1290 3251 et
1334 3196 1588 3251 aﬂlictum
1618 3195 1672 3248 in

1779 638 1930 708 prius
1953 638 2105 708 ponit
2135 637 2320 694 dicens
2351 655 2364 692 :
2413 657 2431 689 ι
2467 640 2595 710 quia
2620 640 2892 703 contrivit,
2931 660 2948 692 ι
2986 641 3039 695 id
3065 649 3170 706 est,
3191 643 3351 697 anni-

1779 728 1986 793 hilavit,
2027 746 2046 780 ‹
2083 737 2267 798 portas
2295 743 2484 796 aereas,
2520 749 2541 782 ι
2589 731 2645 786 id
2671 739 2772 798 est,
2786 733 2955 816 ‘iram
2997 743 3056 820 et
3095 734 3351 804 concupi-

1780 820 2042 874 scentiam
2071 819 2343 874 destruxit
2367 821 2420 875 in
2467 821 2570 887 eis,
2611 836 2732 891 quae
2754 832 2880 878 sunt
2905 831 3073 892 portae
3097 824 3356 880 ducentes

1781 911 1849 968 ad
1872 911 2149 968 interitum
2191 921 2454 968 aiternum
2490 927 2699 970 :aereas
2738 922 2916 980 vocat,
2955 916 3080 985 quia
3101 930 3224 970 eum
3246 915 3354 970 sint

1779 1002 2099 1057 naturaliter
2140 1001 2194 1056 in
2229 1002 2464 1066 homine,
2501 1004 2589 1056 vix
2618 1004 2812 1074 aliquis
2838 1013 3017 1076 potest
3065 1005 3351 1062 dominari.

1784 1114 1803 1145 ε
1844 1093 1909 1149 Ει
1938 1105 2121 1150 vectes
2149 1093 2374 1160 ferreos,
2421 1115 2440 1146 ›
2474 1095 2529 1149 id
2558 1103 2660 1161 est,
2703 1099 3076 1168 suggestiones
3121 1097 3351 1164 diaboli,
3444 1153 3450 1159 ,

1779 1189 1974 1258 quibus
2003 1188 2248 1243 ﬁrmatur
2275 1197 2327 1244 et
2359 1189 2743 1244 corroboratur
2769 1191 2824 1244 in
2873 1191 3071 1245 malum
3107 1205 3121 1242 :
3163 1197 3219 1244 et
3249 1190 3351 1255 ira,

1780 1292 1836 1336 et
1873 1281 2309 1349 concupiscentia
2346 1293 2465 1350 quae
2500 1279 2654 1335 nobis
2680 1280 2896 1334 fuerunt
2931 1282 3000 1335 ad
3028 1280 3197 1335 bonos
3223 1294 3358 1335 usus

1781 1376 1925 1440 data,
1978 1374 2184 1430 scilicet
2209 1381 2270 1427 ut
2319 1373 2620 1428 irascamur
2667 1373 2846 1438 malis,
2873 1373 3010 1427 bona
3053 1373 3352 1442 cupiamus.

1781 1467 1926 1534 Quos
1965 1475 2149 1521 vectes
2200 1485 2220 1517 ‹
2275 1465 2537 1534 confregit
2594 1485 2612 1517 ι
2666 1465 2944 1530 Dominus,
3002 1465 3128 1534 quia
3169 1463 3354 1517 ﬁdeles

1782 1574 1909 1614 suos
1963 1558 2131 1614 fortes
2176 1557 2324 1624 fecit,
2370 1566 2430 1612 ut
2479 1569 2702 1628 possent
2757 1571 3012 1629 superare
3056 1555 3360 1628 quamlibet

1782 1654 2139 1711 tentationcm
2165 1651 2384 1708 diaboli.

1851 1744 2030 1800 Portis
2055 1742 2375 1809 eoni‘ractis,
2424 1751 2478 1797 ct
2503 1743 2746 1798 vectibus
2771 1742 3080 1805 destructis,
3112 1758 3131 1792 ‹
3167 1753 3352 1795 susce-

1779 1837 1861 1908 pit
1887 1853 1981 1892 eos
2029 1857 2047 1889 ι
2103 1835 2362 1891 Dominus
2404 1835 2470 1890 ad
2501 1828 2767 1902 ju'stitiam
2814 1833 2879 1887 de
2918 1833 3003 1887 via
3030 1831 3354 1903 iniquitatis,

1780 1930 1835 1984 id
1863 1938 1966 1994 est,
2011 1928 2077 1982 de
2116 1926 2260 1996 turpi
2290 1927 2422 1991 vita,
2468 1941 2630 1996 quam
2673 1926 2726 1978 in
2774 1925 3011 1994 peccatis
3045 1923 3354 1976 ducebant:

1787 2039 1805 2070 ‹
1833 2021 1920 2074 via
1951 2039 1968 2070 ι
2005 2019 2124 2073 dico
2162 2035 2182 2069 ‹
2219 2030 2428 2083 eorum,
2459 2037 2476 2068 ι
2514 2016 2566 2070 id
2590 2023 2692 2081 est,
2722 2030 2881 2084 quam
2900 2015 3000 2084 ipsi
3030 2029 3138 2068 non
3166 2027 3196 2065 a
3226 2011 3357 2076 Deo,

1783 2109 1878 2164 sed
1908 2124 1935 2162 a
1961 2124 2018 2162 se
2040 2109 2331 2163 habebant.
2356 2106 2500 2162 Bene
2525 2106 2645 2162 dico
2689 2103 2990 2175 iniquitatis
3024 2119 3233 2166 eorum,
3264 2103 3358 2157 ha-

1781 2197 1982 2253 bebant
2014 2219 2031 2250 ‹
2067 2198 2383 2268 injustitias,
2428 2206 2484 2252 et
2508 2206 2730 2268 propter
2779 2218 2796 2248 ι
2832 2195 2951 2250 illas
2984 2213 3002 2246 ‹
3033 2202 3159 2250 ειιιιι
3183 2195 3360 2248 Immi-

1781 2289 1921 2355 liati,
1961 2310 1978 2342 l
2021 2290 2074 2344 id
2117 2297 2218 2354 est,
2245 2287 2427 2343 aﬁlicti
2453 2303 2483 2342 a
2510 2289 2644 2352 Deo,
2674 2295 2733 2341 ut
2754 2302 2852 2357 per
2872 2287 2974 2340 hoc
3004 2297 3359 2354 recognosce-

1783 2392 1908 2438 rent
1939 2389 2181 2452 peccata.
2213 2379 2313 2436 Vel
2352 2379 2472 2435 ideo
2515 2380 2752 2448 suscepit
2789 2393 2901 2441 eos,
2936 2377 3059 2446 quia
3098 2376 3199 2446 ipsi
3237 2381 3360 2430 sunt

1782 2475 2069 2540 humiliati,
2112 2474 2164 2528 id
2201 2482 2305 2538 est,
2337 2473 2570 2528 humiles
2616 2471 2768 2535 facti,
2811 2477 2865 2524 et
2901 2468 3196 2538 aiiligentes
3217 2481 3274 2522 se
3303 2465 3362 2520 in

1782 2572 2076 2636 conspectu
2122 2563 2335 2619 Domini
2387 2572 2607 2634 propter
2649 2561 2960 2630 injustitias,
3002 2557 3055 2613 id
3093 2566 3197 2624 est,
3235 2555 3361 2627 quia

1785 2665 2118 2728 cognoscunt
2142 2669 2201 2710 se
2227 2651 2395 2709 Deum
2417 2653 2472 2708 in
2498 2653 2683 2708 multis
2711 2650 2947 2723 peccatis
2978 2647 3285 2704 oﬁ’endisse.

1851 2747 1977 2802 Ideo
2011 2745 2317 2802 habuerunt
2352 2743 2641 2816 przedictas
2678 2751 2880 2813 portas,
2921 2747 2974 2796 et
3002 2739 3089 2793 via
3119 2738 3361 2807 ipsorum

1781 2836 1886 2892 fuit
1929 2836 2207 2906 iniquitas,
2241 2835 2367 2906 quia
2420 2853 2437 2886 ‹
2474 2834 2655 2888 anima
2693 2846 2879 2887 eorum
2927 2829 3233 2885 abominata
3279 2832 3361 2881 est

1783 2942 1996 2984 omnem
2040 2941 2242 2992 escam,
2293 2945 2311 2978 ι
2347 2925 2401 2981 id
2435 2933 2537 2990 est,
2568 2939 2782 2980 omnem
2822 2921 3166 2977 refectionem
3204 2915 3362 2988 spiri-

1785 3020 1946 3076 tualis
1975 3019 2256 3084 doctrinm,
2291 3036 2310 3070 ε
2351 3026 2405 3073 ει
2450 3036 2468 3069 ι
2511 3025 2794 3088 propterea
2843 3034 2862 3066 ‹
2903 3013 3361 3084 appropinquave-

1784 3118 1912 3165 runt
1936 3126 2104 3180 usque
2131 3110 2198 3165 ad
2221 3117 2404 3181 portas
2432 3109 2642 3172 mortis,
2686 3127 2704 3158 ι
2743 3107 2799 3162 id
2817 3114 2919 3171 est,
2947 3103 3061 3160 fere
3096 3110 3360 3156 venerunt

1785 3200 1840 3255 in
1880 3199 2331 3269 desperationem,
2368 3211 2487 3269 quae
2526 3204 2675 3253 recta
2702 3195 2788 3251 via
2814 3193 2963 3251 ducit
3012 3191 3261 3249 homines
3295 3190 3363 3245 ad

97 3288 398 3356 laboribus,
430 3309 452 3342 ι
504 3289 560 3344 id
585 3299 686 3355 est,
717 3288 898 3344 multis
944 3289 1194 3354 miseriis,
1229 3303 1363 3358 quas
1407 3289 1551 3343 Deus
1579 3287 1680 3340 im-
1705 3270 1753 3333 (ἶ
1786 3301 2044 3349 aeternam
2073 3302 2319 3348 mortem.

98 3380 272 3434 mittit
318 3379 387 3434 ad
437 3381 830 3436 correctionem
875 3379 1192 3433 electorum.
1244 3393 1266 3428 ‹
1302 3377 1372 3430 Et
1421 3377 1679 3431 inﬁrmati
1745 3389 1748 3392 ‘

97 3478 248 3534 sunt,
288 3489 309 3521 ι
335 3484 365 3524 a
389 3471 825 3540 praesumptione,
856 3471 908 3523 id
935 3477 1036 3534 est,
1069 3476 1435 3539 cognoverunt
1469 3483 1525 3522 se
1544 3467 1681 3522 nihil

97 3574 260 3632 posse
295 3574 394 3628 per
420 3574 499 3625 se,
527 3577 547 3610 ι
572 3573 673 3614 nec
695 3559 796 3612 fuit
827 3579 845 3610 ι
880 3560 1022 3613 inter
1040 3575 1132 3613 eos
1159 3577 1178 3610 ‹
1216 3559 1306 3628 qui
1328 3559 1628 3628 adiuvaret,
1656 3578 1674 3610 ι

100 3651 157 3704 id
181 3657 282 3711 est,
315 3648 406 3718 qui
453 3657 633 3720 posset
672 3661 763 3705 eos
797 3649 1029 3706 liberare
1069 3650 1135 3704 de
1174 3649 1411 3704 tenebris
1455 3656 1508 3703 et
1539 3648 1682 3704 ferro

102 3738 304 3810 quibus
341 3739 441 3808 ipsi
474 3741 815 3808 tenebantur,
846 3741 972 3810 quia
1012 3755 1114 3796 nec
1149 3739 1253 3811 ipsi
1288 3739 1493 3810 seipsos
1533 3747 1683 3809 pote-

98 3836 228 3882 rant
261 3829 537 3899 expedire,
565 3843 665 3885 nec
693 3831 771 3884 dii
793 3845 1002 3886 eorum.

179 3937 198 3970 ι
231 3919 297 3974 Ει
336 3939 355 3972 ι
404 3919 507 3976 hac
547 3921 871 3976 necessitate
904 3920 1102 3987 coacti,
1159 3939 1180 3974 ι
1227 3919 1618 3986 clamaverunt,
1655 3940 1676 3974 ι

97 4009 352 4078 inspirati
403 4011 622 4080 quidem
667 4027 698 4066 a
744 4009 991 4077 Domino,
1037 4031 1057 4064 ι
1107 4011 1186 4067 ad-
1223 4011 1510 4067 Dominum
1555 4027 1680 4068 cum

98 4100 512 4166 tribularentur,
564 4110 620 4155 ει
649 4100 713 4158 de
748 4102 1162 4159 necessitatibus
1204 4118 1390 4158 eorum
1430 4103 1681 4160 liberavit

98 4206 216 4253 eos,
255 4211 274 4243 ι
311 4191 683 4256 mendicitate,
738 4187 976 4249 tenebris
1020 4201 1076 4249 et
1124 4193 1244 4250 aliis
1271 4194 1424 4249 malis
1478 4195 1532 4249 in
1575 4195 1679 4251 hac

98 4263 254 4351 parte
280 4282 485 4351 positis,
508 4296 628 4352 qum
651 4297 752 4353 per
786 4285 889 4339 hoc
917 4284 1160 4339 nominat
1193 4303 1214 4337 ‹
1255 4286 1630 4351 necessitates,
1652 4304 1672 4339 ι

99 4373 227 4442 quia
247 4388 344 4442 per
361 4387 418 4428 se
441 4373 586 4428 nullo
609 4375 769 4430 modo
782 4385 1031 4446 poterant
1061 4377 1184 4432 inde
1205 4378 1410 4450 egredi.
1432 4378 1680 4434 Ostendit

97 4463 370 4531 quomodo
391 4463 638 4519 liberavit
665 4481 680 4518 :
707 4468 863 4535 quasi
883 4468 1122 4523 diceret:
1149 4469 1279 4524 Dico
1305 4489 1325 4520 ‹
1351 4469 1620 4535 liberavit,
1651 4488 1671 4521 ι

97 4560 154 4606 ει
189 4553 292 4608 hoc
313 4555 470 4610 modo
502 4575 514 4610 :
546 4575 568 4608 ‹
602 4557 790 4612 eduxit
807 4573 900 4614 eos
921 4561 987 4615 de
1009 4562 1249 4617 tenebris
1275 4581 1292 4614 ι
1320 4562 1674 4628 inﬁdelitatis,

98 4644 229 4713 quia
249 4642 377 4700 fecit
398 4644 618 4712 ﬁdeles;
649 4668 666 4700 ι
694 4657 749 4703 ει
770 4649 963 4704 umbra
985 4650 1199 4716 mortis,
1235 4669 1252 4702 ι
1281 4651 1404 4721 quia
1433 4649 1542 4719 jam
1572 4667 1677 4707 non

100 4735 521 4805 inquinaverunt
547 4740 714 4796 vitam
748 4755 899 4797 suam
949 4742 1003 4796 in
1053 4742 1298 4813 turpibus
1339 4742 1534 4811 factis;
1571 4761 1590 4794 ‹
1622 4753 1676 4800 ει

97 4828 317 4884 vincula
368 4845 591 4898 eorum,
651 4853 672 4886 ›
739 4834 794 4888 id
819 4843 934 4902 est,
986 4834 1238 4890 duritiam
1279 4837 1528 4906 peccati,
1570 4851 1677 4906 qua

97 4921 253 4992 prius
275 4923 599 4979 tenebantur
647 4925 816 4997 ligati,
872 4946 890 4979 ‹
940 4926 1190 4999 disrupit,
1249 4948 1268 4980 ι
1319 4929 1442 4998 quia
1498 4929 1678 4985 cordi-

97 5013 203 5068 bus
255 5017 731 5084 compunctionem-
770 5019 1034 5086 immisit,
1091 5028 1146 5076 et
1193 5020 1260 5077 ad
1306 5022 1677 5092 paenitentiam

97 5115 196 5158 eos
238 5103 481 5159 adduxit.

175 5207 208 5247 ι’
236 5195 622 5253 Conﬁteantur’.
649 5220 670 5252 ι
697 5198 831 5257 Pars
853 5203 1031 5258 tertia.
1071 5201 1235 5270 Quasi
1258 5203 1460 5258 diceret
1485 5217 1500 5257 :
1527 5201 1681 5258 Sicut

96 5295 328 5360 prepter
352 5290 610 5346 beneﬁcia
650 5292 745 5348 Dei
781 5295 1039 5364 praedicta
1069 5295 1289 5367 dignum
1323 5301 1406 5351 est
1428 5304 1485 5349 ut
1511 5295 1681 5350 conﬁ—

99 5385 324 5434 teantur
350 5381 597 5448 Domino,
631 5383 704 5437 ita
725 5397 825 5453 pro
844 5385 922 5440 eis
951 5401 1071 5456 quae
1111 5395 1416 5457 sequuntur
1448 5407 1468 5440 ι
1507 5387 1676 5443 conﬁ-

99 5483 323 5530 teantur
342 5476 570 5532 Domino
597 5477 985 5534 misericordiae
1013 5478 1151 5548 ejus,
1186 5489 1240 5536 et
1266 5481 1533 5538 mirabilia
1561 5483 1677 5554 ejus

99 5565 231 5621 ﬁliis
258 5567 554 5622 hominum.
595 5586 614 5621 ι

173 5657 243 5712 Ει
269 5657 466 5714 debent
503 5659 747 5714 conﬁteri
771 5700 785 5725 ,
816 5659 942 5731 quia
982 5659 1110 5715 cum'
1144 5662 1321 5717 anima
1361 5677 1545 5720 eorum
1586 5665 1678 5724 ab-

99 5753 344 5810 ominata
371 5752 440 5808 sit
466 5768 680 5808 omnem
703 5769 904 5821 escam,
942 5755 1201 5812 Dominus
1230 5757 1402 5814 aufert
1431 5776 1536 5816 non
1561 5771 1681 5817 tan-

102 5858 222 5906 tum
273 5848 418 5908 illam
465 5850 800 5924 satietatem,
839 5849 935 5912 sed
976 5851 1157 5910 omnia
1197 5849 1337 5912 mala
1389 5867 1508 5926 quae
1557 5855 1680 5913 inde

1858 3383 1970 3440 Hac
2015 3386 2337 3440 necessitate
2375 3384 2568 3450 coacti,
2613 3403 2631 3436 ‹
2678 3383 3050 3440 elamaverunt
3075 3379 3142 3435 ad
3176 3378 3359 3435 Domi-

1787 3490 1915 3530 num
1943 3494 1956 3530 :
1993 3495 2011 3527 ›
2039 3491 2136 3532 nec
2163 3484 2342 3532 tamen
2365 3475 2600 3531 clamare
2620 3476 2938 3545 potuissent,
2969 3471 3074 3527 nisi
3101 3470 3361 3541 praeventi

1787 3571 1968 3625 divina
2009 3570 2377 3625 misericordia
2417 3587 2436 3621 ‹
2484 3586 2606 3625 cum
2637 3569 3044 3632 tribularentur,
3092 3575 3147 3621 et
3184 3566 3250 3620 de
3270 3577 3362 3620 ne-

1785 3659 2130 3714 cessitatibus
2163 3674 2348 3713 eorum
2372 3658 2622 3714 liberavit
2641 3674 2754 3714 eos.
2801 3677 2820 3709 θ
2853 3656 2953 3710 Hic
2975 3670 3186 3725 quoque
3209 3668 3364 3709 acce-

1785 3750 1868 3820 pit
1891 3749 2292 3814 necessitatem,
2329 3756 2549 3820 peccata
2577 3749 2630 3803 in
2666 3749 2767 3802 hac
2788 3753 2941 3817 parte
2979 3745 3170 3814 posita,
3199 3743 3364 3799 veluti

1787 3843 1931 3913 quod
1957 3842 2093 3896 dixit
2126 3829 2392 3913 superius,
2421 3851 2624 3912 portas,
2651 3847 2852 3905 vectes,
2886 3847 2940 3894 et
2963 3836 3178 3894 similia.

1858 3933 1971 3990 Hoc
2003 3935 2163 3989 modo
2189 3933 2439 3990 liberavit
2476 3954 2487 3987 :
2539 3954 2557 3986 ‹
2586 3933 2732 3988 misit
2760 3929 2997 3988 Verbum
3035 3945 3212 3996 suum,
3252 3949 3271 3982 ›
3307 3930 3362 3985 id

1783 4031 1897 4091 est,
1949 4024 2146 4080 Filium
2188 4041 2343 4080 suum
2394 4024 2521 4080 fecit
2560 4023 2853 4088 incarnari‘,
2906 4041 2925 4073 ‹
2974 4029 3028 4077 ει
3066 4040 3085 4073 ι
3119 4036 3216 4094 per
3260 4021 3380 4077 hoc.

1789 4134 1810 4169 ‹
1856 4116 2066 4173 sanavit
2089 4130 2203 4182 eos,
2236 4133 2256 4168 ι
2288 4116 2344 4170 id
2370 4123 2452 4171 est
2478 4115 2707 4171 removit
2750 4113 2818 4168 ab
2851 4112 2931 4168 eis
2962 4111 3236 4167 fastidium
3281 4111 3362 4168 di-

1784 4206 1896 4261 vini
1919 4205 2088 4261 verbi.
2117 4203 2233 4272 Vel,
2262 4206 2508 4272 verbum,
2535 4205 2586 4260 id
2609 4211 2709 4269 est,
2733 4211 3056 4274 praeceptum
3084 4202 3358 4270 divinum,

1783 4305 1841 4352 et
1877 4297 2163 4366 imperium
2210 4313 2365 4352 suum
2388 4337 2403 4363 ,
2433 4305 2487 4351 et
2520 4295 2728 4351 sanavit
2753 4309 2845 4349 eos
2883 4312 2894 4346 :
2922 4294 3061 4347 sicut
3094 4293 3148 4347 in
3184 4293 3361 4350 Evan-

1759 4389 1925 4462 ‘gelio
1954 4390 2151 4446 dicitur
2178 4409 2192 4445 :
2223 4410 2242 4444 ‹
2271 4391 2368 4447 Dic
2390 4400 2598 4447 tantum
2625 4391 2806 4454 verbo,
2831 4397 2886 4444 et
2919 4387 3199 4445 sanabitur
3222 4400 3361 4455 puer

1784 4497 1939 4538 meus
1968 4481 2119 4554 (Luc.
2151 4483 2248 4553 vn)
2283 4497 2297 4535 :
2327 4503 2344 4534 ι
2375 4491 2431 4538 ει
2459 4483 2532 4536 ita
2573 4481 2834 4546 liberatis,
2863 4487 2918 4534 et
2957 4495 2988 4534 a
3032 4477 3249 4534 fastidio
3279 4493 3362 4533 sa-

1784 4575 1948 4642 natis,
1987 4595 2005 4626 ‹
2056 4582 2110 4631 ει
2137 4574 2334 4645 eripuit
2361 4589 2454 4630 eos
2481 4574 2545 4629 de
2583 4571 2980 4627 interitionibus
3011 4585 3219 4635 eorum,
3251 4587 3270 4621 ι
3305 4568 3359 4623 id

1783 4666 1962 4722 estde
2009 4675 2213 4722 (eterna
2241 4665 2604 4734 damnatione,
2647 4683 2766 4738 quae
2815 4666 3124 4738 proveniret
3161 4679 3228 4720 ex
3269 4663 3360 4718 illo

1786 4755 2003 4811 fastidio
2053 4756 2194 4811 sicut
2238 4772 2385 4813 mors
2410 4757 2706 4827 corporalis
2750 4757 2991 4828 procedit
3033 4772 3100 4812 ex
3143 4753 3359 4811 fastidio

1783 4846 1891 4903 cibi
1918 4847 2232 4918 corporalis.

1857 4959 1880 4994 ι
1914 4939 2285 4996 Conﬁteantur
2310 4939 2557 4997 Domino.
2603 4960 2624 4994 ι
2671 4939 2803 4998 Pars
2832 4951 3045 5014 quarta.
3069 4941 3358 4997 Continua-

1786 5028 1861 5083 tio
1891 5046 1903 5082 :
1941 5027 2094 5084 Sicut
2131 5029 2314 5084 monui
2343 5039 2562 5100 propter
2590 5037 2786 5087 czeter'a
2811 5030 3070 5086 beneﬁcia
3100 5027 3358 5099 praedicta

1786 5131 1845 5176 ut
1872 5123 2250 5188 conﬁteantur,
2281 5121 2356 5176 ita
2375 5130 2428 5178 et
2451 5133 2670 5195 propter
2687 5141 2750 5180 ea
2777 5139 2893 5195 qua:
2908 5123 3070 5179 modo
3088 5122 3354 5187 dicentur,

1783 5210 2008 5284 dignum
2033 5219 2118 5267 est
2145 5220 2205 5266 ut
2237 5229 2258 5263 ι
2305 5213 2662 5270 conﬁteantur
2699 5213 2926 5269 Domino
2974 5211 3357 5268 misericordiae

1783 5303 1916 5372 ejus,
1951 5312 2007 5358 et
2046 5303 2309 5360 mirabilia
2338 5304 2453 5376 ejus
2483 5306 2608 5362 ﬁliis
2645 5306 2947 5372 hominum,
2983 5324 3003 5358 ι
3032 5303 3171 5360 sicut
3195 5317 3356 5375 supra

1783 5389 2083 5468 expositum
2113 5407 2213 5455 est.
2727 5471 2730 5474 ἢ

1852 5488 1983 5544 Dico
2013 5507 2032 5541 ‹
2061 5489 2436 5557 conﬁteantur,
2469 5511 2486 5543 ›
2522 5498 2577 5545 ει
2603 5483 2904 5544 sacriﬁcent
2932 5488 3061 5555 Deo,
3100 5501 3208 5543 non
3237 5486 3358 5544 dico

1783 5579 1993 5637 hircum
2026 5581 2107 5636 vel
2155 5581 2369 5653 aliquod
2419 5581 2544 5646 tale,
2579 5581 2673 5636 sed
2719 5580 2954 5644 laudem,
2998 5588 3054 5634 et
3099 5580 3204 5635 hoc
3247 5587 3352 5645 est,

1790 5691 1808 5724 ι
1845 5673 2168 5728 sacriﬁcium
2197 5673 2392 5739 laudis,
2444 5694 2461 5725 ι
2494 5673 2547 5729 id
2574 5681 2656 5729 est
2695 5672 2852 5728 dictis
2881 5681 2926 5728 et
2977 5672 3134 5728 factis
3177 5681 3356 5728 osten-

1785 5762 1916 5816 dant
1942 5762 2109 5818 Deum
2151 5763 2489 5829 laudabilem,
2541 5763 2837 5819 secundum
2880 5765 2983 5821 hoc
3019 5785 3032 5819 -.
3067 5783 3084 5816 ‹
3117 5762 3358 5820 Luceant

1779 5854 1960 5951 [opera
1998 5865 2177 5917 vestra
2217 5858 2579 5946 benacoram
2606 5857 2965 5934 hominibus,
3004 5866 3061 5917 ut
3094 5858 3356 5936 videntes
