3898 6472
387 524 572 582 ‘86?

929 516 1282 576 HAYMONIS
1319 512 1798 572 HALBERSTAT.
1840 513 2053 571 EPISC.
2091 512 2243 570 OPP.
2282 509 2462 566 PARS
2499 508 2540 564 l.
2577 479 3033 561 -ΑΕΟΜΜΕΝᾝ
3072 501 3242 557 BIBL.

3629 495 3741 557 568

467 653 629 710 opera
647 631 1448 706 vestra,etgloriﬁcentPatrem
1464 640 1704 687 vestrum
1721 629 2030 704 (Matth.v,)
2059 629 2281 694 Aillam
2323 641 2510 680 auram
2563 642 2582 676 ι
2636 621 2898 678 siluerunt
2921 618 3116 675 ﬂuctus
3153 619 3273 689 ejus
3321 640 3344 673 ι
3398 619 3614 684 maris,
3652 620 3741 674 vel

475 749 496 782 ‹
525 737 582 783 ει
611 727 930 781 annuntient
951 738 1115 795 opera
1149 723 1265 794 ejus
1296 743 1315 777 ι
1367 721 1487 787 Dei,
1526 722 1691 777 veluti
1727 722 1870 792 quod
1903 737 2034 792 pec-

471 827 592 876 cata
640 816 864 873 dimittit
908 824 963 870 et
1010 795 1112 869 alia
1145 821 1336 870 cuncta
1369 815 1508 869 bona
1545 814 1704 880 facit,
1741 825 1796 869 et
1823 815 1926 869 hoc
1960 813 2039 868 fa-

473 913 620 967 ciant
663 930 683 962 ‹
731 909 788 965 in
827 909 1206 973 exsultatione,
1241 928 1259 961 ι
1297 907 1672 964 exsultantium
1700 909 1917 978 quidem
1955 915 2040 963 est

473 1005 600 1068 illis,
626 1002 717 1072 qui
743 1001 858 1057 haec
877 1016 1040 1072 opera
1065 999 1160 1055 Dei
1189 1000 1494 1055 attendunt.

545 1094 672 1148 Dico
703 1111 721 1143 ι
751 1092 1092 1155 annuntient,
1127 1110 1146 1144 ι
1178 1104 1352 1160 neque
1378 1091 1481 1144 hoc
1499 1088 1747 1146 omnibus
1765 1088 2038 1160 prmeipio,

473 1187 564 1241 sed
608 1184 911 1239 rectoribus
939 1182 1215 1247 Ecclesiae,
1252 1181 1319 1236 de
1343 1181 1539 1250 quibus
1581 1180 1730 1246 dicit,
1767 1200 1784 1232 ‹
1817 1180 1908 1249 qui
1943 1180 2040 1235 de-

475 1280 760 1342 scendunt,
813 1296 832 1328 )
880 1275 948 1330 de
1001 1273 1336 1328 sublimitate
1385 1288 1495 1328 suae
1543 1271 2037 1340 contemplationis,

479 1389 498 1421 ι
529 1385 701 1434 mare,
739 1388 757 1419 ι
785 1367 839 1422 id
864 1374 978 1432 est,
1011 1366 1154 1421 istud
1184 1365 1469 1430 saeculum,
1497 1363 1636 1433 quod
1661 1362 1842 1419 multis
1870 1360 2044 1416 ﬂucti-

473 1461 575 1518 bus
601 1462 866 1531 agitatur;
895 1459 963 1514 ad
991 1457 1132 1527 quod
1159 1457 1488 1512 descendunt
1521 1473 1539 1505 ι
1575 1455 1628 1508 in
1658 1453 1882 1508 navibus
1912 1471 1930 1502 ι
1960 1465 2044 1507 re-

475 1551 682 1620 gendis,
706 1549 759 1604 id
783 1558 867 1604 est
889 1548 942 1602 in
967 1546 1242 1621 Ecclesiis,
1267 1561 1384 1615 qua:
1412 1545 1813 1599 circumdantur
1837 1551 1892 1597 et
1917 1557 2044 1596 con-

477 1641 778 1695 tunduntur
824 1637 1073 1692 ﬂuctibus
1117 1645 1172 1691 et
1226 1636 1576 1690 seditionibus
1616 1635 1776 1704 hujus
1825 1633 2043 1702 saaculi,

475 1727 640 1783 veluti
661 1741 827 1782 naves
848 1725 1094 1779 ﬂuctibus
1115 1724 1306 1789 maris;
1334 1722 1434 1792 ipsi
1451 1722 1570 1777 dico
1591 1721 1679 1791 qui
1695 1721 2044 1786 descendunt,

484 1835 502 1869 ι
538 1815 797 1871 facientes
838 1813 1228 1884 Operationem,
1269 1831 1287 1863 ι
1322 1811 1529 1866 scilicet
1559 1809 1956 1880 praedicationis
1991 1813 2047 1864 et

477 1906 853 1971 confessionis,
884 1913 939 1959 et
965 1904 1069 1958 alia
1111 1903 1206 1958 Dei
1243 1902 1504 1958 beneficia
1534 1902 1910 1972 dispensantes
1939 1919 1958 1954 ι
1989 1901 2046 1957 in

474 1997 632 2068 aquis
656 1996 859 2060 multis,
898 2015 917 2048 ι
951 1995 1003 2049 id
1029 2003 1133 2059 est,
1157 1995 1212 2048 in
1243 1994 1425 2049 multis
1446 1993 1677 2064 populis.

553 2109 572 2142 ι
623 2089 726 2158 1ρεί
783 2109 802 2141 ι
853 2097 1088 2142 rectores
1131 2086 1408 2153 Ecclesiae,
1447 2086 1536 2156 qui
1573 2087 1647 2141 ita
1694 2086 2044 2154 descendunt,

481 2200 500 2233 ι
537 2179 788 2234 viderunt
815 2193 978 2248 opera
1001 2177 1234 2243 Domini,
1261 2185 1318 2232 et
1357 2176 1624 2232 mirabilia
1655 2177 1790 2248 ejus,
1831 2197 1849 2231 ι
1889 2178 1943 2233 id
1965 2186 2050 2235 est

477 2269 753 2326 mirabiles
795 2267 1135 2338 operationes
1181 2265 1298 2336 ejus
1344 2275 1713 2338 cognoverunt
1755 2285 1774 2319 ‹
1827 2269 1882 2322 in
1923 2284 2048 2338 pro-

474 2358 640 2414 fundo
675 2377 693 2410 ›
727 2358 905 2414 cordis
939 2372 955 2410 :
997 2357 1110 2422 vel,
1141 2357 1312 2415 factas
1336 2357 1392 2414 in
1418 2357 1703 2430 profundo,
1728 2359 1780 2414 id
1817 2367 1918 2426 est,
1967 2359 2049 2416 in-

475 2449 751 2505 scrutabili
773 2448 997 2503 consilio
1024 2447 1140 2503 Dei.

543 2541 687 2597 Bene
713 2542 832 2597 dico
858 2561 875 2592 ι
903 2556 1086 2612 opera,
1119 2560 1137 2592 )
1169 2541 1294 2611 quia
1321 2541 1438 2597 ham
1466 2556 1629 2612 opera
1655 2541 1751 2597 Dei
1778 2543 1919 2598 inter
1945 2557 2049 2598 cae-

475 2641 592 2688 tera
636 2639 1002 2701 ceguoverunt
1029 2631 1173 2699 quod
1216 2631 1330 2699 ipse
1362 2648 1381 2680 ι
1417 2631 1572 2696 dixit,
1609 2649 1627 2680 ι
1663 2629 1714 2684 id
1752 2641 1832 2686 est
1857 2631 2044 2700 voluit,

479 2743 498 2775 ι
535 2733 588 2780 et
611 2724 832 2792 spiritus
866 2721 1136 2792 procellae,
1180 2742 1197 2773 ι
1227 2721 1278 2776 id
1300 2728 1383 2778 est
1403 2722 1678 2788 diabolus,
1711 2723 1803 2794 qui
1833 2739 2047 2779 omnem

475 2825 655 2870 movet
691 2814 1002 2884 procellam,
1038 2814 1090 2868 id
1127 2821 1226 2877 est,
1269 2821 1644 2884 tempestatem
1686 2815 2046 2870 tentationum

475 2906 636 2976 hujus
659 2908 805 2972 vitae,
834 2926 852 2959 ι
889 2908 1062 2973 stetit,
1098 2927 1117 2960 ι
1145 2907 1196 2962 id
1217 2917 1319 2973 est,
1345 2908 1558 2963 horruit
1592 2916 1784 2964 contra
1808 2917 2046 2964 rectores

473 2999 748 3062 Ecclesizn,
795 3006 851 3053 et
878 2999 932 3052 in
979 2999 1112 3069 ipsis
1159 2998 1451 3068 procellam
1505 3013 1658 3053 suam
1709 2999 2044 3053 commovit:

482 3106 500 3138 ‹
539 3087 605 3142 Ει
639 3108 658 3140 ι
708 3102 805 3158 per
843 3088 948 3143 hoc
1003 3107 1020 3138 ‹
1071 3087 1262 3143 ﬂuctus
1305 3088 1422 3160 ejus
1473 3108 1492 3142 ι
1531 3088 1809 3158 procellae,
1856 3088 1908 3143 id
1941 3095 2044 3156 est,

476 3178 830 3233 adversitates
872 3177 956 3232 vel
996 3186 1360 3248 tempestates,
1393 3187 1448 3234 et
1487 3179 1894 3250 prosperitates,
1928 3195 2046 3250 quae

476 3269 711 3323 maxime
745 3268 1060 3324 concutiunt
1084 3269 1246 3323 corda
1291 3269 1588 3335 hominum,
1631 3288 1650 3320 ι
1685 3275 1810 3324 sunt
1835 3269 2044 3323 exalta-

2137 721 2361 791 spiritus
2394 716 2613 786 maligni
2664 714 2754 786 qui
2796 714 2948 784 prius
2990 713 3250 783 impetum
3300 713 3736 768 immittebant:

2137 811 2264 883 quia
2306 808 2643 866 inbabitante
2689 822 2787 862 eos
2829 803 3036 874 Spiritu
3103 812 3310 866 sancto,
3373 805 3496 875 jam
3556 805 3738 863 nullus

2138 901 2354 967 ﬂuctus,
2400 899 2580 953 nullus
2611 897 2843 967 impetus
2884 893 3084 949 diaboli
3123 895 3299 964 potuit
3320 893 3613 949 dominari
3639 895 3734 952 eis.

2216 1014 2234 1047 ι
2266 993 2334 1048 Et
2362 991 2524 1046 lzetati
2555 997 2681 1044 sunt
2705 988 2831 1057 quia
2860 986 3144 1052 siluerunt,
3176 994 3232 1040 et
3263 1003 3283 1036 ι
3319 985 3403 1040 sic
3433 1002 3454 1036 ι
3506 976 3736 1041 adluxit

2140 1101 2234 1143 eos
2253 1085 2309 1140 in
2334 1093 2548 1154 portum
2571 1079 2868 1135 voluntatis
2891 1092 3102 1142 eorum,
3131 1096 3150 1128 ‹
3179 1076 3233 1131 id
3258 1084 3362 1144 est,
3381 1076 3441 1131 in
3464 1086 3730 1148 quantam

2140 1175 2423 1231 voluerunt
2445 1171 2810 1227 securitatem.

2218 1282 2238 1316 ι
2266 1261 2656 1319 Conﬁteantur.
2679 1258 2841 1315 iPars
2854 1261 3065 1329 quinta.
3079 1257 3305 1314 Et‘sicut
3317 1258 3374 1315 in
3389 1260 3525 1314 aliis
3539 1274 3732 1330 propo-

2145 1357 2254 1413 suit
2285 1353 2710 1410 admonitionem
2736 1350 2909 1407 laudis
2945 1351 3395 1423 prosequentibus
3423 1349 3725 1420 beneﬁciis,

2147 1448 2220 1504 ita
2249 1447 2362 1513 hic,
2391 1461 2514 1501 cum
2543 1445 2675 1501 dicit
2723 1463 2738 1499 :
2777 1462 2795 1496 ι
2825 1443 3206 1500 Conﬁteantur
3242 1445 3476 1500 Domino
3521 1447 3728 1503 miseri

2146 1538 2343 1594 cordia:
2370 1537 2508 1608 ejus,
2559 1544 2616 1592 et
2644 1535 2911 1592 mirabilia
2939 1533 3057 1605 ejus
3101 1534 3226 1592 filiis
3250 1535 3573 1602 hominum,
3611 1557 3630 1590 ι
3672 1547 3726 1593 ιι

2148 1644 2328 1702 supra.

2225 1741 2244 1774 ι
2278 1722 2346 1776 Ει
2371 1720 2614 1777 exaltent
2635 1734 2758 1776 eum
2789 1719 2846 1775 in
2870 1719 3112 1777 Ecclesia
3138 1718 3314 1792 plebis
3342 1739 3361 1772 ι
3387 1727 3449 1776 et
3471 1728 3592 1776 tota
3617 1737 3727 1776 con-

2150 1813 2389 1886 gregatio
2428 1813 2610 1885 populi
2657 1811 2877 1868 laudent
2905 1827 3032 1868 eum
3069 1812 3455 1878 communiter,
3485 1819 3548 1866 et
3575 1813 3722 1865 etiam

2151 1906 2229 1960 illi
2259 1905 2499 1976 praelati;
2538 1913 2594 1960 et
2631 1906 2737 1961 hoc
2763 1912 2847 1960 est
2877 1918 2893 1958 :
2929 1921 2949 1954 ι
2985 1911 3040 1958 ει
3065 1902 3121 1958 in
3157 1902 3425 1958 cathedra
3461 1904 3721 1958 seniorum

2072 1980 2121 2041 Β
2149 1995 2367 2050 laudent
2409 2009 2554 2060 eum,
2593 2013 2614 2048 ι
2661 1993 2716 2050 id
2741 2001 2848 2061 est,
2883 1992 2958 2048 illi
2986 1992 3079 2063 qui
3115 1993 3318 2048 habent
3357 1992 3721 2064 mag'aterinn

2148 2101 2312 2158 super
2339 2085 2493 2141 alios.

2218 2175 2494 2242 Exaltent,
2518 2175 2758 2243 laudent,
2793 2173 2915 2231 ideo
2943 2174 3070 2245 quia
3096 2174 3212 2246 ipse
3246 2191 3265 2226 ι
3301 2176 3495 2244 posuit
3519 2173 3716 2229 ﬂumina

2148 2264 2205 2319 in
2243 2264 2539 2330 desertum,
2559 2336 2562 2342 ι
2586 2284 2604 2318 ι
2637 2265 2694 2320 id
2720 2272 2828 2331 est,
2865 2265 3146 2321 doctrinas
3175 2265 3467 2336 Evangelii
3492 2267 3718 2336 posuitil

2148 2362 2356 2425 gentes,
2396 2355 2591 2425 quibus
2620 2356 2783 2411 corda
2807 2368 2993 2410 eorum
3037 2355 3369 2425 irrigantur;
3406 2375 3429 2407 ι
3476 2364 3533 2410 et
3566 2357 3719 2410 exitus

2149 2439 2436 2515 aquarum,
2465 2466 2483 2498 ι
2513 2447 2567 2502 id
2581 2456 2683 2514 est,
2707 2447 2880 2518 ipsam
2903 2447 3205 2502 doctrinam
3223 2445 3526 2501 manifeste
3545 2462 3720 2501 exean-

2150 2546 2258 2593 tem
2288 2537 2355 2592 de
2382 2535 2566 2592 Iudaea
2604 2552 2704 2609 per
2731 2537 3171 2608 praedicationem
3212 2537 3602 2607 apostolorum
3641 2553 3715 2606 po-

2149 2631 2257 2686 suit
2293 2648 2311 2680 ί
2349 2631 2404 2684 in
2437 2629 2603 2694 sitim,
2638 2649 2658 2682 ι
2690 2629 2744 2684 id
2771 2637 2874 2695 est,
2900 2631 2954 2684 in
2987 2638 3192 2701 gentes,
3220 2631 3317 2701 qui
3351 2632 3714 2702 internaaﬁ—

2148 2722 2358 2778 ratione
2380 2721 2659 2777 caelestem
2690 2722 2992 2777 doctrinam
3029 2722 3303 2778 sitiebant.

2225 2833 2245 2866 (
2284 2814 2511 2869 Terram
2539 2827 2670 2868 vero
2694 2810 3052 2879 fructiferam,
3088 2831 3108 2865 ι
3140 2811 3196 2867 id
3223 2820 3309 2867 est
3331 2812 3714 2883 Judaeam,quz

2147 2907 2299 2978 prius
2319 2914 2438 2962 erat
2468 2905 2768 2972 fructifera,
2793 2905 2977 2976 posuit
3002 2924 3022 2956 ι
3047 2905 3101 2960 in
3117 2904 3483 2976 salsuginem,
3517 2927 3538 2960 ›
3568 2909 3617 2962 id
3634 2917 3710 2968 est.

2149 2997 2205 3053 in
2233 2996 2594 3052 sterilitatem.
2626 2994 2733 3050 Per
2757 2994 3084 3066 salsuginem
3105 2995 3370 3052 sterilitas
3391 2996 3712 3067 intelligitur,

2148 3089 2275 3160 quia
2313 3088 2359 3144 si
2388 3087 2604 3158 salsugo
2627 3095 2789 3143 terra:
2817 3088 3133 3153 misceatur,
3163 3101 3287 3143 eam
3322 3088 3556 3157 penitus
3578 3089 3712 3144 steri-

2147 3177 2253 3232 lem
2281 3176 2411 3233 facit
2439 3194 2452 3230 :
2478 3185 2535 3232 et
2565 3177 2670 3232 hoc
2696 3175 2828 3233 fecit
2859 3194 2879 3229 ‹
2913 3191 2944 3232 a
2966 3176 3198 3242 malitia,
3230 3195 3251 3230 ι
3288 3177 3347 3232 id
3373 3189 3482 3242 est,
3518 3188 3714 3249 propter

2146 3269 2409 3324 malitiam
2442 3288 2460 3320 ι
2496 3267 2915 3324 inhabitantium
2939 3267 2994 3324 in
3027 3283 3114 3334 ea,
3149 3285 3168 3320 (
3204 3269 3313 3324 hoc
3335 3277 3446 3334 est,
3471 3270 3616 3340 justo
3637 3268 3715 3336 ju-

478 3357 541 3424 ti,
578 3376 598 3410 »
633 3358 684 3412 id
725 3366 826 3424 est,
859 3357 1197 3428 multiplicati
1237 3359 1290 3413 in
1315 3358 1396 3414 eis
1433 3376 1446 3413 :
1477 3367 1646 3414 lentat
1676 3359 1819 3414 enim
1857 3359 2043 3414 diabo-
2071 3337 2120 3404 ο
2150 3361 2289 3417 dicio
2320 3376 2418 3416 suo
2439 3359 2731 3416 excaecavit
2751 3358 2988 3427 Iudaeos,
3011 3369 3068 3416 et
3099 3368 3294 3430 gentes
3325 3337 3628 3416 introduxit

475 3449 559 3504 lus
597 3451 740 3520 ipsos
782 3458 1022 3504 rectores
1065 3449 1342 3513 Ecclesiae,
1383 3457 1438 3503 et
1487 3463 1584 3518 per
1628 3463 1755 3503 suas
1798 3447 2045 3520 proprias

474 3542 862 3612 prosperitates
892 3548 947 3596 et
966 3540 1214 3612 proprias
1238 3539 1486 3594 similiter
1509 3540 1881 3595 adversitates.

552 3651 570 3684 ι
590 3631 809 3688 Fluctus
839 3641 964 3688 sunt
1004 3633 1248 3698 exaltati,
1274 3652 1293 3685 ι
1329 3642 1383 3688 ει
1412 3646 1508 3704 per
1548 3632 1652 3687 hoc
1676 3630 1753 3686 illi
1782 3639 2044 3698 rectores,

475 3740 611 3794 quos
642 3724 716 3778 illi
751 3723 1033 3794 impellunt
1081 3723 1301 3791 ﬂuctus,
1355 3743 1375 3776 ι
1429 3725 1728 3781 ascendunt
1766 3739 1936 3794 usque
1977 3725 2046 3780 ad

476 3817 662 3882 caelos,
703 3837 721 3868 ι
752 3817 959 3872 scilicet
988 3831 1085 3885 per
1119 3816 1318 3872 multas
1346 3816 1735 3887 prosperitates
1773 3815 2048 3870 ducuntur

475 3909 528 3962 in
575 3907 796 3962 nimiam
832 3905 1138 3961 altitudinis
1183 3906 1508 3971 elationem;
1555 3925 1572 3956 ‹
1621 3916 1676 3960 ει
1715 3906 2049 3961 descendunt

475 4011 646 4064 usque
693 3995 760 4047 ad
784 3993 1032 4064 abyssos,
1083 4012 1102 4045 ι
1151 3995 1296 4063 quia,
1335 3994 1577 4064 depressi
1606 3995 1659 4047 in
1703 3993 2047 4050 multitudine

475 4085 885 4148 adversitatum,
945 4084 1212 4137 ducuntur
1259 4098 1432 4153 usque
1472 4084 1525 4138 in
1578 4083 2043 4154 desperationem:

474 4187 528 4230 et
553 4190 648 4241 per
675 4175 777 4228 hoc
803 4191 821 4223 ‹
853 4171 1034 4226 anima
1064 4187 1251 4228 eorum
1281 4174 1611 4241 tabescebat,
1648 4194 1667 4228 ι
1704 4173 1757 4229 id
1780 4183 1882 4240 est,
1915 4174 2048 4230 defi-

475 4264 678 4329 ciebat,
709 4280 729 4315 ‹
760 4263 815 4318 in
851 4261 1028 4330 malis,
1057 4282 1077 4319 ι
1106 4264 1159 4320 id
1175 4273 1259 4320 est
1282 4273 1504 4336 propter
1529 4266 1669 4320 mala
1692 4281 1811 4338 quae
1838 4268 1891 4322 in
1914 4267 2047 4338 ipsis

472 4352 764 4411 movebant
798 4354 1123 4413 tentatioues
1148 4355 1450 4425 deﬁciebat,
1477 4357 1602 4428 quia
1631 4357 1764 4413 nihil
1798 4359 1925 4414 boni
1966 4358 2048 4415 fa-

476 4461 602 4504 cere
630 4446 901 4502 valebant.

553 4555 572 4588 ι
607 4537 784 4592 Etiam
815 4537 1015 4592 turbati
1049 4547 1194 4606 sunt,
1231 4558 1250 4594 ι
1297 4541 1352 4596 id
1386 4549 1492 4608 est,
1527 4539 1777 4612 ignorant
1798 4541 1927 4611 quid
1965 4540 2048 4596 fa-

473 4627 724 4684 ciendum
751 4629 821 4684 sit
848 4628 948 4693 eis,
977 4629 1118 4685 sicut
1144 4641 1385 4687 rectores
1425 4631 1642 4687 navium
1671 4631 1959 4687 turbantur
1989 4631 2046 4688 in

477 4717 636 4780 mari,
681 4717 963 4787 ingruente
995 4719 1302 4776 vehementi
1340 4729 1698 4792 tempestate;
1748 4739 1768 4773 ι
1822 4731 1878 4778 ει
1913 4723 2046 4779 moti

475 4817 602 4862 sunt
637 4827 655 4858 ι
695 4809 761 4861 ad
789 4808 924 4862 iram
960 4809 1219 4868 adversus
1240 4813 1502 4881 subditos,
1533 4831 1552 4866 ι
1586 4813 1730 4869 sicut
1753 4814 1958 4879 ebrius,
1989 4821 2046 4868 et

477 4897 557 4952 sic
584 4895 758 4951 omnis
791 4897 1053 4965 sapientia
1096 4914 1282 4956 eorum
1322 4902 1577 4959 devorata
1608 4911 1710 4968 est,
1762 4921 1780 4954 ι
1815 4903 1943 4971 quia
1991 4902 2047 4958 in

476 4986 636 5042 nullis
691 4987 828 5064 b¢ne
882 4995 1108 5043 utuntur
1161 4992 1387 5060 ratione,
1432 5010 1607 5065 neque
1656 5010 1778 5051 cum
1826 5003 2048 5051 utuntur

475 5078 771 5148 prosperis,
802 5094 978 5150 neque
1002 5095 1126 5135 cum
1155 5081 1475 5154 franguntur
1499 5089 1760 5146 adversis.

551 5170 684 5237 Quia
715 5175 1128 5231 necessitatibus
1157 5179 1327 5233 coacti
1352 5191 1493 5248 sunt,
1529 5201 1548 5234 ι
1585 5191 1639 5239 ει
1677 5203 1697 5236 ι
1728 5183 1848 5240 ideo
1879 5203 1899 5237 ι
1933 5183 2046 5241 cla-

477 5273 760 5318 maverunt
783 5265 848 5320 ad
879 5267 1163 5323 Dominum
1186 5284 1307 5324 cum
1335 5272 1740 5342 tribularentur,
1769 5285 1822 5333 et
1852 5277 1918 5333 de
1946 5292 2048 5334 ne-

477 5353 822 5410 cessitatibus
861 5371 1047 5411 eorum
1085 5359 1271 5414 eduxit
1295 5375 1408 5415 eos.
1446 5382 1464 5414 ι
1496 5361 1742 5420 Ostendit
1778 5369 2049 5433 quomodo

480 5442 664 5496 eduxit
706 5459 821 5510 eos,
870 5446 1094 5502 dicens:
1129 5467 1149 5500 ι
1189 5449 1256 5503 Et
1295 5451 1481 5506 statuit
1518 5455 1805 5523 procellam
1848 5459 1986 5530 ejus,
2022 5479 2042 5514 ι

477 5533 665 5597 maris,
697 5534 748 5587 id
789 5543 893 5600 est,
925 5538 1248 5595 tentationes
1277 5547 1333 5595 et
1361 5542 1620 5600 tumultus
1648 5545 1803 5614 hujus
1844 5549 2046 5618 saeculi,

483 5637 504 5672 α
537 5623 600 5704 in.
632 5639 818 5680 auram
866 5644 884 5677 ι
933 5642 1170 5694 suavem,
1203 5646 1321 5699 quae
1363 5633 1502 5688 bene
1533 5647 1801 5692 recrearet
1837 5655 1947 5705 eos,
1992 5641 2046 5696 id

444 5721 446 5724 '
479 5720 583 5775 est,
607 5714 837 5782 gratiam
875 5717 1229 5786 spiritualem,
1261 5723 1466 5778 scilicet
1493 5726 1582 5781 ubi
1605 5727 1754 5797 prius
1785 5733 2049 5801 regnabat

476 5806 712 5895 procella
743 5815 796 5861 et
820 5811 1098 5878 persuasio
1125 5813 1344 5886 diaboli,
1373 5819 1535 5874 modo
1560 5820 1739 5891 posuit
1757 5820 1900 5878 Deus
1925 5823 2078 5895 Spi-'

479 5893 645 5951 ritum
675 5906 936 5965 sanctum,
973 5900 1065 5972 qui
1100 5903 1244 5959 intus
1273 5905 1541 5964 refoveret
1577 5924 1672 5968 eos
1703 5929 1716 5967 :
1753 5929 1772 5964 ι
1804 5922 1858 5969 ει
1896 5933 1915 5968 ι
1949 5893 2048 5985 per

2072 4691 2127 4752 D

2223 3470 2243 3505 ‹
2295 3451 2484 3507 Posuit
2529 3451 2670 3507 dico.
2717 3470 2737 3504 ι
2780 3449 3146 3506 Continuatio.
3180 3449 3428 3506 Iudaeam
3457 3452 3629 3523 posuit
3653 3452 3709 3507 in

2146 3543 2492 3615 salsuginem.
2528 3561 2548 3596 ι
2575 3543 2857 3600 Desertum
2893 3564 2914 3598 ι
2938 3553 3143 3610 autem,
3169 3543 3224 3599 id
3249 3554 3338 3602 est
3357 3545 3605 3618 gentiles,
3629 3547 3711 3616 qui

2144 3637 2297 3708 prius
2345 3645 2504 3692 erant
2555 3636 2756 3693 deserti
2801 3653 2832 3692 a
2877 3637 3186 3710 cognitione
3218 3637 3335 3704 Dei,
3389 3657 3410 3691 ‹
3453 3641 3632 3710 posuit
3667 3641 3711 3696 in

2148 3736 2338 3799 stagna
2372 3741 2654 3796 aquarum,
2698 3747 2720 3782 ι
2759 3729 2814 3784 id
2837 3738 2922 3784 est
2944 3730 3002 3784 in
3030 3729 3347 3794 Ecclesiam,
3376 3747 3499 3801 qua:
3533 3740 3618 3786 est
3655 3731 3718 3787 lo-

2148 3833 2245 3873 cus
2275 3819 2330 3872 in
2360 3832 2468 3888 quo
2491 3816 2612 3874 loco
2635 3827 2780 3874 stant
2808 3833 2983 3888 aquae,
3007 3819 3063 3874 id
3087 3830 3173 3876 est
3201 3821 3476 3890 baptisma.
3519 3821 3638 3886 Vel,
3670 3822 3724 3876 in

2149 3915 2339 3979 stagna
2369 3922 2634 3978 aquarum
2669 3910 2869 3978 posuit,
2914 3908 2968 3964 id
3010 3919 3113 3976 est,
3147 3909 3200 3965 in
3223 3924 3281 3964 ea
3314 3918 3459 3964 stare
3494 3909 3635 3964 fecit
3663 3919 3726 3965 et

2147 4015 2498 4072 perseverare
2545 4017 2736 4074 aquas,
2787 4001 2842 4058 id
2892 4011 2977 4058 est
3019 4002 3323 4074 spirituales
3370 4003 3665 4059 doctrinas
3705 4019 3722 4058 :

2153 4112 2174 4147 ι
2219 4105 2274 4149 ει
2323 4112 2342 4147 ι
2378 4092 2622 4148 eamdem
2657 4112 2677 4146 ι
2712 4101 2913 4148 terram
2953 4112 2974 4146 ι
3011 4109 3133 4166 qua:
3181 4094 3332 4166 prius
3379 4102 3501 4149 erat
3547 4113 3569 4146 ι
3611 4095 3722 4149 sine

2150 4201 2311 4256 aqua,
2347 4205 2367 4238 ι
2401 4185 2456 4242 id
2485 4195 2568 4241 est
2589 4185 2834 4258 gentiles,
2855 4186 3033 4256 posuit
3061 4205 3080 4238 ι
3112 4187 3169 4241 in
3195 4187 3372 4242 exitus
3403 4201 3668 4257 aquarum
3698 4205 3714 4238 I

2148 4286 2211 4333 ut
2237 4277 2401 4332 etiam
2438 4277 2505 4332 de
2525 4277 2655 4348 ipsis
2676 4279 2744 4332 ad
2773 4277 2909 4333 alios
2933 4277 3175 4334 doctrina
3203 4275 3518 4348 proﬂueret.

2227 4386 2246 4420 ‹
2284 4368 2352 4422 Et
2381 4367 2510 4432 illic,
2552 4387 2570 4421 ι
2611 4366 2666 4423 id
2699 4375 2803 4434 est,
2839 4368 2896 4424 in
2931 4368 3084 4439 aquis
3112 4367 3276 4434 illius,
3326 4385 3346 4420 ι
3379 4368 3664 4424 collocavit
3697 4387 3716 4420 ι

2151 4459 2295 4514 Deus
2327 4477 2346 4510 ι
2384 4458 2709 4523 esurientes,
2759 4477 2779 4511 ι
2812 4458 2868 4514 id
2903 4466 3006 4516 εει.
3036 4458 3411 4515 desiderantes
3444 4459 3600 4514 reﬂci
3626 4459 3722 4529 spi-

2150 4548 2436 4605 ritualibus
2459 4549 2722 4606 doctrinis
2748 4569 2762 4605 :
2797 4569 2816 4602 ι
2847 4559 2903 4606 ει
2932 4571 2950 4604 ›
2983 4550 3084 4622 ipsi
3105 4550 3356 4606 collocati
3384 4569 3406 4602 ι
3439 4553 3724 4607 constitue»

2153 4647 2282 4695 runt
2307 4640 2603 4705 civitatem,
2638 4659 2658 4694 ›
2693 4641 2747 4696 id
2765 4648 2870 4707 est,
2895 4641 3215 4710 Ecclesiam,
3245 4659 3265 4694 ‹
3297 4641 3674 4708 habitation'm,
3703 4660 3720 4695 ι

2152 4735 2206 4792 id
2231 4741 2330 4796 est,
2358 4733 2411 4788 in
2437 4748 2545 4802 qua
2571 4732 2682 4789 sola
2716 4733 3060 4790 habitandum
3089 4743 3194 4790 est.

2232 4842 2252 4875 ‹
2281 4823 2348 4878 Ει
2386 4841 2404 4874 ›
2438 4821 2540 4892 ipsi
2569 4822 2766 4877 ibidem
2787 4824 2966 4894 positi,
3002 4843 3021 4876 ‹
3061 4823 3473 4882 seminaverunt
3497 4840 3685 4898 agnos,
3707 4842 3725 4878 ι

2153 4912 2209 4968 id
2241 4919 2346 4976 est,
2372 4918 2757 4966 converterunt
2783 4913 3045 4981 quosdam
3076 4915 3194 4970 sine
3230 4913 3404 4970 multo
3445 4915 3736 4972 laborese.

2151 5001 2413 5059 minando
2442 5002 2668 5056 verbum
2693 5002 2820 5068 Dei;
2852 5021 2870 5054 ι
2895 5014 2951 5059 et
2976 5003 3362 5074 plantaverunt
3383 5005 3611 5069 vineas,
3643 5025 3663 5056 ι
3688 5003 3736 5059 Id

2153 5102 2259 5158 est,
2300 5095 2562 5164 quosdam
2593 5108 2716 5149 cum
2749 5110 2941 5164 magno
2982 5094 3167 5152 labore
3199 5096 3654 5162 adificaverunt;
3689 5103 3738 5150 et

2157 5183 2262 5254 ipsi
2292 5183 2545 5238 semiuati
2579 5202 2597 5234 ι
2627 5191 2683 5238 ει
2712 5203 2730 5235 ι
2771 5184 3018 5254 plantati,
3055 5203 3076 5237 ι
3103 5183 3351 5240 fecerunt
3371 5183 3625 5241 fructum
3654 5200 3740 5240 na-

2157 5273 2406 5339 tivitatis,
2457 5293 2476 5326 »
2511 5271 2565 5328 id
2603 5282 2706 5338 est,
2737 5274 3036 5330 doctrinam
3075 5276 3466 5346 magistrorum
3514 5285 3652 5332 sunt
3694 5276 3745 5330 in

2153 5365 2410 5438 Operibus
2443 5365 2659 5421 imitati.
2689 5365 2782 5422 Ille
2819 5366 2949 5422 facit
2969 5367 3204 5423 fructum
3233 5367 3566 5434 nativitatis,
3592 5369 3685 5424 cui
3705 5367 3748 5422 si

2154 5457 2481 5530 praedicatur
2513 5457 2760 5523 castitas,
2801 5467 2949 5514 caste
2976 5458 3109 5513 vivit
3139 5476 3153 5512 :
3188 5459 3277 5514 ille
3314 5473 3421 5513 non
3451 5457 3598 5514 facit
3638 5459 3748 5513 fru-

2155 5553 2306 5604 ctum
2340 5547 2672 5614 nativitatis,
2698 5548 2753 5603 in
2793 5563 2899 5618 quo
2925 5549 2972 5603 si
3005 5549 3282 5620 plantatur
3307 5548 3543 5604 castitas
3580 5550 3753 5605 verbo

2153 5643 2547 5716 praedicatoris,
2575 5644 2690 5714 ipse
2713 5651 2893 5700 tamen
2919 5645 3328 5702 furnicationem
3352 5645 3540 5701 reddit
3568 5663 3586 5700 :
3614 5645 3756 5701 sicut

2150 5750 2279 5806 ager
2308 5735 2423 5806 qui,
2470 5743 2686 5806 recepto
2716 5735 3009 5805 frumento,
3041 5737 3251 5794 zizania
3295 5736 3499 5803 reddit,
3564 5747 3635 5797 οι
3680 5736 3758 5793 ita

2147 5841 2255 5884 non
2288 5827 2420 5886 facit
2439 5829 2672 5890 fructum
2701 5835 3018 5892 nativitatis.

2224 5942 2243 5974 ο
2277 5897 2348 5977 Et
2371 5925 2646 5983 benedixit
2677 5949 2694 5982 ι
2727 5930 2868 5985 Deus
2906 5949 2924 5982 ‹
2957 5931 3060 5997 eis,
3094 5949 3112 5984 ι
3146 5932 3198 5987 id
3226 5939 3324 5994 est,
3353 5927 3764 6000 multiplicavit
