3898 6494
198 499 310 560 569

1343 491 1780 553 EXPLANATIO
1811 493 1880 552 IN
1923 492 2262 552 PSALMOS.

3335 496 3439 553 570

197 613 523 678 virtutibus;
556 631 573 663 ι
604 620 660 666 ει
680 603 1018 680 multiplicati
1039 614 1164 662 sunt
1193 626 1210 659 ι
1240 622 1465 662 numero
1497 626 1514 658 ‹
1539 607 1718 672 nimis,
1744 626 1762 657 ι
1795 613 1848 674 Α
1872 605 1926 660 ἰη
1966 613 2018 659 ιε
2055 604 2277 660 confidit
2313 605 2492 660 anima
2532 621 2651 661 mea
2692 604 2866 678 (Psal.
2907 606 3036 679 LVI).
3092 628 3109 660 ›
3141 609 3274 667 Illud
3307 627 3440 668 vero

197 707 430 763 multum
483 724 496 758 :
548 702 652 767 vel,
691 720 709 754 ι
768 701 948 764 nimis,
987 719 1006 751 ι
1044 699 1225 762 idest,
1275 713 1436 768 supra
1487 712 1768 752 numerum

195 799 496 857 electorum
532 810 544 847 :
579 795 759 850 sicut:
793 793 1024 846 Tantum
1044 791 1385 860 multiplicati
1423 799 1548 845 sunt
1571 791 1768 860 pisces,

193 890 346 962 quod
377 888 606 943 scissum
634 893 717 941 est
743 893 878 949 rete,
925 894 980 939 et
1029 884 1104 937 illi
1151 885 1241 954 qui
1292 883 1545 952 superflui
1591 891 1768 949 erant,

193 983 450 1038 exierunt
495 979 645 1051 (Luc.
675 994 736 1044 v;
781 977 943 1032 Joan.
974 977 1088 1049 xm)
1119 996 1131 1031 :
1159 976 1451 1032 secundum
1476 992 1611 1046 quos
1637 977 1770 1047 figu-

192 1075 301 1128 rati
323 1073 584 1136 haeretici,
607 1071 698 1140 qui
726 1071 795 1125 ab
817 1069 1057 1124 Ecclesia
1088 1069 1362 1123 recedunt.
1395 1087 1411 1118 ε
1443 1069 1508 1122 Ει
1525 1068 1770 1138 jumenta

191 1179 409 1232 eorum,
445 1182 464 1215 ›
496 1162 550 1217 id
578 1169 683 1226 est,
715 1160 988 1230 simplices
1021 1160 1085 1213 de
1116 1159 1380 1224 Ecclesia,
1409 1177 1428 1208 ι
1463 1174 1569 1213 non
1597 1159 1771 1213 mino-

190 1258 366 1320 ravit,
403 1275 424 1309 ι
467 1255 520 1311 id
544 1264 648 1320 est,
681 1269 787 1308 non
816 1253 941 1308 fecit
965 1253 1187 1306 minoris
1211 1251 1370 1320 pretii
1397 1265 1558 1319 quam
1588 1257 1770 1305 essent

183 1350 275 1404 illi
318 1347 614 1418 sapientes,
669 1345 763 1401 sed
801 1345 980 1416 potius
1018 1344 1073 1399 in
1113 1344 1194 1397 eis
1237 1342 1466 1398 virtutes
1511 1340 1767 1411 multipli-

188 1439 358 1494 cavit.

266 1530 382 1600 lpse
407 1528 680 1585 benedixit
724 1527 822 1588 eis,
883 1544 901 1578 ‹
957 1533 1014 1580 ει
1061 1545 1080 1578 ι
1137 1532 1317 1579 tamen
1362 1543 1379 1574 ι
1427 1522 1584 1591 pauci
1636 1521 1766 1577 facti

187 1629 320 1677 sunt
356 1641 374 1672 ›
414 1622 480 1675 ad
509 1621 964 1691 comparationem
993 1619 1288 1684 malorum;
1317 1636 1335 1669 ι
1365 1626 1420 1672 ει
1444 1617 1618 1671 vexati
1643 1623 1768 1671 sunt

187 1729 223 1768 a
261 1712 604 1768 tribulatione
650 1713 938 1776 malorum,
985 1719 1040 1764 et
1093 1730 1110 1760 ι
1153 1710 1315 1764 etiam
1363 1709 1536 1763 vexati
1566 1717 1690 1762 sunt
1733 1721 1766 1763 ει

193 1823 214 1855 ι
272 1803 456 1860 dolore
510 1823 528 1855 ι
574 1819 734 1874 quem
789 1803 1060 1858 habebant
1102 1809 1323 1873 propter
1375 1809 1594 1872 peccata
1635 1799 1766 1854 alio-

182 1911 334 1952 rum.

1872 696 2012 766 quod
2028 695 2269 765 sequitur
2286 706 2492 766 postea,
2518 706 2727 752 mutuat
2749 699 2816 753 de
2837 699 3042 768 psalmo
3062 699 3154 756 illo
3184 720 3196 756 :
3226 723 3243 755 ι
3275 704 3439 772 Deus,

1873 786 2115 856 repulisti
2159 801 2256 841 nos
2287 785 2458 858 (Psal.
2499 787 2629 858 th).
2671 807 2688 840 ι
2718 787 2841 843 Ideo
2865 799 3040 844 autem
3065 791 3232 846 voluit
3265 810 3331 848 ex
3361 795 3440 848 di-

1869 879 2041 933 versis
2068 878 2291 948 psalmis
2320 879 2481 934 istum
2509 881 2774 950 psalmum
2814 897 3162 953 componere,
3196 886 3321 954 quia
3361 886 3440 941 vi-

1870 971 1946 1026 dit
1974 979 2154 1041 partcs
2183 970 2303 1026 illas
2329 971 2656 1041 psalmorum
2690 975 2742 1028 in
2783 973 2997 1031 Christo
3032 979 3316 1034 convenire
3347 988 3439 1035 :et

1869 1077 1989 1133 qua:
2027 1078 2123 1132 per
2151 1078 2209 1118 se
2236 1065 2303 1119 ad
2346 1063 2557 1119 laudem
2603 1066 2697 1120 Dei
2742 1077 2890 1136 grata
2929 1079 3111 1136 erant,
3153 1072 3437 1142 conjuncta

1868 1156 2106 1227 gratiora
2155 1155 2323 1210 fuere.
2365 1155 2488 1210 ldco
2517 1157 2680 1211 etiam
2725 1159 2776 1212 in
2826 1160 3064 1216 Ecclesia
3105 1176 3169 1216 ex
3211 1163 3441 1220 diversis

1865 1245 2088 1315 psalmis
2133 1245 2219 1299 vel
2259 1246 2505 1300 laudibus
2551 1247 2846 1315 antiphona
2881 1250 2964 1303 vel
3007 1263 3197 1306 cantus
3241 1254 3439 1324 aliquis

1867 1337 2230 1409 conjungitur.
2287 1339 2508 1393 Materia
2556 1338 2714 1408 hujus
2762 1341 2954 1409 psalmi
2992 1352 3075 1398 est
3119 1345 3439 1414 glorificatio

1865 1429 2067 1504 Christi
2113 1438 2168 1484 et
2209 1431 2411 1499 passio.
2445 1429 2633 1485 Modus
2672 1445 2687 1484 :
2720 1430 2776 1485 In
2813 1433 2985 1500 prima
3021 1444 3173 1504 parte
3206 1439 3441 1492 ostendit

1865 1518 2336 1590 glorificatiouem,
2367 1529 2421 1574 ct
2463 1521 2646 1576 inserit
2694 1522 2892 1592 aliquid
2936 1524 3001 1579 de
3044 1525 3433 1580 bumiliationc.

1865 1607 1920 1661 in
1959 1609 2188 1663 secunda
2219 1618 2394 1678 parte,
2428 1624 2547 1678 qua:
2582 1611 2769 1681 incipit
2819 1630 2831 1665 :
2885 1632 2902 1662 ι
2939 1612 3008 1667 Ut
3046 1613 3341 1669 liberentur
3364 1616 3438 1670 dio

1865 1699 1986 1753 lccti
2044 1700 2139 1763 tui,
2196 1720 2214 1750 ι
2263 1699 2687 1756 humiliationcm
2741 1705 3076 1771 exsequitur,
3133 1713 3188 1760 et
3232 1705 3441 1765 inducit

1862 1787 2038 1857 ipsum
2069 1789 2234 1842 Deum
2265 1790 2668 1858 promittentem
2705 1790 3077 1846 liberationem
3116 1793 3435 1863 electorum,

1866 1895 1985 1948 quae
2011 1879 2274 1950 completa
2307 1880 2408 1935 fuit
2436 1896 2534 1951 per
2559 1882 2731 1952 ipsum
2773 1881 3068 1938 Christum.
3099 1883 3326 1940 Intentio
3355 1893 3439 1942 est

265 1987 492 2057 Propter
527 1987 632 2043 hoc
677 2005 695 2038 ι
732 1987 1004 2042 contentio
1040 1995 1125 2042 est
1162 1987 1327 2042 effusa
1363 2002 1524 2057 super
1564 1985 1756 2057 princi-

1866 1969 2098 2025 invitare
2121 1987 2241 2037 nos,
2284 1981 2343 2026 ut
2379 1973 2628 2042 exemplo
2657 1974 2738 2028 sui
2774 1973 3046 2029 humiliter
3067 1977 3355 2046 patiamur,
3383 1988 3440 2035 et

182 2092 308 2148 pes,
340 2097 358 2127 ι
395 2078 446 2130 id
487 2086 591 2143 est,
638 2092 801 2147 super
849 2078 1256 2142 haeresiarchas,
1291 2077 1381 2146 qui
1434 2077 1764 2130 contendunt

181 2179 378 2224 contra
403 2170 697 2226 Ecclesiam
724 2172 817 2226 Dei
836 2189 849 2225 :
865 2171 969 2235 vel,
1002 2190 1019 2222 ι
1044 2187 1206 2241 super
1227 2171 1514 2240 principes,
1538 2190 1555 2221 ι
1583 2171 1635 2225 id
1656 2180 1760 2237 est,

183 2273 354 2328 super
390 2267 640 2328 potentes
687 2260 846 2328 hujus
895 2261 1098 2324 saeculi,
1148 2279 1166 2312 ι
1209 2269 1263 2315 ει
1296 2276 1390 2316 εοε
1440 2280 1458 2310 ι
1492 2260 1762 2332 principes

191 2371 210 2402 ‹
261 2351 390 2407 fecit
431 2371 449 2404 ι
483 2352 623 2408 Deus
664 2370 683 2403 ι
718 2367 904 2406 errare
938 2352 992 2406 in
1025 2353 1168 2406 invio
1199 2359 1253 2407 et
1287 2367 1391 2407 non
1423 2352 1474 2406 in
1515 2353 1622 2416 via,
1653 2372 1671 2402 ι
1706 2352 1762 2406 id

181 2451 291 2507 est,
319 2451 473 2498 extra
505 2444 663 2499 tidem
695 2461 708 2498 :
749 2452 937 2499 etnon
973 2443 1048 2498 ita
1082 2452 1140 2497 ut
1169 2451 1511 2508 revocentur,
1555 2445 1647 2499 sed
1683 2444 1760 2500 ita

178 2535 330 2606 quod
348 2535 484 2590 ultra
513 2551 620 2592 non
649 2545 810 2592 erunt
836 2537 890 2590 in
912 2536 1022 2602 via,
1048 2535 1102 2590 id
1130 2541 1232 2601 est,
1261 2535 1316 2589 in
1337 2535 1599 2591 catholica
1629 2535 1757 2602 ﬁde,

179 2642 308 2699 qua}
342 2635 426 2683 est
447 2629 531 2682 via
557 2627 702 2683 vitae.

257 2719 394 2776 Istos
435 2721 749 2788 excaecavit,
784 2738 804 2772 ‹
840 2729 895 2776 ει
939 2740 958 2773 ι
991 2735 1022 2777 ε
1051 2729 1241 2776 contra
1276 2739 1296 2774 ‹
1329 2721 1533 2788 adjuvit
1558 2735 1759 2792 paupe-

177 2828 301 2870 rem
339 2833 357 2865 ›
391 2829 580 2869 verum
615 2833 635 2866 ‹
695 2815 761 2869 de
805 2815 1009 2885 inopia,
1047 2835 1065 2867 ›
1107 2816 1160 2870 id
1192 2824 1294 2882 est,
1343 2817 1609 2886 supplevit
1641 2817 1760 2886 ejus

178 2906 421 2975 inopiam
455 2906 520 2962 de
549 2907 855 2977 cognitione
882 2909 986 2973 sui,
1014 2907 1300 2963 conferens
1340 2909 1389 2963 ei
1417 2907 1755 2978 sapientiam,

177 3003 249 3050 ut
272 3003 453 3066 posset
479 2995 732 3051 resistere
762 2997 1069 3052 haareticis:
1103 3014 1122 3047 ‹
1164 3005 1220 3050 ει
1251 3015 1270 3048 ι
1297 3011 1396 3066 per
1420 2997 1593 3066 ipsum
1626 3013 1758 3068 pau-

175 3101 370 3158 perem
404 3106 423 3138 ‹
451 3088 630 3158 posuit
653 3087 907 3154 familias,
951 3109 970 3142 ι
1004 3089 1056 3143 id
1105 3096 1209 3154 est,
1249 3088 1432 3158 plures
1464 3104 1759 3160 congrega-

178 3178 359 3233 tiones
402 3177 456 3232 in
513 3177 794 3245 Ecclesiis,
828 3177 1074 3235 faciendo
1103 3194 1196 3236 eas
1229 3196 1248 3230 ι
1285 3179 1428 3234 sicut
1469 3195 1620 3247 oves,
1648 3199 1667 3232 ι
1703 3179 1758 3234 id

179 3277 267 3326 est
297 3271 625 3328 innocentes.

253 3362 323 3418 Et
361 3363 466 3418 hoc
485 3365 627 3432 quod
656 3364 798 3419 Deus
827 3365 902 3420 ita
925 3364 1142 3435 adjuvat
1171 3377 1484 3436 pauperem,
1519 3371 1758 3418 excaecat

179 3453 506 3523 principem,
539 3471 558 3504 ι
596 3455 857 3509 videbunt
889 3456 1022 3510 recti
1051 3465 1106 3512 et
1139 3456 1477 3519 hetabuntur,
1507 3466 1561 3511 et
1583 3457 1759 3511 omnis

181 3543 446 3610 iniquitas
473 3541 732 3611 oppilabit
759 3559 821 3598 os
845 3559 1025 3611 suum,
1065 3565 1084 3598 ι
1116 3546 1170 3600 id
1213 3555 1296 3601 est
1323 3549 1603 3603 obstruet:
1633 3547 1760 3616 quia

176 3635 292 3704 jam
339 3631 473 3686 nihil
501 3634 699 3703 poterit
724 3635 1016 3703 oblatrare,
1061 3651 1185 3692 cum
1214 3652 1341 3694 suos
1378 3640 1670 3709 compliccs
1701 3639 1757 3694 in

181 3727 332 3782 invio
352 3727 534 3782 videat
556 3743 892 3798 permanere.

253 3816 480 3886 Quando
509 3822 726 3890 quidem
758 3831 904 3878 tanta
951 3824 1092 3880 bona
1143 3824 1293 3892 facit,
1335 3841 1466 3899 ergo
1515 3846 1534 3880 ‹
1573 3828 1696 3898 quis
1730 3845 1750 3880 ι

177 3917 264 3962 εει
293 3927 312 3958 ι
339 3909 593 3978 sapiens?
617 3929 636 3963 ι
666 3910 722 3967 Si
745 3913 866 3982 quis
891 3914 1052 3979 dicat,
1077 3914 1190 3985 Ego
1210 3930 1329 3970 sum
1355 3916 1592 3984 sapiens,
1627 3925 1755 3972 tunc

177 3997 294 4054 scio
318 3998 443 4067 quia
482 4018 501 4051 ι
535 4008 592 4055 ει
632 4002 896 4058 custodiet
925 4003 1040 4059 haec
1089 4025 1106 4056 ι
1154 4019 1273 4074 quae
1319 4005 1574 4074 pricdicta
1607 4013 1751 4072 sunt,

174 4089 606 4144 commendando
644 4092 919 4149 memoria:
943 4095 1086 4164 quod
1128 4093 1268 4150 Deus
1308 4109 1572 4165 pauperes
1596 4094 1750 4165 adju-

172 4186 288 4243 vat,
315 4178 513 4234 divites
537 4190 774 4237 excaecat
803 4199 816 4236 :
850 4202 870 4234 ι
901 4192 958 4238 ει
987 4203 1006 4237 ι
1042 4192 1169 4240 tunc
1195 4204 1214 4236 ‹
1242 4185 1499 4256 intelliget
1537 4186 1749 4242 miseri-

175 4269 391 4325 cordias
423 4267 658 4338 Domini,
707 4292 726 4324 ι
756 4273 984 4341 scilicet,
1016 4276 1160 4344 quod
1189 4275 1331 4330 Deus
1359 4274 1488 4331 facit
1514 4292 1619 4331 non
1654 4290 1751 4345 per

174 4363 702 4432 meritahominum,
731 4369 823 4422 sed
851 4382 952 4439 per
983 4367 1382 4424 misericordias
1419 4383 1566 4424 suas.
1613 4368 1753 4424 Alle-

173 4450 307 4507 Μ’
647 4523 716 4581 IN
750 4524 1082 4583 PSALMUM
1120 4527 1275 4584 cvn.

389 4611 646 4671 Trwws.
685 4613 962 4671 Canticum
993 4617 1179 4688 psalmi
1207 4619 1306 4689 ipsi
1337 4619 1526 4673 David.

253 4742 271 4776 ι
299 4723 549 4780 Paratum
578 4741 674 4782 cor
718 4743 917 4796 meum,
949 4729 1108 4786 Deus.
1149 4751 1167 4784 ι
1204 4730 1449 4787 Psalmus
1483 4733 1584 4788 iste
1615 4748 1748 4789 con-

170 4817 324 4872 venit
365 4815 551 4882 David,
593 4816 646 4871 id
685 4828 786 4882 est,
825 4818 1060 4886 Christo,
1095 4821 1186 4890 qui
1215 4822 1303 4877 hic
1341 4821 1577 4892 loquitur
1614 4822 1749 4893 :qui

171 4907 374 4962 dicitur
401 4908 694 4974 canticum,
719 4910 845 4979 quia
873 4913 1123 4982 proponit
1151 4929 1398 4983 magnam
1436 4915 1752 4972 exsultatio-

169 5013 320 5064 nem,
353 4999 560 5056 scilicet
583 5001 781 5057 Christi
807 5003 1271 5073 gloriftcationem,
1295 5021 1456 5075 quam
1486 5009 1748 5077 propheta

170 5089 265 5142 hic
305 5091 641 5146 exsultanter
685 5095 988 5149 annuntiat.
1046 5096 1292 5152 Psalmus
1342 5099 1568 5165 dicitur,
1620 5099 1748 5170 quia

171 5178 343 5246 ipsius
369 5179 570 5236 Christi
598 5183 795 5238 bonam
841 5187 1210 5254 operationem
1242 5188 1509 5257 proponit,
1541 5189 1748 5243 scilicet

172 5268 624 5338 humiliationem,
649 5289 752 5342 qua
781 5290 950 5345 genus
976 5276 1294 5344 humanum,
1331 5277 1381 5332 id
1412 5288 1496 5333 est
1523 5280 1749 5336 dilectos

170 5377 320 5427 suos,
353 5363 621 5419 liberavit.
649 5366 727 5420 Ex
756 5384 860 5437 qua
900 5370 1290 5434 humiliatione,
1331 5372 1384 5426 id
1429 5381 1512 5426 est
1557 5387 1747 5442 opera-

173 5454 342 5520 tione,
373 5458 637 5526 processit
657 5459 783 5513 illud
809 5461 1099 5526 canticum,
1122 5463 1250 5531 quia
1273 5477 1338 5517 ex
1367 5463 1556 5519 militia
1585 5464 1745 5518 Chri-

171 5546 266 5609 sti,
297 5547 456 5616 digne
496 5558 550 5603 et
582 5558 690 5604 tam
724 5550 1007 5620 diligenter
1035 5561 1276 5622 peracta,
1303 5555 1563 5622 processit
1586 5555 1748 5625 glori-

175 5638 359 5693 ﬁcatio
388 5638 572 5709 ipsius.
601 5641 998 5696 Attendendum
1030 5644 1170 5712 quod
1197 5643 1250 5698 in
1279 5644 1381 5700 hoc
1407 5646 1614 5716 psalmo
1646 5662 1745 5702 no-

173 5730 259 5784 vis
288 5732 466 5787 verbis
495 5749 600 5788 non
637 5735 805 5788 utitur
833 5737 1113 5806 propheta,
1157 5737 1248 5791 sed
1280 5738 1505 5807 primam
1535 5748 1746 5808 partem

175 5836 297 5890 quze
322 5830 438 5877 est:
464 5823 533 5878 Ut
554 5824 848 5879 liberentur
876 5826 1056 5881 dilecti
1084 5826 1182 5890 tui,
1224 5836 1432 5881 tnutuat
1453 5829 1518 5883 de
1540 5828 1747 5898 psalmo

176 5910 305 5971 illo:
339 5931 359 5968 σ
405 5913 660 5973 Miserere
693 5917 821 5986 mei,
853 5917 1014 5988 Deus,
1043 5919 1301 5976 miserere
1325 5920 1455 5988 mei,
1492 5921 1746 5995 quoniam

1772 4690 1826 4752 D

1865 2065 1981 2134 ipsa
2006 2065 2259 2134 patientia
2279 2067 2533 2122 virtutem
2557 2075 2610 2122 et
2631 2068 2978 2122 securitatem
2999 2076 3238 2124 nostram
3267 2069 3436 2125 Deum

1864 2155 2143 2211 faciamus.
2177 2154 2329 2212 Unde
2358 2158 2487 2213 dicit
2518 2158 2570 2212 in
2606 2157 2711 2212 ﬁne
2738 2157 2927 2228 psalmi
2953 2175 2967 2212 :
3000 2178 3016 2209 ι
3048 2159 3103 2212 In
3130 2159 3238 2214 Deo
3267 2158 3434 2215 facia-

1863 2262 1983 2300 mus
2002 2247 2277 2311 virtutem,
2314 2266 2333 2299 ι
2359 2256 2469 2302 etc.
2495 2248 2560 2302 Et
2584 2248 2684 2302 iste
2711 2248 2955 2304 Psalmus
2980 2259 3062 2303 est
3080 2265 3219 2305 unus
3241 2251 3306 2305 de
3332 2251 3438 2307 illis

1861 2339 1953 2407 qui
1984 2337 2260 2392 Christum
2302 2338 2469 2392 Deum
2512 2347 2567 2393 et
2603 2340 2873 2394 hominem
2903 2341 3290 2395 demonstrant.
3333 2341 3435 2397 Ubi

1860 2429 2004 2483 enim
2035 2443 2157 2483 eum
2192 2431 2428 2485 ostendit
2455 2431 2748 2486 exaltatum
2788 2446 2946 2500 super
2977 2432 3165 2497 caelos,
3201 2433 3436 2487 ostendit

1860 2533 1984 2573 eum
2013 2533 2140 2573 vere
2162 2519 2332 2575 Deum
2364 2535 2481 2574 esse
2507 2539 2519 2572 :
2555 2535 2682 2574 nam
2711 2521 2755 2575 si
2789 2529 2996 2574 tantum
3028 2520 3188 2576 homo
3222 2521 3432 2589 fuisset,

1861 2609 2166 2664 nullatenus
2198 2611 2270 2664 ita
2298 2597 2564 2666 exaltatus
2591 2610 2798 2666 fuisset.
2831 2611 2929 2666 Ubi
2968 2620 3149 2665 autem
3186 2626 3306 2666 eum
3333 2612 3434 2666 hu-

1859 2702 2122 2755 miliatum
2145 2703 2398 2768 ostendit,
2421 2717 2544 2756 eum
2570 2717 2754 2756 verum
2777 2710 2928 2770 patet
2951 2701 3117 2757 fuisse
3137 2703 3427 2759 hominem.

1931 2795 2130 2850 Volens
2159 2809 2287 2866 ergo
2322 2793 2596 2849 Christum
2648 2793 2868 2864 digium
2910 2793 3303 2862 gloriﬁcatione
3346 2810 3436 2850 os-

1861 2888 2111 2954 tendere,
2141 2887 2409 2957 promittit
2454 2901 2511 2941 se
2555 2886 2611 2940 iu
2657 2886 2809 2941 omni
2830 2886 3133 2940 humilitate
3165 2886 3276 2941 Deo
3297 2887 3429 2942 obe-

1860 2979 2123 3046 dientem,
2143 2980 2326 3034 dicens
2353 2994 2366 3032 :
2393 2977 2437 3034 Ο
2471 2997 2488 3028 ‹
2521 2978 2794 3043 Deus,cor
2821 2991 2998 3032 meum
3022 2987 3104 3034 est
3129 2988 3378 3048 paratum
3405 2999 3428 3033 ›

1859 3061 2082 3130 cantare
2120 3072 2212 3126 tibi
2243 3090 2256 3124 :
2289 3079 2345 3125 et
2376 3080 2437 3126 ut
2459 3072 2713 3127 ostendat
2741 3086 2800 3126 se
2848 3079 3094 3140 paratum
3130 3086 3249 3127 esse
3289 3073 3432 3129 ultra

1858 3165 2077 3220 modum
2109 3163 2339 3217 aliorum
2367 3161 2669 3225 hominum,
2696 3160 3010 3229 ingeminat,
3035 3161 3256 3217 dicens:
3286 3181 3304 3213 ‹
3333 3178 3430 3233 pa-

1860 3265 2038 3311 ratum
2093 3269 2189 3309 cor
2237 3269 2442 3318 meum,
2475 3273 2492 3304 ι
2525 3253 2578 3307 id
2629 3262 2735 3316 est,
2789 3252 2867 3307 sic
2913 3262 2995 3308 est
3039 3260 3287 3324 paratum
3338 3267 3435 3308 cor

1784 3336 1828 3400 C
1862 3361 2064 3411 meum,
2088 3354 2146 3399 ut
2176 3343 2324 3399 nullo
2356 3343 2517 3398 modo
2560 3351 2781 3412 peccato
2821 3343 3144 3413 impediatur
3176 3360 3188 3397 :
3221 3358 3316 3397 cor
3349 3354 3434 3399 est

1866 3447 2135 3509 paratum,
2167 3445 2221 3491 et
2245 3436 2312 3490 ad
2335 3436 2476 3505 quod
2499 3443 2583 3491 est
2608 3435 2906 3506 complebo,
2937 3436 3063 3505 quia
3095 3455 3113 3480 α
3149 3437 3379 3490 cantabo
3409 3455 3427 3487 ι

1860 3531 2142 3587 devotione
2180 3529 2443 3600 spiritu‘ali
2477 3536 2533 3583 et
2571 3528 3025 3598 contemplatione
3071 3527 3299 3583 laudabo
3345 3536 3427 3592 te;

1863 3639 1882 3672 ι
1919 3629 1973 3676 ει
1996 3620 2218 3689 psallam
2253 3639 2272 3670 ι
2301 3619 2417 3683 tibi,
2456 3619 2510 3672 id
2529 3627 2632 3682 est,
2671 3618 2808 3673 bene
2850 3619 3117 3687 operabor
3149 3619 3217 3673 ad
3254 3619 3428 3673 hono-

1857 3725 1971 3766 rem
1996 3720 2180 3772 tuum;
2213 3729 2230 3762 ι
2273 3710 2327 3763 in
2352 3707 2523 3780 gloria
2553 3721 2694 3773 mea,
2736 3727 2755 3758 ι
2783 3708 2838 3762 id
2873 3716 2978 3774 est,
3007 3708 3062 3762 in
3090 3708 3344 3776 psalterio
3377 3717 3432 3764 et
3508 3728 3510 3730 ν

1857 3804 2088 3867 cithara,
2119 3803 2171 3857 id
2199 3810 2303 3866 est,
2346 3801 2399 3856 in
2433 3799 2771 3855 humanitate
2799 3815 2812 3852 :
2842 3814 2963 3868 quae
3000 3798 3308 3854 humanitas
3347 3809 3431 3855 est

1857 3893 2029 3965 gloria
2058 3907 2202 3958 mea,
2231 3892 2356 3961 quia
2387 3906 2484 3960 per
2524 3889 2886 3945 obedientiam
2936 3903 3096 3960 quam
3135 3889 3189 3944 in
3217 3905 3280 3945 ea
3320 3890 3431 3945 Deo

1855 3984 2094 4048 exhibui,
2120 3998 2206 4038 me
2235 3983 2456 4052 dignum
2488 3981 2661 4050 gloria
2691 3979 3074 4036 demonstravi.
3103 3978 3200 4036 Vel
3231 3999 3248 4032 ‹
3287 3980 3430 4048 psal-

1854 4076 1982 4141 lam,
2023 4096 2042 4127 ι
2069 4076 2122 4130 id
2149 4083 2256 4138 εει,
2301 4075 2443 4129 bene
2476 4074 2746 4142 operabor
2781 4073 2834 4126 in
2873 4072 3040 4143 gloria
3068 4087 3205 4136 mea,
3250 4073 3425 4140 idest,

1853 4170 1908 4224 in
1939 4168 2374 4225 consideratione
2403 4167 2598 4221 futurae
2617 4165 2801 4238 gloriae
2825 4180 2986 4235 quam
3008 4171 3281 4235 exspecto.

1924 4280 2058 4335 Dico
2091 4297 2110 4329 ‹
2147 4277 2372 4348 psallam
2405 4277 2458 4330 in
2488 4275 2658 4347 gloria
2702 4291 2842 4341 mea,
2881 4293 2899 4326 ι
2932 4282 2988 4330 ει
3021 4290 3054 4330 o
3078 4273 3244 4344 gloria
3285 4290 3424 4342 mea,

1853 4369 1907 4424 id
1956 4376 2062 4434 est,
2111 4387 2128 4420 ι
2178 4368 2496 4438 psalterium
2549 4375 2606 4422 et
2640 4367 2872 4430 cithara,
2912 4381 3143 4437 exsurge
3176 4385 3195 4417 ›
3228 4365 3280 4420 id
3322 4374 3424 4430 est,

1851 4472 2035 4513 cresce
2075 4457 2132 4510 in
2177 4457 2319 4511 bona
2348 4456 2681 4526 Operatione.
2716 4453 3039 4509 Psalterium
3080 4462 3236 4508 vocat
3264 4452 3424 4508 Chri-

1852 4557 1968 4606 stus
1999 4564 2151 4604 suam
2178 4548 2590 4611 humanitatem,
2624 4546 2917 4601 secundum
2947 4546 3051 4600 hoc
3082 4545 3226 4615 quod
3249 4545 3316 4599 de
3342 4561 3427 4598 su-

1851 4641 2153 4711 perioribus
2197 4647 2436 4705 resonat,
2487 4638 2696 4694 scilicet
2738 4636 2884 4709 quod
2921 4638 3100 4693 divina
3150 4648 3424 4708 praecepta

1852 4731 2205 4802 spiritualiter
2226 4730 2441 4800 implet,
2467 4731 2606 4786 sicut
2635 4729 2736 4783 fuit
2761 4737 2884 4784 ante
2908 4738 3117 4800 tempus
3134 4729 3423 4801 passionis.

1851 4820 2128 4877 Citharam
2176 4829 2335 4875 vocat
2379 4823 2625 4875 eamdem
2676 4820 3069 4874 humanitatem
3126 4821 3424 4876 secundum

1850 4913 2327 4968 mortificationem
2357 4912 2559 4976 carnis,
2584 4911 2726 4966 sicut
2755 4909 2858 4966 fuit
2893 4911 2948 4966 in
2977 4912 3228 4982 passione
3260 4928 3273 4965 :
3305 4911 3425 4965 ideo

1850 4999 1972 5056 dico
1998 5016 2229 5072 exsurge
2257 5001 2323 5055 ad
2354 5001 2490 5056 bene
2523 5002 2874 5071 operandum,
2897 5003 3023 5072 quia
3045 5017 3142 5071 per
3164 5003 3301 5055 hanc
3330 4999 3426 5055 bo-

1851 5110 1977 5148 nam
2001 5095 2372 5164 operationem
2397 5103 2580 5149 certus
2605 5111 2722 5150 sum
2753 5095 2820 5148 de
2847 5109 2968 5149 mea
2989 5093 3420 5149 resurrectione:

1855 5196 1909 5244 et
1940 5187 2042 5243 hoc
2075 5199 2181 5253 est,
2209 5206 2227 5238 ι
2268 5203 2555 5260 exsurgam
2593 5188 2826 5246 diluculo
2863 5206 2882 5240 ›
2920 5185 2975 5242 id
3015 5195 3132 5254 est,
3172 5187 3227 5241 in
3262 5200 3422 5242 mane

1856 5293 2158 5348 resurgam.

1927 5369 1993 5424 Et
2014 5379 2136 5440 post
2169 5373 2618 5428 resurrectionem
2652 5391 2673 5424 ‹
2707 5370 3005 5426 conﬁtebor
3027 5369 3148 5436 tibi,
3173 5368 3416 5434 Domine,

1857 5463 1913 5517 in
1944 5464 2180 5533 populis,
2228 5485 2245 5516 ι
2287 5466 2340 5522 id
2377 5475 2480 5532 est,
2510 5466 2708 5520 multos
2746 5462 3051 5520 Iudaeorum
3102 5467 3167 5520 de
3211 5463 3421 5536 pepulis

1857 5554 2049 5610 faciam
2081 5557 2176 5610 tibi
2208 5559 2452 5612 confiteri
2489 5565 2543 5611 et
2575 5556 2797 5611 laudare
2839 5567 2928 5613 te:
2963 5576 2981 5609 ι
3015 5565 3070 5611 ει
3102 5557 3158 5612 in
3185 5553 3423 5611 nationi-

1850 5644 1972 5710 bus,
2005 5665 2022 5696 ι
2051 5645 2104 5699 id
2131 5656 2236 5710 est,
2266 5647 2319 5701 in
2347 5647 2628 5712 Gentibus,
2660 5661 2780 5716 quae
2807 5647 2942 5702 tales
2979 5653 3259 5701 remanent
3285 5659 3421 5714 qua-

1847 5738 1926 5794 les
1948 5747 2075 5793 sunt
2101 5750 2242 5795 nata:
2275 5759 2293 5792 ι
2330 5741 2550 5811 psallam
2580 5741 2695 5807 tibi,
2730 5766 2747 5791 ο
2776 5740 2828 5796 id
2854 5749 2954 5807 est,
2986 5740 3179 5796 faciam
3209 5749 3258 5796 te
3281 5740 3418 5795 bene

1848 5832 2079 5901 Operari.

1919 5920 2042 5978 Ideo
2076 5920 2372 5979 confitebor
2408 5921 2537 5992 tibi,
2577 5942 2597 5972 ι
2643 5924 2768 5996 quia
2809 5925 3177 5983 misericordia
3215 5932 3340 5990 tua,
3389 5937 3410 5979 ι
