3898 6468
424 422 433 429 ·
485 399 585 454 571
947 399 1302 457 HAYMONIS
1336 399 1813 457 HALBERSTAT.
1850 399 2062 458 EPISC.
2104 400 2251 460 OPP.
2294 402 2472 460 PARS
2506 402 2548 457 l.
2590 433 2659 444 —
2692 402 3049 460 COMMENT.
3089 405 3260 461 BIBL.
3631 410 3738 466 572

482 528 587 585 cst,
618 517 795 573 Filius
833 526 978 584 tuus,
1026 533 1124 588 per
1157 532 1316 589 quem
1359 517 1785 573 misericorditer
1826 534 2048 588 reparas
2074 519 2129 582 Α
2152 518 2267 572 sine
2292 517 2407 588 lege
2427 527 2605 584 erant,
2636 528 2762 573 sunt
2790 539 2808 570 ι
2840 518 2991 575 lebes
3020 521 3133 589 spei
3164 535 3319 587 mea,
3352 540 3371 574 ι
3406 520 3463 577 id
3495 531 3616 590 est,
3658 539 3740 581 se»

481 622 650 680 genus
674 608 994 673 humanum,
1020 626 1039 659 t
1070 623 1262 678 magna
1295 615 1377 663 est
1404 624 1567 679 super
1593 611 1779 674 caelos,
1818 630 1836 661 ι
1864 610 1917 666 id
1945 621 2047 678 est,
2153 610 2302 679 ipsos
2336 609 2475 664 bene
2500 610 2883 680 decoquentes,
2931 617 2986 665 et
3024 609 3281 666 facientes
3326 611 3518 668 dulces
3555 614 3728 683 cibos,

478 713 642 768 super
668 695 916 754 cmlestes
944 706 1242 763 creaturas,
1275 697 1483 753 scilicet
1508 714 1671 769 super
1707 700 1853 769 ipsos
1888 716 2051 772 ange-
2152 702 2218 756 de
2239 702 2433 772 quibus
2446 718 2544 772 ego
2562 702 2695 756 mihi
2716 701 3068 758 refectionem
3091 704 3325 774 capiam.
3342 702 3462 769 Vel,
3485 704 3729 773 «Moab,»

476 786 583 854 los,
611 788 705 860 qui
727 802 826 860 per
865 790 1040 861 ipsum
1089 790 1387 845 subsistunt
1415 810 1433 842 ι
1467 802 1522 848 ει
1548 793 1752 848 veritas
1793 801 1903 858 tua,
1940 814 1959 846 ι
1995 793 2050 848 id
2150 791 2204 847 id
2234 801 2334 859 est,
2369 793 2632 861 diabolus,
2667 794 2757 864 qui
2784 803 2867 849 est
2903 795 3132 851 abutens
3158 795 3277 866 lege
3321 805 3375 851 et
3404 797 3531 852 sine
3574 797 3734 859 Patre

478 889 583 946 est,
612 880 778 936 Filius
806 890 950 948 tuus,
979 883 1071 952 qui
1104 891 1158 938 te
1199 898 1446 940 veracem
1482 900 1603 940 esse
1645 887 1883 942 ostendit
1920 886 2049 955 quia
2149 882 2290 938 Deo:
2310 893 2392 939 est
2412 883 2583 951 lebes,
2614 884 2666 939 id
2689 886 2988 950 est,coctio
3012 894 3068 941 et
3089 886 3232 940 ustio
3257 886 3369 956 spei
3394 901 3538 942 mea-
3567 902 3587 941 :
3613 892 3728 959 quia

476 986 575 1041 per
603 972 774 1041 ipsum
799 973 1188 1043 promissiones
1212 983 1318 1029 ture
1338 974 1570 1045 impletae
1591 985 1717 1031 sunt
1738 976 1794 1032 in
1823 978 2042 1043 mundo,
2147 989 2243 1046 per
2277 976 2395 1031 illas
2438 975 2754 1031 exustiones
2799 984 3101 1047 purgantur
3139 975 3215 1031 illi
3261 977 3399 1047 quas
3443 993 3553 1049 ego
3581 993 3729 1049 spero

474 1071 560 1117 est
590 1079 782 1134 magna
808 1083 827 1115 t
858 1078 1031 1131 usque
1053 1065 1119 1119 ad
1144 1066 1314 1119 nubes
1342 1084 1362 1117 ι
1390 1067 1820 1132 constituendas,
1862 1067 1916 1122 id
1941 1076 2044 1134 est,
2147 1080 2232 1120 me
2271 1066 2599 1121 habiturum.

472 1162 688 1210 sanctos
716 1154 1117 1224 praedicatores,
1142 1153 1236 1224 qui
1266 1154 1582 1225 compluunt
1608 1155 1904 1212 Ecclesiam
1934 1171 2046 1212 coe-
2148 1200 2149 1207 η
2215 1156 2406 1211 Adhuc
2428 1157 2495 1211 de
2522 1155 2701 1212 verbis
2730 1156 2846 1213 Dei.
2878 1156 2946 1211 Et
2972 1157 3097 1227 quia
3122 1173 3276 1213 meus
3304 1157 3654 1223 est‘Galaad,
3677 1168 3725 1213 et

469 1245 591 1302 lesti
620 1262 781 1317 aqua.
1502 1258 1511 1265 '
2145 1245 2280 1302 alios
2313 1247 2449 1301 tales
2486 1248 2679 1314 habeo,
2723 1263 2852 1319 ergo
2905 1267 2923 1300 t
2966 1250 3252 1303 extendam
3296 1249 3722 1306 calceamentum

541 1339 608 1393 Et
637 1339 1075 1410 quandoquidem
1104 1338 1477 1395 misericordia
1509 1348 1599 1395 tua
1629 1356 1823 1412 magna
1850 1349 1933 1397 est
1960 1357 2046 1396 su-
2144 1353 2342 1403 meum,
2374 1360 2392 1391 ι
2428 1337 2482 1393 id
2508 1346 2611 1405 est,
2658 1348 2904 1394 sanctum
2949 1339 3302 1411 Evangelium
3334 1355 3448 1410 quo
3474 1340 3719 1396 calcean-

466 1444 564 1498 per
596 1430 781 1496 caelos,
818 1446 946 1502 ergo
982 1451 1000 1482 ι
1032 1440 1108 1496 ιιι,
1139 1431 1297 1494 Deus,
1348 1431 1587 1486 exaltare
1623 1448 1784 1502 super
1818 1431 1985 1489 coelos
2018 1453 2037 1485 ι
2144 1438 2232 1484 tur
2256 1430 2442 1500 pedes,
2494 1431 2548 1485 id
2596 1439 2700 1495 est,
2737 1429 3048 1486 ati‘ectiones
3095 1431 3622 1502 evangelizantium,
3662 1447 3719 1487 ne

468 1520 524 1574 id
553 1528 659 1586 est,
688 1522 793 1577 duc
819 1523 1094 1578 hominem
1136 1523 1231 1578 tibi
1265 1524 1473 1578 unitum
1505 1540 1666 1595 super
1699 1542 1915 1581 omnem
1948 1542 2043 1581 an-
2141 1532 2453 1592 [iungantur
2493 1522 2666 1593 spinis
2696 1522 3165 1591 concupiscentiae,
3199 1539 3335 1579 neve
3376 1524 3581 1594 aliquo
3618 1524 3713 1580 luto

466 1613 695 1683 gelicam
730 1624 1057 1670 creaturam.
1090 1617 1229 1671 sicut
1269 1615 1323 1670 in
1364 1617 1683 1673 ascensione
1713 1619 2038 1690 completum
2142 1613 2496 1682 ianiﬂenlUI‘
2523 1630 2536 1666 ε
2563 1613 2850 1668 θῐῐθηάίὶηι
2876 1613 2995 1668 dico
3022 1632 3041 1663 ι
3070 1614 3124 1668 in
3145 1614 3465 1680 Idumimm.
3498 1633 3521 1666 ι
3556 1616 3707 1679 idest,

466 1714 550 1759 est
581 1722 593 1758 :
624 1725 643 1756 t
679 1716 735 1760 et
768 1725 788 1758 ι
820 1723 919 1777 per
951 1708 1052 1764 hoc
1082 1727 1102 1761 ι
1140 1710 1310 1780 gloria
1343 1718 1455 1776 tua,
1487 1729 1506 1763 ›
1539 1712 1591 1767 id
1624 1722 1726 1777 εει,
1750 1712 1894 1766 fama
1927 1722 2037 1779 tua,
2142 1706 2392 1772 terrenis,
2423 1704 2572 1758 velut
2595 1704 2651 1757 in
2683 1704 2933 1774 gentibus
2965 1703 3159 1759 faciam
3201 1705 3531 1759 annuntiari
3561 1704 3713 1761 Enn-

464 1793 569 1848 erit
602 1815 620 1843 ι
660 1810 821 1864 super
849 1812 1064 1853 omnem
1097 1806 1321 1865 terram,
1358 1819 1377 1851 ›
1411 1801 1535 1870 quia
1569 1809 1623 1855 tu
1644 1802 1909 1872 gloriosus
1945 1819 2039 1875 ap-
2139 1795 2336 1865 geliuln
2370 1812 2383 1847 :
2414 1804 2469 1849 et
2494 1808 2589 1863 per
2640 1794 3111 1851 annuntiationem
3149 1794 3433 1865 Evangelii
3490 1813 3513 1846 ι
3546 1795 3699 1851 alieni~

462 1885 674 1952 parehis
693 1902 790 1956 per
812 1896 981 1944 totum
1013 1891 1292 1945 mundum.
2062 1902 2306 1974 Bgenae,
2346 1904 2364 1937 ι
2400 1884 2606 1939 scilicet
2632 1883 2882 1952 Allopbili
2902 1924 2916 1948 ,
2958 1884 3011 1938 id
3044 1893 3159 1950 est,
3187 1885 3417 1954 potione
3458 1893 3521 1938 et
3564 1884 3701 1955 gloria

531 1972 666 2030 Pars
695 1980 948 2033 secunda.
979 1980 1045 2033 Et
1080 1988 1138 2033 ut
1170 1979 1266 2035 tibi
1301 1981 1372 2036 sit
1409 1982 1600 2051 gloria,
1632 1983 1799 2039 libera
1838 1986 1903 2041 de
1939 2003 2036 2057 po-
2066 1972 2099 1974 ἢ
2138 1975 2297 2045 hujus
2326 1976 2451 2030 vita:
2488 1976 2765 2042 cadentes,
2819 1993 2839 2027 ι
2869 1982 2996 2031 sunt
3040 1976 3175 2031 mihi
3220 1975 3350 2031 facti
3393 1977 3593 2043 amici,
3622 1995 3639 2030 I
3661 1976 3700 2032 id

458 2070 655 2121 testate
681 2066 885 2122 inimici
914 2069 1137 2126 dilectos
1165 2080 1321 2127 tuos:
1354 2074 1456 2127 nisi
1483 2076 1626 2129 enim
1657 2076 1756 2145 ipsi
1786 2078 2004 2134 auferan

2136 2077 2218 2123 est
2239 2067 2573 2122 obcdientes.

459 2158 550 2207 tur
587 2170 616 2207 a
639 2153 772 2224 jugo
788 2158 1013 2237 diaboli,
1066 2162 1207 2217 Deus
1249 2163 1303 2217 ili
1332 2165 1582 2219 omnibus
1608 2169 1870 2223 creaturis
1919 2170 1999 2224 sui

2204 2157 2449 2213 Ostcnsis
2492 2155 2939 2226 promissionibus
2961 2155 3078 2221 Dei,
3103 2156 3330 2211 resumit
3353 2155 3540 2211 verba
3583 2156 3703 2213 Clui-

455 2244 659 2300 nullam
701 2248 928 2318 gloriam
959 2251 1175 2307 habebit
1202 2271 1217 2306 ;
1242 2264 1297 2308 et
1339 2274 1357 2305 ‹
1400 2264 1457 2309 ut
1498 2257 1803 2314 liberentur
1841 2262 2025 2317 dilecti
2132 2254 2278 2313 stus.
2310 2247 2465 2317 quasi
2516 2248 2589 2301 ita
2636 2246 2779 2301 dicat
2814 2265 2825 2299 =
2857 2245 3294 2315 quandoquidem
3351 2246 3513 2303 Deus
3550 2248 3697 2303 dicit:

456 2335 554 2399 tui,
578 2336 784 2393 salvum
810 2339 894 2394 fac
926 2359 945 2391 ι
979 2356 1063 2396 me
1086 2345 1478 2409 resuscitando,
1516 2362 1613 2415 per
1641 2349 1795 2420 cujus
1840 2366 2026 2405 resur—
2138 2358 2157 2391 ί
2194 2340 2497 2395 Extendat“
2532 2339 2963 2394 Calceamemum
3011 2352 3193 2393 meum
3240 2338 3295 2392 ίιι
3336 2337 3654 2405 Ῑάυῐῐικιων
3679 2358 3696 2391 ⁸

455 2427 752 2483 rectionem
780 2428 959 2485 futura
1007 2442 1090 2487 est
1125 2434 1445 2491 dilectarum
1478 2438 1750 2495 liberatio.
1787 2442 2004 2498 Dilecto:

2130 2432 2224 2487 sed
2264 2451 2281 2482 t
2316 2430 2437 2501 quis
2488 2431 2717 2486 deducet
2764 2445 2850 2484 me
2877 2430 2933 2483 in
2970 2430 3245 2485 civitatem
3281 2430 3585 2495 munitam,
3616 2450 3633 2482 ι
3657 2429 3699 2483 id

451 2524 662 2571 vocata
687 2518 798 2573 Deo
822 2522 1162 2590 praeelectos,
1192 2541 1293 2582 nec
1316 2528 1547 2584 aliorum
1578 2532 1718 2601 petit
1746 2533 2004 2590 liberatio

2129 2526 2233 2589 est,
2262 2531 2323 2577 ut
2350 2538 2450 2593 ego
2478 2521 2676 2577 faciam
2709 2521 2777 2576 de
2798 2520 3047 2575 Idumieis
3077 2521 3357 2577 civitatem
3382 2531 3589 2576 contra
3606 2522 3697 2576 dia.

452 2622 597 2663 nem.
644 2610 764 2680 ipse
809 2615 952 2669 enim
984 2618 1190 2673 sciebat
1217 2622 1310 2691 qui
1355 2633 1540 2678 essent
1586 2625 1788 2691 dilecti,
1828 2636 1882 2682 ει
1926 2643 2004 2698 prt

2126 2615 2330 2671 bolicas
2362 2616 2692 2670 tentationcs
2735 2614 3035 2669 munitam?
3055 2622 3111 2669 et
3142 2633 3161 2665 ι
3197 2614 3321 2685 quis
3352 2629 3445 2669 me
3496 2615 3699 2671 deducet

451 2699 583 2768 ipsis
615 2704 809 2759 orabat
837 2720 850 2760 :
887 2706 1128 2765 Ecclesia
1155 2726 1304 2793 vero,
1334 2715 1460 2782 quia
1488 2731 1594 2771 non
1623 2720 1898 2788 cognoscit
1938 2722 2004 2777 de

2128 2725 2298 2781 usque
2340 2711 2394 2764 in
2423 2709 2748 2764 ldumaeam?
2778 2728 2796 2762 ι
2826 2708 2879 2765 id
2906 2717 3011 2774 est,
3045 2707 3192 2763 inter
3219 2715 3505 2774 terrenos,
3537 2706 3590 2761 id
3610 2714 3691 2772 est,

460 2793 748 2851 terminate
768 2797 860 2867 qui
897 2810 1023 2855 sunt
1051 2802 1312 2871 salvandi,
1351 2819 1452 2874 pro
1496 2809 1746 2866 omnibus
1783 2822 1905 2868 orat
1934 2814 2021 2869 in-
2126 2812 2185 2859 υι
2213 2803 2280 2859 3b
2322 2804 2401 2859 eis
2428 2816 2623 2858 nomen
2656 2818 2836 2859 meum
2867 2810 3248 2874 cognoscatur.
3274 2809 3335 2856 ει
3377 2802 3435 2856 in
3475 2802 3605 2871 iPSiS
3634 2800 3694 2854 ά·

457 2882 707 2941 discrete.
744 2905 765 2938 ι
797 2886 1017 2945 Salvum
1058 2892 1145 2949 fac
1188 2914 1206 2947 ι
1253 2896 1395 2963 dico,
1433 2917 1452 2949 t
1490 2899 1709 2957 dextera
1754 2910 1866 2969 tua,
1904 2924 1924 2955 ι
1968 2906 2004 2961 it

2126 2895 2348 2950 vitatem
2374 2895 2708 2950 constituere
2735 2894 2967 2949 valeam.
2996 2893 3115 2961 Vel,
3147 2914 3168 2946 ι
3204 2894 3333 2963 quis
3364 2894 3602 2950 deducet
3621 2906 3697 2948 ne

451 2983 554 3039 est,
606 2981 847 3045 potentia
894 2992 1010 3049 tua,
1045 3004 1063 3036 ‹
1100 2994 1155 3040 ει
1188 2990 1382 3044 exaudi
1426 3006 1513 3047 me
1550 3013 1569 3045 ι
1604 3004 1917 3064 precantem
1955 2997 2022 3054 de
2125 2987 2180 3041 in
2206 2970 2478 3043 civitatem
2513 2986 2813 3041 munitam?
2847 3005 2867 3039 ι
2898 2988 2955 3043 id
2980 2994 3082 3051 εει,
3116 2986 3263 3042 inter
3293 2992 3570 3051 terrenos,
3613 2985 3690 3054 qui

447 3066 767 3126 dilectorum
805 3072 1154 3143 liberatione,
1187 3080 1391 3138 scilicet
1420 3093 1475 3138 et
1500 3100 1595 3155 per
1625 3103 1798 3143 meam
1830 3106 2015 3145 resur-
2124 3087 2249 3134 sunt
2274 3080 2433 3136 mOdO
2460 3079 2654 3133 CiVilas
2683 3087 2873 3134 contra
2920 3094 3008 3134 me
3036 3079 3267 3145 munita,
3318 3086 3383 3133 ιη
3422 3078 3692 3134 annm

443 3160 763 3230 rectionem,
799 3173 854 3219 ει
874 3181 970 3235 per
999 3183 1176 3225 meam
1207 3172 1511 3229 orationem
1541 3176 1706 3234 libera
1731 3179 1977 3238 dilectos.

2124 3172 2270 3228 tione
2307 3172 2411 3227 mei
2457 3173 2789 3227 munitiones
2826 3184 3093 3242 perversa:
3130 3171 3276 3227 illius
3328 3172 3573 3227 civitatis
3604 3171 3688 3226 de-

512 3248 645 3306 Peto
670 3261 729 3307 ut
752 3255 961 3312 salvum
975 3274 1063 3315 me
1082 3260 1270 3330 facias,
1294 3274 1353 3320 ut
1376 3267 1454 3322 sic
1475 3267 1770 3326 liberentur
1789 3273 1966 3330 dilecti
1992 3292 2003 3328 :
2040 3272 2085 3337 Ο
2118 3274 2397 3320 “Nam”?
2414 3283 2426 3318 ε
2442 3273 2497 3319 ει
2522 3284 2541 3316 ί
2563 3264 2684 3334 (1“is
2711 3263 2940 3319 deducet
2960 3279 3045 3318 me
3069 3278 3239 3334 usque
3268 3262 3326 3318 ίη
3352 3263 3680 3327 Mumv’

440 3348 495 3395 et
533 3342 601 3398 de
628 3360 749 3401 mea
769 3346 1090 3409 liberatione
1113 3354 1251 3412 bene
1290 3368 1474 3415 certus
1513 3377 1633 3417 sum
1678 3373 1733 3419 ει
1770 3366 1835 3421 dc
1865 3366 2010 3436 ipso-
2117 3356 2170 3411 id
2195 3363 2298 3420 est,
2330 3364 2390 3409 ιη
2412 3354 2674 3410 Iduum“
2702 3353 2834 3408 mihi
2858 3352 3294 3423 acquiram?vel
3328 3353 3513 3409 aliter:
3533 3352 3678 3421 σανίς

438 3448 558 3488 rum
588 3436 785 3505 salute,
812 3442 940 3510 quia
972 3461 990 3494 t
1024 3444 1166 3501 Deus
1187 3446 1399 3505 locutus
1427 3453 1588 3507 esum
1621 3474 1642 3505 ,
1672 3470 1759 3510 me
1792 3459 2013 3527 speciali
2116 3448 2342 3502 deducet
2370 3462 2455 3501 me
2484 3447 2535 3500 in
2560 3445 2839 3500 civitatem
2861 3444 3165 3500 munitam?
3193 3463 3212 3497 ι
3240 3446 3301 3501 id
3320 3456 3427 3509 est,
3454 3447 3498 3501 in
3520 3444 3677 3517 infer-

445 3543 465 3578 t
495 3538 683 3585 sancto
720 3547 848 3599 suo;
880 3555 899 3589 ι
935 3537 1142 3594 scilicet
1171 3540 1383 3598 locutus
1419 3555 1501 3600 est
1533 3564 1545 3600 :
1586 3567 1604 3599 t
1638 3547 1934 3606 Exsultabo
1959 3561 2004 3607 el

2127 3552 2277 3602 num,
2303 3537 2394 3607 qui
2424 3544 2507 3592 εει
2537 3536 2745 3591 munita
2776 3536 2987 3601 civitas,
3020 3536 3087 3590 ad
3119 3536 3435 3593 retinendos
3455 3536 3685 3592 homines

437 3620 673 3714 dividam
697 3624 1014 3698 Sichimam,
1047 3650 1067 3684 ι
1098 3632 1151 3689 id
1176 3643 1278 3701 est,
1307 3635 1586 3706 humeros,
1630 3642 1838 3697 scilicet
1885 3659 2004 3714 gra-

2114 3626 2169 3681 in
2196 3627 2531 3696 caplivitate,
2558 3634 2616 3680 ut
2636 3626 2861 3696 spoliem
2879 3642 3001 3682 eum
3020 3628 3086 3683 de
3102 3628 3398 3685 animabus
3422 3628 3686 3684 ﬁdelitnn:

435 3711 567 3773 tiam
598 3732 777 3773 meam
803 3720 1033 3779 diversis
1060 3725 1358 3795 conferam,
1390 3745 1488 3799 per
1509 3746 1672 3801 quam
1696 3711 2013 3790 faciam'hu-
2114 3720 2501 3788 θιίιυίεροειθίι
2514 3718 2746 3774 deducet
2766 3734 2853 3774 me
2883 3732 3053 3790 usque
3075 3719 3128 3774 ίη
3142 3719 3449 3787 “illum:
3468 3730 3529 3775 ιιι
3550 3722 3695 3791 ἰρεοε

433 3827 676 3873 morosos
702 3827 758 3874 et
790 3818 957 3891 fortes
987 3821 1054 3876 ad
1082 3823 1299 3882 labores
1333 3829 1695 3885 sustinendos.
1734 3850 1754 3883 ι
1786 3832 1853 3887 Ει
1880 3848 2010 3888 con-
2117 3818 2362 3867 ίθίτθηοε
2391 3820 2514 3883 ροει
2559 3812 2891 3883 triumphum
2924 3824 3059 3869 mea?
3090 3813 3327 3869 νίοιοτίε
3362 3814 3696 3881 δοσυὶηωτ

430 3904 629 3962 vallem
654 3908 1152 3981 tabernaculorum,
1190 3935 1210 3968 ι
1246 3917 1303 3972 id
1341 3926 1449 3983 est,
1491 3920 1723 3976 humiles
1750 3923 1804 3977 in
1834 3923 2004 3978 taber-

2112 3900 2302 3959 Nullus
2329 3903 2535 3974 utique,
2553 3904 2657 3960 nisi
2694 3913 2753 3960 tu
2774 3904 2948 3973 Deus;
2981 3914 3038 3962 et
3060 3907 3169 3963 hoc
3188 3914 3259 3962 est
3278 3904 3415 3975 quod
3438 3905 3641 3960 subdit
3672 3923 3691 3960 :

432 3997 639 4053 naculis
683 4001 822 4056 meis
862 4002 1181 4072 militantes,
1230 4024 1251 4059 ι
1303 4008 1556 4078 dimetiar
1611 4029 1630 4064 ι
1688 4013 1743 4068 id
1791 4021 1892 4080 est,
1952 4014 2004 4068 in

2188 4014 2208 4049 t
2238 3995 2426 4052 Nonne
2446 4004 2522 4063 tu,
2548 3994 2712 4063 Deus,
2748 4017 2766 4049 ι
2797 3998 2984 4068 utique
3021 4007 3101 4066 tu,
3127 3999 3219 4069 qui
3244 3995 3590 4053 contrarium
3620 4005 3700 4053 ta-

430 4094 640 4156 partem
668 4088 802 4143 mihi
837 4104 1131 4148 assumam.
1460 4117 1465 4122 Α
1514 4154 1521 4157 ν
2111 4103 2234 4144 men
2267 4088 2471 4144 videris
2496 4088 2676 4145 facere
2702 4107 2716 4144 :
2748 4110 2768 4143 ι
2801 4091 2894 4162 qui
2919 4091 3165 4162 rcpulisti
3192 4106 3311 4157 nos,
3340 4108 3358 4142 ι
3396 4090 3454 4145 id
3477 4098 3595 4156 est,
3620 4090 3700 4145 vi-

2109 4178 2256 4235 deris
2304 4179 2565 4250 repulisse
2618 4195 2704 4236 me
2749 4187 2806 4237 et
2851 4192 3023 4249 meos,
3056 4182 3183 4238 dum
3226 4181 3502 4253 permittis
3548 4181 3700 4238 vilis-

2109 4271 2246 4328 sime
2294 4272 2541 4328 tribulari
2571 4287 2586 4326 :
2622 4282 2678 4328 et
2721 4273 2776 4328 in
2822 4270 2925 4330 hoc
2976 4273 3176 4329 videris
3223 4273 3519 4345 repulisse,
3574 4275 3696 4347 quia

430 4360 737 4419 testimonio
777 4368 1046 4438 veritatis,
1077 4392 1095 4424 t
1123 4382 1204 4430 εει
1228 4391 1403 4444 meus,
1436 4398 1453 4431 ι
1482 4379 1536 4436 id
1559 4390 1661 4448 est,
1689 4382 1741 4437 in
1772 4360 2004 4442 ηυωξιιο
2114 4382 2133 4415 t
2165 4378 2274 4419 non
2325 4364 2642 4435 egredieris,
2701 4363 2864 4432 Deus,
2898 4385 2920 4418 ι
2951 4365 3183 4422 ulterius
3231 4384 3250 4418 ι
3300 4367 3353 4421 in
3400 4368 3699 4425 virtutibus

429 4449 809 4510 salvandorum
842 4461 1130 4528 repositus.
1175 4483 1193 4517 (
1229 4466 1296 4521 Et
1334 4484 1487 4526 meus
1525 4481 1611 4527 est
1647 4472 1939 4542 Manasses,
1976 4499 1994 4531 ι

2109 4459 2330 4526 nostris,
2362 4478 2383 4513 ι
2418 4460 2471 4514 id
2491 4467 2594 4524 est,
2621 4473 2728 4514 non
2756 4460 3042 4530 apparebis
3073 4461 3330 4529 deinceps
3362 4460 3700 4517 manifestis

428 4540 479 4596 id
511 4550 617 4610 est,
659 4544 734 4600 illi
765 4548 859 4618 qui
900 4548 1052 4607 obliti
1100 4565 1220 4611 sunt
1270 4561 1472 4617 veteris
1510 4563 1631 4619 vitae
1674 4564 1813 4621 sicut
1850 4540 2001 4623 Psal-
2102 4549 2162 4606 in
2188 4552 2388 4607 nostris
2409 4551 2759 4620 exercitibus.
2783 4552 2922 4607 sicut
2946 4550 3122 4607 fecisti
3145 4552 3386 4623 antiquis
3415 4551 3694 4615 Panibus

426 4634 588 4726 {nista
640 4637 767 4694 alibi
817 4641 949 4698 dicit
995 4664 1009 4700 ;
1062 4646 1393 4708 Obliviscere
1435 4655 1690 4726 populum
1739 4668 1887 4714 ιυιηη
1941 4639 2217 4719 etB/Alia
2244 4642 2526 4697 translatio
2561 4643 2742 4710 habet,
2771 4663 2790 4694 t
2819 4643 2875 4697 in
2896 4643 3245 4699 exercitibus.
3282 4663 3301 4696 υ

423 4723 638 4823 domum
653 4731 825 4798 patris
842 4734 917 4789 tui
930 4733 1158 4809 (Psalm.
1175 4745 1343 4811 κων).
1368 4763 1386 4795 ι
1406 4723 1472 4800 Et
1488 4723 1767 4819 Idphraim,
1781 4769 1800 4804 ι
1820 4751 1872 4807 id
1892 4760 1996 4823 est,

2175 4738 2324 4805 Dico,
2349 4754 2459 4792 non
2483 4738 2801 4808 egredieris,
2832 4752 2931 4794 nec
2956 4753 3055 4794 nos
3076 4741 3333 4809 petimus,
3372 4743 3484 4798 sed
3526 4742 3703 4815 potius

421 4810 880 4915 fructificantesin
894 4825 1050 4883 bonis
1078 4810 1354 4902 operibus,
1375 4845 1455 4892 est
1473 4858 1492 4890 ‹
1514 4810 1785 4911 susceptio
1802 4810 1998 4915 capitis

2109 4828 2171 4886 da
2216 4829 2619 4885 tribulationem
2652 4847 2666 4884 :
2694 4839 2749 4885 et
2795 4847 2815 4882 ε
2855 4830 2921 4886 de
2959 4851 2978 4883 ι
3016 4831 3131 4901 ipsa
3164 4851 3182 4883 ‹
3222 4810 3598 4891 tribulatione
3641 4836 3703 4889 da

420 4907 552 5004 mei,
590 4927 611 4962 ι
637 4909 691 4966 id
716 4922 821 4981 est,
860 4916 1158 4978 divinitatis
1187 4940 1341 4994 meae,
1372 4930 1497 4998 quia
1534 4931 1588 4985 in
1620 4907 1724 4989 illis
1750 4936 1843 5004 qui
1870 4907 1999 4993 sunt
2100 4922 2259 4978 nobis
2295 4922 2577 4990 auxilium.
2617 4942 2635 4975 ι
2668 4923 2722 4980 id
2764 4932 2865 4990 est,
2896 4930 2954 4979 ut
2988 4923 3119 4994 ipsae
3156 4922 3707 4997 tribulationesqms

421 4999 909 5095 ita‘fructificantes
931 5013 1239 5083 quiescitet
1257 5006 1556 5078 delectatur
1576 4999 1990 5095 ipsaDivinitas.
2098 5017 2355 5087 Patimur:
2413 5017 2572 5073 "oms
2626 5018 2693 5074 ad
2741 5017 2980 5073 futuram
3023 5018 3252 5089 ειοτῖτιω
3302 5019 3708 5077 animentur:

420 5092 535 5187 γει,
586 5116 604 5147 ι
634 5097 909 5173 Ephraim,
944 5125 964 5157 ι
998 5106 1051 5161 id
1094 5117 1200 5177 est,
1252 5114 1436 5183 spinea
1478 5092 1700 5184 corona,
1747 5133 1865 5187 qua:
1908 5127 1993 5174 est
2100 5110 2223 5167 ideo
2251 5119 2376 5182 peto
2408 5112 2667 5167 auxilium
2717 5113 2782 5168 de
2831 5111 3183 5169 tribulatione
3228 5128 3335 5169 non
3381 5112 3709 5172 humanum

415 5183 781 5261 fructificatio,
813 5198 940 5267 quia
970 5203 1207 5273 acquirit
1232 5206 1342 5262 Deo
1370 5223 1628 5264 coronam
1666 5211 1734 5266 de
1757 5183 1992 5268 circuitu
2099 5188 2383 5273 auxilium,
2424 5223 2442 5256 t
2466 5206 2590 5276 quia
2622 5203 2766 5260 salus
2789 5206 3045 5272 hominis,
3082 5226 3103 5260 ι
3138 5206 3190 5262 id
3219 5216 3321 5273 est,
3352 5208 3711 5275 subsidium,

417 5280 582 5373 totius
612 5288 797 5344 mundi
831 5307 843 5343 :
882 5308 989 5349 non
1028 5304 1112 5352 est
1156 5298 1387 5356 dedecus
1428 5310 1485 5357 et
1522 5303 1801 5373 depressio
1833 5320 1986 5373 mea,
2099 5297 2243 5373 quod
2288 5305 2463 5368 potest
2496 5298 2658 5353 homo
2690 5308 2985 5370 praestare,
3031 5305 3117 5353 est
3161 5316 3178 5350 ι
3214 5312 3384 5363 vana,
3435 5318 3461 5352 ι
3499 5301 3566 5358 id
3606 5311 3712 5371 est,

413 5372 559 5463 sicut
586 5377 805 5445 quidam
842 5381 1046 5451 dicunt,
1082 5389 1177 5444 sed
1227 5392 1497 5462 susceptio
1540 5393 1733 5463 capitis
1772 5396 1899 5459 mei,
1933 5372 1992 5453 id

2109 5372 2431 5443 transitoria.

409 5472 495 5517 est
537 5462 667 5521 facit
715 5485 895 5525 meum
932 5486 1112 5546 caput,
1160 5480 1213 5535 id
1259 5489 1360 5546 est,
1402 5497 1576 5538 meam
1608 5462 1982 5557 altitudinem,
2177 5500 2195 5533 t
2225 5481 2282 5535 In
2314 5483 2443 5537 Deo.
2480 5501 2498 5533 ›
2526 5480 2594 5536 Ει
2635 5482 2762 5552 quia
2810 5481 2956 5538 salus
2983 5481 3219 5538 hominis
3256 5490 3339 5538 est
3364 5497 3562 5553 vana,
3588 5484 3719 5543 ideo

409 5560 610 5630 suscipi
646 5577 743 5631 per
769 5574 938 5621 totum
974 5571 1229 5626 mundum
1259 5581 1314 5629 et
1344 5572 1635 5643 iucundum
1665 5576 1874 5631 haberi.
2103 5593 2122 5625 t
2155 5572 2414 5628 faciemus
2450 5574 2708 5627 virtutem
2750 5574 2802 5628 in
2832 5574 2964 5639 Deo,
3002 5594 3020 5627 ι
3056 5574 3109 5629 id
3154 5581 3259 5638 θεῖ,
3288 5574 3484 5643 ipsum
3532 5577 3717 5633 Deum

486 5669 504 5700 ι
538 5649 674 5707 Juda
697 5665 780 5710 est
804 5674 899 5714 rex
940 5678 1112 5729 meus,
1150 5687 1167 5717 ι
1196 5666 1247 5719 id
1271 5673 1371 5734 est,
1396 5667 1663 5733 Christus,
1694 5683 1854 5738 quem
1885 5684 1986 5743 ego
2096 5668 2467 5737 reputabimus
2496 5668 2751 5722 virtutem
2779 5676 2834 5724 et
2856 5667 3213 5723 constantiam
3244 5675 3540 5737 nostram,
3573 5670 3716 5726 nihil

411 5742 667 5797 constitui
710 5761 871 5818 super
908 5768 1096 5807 omnes
1142 5753 1349 5825 fideles,
1387 5767 1471 5814 est
1516 5760 1580 5814 de
1632 5760 1776 5816 tribu
1821 5742 1980 5821 Juda.
2095 5762 2150 5817 in
2188 5760 2343 5816 nobis
2366 5759 2720 5829 conﬁdentes,
2749 5761 2844 5818 sed
2874 5760 3052 5816 omnia
3094 5776 3124 5814 a
3154 5754 3562 5819 misericOrdia
3618 5762 3719 5819 Dei

420 5856 445 5894 τ’
470 5835 646 5911 Moab:
689 5863 711 5900 ³
746 5843 803 5901 id
828 5851 932 5916 εει»
965 5845 1353 5922 abutensleae,
1383 5850 1442 5919 id
1470 5860 1574 5926 est,
1611 5854 1860 5928 gentiles,
1884 5856 1983 5931 qui
2096 5863 2393 5930 sperantes.
2427 5872 2447 5912 t
2493 5856 2563 5918 Et
2603 5855 2721 5930 ipse
2758 5852 2827 5916 ad
2855 5853 3103 5932 nihilum
3149 5853 3376 5915 deducet
3424 5854 3722 5919 inimicos

502 4178 679 4233 Etiam
725 4180 995 4251 «Galaad,
1033 4204 1053 4239 ι
1089 4186 1145 4243 id
1167 4196 1271 4256 est,
1303 4204 1530 4248 acervus
1556 4194 1872 4264 testimonii,
1897 4197 2004 4254 sic-

432 4268 511 4323 uti
539 4272 733 4362 sancti
776 4285 1041 4348 martyres
1097 4281 1189 4351 qui
1247 4285 1377 4339 dant
1444 4286 1648 4358 seipsos
1698 4291 1859 4345 morti
1905 4308 2005 4362 pro
