3898 6468
98 404 207 459 573

1257 394 1691 452 EXPLANATIO
1725 393 1791 448 IN
1830 391 2165 449 PSALMOS.

3227 391 3333 448 574

101 526 339 580 nostros,
380 535 398 569 ι
434 515 489 572 id
515 523 620 583 est,
652 488 816 571 faciet
848 512 1096 569 inimicos
1132 521 1348 568 nostros
1377 512 1510 567 nihil
1535 527 1667 568 con-
1695 514 1747 576 Α
1771 509 2000 581 populus
2027 509 2127 563 iste
2153 507 2229 562 ita
2258 505 2561 563 obstinatus
2589 513 2674 560 est
2719 504 2774 558 in
2811 518 2899 560 me
2938 506 3336 578 persequendo,

101 618 191 663 tra
216 622 318 662 nos
344 606 627 678 prolicere,
656 612 712 660 et
733 619 832 660 nos
858 619 1043 659 eorum
1065 602 1469 674 persecutiones
1493 601 1672 657 nihili-

99 699 361 773 pendere.
694 690 699 703 ’

565 813 636 872 ΙΝ
671 804 1002 877 PSALMUM
1038 811 1216 868 CVIII.

365 924 626 982 Tt'ruws.
673 923 741 979 In
774 924 933 994 linem
960 923 1192 995 psalmus
1218 920 1406 978 David.

185 1078 207 1111 ι
238 1056 402 1122 Deus,
445 1056 660 1113 laudern
706 1071 906 1111 meam.
941 1073 961 1107 ι
994 1054 1241 1110 Psalmus
1280 1052 1382 1109 iste
1425 1051 1676 1107 convenit

100 1156 292 1220 David,
326 1155 378 1211 id
409 1163 514 1221 est,
542 1152 761 1210 Christo
795 1172 807 1206 :
840 1152 1044 1208 habens
1067 1148 1349 1204 materiam
1369 1144 1675 1217 passionem

102 1262 283 1315 suam,
315 1247 381 1303 de
414 1261 520 1317 qua
558 1245 839 1314 loquitur:
868 1242 1106 1312 dirigens
1145 1256 1244 1295 nos
1278 1257 1297 1291 ι
1335 1238 1390 1293 in
1429 1237 1614 1301 ﬁnem,
1650 1253 1669 1287 ι

102 1341 160 1396 id
191 1348 292 1406 est,
321 1341 374 1395 in
424 1338 719 1396 Christum.
764 1336 950 1393 Modus
979 1354 993 1390 :
1026 1337 1080 1391 in
1109 1334 1281 1405 prima
1322 1341 1477 1403 parte
1524 1329 1677 1401 ponit

102 1430 364 1486 malitiam
390 1428 717 1494 Judaaorum,
744 1428 911 1497 ipsius
947 1426 1097 1482 Iuda:
1126 1423 1436 1495 specialiter
1458 1430 1513 1478 et
1542 1420 1675 1474 alio-

105 1538 251 1588 rum,
273 1537 435 1592 quam
471 1522 523 1576 in
572 1522 748 1591 ipsum
773 1519 1048 1575 Christum
1080 1517 1458 1573 exhibuerunt.
1506 1514 1566 1569 ιιι
1593 1528 1677 1569 εε-

103 1611 280 1665 cunda
308 1619 478 1682 parte,
508 1626 629 1680 qua:
651 1610 840 1680 incipit
872 1627 884 1663 :
923 1629 941 1661 ι
977 1608 1259 1664 Constitue
1281 1622 1443 1676 super
1468 1619 1616 1669 eum,
1650 1623 1670 1658 ι

100 1702 257 1771 ponit
289 1701 699 1758 maledictiones
718 1700 964 1770 triginta,
989 1700 1132 1755 sicut
1157 1707 1212 1754 et
1235 1698 1493 1753 Dominus
1520 1696 1678 1752 Jesus

105 1792 325 1861 triginta
352 1792 589 1846 denariis
617 1790 867 1845 venditus
896 1787 1020 1844 fuit.
1060 1790 1117 1844 ιιι
1159 1790 1316 1844 tertia
1355 1796 1527 1859 parte,
1557 1801 1677 1858 qua:

1773 618 1873 658 nec
1923 617 2009 657 me
2056 600 2172 656 vult
2200 600 2402 656 habere
2449 608 2611 671 caput
2651 607 2706 654 et
2748 614 2929 670 regem
2983 616 3162 668 suum,
3210 616 3340 673 ergo

1777 715 1795 746 ι
1841 692 2127 759 constitue,
2179 712 2196 743 ι
2253 708 2288 746 o
2328 691 2585 758 Domine,
2619 711 2637 742 ι
2676 707 2837 762 super
2878 706 3000 746 eum
3034 711 3053 742 ι
3085 691 3341 762 populum

1777 804 1796 838 ι
1836 791 2198 854 peccatorem,
2222 801 2241 833 ι
2263 782 2316 836 id
2341 790 2423 836 est
2449 781 2742 847 diabolum,
2776 782 2869 851 qui
2903 781 3194 852 singularis
3218 797 3343 852 pec-

1774 885 1925 932 cator
1946 883 2050 939 est,
2074 882 2128 928 et
2148 882 2228 928 est
2259 889 2420 928 causa
2444 874 2605 928 totius
2628 874 2854 943 peccati.
2891 892 2909 924 ι
2940 860 3114 942 Super
3140 888 3282 939 eum,
3315 891 3337 926 ι

1774 975 1835 1021 ιιι
1870 966 2175 1021 dominetur
2209 965 2257 1019 ei
2292 983 2306 1017 :
2343 984 2360 1014 ι
2407 972 2461 1018 ει
2496 984 2513 1017 ι
2554 965 2687 1035 ipse,
2733 984 2751 1015 ι
2782 964 3024 1020 diabolus
3053 984 3073 1016 ι
3111 964 3342 1030 scilicet,

1780 1076 1797 1109 ι
1836 1064 1941 1112 stet
1969 1072 2003 1111 a
2032 1056 2240 1110 dextris
2269 1054 2403 1123 ejus,
2448 1073 2467 1106 ι
2497 1055 2550 1110 id
2594 1064 2698 1120 est,
2754 1071 2862 1111 non
2908 1064 3133 1127 occupet
3173 1056 3343 1112 solam

1775 1149 2168 1213 carnalitatem,
2203 1162 2366 1218 quam
2396 1161 2493 1217 per
2520 1146 2817 1213 sinistram,
2861 1149 2953 1203 sed
2982 1149 3147 1203 etiam
3172 1149 3344 1220 ipsam

1777 1240 2063 1307 rationem,
2092 1253 2253 1307 quam
2301 1253 2400 1309 per
2440 1237 2720 1293 dexteram
2758 1237 3070 1309 designatur
3096 1254 3111 1293 :
3137 1240 3233 1305 ita,
3286 1247 3347 1296 ut

1776 1344 1948 1400 neque
1986 1343 2085 1398 per
2106 1328 2370 1383 rationem
2402 1325 2601 1397 aliquid
2626 1327 2752 1382 boni
2777 1337 2917 1397 agat.
2963 1328 3078 1394 Vel,
3117 1350 3134 1381 ι
3167 1339 3347 1386 stet'a

1777 1420 1980 1476 dextris
2000 1420 2132 1489 ejus,
2164 1439 2182 1472 ι
2213 1419 2265 1474 id
2286 1428 2387 1497 est,
2414 1433 2745 1489 quzecunque
2785 1400 3116 1489 operahitur,
3158 1437 3347 1492 sugge-

1777 1520 1930 1568 rente
1961 1511 2195 1577 diabolo,
2224 1518 2377 1580 putet
2419 1510 2640 1566 dextera
2669 1518 2723 1564 et
2747 1512 2906 1566 bona.
2948 1510 3180 1566 Attende
3203 1513 3347 1582 quod

1779 1604 2230 1675 lnecimprecatio
2264 1620 2369 1659 non
2417 1611 2499 1658 est
2533 1619 2599 1658 ex
2641 1612 2765 1659 voto
2807 1603 3219 1671 malevolentiae,
3252 1605 3348 1662 sed

1778 1696 2025 1751 Christus
2069 1694 2412 1750 consentiens
2436 1694 2630 1749 divina:
2663 1695 2907 1765 justitim,
2941 1697 3093 1765 ponit
3125 1696 3226 1752 sub
3251 1697 3348 1752 de-

1778 1787 2110 1858 precatione,
2139 1801 2260 1856 quae
2296 1785 2443 1842 valet
2465 1794 2728 1858 quantum
2757 1795 2813 1841 et
2848 1788 3166 1855 enuntiatio,
3207 1788 3350 1858 quod

101 1881 297 1950 incipit
328 1899 343 1935 :
381 1900 400 1934 ι
435 1882 501 1935 Ει
530 1891 583 1935 ιιι
603 1922 617 1947 ,
649 1881 905 1945 Domine,
935 1880 1022 1935 fac
1049 1896 1283 1946 mecum,
1316 1900 1333 1932 ›
1361 1880 1497 1955 petit
1525 1894 1676 1934 suam
1707 1868 1754 1929 Β
1780 1879 1923 1934 videt
1956 1878 2061 1933 illis
2086 1878 2344 1932 futurum.

98 1972 554 2045 gloriﬁcationem
576 2014 590 2039 ,
615 1973 944 2029 interserens
972 1974 1173 2043 aliquid
1194 1975 1259 2028 de
1283 1989 1379 2029 sua
1407 1974 1679 2043 passione,

98 2070 165 2117 et
184 2063 384 2134 aliquid
406 2066 471 2119 de
492 2074 898 2134 persecutorum
926 2064 1325 2121 maledictione.
1347 2064 1579 2119 Intentio
1601 2071 1685 2120 εει

98 2164 170 2208 ιιι
192 2169 318 2209 cum
347 2154 625 2211 videamus
654 2154 773 2211 illos
799 2155 891 2226 qui
917 2153 1192 2211 Christum
1225 2155 1496 2225 persecuti
1534 2167 1678 2219 sunt,

101 2246 190 2302 sic
220 2245 561 2313 maledictos,
595 2262 624 2301 a
645 2245 919 2316 justorum
946 2248 1323 2317 persecutione
1350 2262 1643 2303 cessemus.
1674 2302 1679 2311 ,

185 2340 254 2394 Et
300 2340 379 2396 sic
407 2340 643 2410 loquitur
663 2339 911 2397 Christus
939 2341 1007 2395 ad
1038 2340 1253 2395 Patrem
1283 2360 1295 2395 :
1335 2361 1351 2393 ι
1381 2340 1425 2396 Ο
1456 2342 1620 2406 Deus,
1659 2358 1680 2393 ι

98 2438 297 2487 contra
325 2432 427 2486 hoc
449 2432 589 2501 quod
606 2431 810 2487 inimici
830 2433 934 2487 mei
954 2431 1247 2501 loquuntur
1263 2432 1394 2487 mihi
1416 2432 1603 2501 impie,
1627 2439 1685 2486 tu

110 2543 134 2576 ι
154 2538 224 2579 ne
243 2524 478 2580 tacueris
503 2523 713 2579 laudem
735 2538 931 2590 meam,
954 2544 972 2575 ι
993 2524 1086 2579 sed
1111 2523 1195 2578 fac
1212 2538 1297 2578 me
1325 2523 1600 2593 cognosci,
1630 2530 1685 2577 et

108 2615 315 2671 laudari
330 2630 426 2685 per
440 2623 611 2673 totum
633 2616 889 2670 mundum
916 2632 930 2669 :
956 2615 1075 2670 ideo
1097 2614 1265 2670 facias
1288 2615 1411 2679 hoc,
1434 2633 1452 2665 ‹
1473 2615 1603 2684 quia
1622 2629 1686 2670 os

106 2708 437 2780 peccatoris,
470 2727 488 2759 ι
526 2706 576 2761 id
601 2715 706 2772 est,
728 2704 935 2762 Judaici
960 2706 1163 2777 populi.
1186 2707 1279 2776 qui
1307 2705 1534 2777 populus
1560 2720 1685 2774 pec-

107 2806 267 2855 cator‘
285 2806 368 2855 est
405 2798 460 2853 in
491 2798 631 2868 turpi
659 2798 802 2863 vita,
834 2817 852 2849 ‹
889 2805 944 2852 ει
972 2812 1036 2853 οε
1071 2796 1242 2852 dolosi
1289 2816 1306 2848 ι
1348 2796 1562 2867 populi,
1593 2796 1686 2865 qui

108 2891 296 2947 dolose
321 2891 664 2947 machinatur
689 2899 919 2945 mortem
942 2905 1140 2955 meam,
1170 2898 1225 2944 et
1249 2890 1381 2945 dicit
1409 2890 1561 2945 dolos
1581 2889 1686 2945 sic-

107 2988 171 3038 ut
213 2995 229 3035 :
282 2999 301 3032 ι
346 2981 621 3051 Magister,
656 2980 784 3050 quid
823 2964 907 3035 est
948 2981 1239 3035 maximum
1288 2980 1343 3035 in
1381 2979 1496 3051 lege
1534 2996 1687 3036 man-

108 3067 563 3145 datum?(Malth.
595 3070 752 3141 χχιι),
781 3089 799 3123 ι
830 3078 884 3125 ει
914 3071 1129 3137 similia,
1164 3090 1182 3123 ‹
1207 3080 1292 3126 εει
1318 3080 1564 3141 apertum
1595 3088 1683 3128 su-

108 3179 208 3235 per
235 3178 339 3229 me,
371 3182 389 3215 ι
424 3162 476 3218 id
498 3170 601 3229 est,
623 3162 689 3217 ad
712 3178 884 3217 meam
908 3162 1329 3232 depressionem.
1353 3162 1489 3231 Cum
1528 3164 1679 3229 dicit,

114 3274 135 3306 ι
175 3261 419 3322 apertum
447 3261 550 3319 εει,
586 3274 605 3305 ι
635 3262 785 3309 notat
826 3268 920 3310 eos
948 3252 1118 3308 multa
1147 3252 1288 3309 mala
1318 3253 1527 3308 locutos
1553 3269 1683 3310 con-

110 3363 196 3405 tra
226 3362 348 3402 eum
383 3344 567 3402 fuisse.

182 3439 253 3495 Et
282 3440 383 3510 ipsi
410 3458 427 3489 ‹
457 3439 622 3493 locuti
650 3446 776 3493 sunt
804 3438 1090 3494 adversum
1117 3454 1205 3493 me
1227 3439 1407 3508 lingua
1432 3439 1635 3504 dolosa,
1661 3458 1680 3491 ι

111 3535 356 3590 dicentes
385 3546 399 3582 :
432 3548 451 3581 ‹
492 3527 765 3599 Magister,
797 3529 997 3584 scimus
1016 3530 1141 3599 quia
1168 3545 1334 3583 verax
1364 3545 1421 3584 es
1446 3550 1463 3581 ι
1489 3529 1682 3599 (Marc.

115 3622 243 3692 xu),
273 3640 291 3672 ι
320 3630 374 3676 ει
400 3639 419 3671 ›
446 3620 660 3674 tandem
686 3619 741 3673 in
771 3620 1021 3689 passione
1053 3639 1071 3670 ι
1107 3620 1577 3674 circumdederunt
1601 3633 1689 3674 me

115 3712 460 3769 sermonibus
488 3711 617 3776 odii,
656 3730 672 3763 ι
707 3711 915 3766 scilicet
954 3726 1089 3781 quos
1116 3712 1466 3782 proferebant
1498 3720 1688 3767 contra

114 3818 228 3869 me,
280 3818 386 3858 non
426 3812 645 3872 propter
670 3803 943 3860 meritum.
976 3804 1072 3859 sed
1115 3812 1337 3874 propter
1376 3804 1578 3870 odium,
1609 3805 1689 3860 di-

112 3902 303 3952 centes
351 3894 489 3963 apud
517 3891 745 3948 Pilatum
777 3912 791 3948 :
826 3911 844 3944 ι
872 3892 1161 3965 Crucitige,
1202 3895 1458 3965 cruciﬁge
1510 3909 1633 3950 eum
1664 3914 1683 3948 ι

114 3982 274 4058 (an.
332 3984 490 4057 mn)
528 4003 539 4040 :
578 4004 595 4037 ι
627 3994 681 4040 ει
705 3994 1148 4057 expugnaverunt
1196 4002 1303 4053 me,
1344 4008 1363 4040 ι
1389 3989 1689 4043 secundum

113 4078 261 4134 dicta
285 4093 470 4135 eorum
487 4084 807 4148 putaverunt
836 4078 1142 4134 convictum
1161 4079 1227 4135 de
1252 4088 1430 4146 reatu,
1456 4095 1523 4136 eo
1544 4081 1690 4150 quod

116 4185 307 4225 verum
356 4170 435 4224 eis
483 4168 751 4236 dixeram,
796 4168 1023 4226 dicendo
1054 4186 1142 4226 me
1180 4185 1299 4227 esse
1327 4170 1523 4227 Filium
1569 4170 1688 4228 Dei.

120 4259 218 4315 Vel
254 4278 273 4311 ι
300 4268 742 4331 expugnaverunt
784 4275 871 4315 me
902 4280 922 4312 ι
954 4270 1217 4332 quantum
1258 4264 1325 4320 ad
1366 4266 1690 4320 exteriorem

119 4348 624 4417 hbminem,dantes
639 4364 724 4405 me
753 4350 913 4405 morti
934 4351 1148 4408 :ethrec
1171 4353 1354 4409 omnia
1385 4373 1405 4406 ι
1436 4356 1626 4425 gratis,
1667 4374 1686 4407 ›

116 4442 174 4497 id
206 4450 308 4505 est,
338 4441 454 4497 sine
483 4456 604 4497 meo
629 4442 842 4497 merito.
870 4441 988 4508 Vel,
1027 4462 1046 4494 ‹
1082 4454 1549 4515 expugnaverunt,
1582 4466 1600 4500 ι
1638 4446 1694 4502 id

116 4540 226 4599 est,
255 4531 720 4603 impugnaverunt,
753 4545 839 4586 me
864 4532 1187 4601 spernendo,
1211 4532 1622 4603 colaphizando.

1858 1990 1875 2022 ι
1898 1971 2031 2026 Cum
2048 1971 2339 2040 judicatur.
2365 1989 2385 2023 ι
2404 1956 2685 2026 ϐοιιὲῐῖῗὶιε
2703 1978 3064 2040 peccatorem,
3078 1978 3209 2025 eteo
3224 1986 3352 2028 con-

1784 2062 1992 2127 stituto,
2031 2080 2048 2111 ι
2084 2070 2243 2116 exeat
2283 2081 2302 2113 ι
2356 2076 2387 2116 a
2434 2062 2707 2117 consortio
2739 2060 3010 2132 justorum
3045 2083 3063 2114 ς
3103 2064 3354 2118 condem-

1784 2164 1962 2218 natus,
2017 2174 2035 2205 ›
2070 2154 2157 2208 vel
2180 2153 2366 2220 Judas,
2394 2156 2479 2210 vel
2501 2154 2757 2210 Judaicus
2786 2156 3029 2227 populus,
3063 2175 3082 2207 ι
3118 2172 3237 2211 cum
3260 2158 3353 2228 ju-

1785 2249 2014 2313 dicatur,
2042 2268 2058 2297 ι
2080 2248 2132 2300 id
2149 2256 2253 2312 est,
2265 2246 2614 2315 iudicabitur,
2648 2249 2699 2302 in
2722 2248 2902 2303 futuro
2915 2248 3146 2316 judicio:
3168 2250 3222 2305 in
3245 2265 3356 2321 quo

1780 2339 1986 2409 judicio
2007 2347 2214 2394 certum
2245 2348 2327 2393 est
2357 2340 2497 2409 quod
2525 2338 2691 2393 ludas
2734 2349 2787 2393 et
2816 2338 2928 2406 ejus
2949 2342 3297 2396 consentanei
3324 2356 3356 2397 a

1787 2440 2098 2486 sanctorum
2122 2429 2396 2485 consortio
2417 2429 2783 2499 sejungentur.
2803 2429 2921 2495 Vel,
2946 2445 3067 2484 cum
3077 2430 3353 2499 judicatur

1783 2524 1996 2579 occulto
2019 2521 2221 2591 judicio
2253 2522 2307 2575 in
2350 2520 2454 2575 hac
2488 2521 2621 2581 vita,
2658 2529 2816 2576 exeat
2848 2537 2878 2575 a
2923 2522 3197 2578 consortio
3233 2538 3357 2579 san-

1785 2622 1996 2671 ctorum
2024 2612 2443 2676 condemnatus,
2472 2610 2638 2666 veluti
2677 2611 2843 2666 Judas
2873 2611 2962 2680 qui
2981 2653 2994 2675 ,
3026 2610 3222 2669 tradito
3248 2613 3355 2669 Do-

1784 2708 1951 2772 mino,
1981 2708 2050 2761 ab
2076 2704 2443 2775 apostolorum
2473 2705 2731 2760 societate
2776 2705 3049 2775 scjunctus
3083 2715 3185 2762 est.
3223 2727 3242 2759 ι
3291 2708 3358 2763 Ει

1784 2799 1958 2853 oratio
1981 2795 2098 2864 ejus
2126 2797 2221 2851 tiat
2265 2797 2320 2850 in
2349 2806 2649 2865 peccatum.
2694 2815 2713 2848 ι
2746 2793 2895 2851 Judze
2916 2800 3089 2853 oratio
3130 2799 3184 2852 in
3221 2814 3348 2869 pec-

1784 2898 1962 2946 catum
1989 2888 2108 2954 fuit,
2134 2888 2348 2958 quando
2376 2887 2432 2942 in
2457 2888 2881 2957 desperationem
2927 2890 3122 2945 cecidit
3147 2906 3161 2954 ;
3193 2891 3357 2948 veluti

1784 2997 1904 3036 cum
1921 2980 2203 3035 Dominum
2232 2978 2445 3033 audiret
2467 2980 2845 3043 resurrexisse,
2862 2979 2997 3034 dixit
3022 2998 3035 3034 :
3064 3000 3082 3031 ι
3107 2981 3359 3050 Peccavi,

1782 3075 1998 3130 tradens
2020 3073 2335 3144 sanguinem
2351 3072 2607 3142 justum,»
2637 3073 2935 3144 ductusque
2959 3075 3358 3145 desperatione,

1785 3165 1977 3236 laqueo
2003 3181 2060 3219 se
2092 3165 2387 3234 suspendit.
2423 3164 2605 3219 Potest
2628 3180 2842 3237 quoque
2867 3168 3224 3224 communiter
3253 3169 3359 3225 dici

1790 3258 1931 3311 etde
1952 3254 2107 3319 Juda,
2138 3256 2279 3309 etde
2311 3254 2454 3309 malo
2473 3254 2667 3325 populo
2701 3255 2792 3309 illo
2824 3255 3149 3312 Judazorum.
3183 3277 3203 3309 ‹
3240 3257 3363 3315 Fiat

1789 3345 1965 3401 oratio
1989 3343 2105 3411 ejus
2137 3344 2189 3405 in
2216 3353 2519 3412 peccatum,
2556 3362 2576 3395 ›
2606 3345 2660 3399 id
2683 3352 2787 3410 est,
2813 3346 2880 3400 ad
2898 3354 3158 3402 aeternum
3190 3348 3362 3405 inter-

1788 3436 1924 3490 itum
1948 3453 1962 3501 ;
1990 3436 2116 3505 quia
2134 3476 2149 3501 ,
2183 3434 2323 3490 sicut
2350 3433 2480 3489 dicit
2504 3434 2866 3507 Augustinus,
2890 3438 3065 3492 oratio
3090 3455 3208 3509 qua:
3237 3455 3363 3496 cum

1790 3525 2009 3582 Christo
2041 3525 2123 3591 ﬁt,
2161 3526 2229 3580 ad
2274 3525 2502 3580 salutem
2546 3534 2665 3581 est:
2699 3543 2818 3597 qua:
2857 3528 2974 3584 sine
2998 3528 3214 3586 Christo
3253 3539 3361 3598 est,

1791 3620 1861 3673 ad
1899 3618 2321 3675 damnationem.
2368 3616 2628 3671 Similiter
2669 3627 2723 3673 et
2764 3628 2948 3674 nostra
2987 3622 3163 3676 oratio
3208 3622 3270 3678 ﬁt
3308 3624 3367 3679 in

1790 3708 2050 3779 peccatis,
2074 3707 2119 3760 si
2141 3707 2403 3761 habentes
2424 3721 2548 3778 erga
2575 3707 2880 3777 proximum
2906 3709 3085 3764 odium
3098 3710 3180 3764 vel
3202 3712 3363 3778 iram,

1790 3801 1875 3855 vel
1904 3799 2039 3854 alias
2085 3797 2396 3868 injustitias,
2430 3799 2675 3853 dicamus
2708 3816 2721 3853 :
2766 3818 2784 3849 ι
2818 3799 3037 3855 Dimitte
3084 3802 3238 3857 nobis
3272 3802 3367 3857 de-

1790 3890 1901 3948 bita
1939 3898 2144 3955 nostra,
2172 3890 2315 3945 sicut
2354 3898 2410 3945 et
2433 3905 2531 3945 nos
2556 3890 2876 3947 dimittimus
2902 3890 3232 3949 debitoribus
3266 3909 3367 3948 no-

1792 3988 1941 4060 stris.
1972 4006 1991 4039 ι
2024 3986 2292 4043 Debemus
2318 3995 2497 4042 autem
2536 3987 2727 4043 saltem
2758 3996 2944 4045 nostro
2978 3988 3135 4045 fratri
3179 3990 3361 4046 odium

1791 4080 1877 4135 vel
1902 4080 2062 4145 iram,
2085 4087 2140 4134 et
2160 4080 2289 4135 talia
2310 4095 2430 4149 quae
2454 4096 2559 4136 non
2589 4089 2717 4136 sunt
2742 4081 3020 4152 exigenda,
3035 4081 3361 4152 condonare,

1792 4178 1853 4225 ut
1880 4171 2053 4225 oratio
2075 4178 2263 4226 nostra
2292 4170 2404 4227 Deo
2435 4172 2785 4243 acceptabilis
2806 4173 2897 4239 sit,
2925 4173 3065 4230 sicut
3098 4175 3153 4231 in
3192 4175 3367 4231 Evan-

1793 4261 1931 4333 gelio
1958 4261 2157 4316 dicitur
2181 4280 2194 4316 :
2229 4281 2247 4314 ι
2281 4261 2414 4317 Cum
2440 4263 2601 4318 oll‘ers
2629 4279 2826 4319 munus
2847 4272 2995 4319 tuum
3021 4274 3147 4322 ante
3173 4266 3365 4334 altare,

1794 4352 1840 4407 si
1886 4352 2206 4407 recordatus
2232 4350 2400 4408 fueris
2443 4352 2568 4423 quia
2605 4351 2775 4408 frater
2815 4363 2939 4410 tuus
2966 4356 3129 4411 habet
3166 4357 3369 4427 aliquid

1791 4440 1952 4512 justas
1978 4442 2214 4512 querelae
2248 4443 2534 4497 adversum
2571 4453 2644 4508 te,
2686 4445 2899 4502 dimitte
2940 4463 3136 4504 munus
3178 4457 3326 4504 tuum
3348 4489 3366 4516 ,

1798 4539 1850 4587 et
1868 4532 2002 4585 vade
2022 4532 2175 4602 prius
2198 4532 2536 4587 reconciliari
2560 4534 2713 4589 fratri
2731 4545 2840 4603 tuo,
2862 4546 2967 4592 etc.
2993 4559 3013 4591 ι
3034 4538 3247 4608 (Matth.
3264 4539 3367 4612 vi).

192 4622 337 4680 Vere
362 4641 381 4673 ι
404 4583 601 4692 ιξιιιιίε,
640 4641 659 4673 ι
690 4622 813 4692 quia
868 4637 965 4692 pro
1016 4622 1295 4678 beneﬁciis
1331 4583 1462 4679 rlucc
1512 4624 1694 4680 omnia
1718 4583 1773 4645 Β
1797 4622 1952 4679 Licet
1982 4633 2165 4680 autem
2192 4626 2347 4682 nobis
2370 4628 2615 4697 quasdam
2650 4627 2797 4697 juste
2826 4583 3096 4703 repetere,
3123 4583 3371 4703 quamvis

116 4715 255 4773 mihi
289 4712 598 4779 faciebant;
632 4721 685 4769 et
716 4713 818 4767 hoc
845 4722 929 4769 est
956 4732 969 4768 :
999 4731 1017 4763 ι
1054 4715 1409 4771 detrahebant
1432 4716 1564 4771 mihi
1594 4731 1693 4787 pro

115 4823 188 4865 eo
220 4814 281 4862 ut
303 4820 391 4861 me
415 4804 721 4877 diligerent,
761 4825 779 4857 ι
812 4805 863 4861 id
902 4815 1005 4871 est,
1048 4822 1147 4876 pro
1189 4822 1256 4863 eo
1284 4806 1428 4864 facto
1459 4823 1560 4879 pro
1584 4824 1692 4879 quo

117 4914 213 4955 me
240 4896 462 4968 diligere
488 4897 767 4954 deberent.
809 4897 877 4953 Et
910 4899 1073 4954 etiam
1102 4919 1121 4951 ι
1157 4912 1456 4971 posuerunt
1494 4902 1688 4959 adver-

119 5006 247 5047 sum
273 5004 359 5045 me
384 4988 525 5045 mala
552 5005 649 5061 pro
670 4988 858 5057 bonis,
898 5009 916 5042 ι
957 4991 1011 5045 id
1057 5001 1170 5058 est,
1218 4994 1273 5048 in
1317 4994 1435 5065 ipso
1462 4993 1606 5052 facto
1635 4998 1691 5053 in

119 5096 233 5153 quo
262 5079 573 5151 quzerebant
599 5078 731 5134 mihi
766 5088 1016 5147 mortem,
1051 5080 1105 5136 id
1140 5091 1240 5147 est,
1273 5099 1393 5139 cum
1415 5100 1515 5156 ego
1550 5101 1696 5156 quae-

120 5189 305 5231 rerem
347 5188 532 5229 eorum
575 5172 846 5229 salutem:
881 5194 900 5226 ‹
951 5182 1006 5231 ει
1050 5175 1235 5231 odium
1274 5192 1373 5248 pro
1410 5177 1698 5236 dilectione

120 5282 269 5331 mea,
298 5280 400 5340 ego
436 5274 617 5320 autem
656 5266 876 5322 orabam
914 5288 932 5319 ι
961 5283 1060 5339 pro
1085 5269 1184 5324 eis.
1225 5269 1481 5326 Ultimum
1527 5286 1698 5342 genus

120 5356 348 5414 malitia:
391 5364 543 5412 notat
586 5357 641 5412 in
665 5358 763 5412 eis.
809 5356 1005 5414 Malum
1034 5376 1268 5430 namque
1296 5371 1380 5418 est
1419 5378 1518 5433 pro
1541 5364 1697 5420 bonis

126 5451 276 5506 bona
312 5464 421 5504 non
448 5449 703 5515 reddere;
728 5449 897 5521 pejus,
921 5467 1021 5522 pro
1065 5453 1223 5508 malis
1251 5453 1391 5509 mala
1430 5454 1694 5525 reddere;

120 5541 442 5612 pessimum,
467 5555 567 5611 pro
594 5541 751 5598 bonis
780 5542 916 5597 mala
949 5544 1189 5600 reddere.
1231 5545 1274 5600 E
1302 5549 1576 5603 contrario
1600 5565 1698 5620 po-

122 5634 210 5689 nit
239 5633 295 5688 in
323 5631 542 5688 Christo
560 5633 819 5703 optimum
866 5650 1033 5707 genus
1071 5637 1350 5705 bonitatis,
1397 5641 1488 5711 qui
1514 5655 1614 5710 pro
1638 5656 1697 5698 se

120 5725 569 5801 persequentium
598 5726 768 5783 salute
801 5729 1011 5784 orabat.

203 5839 226 5877 ι
260 5817 554 5884 Constitue.
595 5838 615 5875 ι
660 5819 793 5880 Pars
835 5823 1089 5883 secunda.
1144 5823 1213 5884 Et
1257 5827 1693 5902 quandoquidem

1796 4712 1990 4767 melius
2036 4722 2181 4769 esset
2227 4717 2408 4770 omnia
2456 4718 2795 4788 condonare;
2842 4724 2983 4777 unde
3024 4723 3314 4794 Apostolus
3352 4744 3365 4781 :

1801 4822 1829 4888 ε
1860 4801 2055 4859 Omnia
2097 4805 2231 4861 mihi
2276 4806 2461 4866 licent.
2486 4808 2580 4865 sed
2624 4825 2732 4866 non
2777 4813 2957 4869 omnia
2998 4816 3308 4886 expediunt.
3343 4835 3363 4869 ι

1794 4896 1863 4971 (1-
1885 4896 2009 4953 Cor.
2042 4914 2095 4953 vt
2130 4908 2184 4954 et
2209 4900 2289 4972 ι.)

1869 5010 1888 5042 ‹
1919 4990 2079 5046 Fiant
2104 4991 2219 5049 dies
2247 4991 2364 5063 ejus
2387 4996 2566 5066 pauci,
2590 5017 2609 5051 ι
2637 4998 2689 5053 id
2715 5007 2819 5066 est,
2838 5001 3024 5071 paucis
3043 5000 3229 5057 diebus
3254 5016 3366 5058 ma-

1803 5090 1932 5136 neat
1959 5080 2099 5136 inter
2120 5083 2419 5152 apostolos;
2450 5104 2468 5137 ι
2496 5094 2550 5140 ει
2579 5087 2949 5158 episcopatum
2988 5089 3106 5158 ejus
3141 5087 3373 5159 accipiat

1804 5170 1961 5235 alter,
2004 5191 2022 5222 ιν
2056 5171 2111 5225 id
2154 5182 2256 5237 est,
2310 5176 2689 5246 apostolatum,
2719 5178 2926 5233 scilicet
2961 5177 3232 5234 Matthias.
3257 5179 3372 5236 Hoc

1804 5261 2111 5331 specialiter
2140 5265 2204 5319 de
2231 5263 2367 5321 Iuda
2394 5269 2609 5335 dicitur,
2637 5270 2703 5325 de
2729 5285 2838 5339 quo
2876 5279 2933 5324 et
2970 5269 3160 5325 beatus
3182 5269 3373 5324 Petrus

1804 5352 1859 5407 in
1895 5354 2119 5410 Actibus
2149 5359 2516 5427 apostolorum
2558 5362 2702 5417 hunc
2728 5376 2946 5416 versum
2980 5361 3251 5431 exposuit,
3293 5358 3373 5415 di-

1805 5468 1967 5510 cens:
1998 5446 2353 5527 Suppleamus
2380 5460 2555 5516 locum
2593 5461 2779 5531 ipsius,
2811 5459 2952 5516 sicut
2972 5459 3226 5532 praecepit
3253 5455 3377 5526 Spi-

1803 5548 1941 5604 ritus
1973 5560 2215 5619 sanctus,
2240 5569 2361 5610 cum
2391 5555 2524 5611 dicit
2553 5570 2568 5609 :
2597 5554 2978 5625 Episcopatum
3004 5553 3122 5624 ejus
3145 5551 3374 5623 accipiat

1805 5642 1943 5698 alter
1968 5644 2103 5715 (Act.
2126 5645 2189 5717 ι).

1881 5758 1899 5790 ι
1932 5739 2090 5794 Fiant
2122 5740 2213 5794 lilii
2242 5740 2376 5810 ejus,
2411 5760 2429 5793 ι
2458 5740 2627 5805 Iudae,
2656 5740 2740 5794 vel
2778 5739 2960 5810 populi
3000 5738 3206 5796 Judaici
3243 5755 3264 5790 ‹
3291 5751 3378 5793 οι·-

1800 5833 1990 5908 phani,
2022 5854 2041 5888 ι
2073 5842 2231 5911 patre
2256 5834 2482 5907 carnali,
2506 5834 2594 5894 vel
2620 5834 2732 5895 Deo
2752 5842 2913 5905 patre
2932 5832 3203 5904 spirituali
3229 5849 3284 5895 τι
3319 5838 3383 5907 ct
