3898 6466
542 391 648 449 575

1005 386 1356 444 HAYMONIS
1392 381 1866 442 HALBERSTAT.
1909 384 2121 442 EPISC.
2163 384 2311 441 OPP.
2351 379 2531 440 PARS
2568 384 2608 441 l.
2638 415 2707 426 —~
2742 376 3097 442 COMMENT.
3138 383 3306 442 BlBL.

3717 381 3809 445 5-76

542 520 681 560 uxor
721 505 859 574 ejus,
902 522 918 555 ι
954 501 1133 567 Judae,
1188 501 1274 556 vel
1324 500 1489 556 totius
1538 499 1717 570 populi
1770 498 2108 564 Judaeorum;
2140 503 2191 563 Α
2216 507 2304 554 tur
2333 518 2344 553 :
2370 508 2427 555 et
2446 500 2709 570 accipitur
2727 500 2815 556 hic
2840 500 3072 571 speciale
3093 499 3220 555 illud
3247 511 3568 570 peceatum,
3595 501 3672 556 de
3701 520 3808 574 per-

548 615 565 645 c
597 594 780 659 vidua,
819 614 836 645 ι
877 592 961 647 vel
995 593 1205 647 maritis
1237 589 1566 655 carnalibus,
1602 588 1682 643 vel
1703 589 1821 658 ipso
1860 588 1971 643 Deo
1993 604 2111 642 ma-

540 687 647 740 rito
680 684 944 755 spirituali
972 693 1026 738 et
1046 697 1175 737 vero
1202 680 1562 735 eonsolatore.
1578 678 1729 735 Licet
1748 679 1801 733 in
1826 678 2115 749 Evangelio

544 792 652 831 non
680 776 911 848 legatur,
938 782 1115 829 tamen
1145 772 1415 839 credimus
1441 769 1630 827 Judam
1654 786 1879 825 uxorem
1898 778 1953 825 et
1978 768 2115 824 ﬁlios

544 866 814 921 habuisse.

614 944 841 1029 Propter
859 958 975 1013 haec
993 956 1131 1012 mala
1161 976 1180 1008 ι
1215 955 1616 1011 transferantur
1637 955 1759 1010 ﬁliis
1786 956 1924 1026 ejus,
1965 974 1983 1006 ι
2010 955 2113 1010 sci-

541 1050 687 1117 licet,
716 1050 885 1117 Judaa,
918 1051 1001 1106 vel
1025 1051 1385 1107 communiter
1425 1050 1591 1123 totius
1621 1048 1822 1119 populi,
1855 1050 1921 1103 de
1949 1062 2113 1119 regno

540 1156 639 1199 suo
663 1159 677 1209 ;
715 1162 734 1195 ι
765 1152 1032 1208 nutantes,
1065 1162 1083 1193 ι
1103 1142 1383 1197 instabiles
1407 1149 1463 1195 et
1481 1141 1620 1211 vagi,
1641 1140 1910 1204 videlicet,
1932 1150 2111 1194 trans-

537 1236 654 1304 lati,
686 1236 884 1292 nullius
911 1244 1069 1291 terra;
1090 1235 1387 1290 dominium
1418 1234 1734 1297 obtineant;
1769 1253 1787 1283 ‹
1824 1241 1879 1287 et
1908 1231 2115 1287 mendi-

538 1335 684 1390 cent,
731 1347 749 1379 ›
783 1327 837 1382 id
866 1335 967 1391 est,
1011 1326 1209 1381 deserti
1239 1341 1269 1379 a
1304 1325 1438 1390 Deo,
1470 1324 1747 1394 indigeant
1775 1324 1937 1377 etiam
1966 1332 2115 1378 exte-

536 1420 770 1476 rioribus
798 1437 813 1474 :
852 1438 869 1471 ι
906 1418 1300 1474 transferantur
1333 1437 1350 1470 ι
1384 1418 1533 1482 dico,
1569 1433 1669 1472 nec
1696 1417 1799 1472 hoc
1826 1416 1995 1480 fame,
2027 1414 2114 1470 vel

534 1508 860 1573 voluntal-ii,
890 1509 985 1563 sed
1020 1509 1071 1562 vi
1114 1507 1468 1577 expellautur.
1502 1506 1615 1561 Hoc
1639 1514 1722 1560 est
1754 1506 1896 1575 quod
1931 1505 2062 1559 dicit
2096 1522 2110 1558 :

541 1616 564 1651 ι
586 1598 883 1669 Ejiciantur
894 1599 959 1653 de
982 1598 1406 1653 habitationibus
1428 1598 1561 1663 suis,
1591 1617 1610 1650 ›
1641 1596 2112 1668 sicutcompletum

537 1699 624 1747 est
654 1706 750 1759 per
776 1688 953 1744 Titum
975 1699 1031 1744 et
1064 1689 1476 1758 Vespasianum.

612 1805 631 1836 ‹
673 1784 957 1840 Scrutetur
999 1785 1162 1838 etiam
1210 1783 1507 1849 fenerator,
1548 1801 1567 1834 ι
1616 1780 1668 1835 id
1707 1790 1811 1845 est,
1846 1778 2109 1845 diabblus,

2215 592 2487 645 secutione
2519 590 2819 660 justorum;
2867 591 3010 645 unde
3049 598 3104 644 et
3151 589 3277 645 alibi
3313 591 3521 646 dicitur
3555 606 3577 645 :
3627 592 3807 650 Veniat

2211 695 2371 748 super
2400 695 2495 734 vos
2519 681 2695 735 omnis
2727 680 2948 750 sanguis
2972 679 3149 749 justus
3174 680 3266 749 qui
3300 681 3513 737 effusus
3534 692 3634 737 est
3658 699 3805 755 super

2212 776 2437 831 terram,
2468 784 2499 822 a
2541 768 2801 838 sanguine
2829 768 2961 824 Abel
2985 768 3142 838 justi,
3172 784 3342 839 usque
3366 773 3439 827 ad
3480 775 3801 844 sanguinem

2211 859 2487 914 Zachariae
2515 858 2611 915 ﬁlii
2639 859 2916 917 Barachiae
2945 859 3162 931 (Matth.
3185 862 3363 933 wn).

2288 969 2309 1004 ι
2358 950 2644 1007 Peccatum
2689 953 2881 1008 matris
2929 968 3036 1007 non
3088 952 3349 1017 deleatur,
3406 974 3429 1007 ι
3481 953 3588 1010 sed
3640 954 3797 1023 potius

2219 1065 2238 1099 ι
2280 1044 2412 1101 ﬁant
2437 1056 2624 1101 contra
2657 1045 2945 1102 Dominum
2991 1063 3223 1119 semper,
3260 1069 3279 1101 ι
3327 1049 3548 1104 scilicet
3578 1060 3645 1103 ut
3681 1049 3795 1103 sicut

2213 1137 2267 1193 in
2290 1138 2391 1194 hac
2412 1138 2521 1192 vita
2552 1148 2677 1193 sunt
2705 1139 2964 1194 contrarii
3002 1139 3231 1194 Domino
3257 1155 3355 1211 per
3381 1141 3789 1197 similitudinem

2211 1229 2357 1295 vitae,
2394 1229 2465 1284 ita
2488 1230 2540 1283 in
2564 1229 2666 1285 alia
2692 1230 2803 1285 vita
2831 1238 2992 1285 erunt
3028 1233 3322 1296 contrarii;
3356 1234 3593 1303 quando
3633 1233 3789 1287 Domi-

2212 1336 2315 1376 nus
2343 1321 2395 1375 in
2433 1321 2601 1392 gloria
2644 1322 2885 1391 quiescet
2921 1323 3207 1389 cum,suis,
3254 1324 3354 1394 ipsi
3395 1327 3788 1394 torquebantur

2213 1412 2434 1467 aeternis
2469 1412 2765 1482 suppliciis.
2802 1433 2822 1465 σ
2859 1413 2927 1468 Ει
2964 1416 3237 1485 dispereat
3274 1416 3343 1471 de
3381 1426 3531 1471 terra
3570 1437 3593 1468 ι
3626 1417 3785 1471 viven-

2213 1502 2348 1557 tium
2380 1522 2399 1554 ‹
2436 1504 2697 1559 memoria
2723 1519 2931 1571 eorum,
2968 1525 2986 1558 ι
3014 1506 3224 1562 scilicet
3257 1508 3399 1578 quod
3424 1508 3618 1562 nullus
3640 1510 3783 1580 justo-

2213 1610 2334 1649 rum
2365 1596 2543 1664 aliqua
2576 1596 2665 1666 pia
2691 1596 2979 1654 affectione
3006 1608 3286 1655 moveatur
3322 1616 3494 1671 super
3531 1617 3656 1657 eos.
3686 1602 3779 1657 Bac

2213 1700 2311 1740 oro
2348 1687 2429 1741 eis
2473 1706 2491 1737 ι
2526 1702 2623 1757 pro
2667 1702 2731 1742 eo
2766 1708 2785 1740 ι
2815 1687 2977 1755 facto,
3009 1709 3028 1740 ι
3070 1691 3215 1760 quod
3255 1706 3363 1745 non
3396 1702 3490 1746 est
3520 1712 3540 1745 ι
3580 1693 3779 1763 populus

2214 1774 2304 1830 ille
2337 1794 2355 1827 ‹
2387 1777 2703 1833 recordatus
2745 1778 2923 1834 facere
2967 1780 3420 1847 misericordiam,
3462 1803 3481 1835 ι
3515 1783 3569 1836 id
3596 1794 3675 1837 est
3696 1784 3773 1838 ali-

534 1878 625 1948 qui
649 1878 846 1934 dicitur
876 1877 1154 1933 fenerator
1175 1879 1301 1948 quia
1325 1878 1455 1932 vitia
1477 1877 1764 1933 commissa
1787 1875 1948 1930 alicui
1982 1876 2112 1930 mul-
2137 1871 2185 1932 B
2213 1870 2341 1940 quid
2385 1885 2484 1940 pro
2508 1886 2617 1941 quo
2645 1873 2866 1928 deberet
2893 1874 3320 1931 misericordiam
3376 1876 3653 1932 invenire.
3694 1878 3772 1932 Ite.

534 1969 771 2039 tiplicata
811 1969 1057 2039 requirit,
1113 1970 1240 2039 quia
1289 1969 1345 2023 in
1396 1968 1524 2038 ipsis
1549 1968 1714 2023 etiam
1761 1965 2109 2036 multiplicari

531 2058 681 2125 facit,
726 2068 780 2114 et
804 2076 903 2130 pro
934 2060 1065 2130 ipsis
1091 2074 1281 2131 pmnas
1323 2060 1517 2126 solvit;
1550 2079 1571 2111 ι
1600 2075 1814 2115 omnem
1859 2060 2108 2114 substan-

532 2150 663 2205 tiam
689 2150 823 2219 ejus,
850 2171 868 2201 ι
892 2149 1042 2206 Iudae
1055 2160 1109 2205 et
1130 2151 1357 2206 aliorum
1380 2150 1707 2206 Iudaeorum.
1735 2149 2107 2206 Substantiam

528 2250 719 2295 eorum
750 2240 944 2310 accipit
979 2241 1267 2306 rationem,
1316 2255 1412 2311 per
1440 2255 1602 2311 quam
1655 2241 1756 2310 ipsi
1786 2240 1984 2295 debent
2028 2241 2108 2295 vi-

527 2344 678 2398 vere,
715 2342 767 2388 et
793 2331 845 2387 in
878 2332 1036 2387 bonis
1069 2333 1322 2403 operibus
1357 2333 1647 2388 sustentari
1684 2351 1696 2386 :
1726 2334 1867 2388 hanc
1893 2340 2107 2388 scruta-

527 2428 621 2480 tur
646 2424 904 2490 diabolus,
950 2426 1167 2495 quando
1199 2441 1229 2479 a
1270 2426 1412 2480 bono
1442 2440 1536 2480 eos
1582 2425 1835 2488 retrahit,
1863 2432 1919 2478 et
1944 2424 2109 2478 ratio-

525 2531 649 2572 nem
676 2533 861 2585 eorum
894 2519 946 2573 in
978 2534 1175 2588 pravos
1206 2534 1337 2573 usus
1366 2517 1653 2572 convertit.
1679 2516 1778 2573 Vel
1812 2538 1830 2568 ‹
1860 2516 2106 2572 substan-

530 2609 659 2664 tiam
682 2609 820 2679 ejus,
855 2630 874 2662 ι
909 2611 1127 2674 diaboli,
1168 2610 1221 2664 id
1248 2618 1349 2675 est,
1377 2609 1661 2675 malitiam,
1698 2610 1751 2664 in
1782 2625 1888 2679 qua
1927 2620 1981 2663 et
2011 2625 2108 2678 per

529 2714 689 2769 quam
716 2701 831 2771 ipse
858 2701 1120 2756 subsistit.
1159 2720 1178 2752 ‹
1215 2700 1515 2774 Scrutetur,
1553 2720 1572 2753 ι
1609 2700 1663 2755 id
1684 2708 1788 2765 est,
1822 2701 2108 2772 diligenter

527 2791 787 2861 inquirat,
813 2802 991 2862 ntpro
1026 2791 1251 2862 singulis
1279 2791 1500 2847 malitiis
1538 2808 1676 2861 quas
1718 2801 2103 2859 exercuerunt,

528 2884 721 2939 reddat
753 2884 834 2938 eis
870 2883 1113 2939 diabolus
1163 2884 1489 2953 multiplices
1529 2898 1736 2955 poenas.
1779 2903 1797 2935 ‹
1832 2885 1899 2938 Ει
1940 2886 2102 2941 alieni

528 2973 786 3043 diripiant
821 2973 1034 3027 labores
1072 2973 1209 3042 ejus,
1245 2993 1264 3025 ι
1293 2974 1432 3028 sicut
1456 2973 1686 3027 Romani
1716 2974 1767 3028 in
1806 2975 2078 3044 possessio

525 3065 684 3118 nibus
711 3079 896 3119 eorum
926 3066 1403 3120 haereditaverunt.
1450 3066 1572 3132 Vel,
1606 3086 1623 3118 ι
1654 3067 1836 3133 alieni,
1870 3088 1887 3118 ι
1916 3068 1969 3123 id
1996 3077 2099 3133 est.

522 3156 768 3225 gentiles,
784 3156 1038 3226 diripiant
1066 3155 1278 3212 labores
1302 3156 1436 3227 ejus,
1458 3157 1510 3213 id
1542 3166 1644 3224 est,
1666 3157 1837 3230 legem
1861 3159 2094 3227 Domini,

521 3246 574 3300 in
601 3261 706 3315 qua
734 3246 885 3317 prius
913 3246 1080 3302 Judaei
1112 3247 1515 3303 laboraverunt.

589 3337 657 3392 Et
688 3354 809 3394 cum
839 3339 925 3395 his
963 3341 1138 3396 modis
1165 3348 1481 3396 conteratur
1507 3341 1737 3412 populus
1783 3341 1891 3408 ille,
1924 3362 1942 3393 ι
1984 3358 2093 3398 non

519 3429 693 3485 sit'illi
723 3431 952 3501 adjutor,
1001 3451 1020 3482 ι
1061 3432 1113 3486 id
1142 3440 1244 3498 est,
1287 3449 1395 3489 non
1426 3434 1495 3488 sit
1527 3433 1725 3504 aliquis
1750 3434 1978 3504 pepulus
2006 3436 2098 3505 qui

518 3519 765 3591 insurgat
806 3522 873 3576 ad
902 3520 1265 3579 defensionem
1308 3522 1425 3593 eius
1472 3539 1488 3578 :
1541 3523 1624 3579 vel
1649 3525 1762 3594 ipse
1807 3523 1970 3590 Deus,
2004 3525 2098 3596 qui

513 3609 745 3667 aliorum
778 3613 1012 3669 miseriis
1058 3616 1263 3671 moveri
1294 3615 1432 3671 solet
1475 3624 1531 3670 et
1558 3614 1839 3684 adjuvare,
1880 3632 1986 3670 non
2028 3617 2099 3671 sit

515 3701 727 3773 adjutor
772 3701 847 3758 illi
889 3703 1108 3775 populo,
1149 3720 1249 3761 nec
1275 3706 1437 3760 etiam
1482 3704 1607 3760 ﬁliis
1644 3719 1854 3759 eorum.
1896 3703 1964 3759 Et
1995 3705 2097 3761 hoc

514 3792 684 3849 dicit:
719 3813 738 3846 ‹
772 3806 879 3850 non
912 3795 983 3851 sit
1021 3796 1111 3864 qui
1143 3797 1463 3853 misereatur
1502 3796 1716 3867 pupillis
1749 3794 1885 3865 ejus.
1927 3815 1945 3849 ι

589 3905 608 3938 ι
642 3885 756 3941 Non
781 3886 854 3941 sit
870 3887 960 3956 qui
988 3888 1332 3953 misereatur,
1374 3907 1393 3939 ι
1435 3888 1528 3943 sed
1566 3887 1746 3958 potius
1773 3906 1791 3938 ι
1825 3886 1958 3942 ﬁant
1983 3887 2095 3943 nati

406 3958 410 3963 ’
514 3978 632 4048 ejus
660 3998 679 4031 ι
703 3979 884 4049 populi
906 3998 925 4031 ι
955 3979 1008 4032 in
1033 3978 1333 4045 interitum,
1356 3996 1375 4029 ι
1400 3979 1454 4033 id
1474 3987 1576 4043 est,
1598 3979 1903 4033 moriantur
1920 3987 2095 4036 morte

513 4067 817 4136 temporali.
883 4085 903 4117 ‹
950 4066 1007 4120 In
1053 4067 1401 4138 generatione
1454 4081 1558 4121 una
1608 4066 1853 4123 deleatur
1898 4084 2093 4126 nomen

513 4159 651 4229 ejus,
707 4178 725 4210 ι
767 4158 821 4211 id
859 4164 969 4222 est,
1008 4172 1115 4212 non
1155 4158 1389 4214 habeant
1429 4160 1893 4230 regenerationem
1930 4179 2093 4233 quam

513 4248 715 4303 habent
736 4247 1027 4305 Christiani
1054 4265 1123 4305 ex
1149 4251 1290 4305 unda
1319 4248 1594 4321 baptismi,
1623 4253 1717 4309 sed
1739 4269 1900 4309 unam
1921 4254 2091 4313 solam

513 4345 933 4412 generationem,
956 4342 1163 4400 scilicet
1181 4344 1473 4410 carnalem,
1498 4361 1657 4417 quam
1678 4349 1986 4419 quicunque
2005 4364 2092 4405 so-

513 4433 617 4489 lam
655 4436 876 4499 habent,
907 4445 1123 4492 aeterna:
1151 4437 1342 4508 patria:
1378 4439 1714 4496 habitatores
1747 4457 1854 4495 non
1886 4449 2086 4497 erunt:

2210 1958 2460 2016 cordatus
2486 1962 2605 2018 ideo
2634 1963 2800 2030 dicit,
2838 1965 2963 2034 quia
2992 1967 3098 2023 etsi
3137 1967 3288 2036 prius
3313 1983 3420 2022 non
3459 1968 3752 2023 fecissettsi

2210 2051 2577 2116 sericordiam,
2604 2063 2789 2123 posset
2815 2064 2994 2111 tamen
3024 2067 3211 2127 postea
3254 2059 3578 2130 resipuisse,
3618 2075 3673 2114 α
3700 2061 3759 2114 ui.

2211 2144 2503 2199 sericordia
2548 2143 2756 2201 fecisse.
2800 2146 2897 2203 Vel
2945 2149 3069 2204 ideo
3113 2150 3243 2205 dicit
3297 2169 3317 2201 ι
3377 2152 3760 2211 recordans,»

2211 2235 2334 2303 quia
2364 2235 2407 2290 si
2437 2235 2527 2290 alii
2556 2235 2809 2292 fecissent
2836 2238 2976 2293 mala
3003 2238 3241 2303 Christo.
3275 2240 3379 2310 ipsi
3419 2242 3765 2297 debereutde-

2209 2321 2453 2389 fendere,
2492 2326 2557 2380 de
2579 2341 2806 2395 quorum
2831 2329 3088 2399 progenie
3110 2330 3223 2400 ipse
3244 2338 3385 2395 erat,
3411 2340 3471 2387 et
3499 2348 3641 2403 quos
3667 2349 3765 2404 pre

2209 2416 2383 2470 sentia
2411 2431 2508 2471 sua
2536 2416 2650 2486 ipse
2675 2418 3009 2475 visitaverat.

2285 2523 2303 2555 ‹
2339 2504 2454 2560 Νοιι
2494 2515 2579 2561 est
2609 2508 2920 2563 recordatus
2952 2508 3135 2566 facere
3163 2510 3628 2578 misericordiam,
3660 2534 3676 2564 ι
3699 2513 3764 2569 sed

2205 2597 2383 2666 potius
2400 2617 2420 2647 ‹
2438 2608 2754 2668 persecutus
2767 2608 2848 2654 est
2862 2600 3134 2657 hominem
3150 2603 3389 2674 inopem,
3415 2625 3436 2657 ι
3460 2606 3518 2660 id
3543 2606 3763 2671 εει,ηώ

2205 2689 2493 2759 temporali
2541 2691 2695 2761 copia
2748 2693 3131 2759 abundantem,
3171 2712 3189 2745 ι
3223 2703 3317 2750 ει»
3374 2711 3467 2751 me
3520 2716 3541 2748 ε
3600 2698 3763 2752 mendi-

2206 2796 2351 2845 cum,
2393 2800 2412 2834 ι
2449 2780 2501 2836 id
2545 2790 2645 2847 est,
2692 2782 2908 2838 aliunde
2951 2786 3261 2840 necessaria
3307 2795 3621 2857 petentem,
3661 2790 3764 2843 sicut

2206 2873 2322 2942 ipse
2346 2888 2541 2947 aquam
2567 2874 2892 2929 mendicavit
2922 2891 2953 2929 a
2977 2876 3204 2931 muliere
3226 2877 3590 2934 Samaritana
3618 2878 3759 2951 (less.

2204 2968 2280 3040 iv)
2308 2986 2321 3022 :
2352 2989 2371 3019 ι
2398 2977 2453 3023 et
2487 2989 2505 3021 ι
2542 2984 2627 3024 me
2654 2989 2672 3020 ι
2706 2981 3089 3041 compunctum
3115 2974 3302 3038 corde,
3341 2995 3361 3027 ι
3401 2975 3457 3031 id
3484 2986 3596 3041 est,
3622 2977 3763 3031 dolen-

2205 3067 2313 3114 tem
2335 3059 2400 3114 de
2424 3061 2662 3129 peccatis
2681 3074 2869 3117 eorum
2900 3082 2913 3116 :
2938 3079 3040 3120 nec
3064 3074 3189 3120 sunt
3214 3070 3500 3137 persecuti
3525 3069 3595 3123 ad
3616 3069 3703 3125 hoc
3721 3077 3763 3121 ut

2204 3150 2405 3220 aliquid
2433 3152 2497 3206 de
2524 3154 2911 3223 temporalibus
2937 3156 3070 3211 mihi
3097 3157 3399 3222 auferrent,
3436 3161 3537 3216 sed
3561 3180 3582 3212 ‹
3610 3161 3766 3216 morti-

2124 3234 2170 3298 C
2202 3240 2386 3307 ﬁcare,
2423 3261 2441 3295 »
2475 3241 2528 3296 id
2552 3252 2656 3309 est,
2703 3245 2770 3300 ad
2810 3245 2915 3300 hoc
2957 3254 3017 3300 ut
3046 3261 3133 3302 me
3163 3249 3583 3305 mortiﬁcarent.
3622 3248 3705 3305 Va
3728 3249 3767 3303 si

2207 3350 2227 3384 ι
2261 3341 2644 3404 compunctum
2678 3354 2697 3387 ›
2732 3336 2950 3406 proprie
2977 3338 3331 3408 accipiamus,
3365 3341 3568 3397 scilicet
3601 3341 3767 3395 dolea.

2199 3432 2308 3477 tem
2336 3422 2403 3478 de
2446 3423 2680 3494 propriis
2709 3428 2987 3496 peccatis;
3038 3428 3282 3485 dicemus
3322 3446 3436 3486 non
3476 3432 3536 3487 de
3560 3430 3767 3502 propria

2200 3527 2430 3583 persona
2459 3514 2679 3581 Christi,
2720 3517 2814 3573 sed
2840 3517 2905 3573 de
2940 3519 3077 3574 suis.
3120 3517 3213 3575 Sic
3238 3523 3516 3591 persecuti
3543 3532 3667 3578 sunt
3689 3538 3763 3578 ne

2199 3602 2414 3675 inopem
2453 3604 2724 3662 hominem
2772 3618 2828 3665 et
2854 3624 3037 3678 meos;
3082 3613 3187 3669 hoc
3228 3622 3316 3669 est
3352 3616 3499 3684 quod
3542 3616 3758 3671 subdit:

2204 3711 2223 3744 ι
2261 3704 2614 3765 compunctus
2641 3699 2826 3754 corde.
2869 3719 2887 3751 ι

2272 3805 2293 3839 ι
2324 3786 2391 3842 Et
2420 3786 2606 3844 dilexit
2643 3789 3097 3860 maledictionem,
3146 3813 3166 3847 ι
3227 3794 3386 3851 veluti
3422 3812 3551 3852 eum
3594 3798 3775 3854 dixit;

2202 3892 2221 3926 ι
2263 3873 2498 3947 Sanguis
2550 3878 2666 3948 ejus
2713 3896 2875 3952 super
2924 3898 3023 3939 nos
3078 3894 3137 3941 et
3176 3901 3324 3957 super
3364 3885 3501 3942 ﬁlios
3548 3899 3780 3948 nostros

2197 3966 2413 4037 (Matth.
2452 3975 2624 4044 xxvn)
2657 3991 2671 4027 :
2721 3993 2742 4027 ι
2778 3993 2796 4026 ι
2828 3982 2885 4030 et
2906 3976 3089 4034 veniet
3118 3978 3167 4034 ei
3202 3998 3222 4030 ›
3256 3977 3449 4050 populo
3483 3978 3584 4035 illa
3614 3983 3778 4037 male.

2196 4060 2381 4129 dictio,
2398 4064 2525 4134 quia
2548 4065 2713 4121 etiam
2737 4076 2963 4138 propter
2996 4068 3127 4125 illud
3153 4081 3437 4141 peccatum
3456 4081 3591 4128 sunt
3612 4076 3774 4129 adhuc

2195 4152 2357 4210 hodie
2387 4156 2643 4212 excmcati
2684 4156 2778 4212 ﬁlii
2822 4173 3030 4215 eorum.
3070 4179 3091 4213 ‹
3126 4162 3193 4217 Ει
3230 4163 3408 4219 noluit
3451 4166 3774 4221 benedictio-

2193 4258 2343 4310 nem,
2378 4264 2397 4299 ι
2442 4247 2659 4315 quando
2695 4263 2871 4305 caecus
2894 4249 3228 4307 illuminatus
3263 4254 3407 4309 dixit
3435 4256 3521 4312 eis
3549 4276 3565 4310 :
3598 4279 3615 4309 ι
3647 4257 3770 4313 Nan-

2193 4337 2322 4407 quid
2351 4347 2406 4395 et
2439 4356 2536 4397 vos
2574 4342 2821 4414 discipuli
2852 4342 2969 4412 ejus
3000 4345 3161 4400 vultis
3196 4345 3355 4402 ﬁeri?
3388 4347 3772 4407 Maledixeruut

2193 4430 2262 4493 ei,
2300 4440 2355 4485 et
2383 4431 2635 4489 dixerunt
2671 4452 2686 4489 :
2721 4434 2801 4489 Tu
2828 4435 3121 4506 discipulus
3163 4435 3282 4506 ejus
3338 4439 3440 4507 sis,
3496 4457 3604 4499 nos
3628 4443 3772 4497 disci-

511 4528 697 4582 eadem
719 4528 985 4583 sententia
1006 4536 1183 4598 potest
1209 4530 1419 4595 haberi,
1448 4531 1493 4586 si
1526 4533 1591 4588 de
1615 4532 1753 4588 Juda
1779 4534 2088 4604 specialiter
2113 4587 2161 4604 ,ι
2191 4522 2307 4594 PU“
2354 4540 2539 4581 sumus
2577 4525 2747 4598 MOYSi
2776 4525 2958 4598 (Joan-
3004 4531 3105 4600 “)-
3144 4549 3164 4583 ⁸
3198 4529 3267 4585 Εί
3318 4533 3441 4602 ipsa
3482 4534 3774 4590 δεηθῶείίθ

512 4615 725 4671 dicatur
755 4635 769 4671 :
793 4617 880 4672 vel
903 4587 1023 4672 haec
1039 4618 1164 4687 alia,
1200 4638 1221 4672 ι
1263 4620 1316 4675 in
1338 4622 1685 4692 generatione
1714 4587 1824 4678 una
1845 4623 2087 4681 deleatur

2240 4614 2577 4687 elongabitur
2602 4587 2755 4672 ab'eo
2782 4587 2809 4670 ἰ
2830 4618 3047 4690 populo,
3064 4587 3219 4690 quia.
3243 4587 3774 4692 excavatis

510 4722 706 4762 nomen
735 4706 873 4776 ejus,
910 4727 929 4761 ι
964 4709 1018 4763 id
1042 4718 1146 4777 est,
1173 4725 1281 4766 non
1311 4711 1510 4768 habeat
1538 4714 1760 4768 multam
1788 4715 2087 4773 successio-

509 4813 635 4853 nem
664 4798 913 4863 ﬁliorum,
947 4801 1040 4855 sed
1070 4802 1188 4858 sine
1208 4803 1357 4873 prole
1386 4803 1481 4859 ﬁlii
1515 4805 1631 4875 ejus
1653 4805 1974 4862 moriantur.

2189 4707 2442 4763 transibit
2468 4708 2785 4766 illuminatio
2814 4712 2881 4766 ad
2903 4720 3113 4783 gentes.

2265 4817 2284 4850 ‹
2328 4797 2396 4853 Ει
2421 4798 2594 4855 induit
2644 4819 2663 4852 ι
2696 4800 2925 4872 populus
2966 4801 3057 4859 ille
3100 4821 3123 4856 ι
3167 4804 3653 4874 maledictionem,
3690 4829 3711 4861 ι
3735 4806 3780 4863 id

583 4887 647 4943 Et
675 4897 895 4960 propter
913 4890 1031 4947 haec
1053 4892 1196 4948 mala
1228 4912 1248 4947 ι
1284 4895 1541 4965 iniquitas
1563 4904 1778 4966 patrum
1805 4888 1960 4966 ejus,’
1979 4916 2000 4951 ι
2031 4897 2087 4955 id
2188 4898 2271 4948 θῦε
2297 4900 2577 4962 Ρθοεθίυηι
2607 4907 2741 4948 mea?
2770 4895 2994 4963 πιστιῖεῖ
3039 4914 3060 4948 ί
3117 4897 3259 4953 Sicut
3305 4901 3736 4967 vestimentum.
3761 4921 3779 4952 ³

509 4989 611 5047 est,
652 4982 934 5053 originalia
959 4994 1204 5055 peccata,
1241 5005 1261 5039 ι
1290 4987 1477 5044 redeat
1505 4988 1560 5043 in
1603 4991 1941 5056 memoriam,
1980 5011 1997 5044 ι
2029 4989 2086 5047 id

2213 4986 2314 5056 [uia
2338 4985 2601 5055 putabant
2625 4994 2805 5042 tamen
2830 5003 3092 5058 apparere
3118 4990 3317 5047 vicinis
3338 4991 3505 5050 valde
3523 4994 3721 5051 ornati
3739 5001 3788 5047 et

508 5081 592 5127 est
619 5087 776 5143 pinna
823 5091 916 5131 eos
957 5075 1156 5149 adligat
1190 5094 1288 5150 pro
1316 5081 1555 5150 peccatis
1583 5090 1799 5154 patrum
1835 5099 2078 5152 suorum,
2185 5078 2388 5134 decori.
2443 5096 2463 5130 ι
2513 5077 2581 5133 Ει
2617 5078 2734 5150 ipsa
2792 5080 3100 5137 maledictio
3147 5081 3375 5138 intravit
3418 5085 3479 5140 in
3514 5085 3791 5142 interiora

508 5176 617 5217 non
640 5163 814 5219 solum
840 5180 938 5235 pro
970 5168 1206 5237 propriis
1235 5172 1543 5227 commissis
1576 5192 1590 5227 :
1629 5193 1651 5226 ‹
1688 5177 1874 5231 redeat
1909 5195 1927 5227 ›
1960 5175 2081 5233 dico
2183 5172 2320 5244 ejus,
2357 5174 2502 5245 ijam
2528 5173 2713 5230 valens
2734 5174 2800 5230 ad
2831 5184 3060 5231 mortem
3081 5191 3267 5233 eorum
3302 5192 3320 5231 :
3353 5196 3373 5229 ι
3399 5178 3559 5235 sicut
3592 5197 3741 5251 aqua
3765 5199 3785 5235 ι

513 5269 532 5304 ι
575 5252 627 5306 in
669 5264 958 5324 conspectu
996 5257 1232 5323 Domini,
1267 5278 1288 5312 ι
1329 5261 1380 5314 id
1411 5271 1516 5327 est,
1548 5262 1603 5317 in
1635 5263 1842 5332 judicio
1881 5266 1936 5321 in
1971 5282 2080 5338 quo
2182 5277 2473 5336 penetrans
2512 5269 2579 5324 ad
2610 5268 2898 5336 interiora;
2943 5291 2960 5319 ι
2998 5280 3054 5326 et
3081 5271 3223 5327 sicut
3246 5271 3434 5329 oleum
3470 5275 3529 5330 in
3574 5279 3796 5334 ossibus

506 5342 765 5401 Dominus
795 5347 862 5402 ab
881 5349 1131 5404 omnibus
1168 5351 1568 5421 conspicietur:
1593 5363 1814 5425 propter
1852 5357 1956 5413 hoc
1993 5357 2078 5412 di-
2181 5353 2335 5423 ejus:
2369 5377 2386 5409 ι
2414 5356 2540 5427 quia
2567 5356 2706 5413 sicut
2731 5359 2908 5415 oleum
2945 5358 3172 5416 hilarem
3202 5370 3259 5417 et
3282 5361 3472 5419 laetam
3503 5367 3705 5422 reddit
3725 5366 3797 5420 fa-

505 5434 598 5499 cit,
632 5454 651 5487 ι
694 5438 880 5493 redeat
906 5438 961 5492 in
985 5441 1322 5506 memoriam,
1369 5461 1387 5493 ι
1422 5443 1548 5511 quia
1570 5443 1785 5500 videtur
1820 5446 2079 5505 Dominus
2185 5444 2346 5511 ciem,
2380 5446 2456 5501 ita
2490 5446 2593 5517 ipsi
2623 5447 2730 5504 laeti
2760 5449 2826 5505 de
2855 5465 2974 5507 mea
3000 5461 3177 5509 morte
3202 5450 3447 5510 fuerunt.
3485 5454 3669 5515 Tunc
3706 5458 3802 5514 fuit

504 5526 703 5583 oblitus
738 5530 979 5584 omnium
1017 5541 1358 5599 peccatorum
1392 5547 1579 5587 eorum
1617 5537 1668 5589 in
1693 5536 1796 5592 hoc
1821 5538 1944 5592 dum
1970 5555 2076 5595 non
2181 5545 2464 5606 peccatum
2490 5538 2618 5594 illud
2649 5541 2803 5610 quasi
2834 5542 3217 5599 vestimentum
3246 5545 3529 5603 accedens
3573 5551 3656 5606 ad
3688 5566 3799 5615 eos.

504 5618 658 5686 punit
690 5634 804 5675 eos.
833 5638 851 5671 ι
883 5620 952 5674 Ει
980 5630 1258 5689 peccatqu
1286 5624 1476 5678 matris
1505 5624 1639 5694 ejus,
1679 5646 1698 5679 ι
1729 5627 1781 5683 id
1803 5638 1905 5693 est,
1940 5627 2079 5700 Syn—
2182 5630 2395 5698 quando
2428 5632 2771 5699 persuadenti
2817 5632 3031 5689 diabolo
3058 5645 3429 5692 assenserunt.
3479 5640 3664 5699 Tunc
3704 5642 3805 5699 fuit

508 5723 725 5780 agogaz,
767 5710 820 5764 iu
860 5726 966 5779 qua
1010 5721 1135 5766 sunt
1169 5713 1458 5769 carnaliter
1489 5717 1666 5783 mulli,
1701 5736 1719 5770 ι
1760 5735 1865 5775 non
1899 5722 2076 5777 delea-
2182 5723 2334 5792 quasi
2363 5739 2499 5793 aqua
2522 5734 2811 5793 penetrans
2833 5726 2900 5780 ad
2923 5725 3205 5792 interiora,
3232 5729 3455 5798 quando
3482 5730 3805 5791 laborave-

509 5806 621 5866 tur,
650 5818 669 5851 ι
700 5800 793 5857 sed
826 5801 1005 5872 potius
1031 5818 1129 5875 pro
1148 5808 1384 5875 peccatis
1417 5806 1711 5881 Synagogaa
1731 5811 1827 5873 ﬁlii
1853 5812 2075 5873 deleau-
2180 5821 2327 5883 runt,
2353 5822 2410 5871 et
2434 5815 2791 5886 corporaliter
2814 5817 3145 5887 quaesierunt
3167 5826 3230 5875 ut
3265 5832 3353 5877 me
3378 5824 3567 5880 morti
3600 5828 3809 5887 trade~
