3898 6466
105 407 216 463 577

1273 390 1710 450 EXPLANATIO
1745 387 1812 446 1N
1851 386 2190 448 PSALMOS.

3249 386 3354 446 578

108 524 250 573 rent.
279 514 570 586 Postquam
609 528 738 570 vero
773 511 1134 584 perfecerunt,
1156 504 1267 577 jam
1307 507 1602 578 gaudentes
1625 511 1680 560 ει
1705 513 1757 575 Α
1782 501 1987 557 sionem
2026 519 2044 551 ‹
2084 516 2202 556 sum
2237 521 2254 553 ι
2288 515 2387 572 ego
2423 521 2440 552 ‹
2473 515 2731 556 excussus
2759 499 2899 555 sicut
2922 500 3151 568 locusta,
3189 523 3207 555 ι
3243 504 3354 559 sci-

107 614 397 669 exbilarati
422 612 488 667 de
511 620 684 667 morte
704 627 846 671 mea,
869 609 968 663 fuit
989 609 1067 663 eis
1097 607 1251 678 quasi
1281 606 1475 661 oleum.

185 708 313 761 Dico
343 706 483 775 quod
515 705 740 775 populus
779 703 866 758 ille
912 702 1084 757 induit
1127 700 1575 760 maledictionem,
1628 703 1684 752 et

108 797 205 853 illa
249 796 575 859 maledictio,
607 795 813 850 scilicet
848 800 1131 863 peccatum
1158 791 1307 856 illud,
1342 789 1437 843 ﬁat
1465 789 1548 842 eis
1585 803 1682 842 ex-

108 891 366 954 cmcatio;
417 897 471 944 et
511 890 612 944 hoc
647 897 732 943 est
767 905 780 941 :
827 907 844 938 ι
885 886 978 942 ﬁat
1013 887 1063 941 ei
1109 886 1246 941 sicut
1283 883 1682 946 vestimentum,

108 997 223 1054 quo
251 981 510 1051 operitur,
544 999 561 1032 ι
590 988 941 1050 contegantur
974 985 1028 1033 et
1055 977 1430 1032 contineantur
1455 974 1506 1026 in
1539 982 1685 1026 tene-

108 1070 230 1125 bris
254 1070 340 1124 illa
370 1069 744 1124 maledictione
775 1087 788 1122 :
831 1087 851 1122 ι
891 1076 945 1123 ει
991 1087 1010 1120 ι
1045 1067 1207 1122 etiam
1238 1065 1330 1119 ﬁat
1349 1065 1428 1118 eis
1456 1063 1687 1118 obdura-

111 1159 226 1222 tio;
257 1167 312 1214 et
339 1161 439 1214 hoc
465 1168 549 1214 est
585 1177 597 1212 :
640 1176 659 1210 ι
705 1159 844 1213 sicut
869 1173 1000 1213 zona
1029 1172 1135 1226 qua
1167 1171 1379 1225 semper
1402 1153 1686 1225 praecingi-

110 1258 228 1312 tur,
259 1267 277 1299 ι
314 1249 363 1302 id
404 1256 507 1313 est,
533 1248 612 1303 sic
646 1248 716 1302 sit
760 1247 1126 1302 circumdatus
1169 1246 1259 1300 illa
1291 1245 1685 1308 maledictione,

112 1348 178 1393 ut
208 1339 456 1409 expedire
490 1354 548 1394 se
578 1340 645 1393 ab
690 1354 754 1392 ea
781 1353 885 1392 non
920 1337 1116 1392 valeat.
1150 1336 1246 1392 Vel
1289 1336 1383 1402 ita,
1433 1335 1573 1391 sicut
1608 1334 1688 1390 eis

114 1444 266 1482 mors
295 1444 412 1483 mea
439 1427 538 1482 fuit
574 1429 729 1498 quasi
759 1445 917 1494 zona,
945 1444 1050 1497 qua
1080 1427 1254 1482 solent
1283 1426 1527 1482 homines
1554 1440 1691 1495 pra:-

117 1518 262 1588 cingi
291 1527 346 1571 ut
375 1518 441 1571 ad
472 1534 606 1587 opus
634 1519 740 1572 sint
767 1517 1150 1588 expeditiores,
1183 1517 1254 1571 ita
1291 1532 1437 1571 mors
1471 1531 1590 1570 mea
1622 1516 1693 1569 sit

119 1607 202 1661 eis
230 1607 369 1662 sicut
402 1623 535 1662 zona
561 1617 781 1678 propter
818 1608 921 1661 hoc
959 1607 1102 1674 quod
1134 1606 1291 1659 morti
1337 1621 1422 1660 me
1452 1605 1689 1659 tradide-

122 1705 266 1764 runt,
295 1707 355 1752 ut
388 1714 598 1768 semper
623 1698 732 1752 sint
758 1697 934 1768 parati
960 1707 1014 1752 et
1039 1696 1269 1766 prompti
1291 1695 1358 1750 ad
1395 1710 1554 1750 omne
1581 1709 1693 1748 ma-

119 1787 232 1842 lum
258 1805 394 1860 opus
429 1789 757 1843 faciendum.

1779 591 1903 647 licet
1925 590 2033 661 fugi
2065 598 2257 645 manus
2287 608 2497 657 eorum,
2537 592 2784 663 fugiendo
2815 592 2879 646 de
2919 593 3035 646 loco
3061 594 3126 647 ad
3154 594 3354 664 locum,

1780 684 1964 739 nolens
1995 683 2074 736 cis
2104 699 2319 737 causam
2353 685 2557 754 peccati
2600 684 2928 749 ministrare,
2963 685 3103 738 sicut
3143 684 3353 741 locusta

1781 772 1848 828 de
1869 773 1988 826 loco
2015 772 2077 826 ad
2108 771 2282 826 locum
2314 773 2555 827 saltando
2582 774 2747 827 vadit.

1853 865 1920 919 Et
1954 883 1971 915 ι
2026 879 2197 935 genua
2243 880 2384 930 mea,
2425 883 2442 916 ι
2478 867 2532 920 id
2576 874 2660 920 est
2711 867 2962 937 apostoli,
3008 868 3098 938 qni
3137 883 3224 924 me
3258 884 3358 939 per

1783 957 2043 1013 mundum
2075 957 2348 1012 debebant
2389 968 2628 1027 portare,
2659 966 2713 1014 et
2756 974 2824 1014 ex
2869 961 3065 1030 quibus
3094 962 3356 1018 debebam

1785 1049 1940 1105 fortis
1980 1063 2239 1119 apparere
2276 1068 2292 1099 ι
2329 1057 2455 1102 sunt
2499 1049 2789 1114 inﬁrmata,
2837 1071 2855 1103 ι
2890 1051 2940 1105 id
2969 1060 3053 1106 est
3080 1052 3358 1108 debilitata

1791 1161 1809 1195 ι
1842 1159 1874 1197 a
1912 1141 2115 1212 jejunio
2152 1161 2171 1194 ι
2225 1158 2348 1198 cum
2393 1157 2498 1197 non
2543 1157 2716 1197 essem
2750 1159 2870 1197 cum
2906 1145 3004 1210 eis,
3038 1146 3163 1215 quia
3193 1144 3360 1200 divini

1785 1234 1935 1290 verbi
1979 1232 2329 1288 refectionem
2379 1249 2485 1287 non
2530 1233 2801 1286 habebant
2829 1249 2843 1286 :
2871 1236 3122 1304 quoniam
3156 1252 3260 1290 non
3287 1236 3362 1290 le-

1788 1327 1931 1396 gitur
1955 1323 2227 1380 Christum
2268 1324 2322 1378 in
2359 1323 2663 1378 carnalibus
2685 1323 2910 1393 genibus
2931 1325 3095 1381 fuisse
3123 1327 3362 1381 inﬁrma-

1789 1431 1923 1476 tum.
1955 1440 1973 1474 ι
2000 1421 2066 1475 Ει
2089 1436 2217 1476 caro
2247 1435 2366 1475 mea
2393 1420 2675 1474 immutata
2706 1427 2811 1485 est,
2843 1437 2860 1470 ι
2893 1419 2958 1473 de
2985 1417 3092 1472 vita
3116 1418 3181 1471 ad
3214 1433 3361 1472 mor-

1789 1521 1916 1575 tem,
1949 1530 1966 1563 ι
2004 1522 2225 1583 propter
2253 1511 2431 1566 oleum
2467 1530 2487 1564 ι
2523 1519 2788 1566 remotum
2833 1509 3059 1575 scilicet,
3105 1510 3228 1578 quia
3258 1524 3363 1562 non

1791 1604 1955 1659 habui
2010 1604 2240 1674 gratiam
2290 1601 2588 1672 spiritalem
2641 1601 2708 1655 ad
2752 1599 3120 1656 defensionem
3175 1607 3365 1653 contra

1792 1697 2058 1760 inimicos,
2091 1711 2253 1765 quam
2288 1695 2438 1764 prius
2461 1694 2773 1747 habueram.
2804 1691 2922 1756 Vel,
2946 1701 3166 1762 propter
3189 1690 3367 1746 oleum

1793 1797 1999 1843 mutata
2035 1797 2119 1843 est
2160 1802 2308 1850 caro,
2359 1787 2411 1840 id
2455 1794 2539 1840 est
2567 1785 2725 1839 datus
2753 1800 2872 1839 sum
2913 1785 2964 1837 in
2997 1792 3222 1839 mortem
3248 1797 3371 1852 pro-

193 1857 312 1951 Ego
327 1882 440 1935 hzcc
469 1881 608 1934 mala
641 1881 904 1948 imprecor
924 1880 1021 1944 eis,
1054 1888 1108 1934 et
1142 1897 1160 1930 ι
1195 1879 1299 1934 hoc
1331 1899 1352 1932 ι
1393 1889 1478 1934 εει
1503 1898 1520 1930 ‹
1557 1893 1692 1948 opus
1719 1857 1768 1918 Β
1794 1892 1914 1954 pter
1960 1883 2135 1938 oleum
2190 1881 2510 1936 mittendum
2531 1921 2545 1945 ,
2593 1880 2646 1934 id
2687 1889 2773 1934 est
2834 1888 3056 1950 propter
3110 1878 3368 1948 Spiritum

119 1985 331 2036 eorum,
365 1988 384 2021 ι
420 1971 474 2024 id
511 1979 614 2035 est,
646 1971 749 2026 hoc
794 1971 1016 2041 exigunt
1049 1985 1212 2040 opera
1258 1985 1466 2034 eorum,
1525 1987 1545 2019 ι
1599 1968 1692 2037 qui

120 2059 259 2114 mihi
291 2079 311 2112 ι
338 2060 584 2114 ειιίειειιιὶ
627 2079 644 2111 ι
679 2061 818 2132 apud
851 2061 1159 2125 Dominum,
1197 2079 1215 2112 ι
1250 2057 1694 2115 consubstantiali

121 2151 255 2205 mihi
279 2151 412 2206 Filio
434 2151 546 2216 Dei,
577 2171 595 2204 ‹
624 2152 915 2208 detrahunt
941 2173 959 2205 ι
986 2153 1228 2208 dicentes
1252 2170 1265 2206 :
1290 2152 1388 2207 Hic
1404 2153 1564 2206 homo
1590 2168 1696 2206 non

119 2251 210 2298 est
239 2258 271 2296 a
317 2243 448 2308 Deo,
492 2259 597 2298 non
640 2252 726 2298 est
767 2244 934 2300 Filius
963 2244 1078 2299 Dei.
1136 2243 1250 2306 Vel,
1289 2244 1378 2313 qui
1409 2243 1699 2298 detrahunt

124 2333 275 2394 mibi,
309 2341 364 2388 et
388 2333 488 2388 hoc
513 2343 705 2403 putant
738 2351 858 2390 esse
882 2334 1020 2405 apud
1043 2335 1352 2398 Dominum,
1382 2334 1434 2386 id
1459 2341 1559 2396 est,
1590 2333 1701 2403 pla-

124 2441 252 2482 cere
277 2426 534 2491 Domino;
565 2447 582 2478 ς
620 2435 674 2482 ει
702 2445 722 2479 ι
753 2428 856 2482 hoc
881 2427 1046 2498 exigit
1071 2442 1205 2496 opus
1232 2441 1417 2480 eorum
1448 2445 1465 2476 ι
1501 2426 1591 2496 qui
1623 2425 1693 2479 lo-

126 2526 366 2587 quuntur
398 2518 538 2572 mala
569 2519 830 2574 adversus
865 2520 1100 2573 animam
1129 2534 1306 2574 meam
1342 2538 1360 2569 ι
1395 2528 1450 2572 ει
1474 2518 1565 2587 qui
1601 2517 1700 2571 im-

125 2617 334 2678 ponunt
373 2611 502 2664 mihi
535 2611 785 2676 crimina,
817 2611 1059 2666 dicentes
1089 2625 1172 2664 me
1221 2622 1341 2664 esse
1379 2617 1699 2678 potatorem,

128 2700 472 2766 malevolum,
495 2709 548 2756 et
569 2701 784 2757 similia.
813 2701 929 2766 Vel,
953 2701 1280 2771 «loquuntur
1308 2701 1565 2755 adversus
1587 2699 1704 2754 ani-

129 2810 277 2850 mam
306 2810 504 2859 meam,
541 2814 560 2847 ι
597 2795 651 2850 id
679 2803 784 2860 est,
819 2794 1076 2850 adversus
1112 2793 1277 2847 vitam
1316 2807 1514 2859 meam,
1541 2791 1704 2847 veluti

129 2903 258 2944 cum
303 2889 544 2944 dicerent
593 2902 608 2942 :
659 2907 677 2938 ι
715 2885 773 2942 Si
805 2887 949 2941 hunc
973 2886 1224 2951 dimittis,
1272 2901 1376 2939 non
1402 2901 1462 2940 es
1500 2885 1705 2940 amicus

127 2979 361 3035 Caesaris
384 2977 567 3048 (Joan.
600 2979 735 3049 xu).
769 2999 788 3032 ι
814 2977 938 3033 Ideo
960 2979 1106 3040 dicit,
1138 2996 1155 3028 ‹
1192 2981 1449 3032 adversus
1471 2977 1704 3030 animam

129 3085 332 3136 meam,
382 3090 400 3121 ι
434 3079 488 3125 ει
533 3086 640 3124 non
687 3071 944 3124 adversus
990 3084 1204 3139 corpus,
1238 3068 1362 3138 quia
1397 3082 1703 3138 quanquam

1796 1982 2052 2042 sanctum
2081 1972 2424 2028 mittendum.
2457 1970 2573 2035 Vel,
2605 1985 2731 2025 caro
2765 1980 2848 2026 est
2878 1977 3082 2024 mutata
3118 1971 3185 2024 de
3223 1985 3368 2024 mor-

1796 2064 1893 2119 tali
1941 2065 2008 2118 ad
2049 2063 2350 2118 immortale
2397 2070 2619 2134 propter
2638 2060 2839 2127 oleum,
2868 2059 2920 2115 id
2941 2067 3024 2116 est
3046 2068 3267 2129 propter
3294 2059 3376 2113 di-

1797 2155 2076 2210 vinitatem
2109 2155 2210 2209 sibi
2240 2155 2465 2208 unitam.

1875 2266 1893 2299 ι
1927 2248 1993 2302 Et
2025 2265 2044 2300 ι
2071 2256 2289 2318 propter
2313 2249 2427 2302 haec
2457 2245 2597 2302 mala
2625 2261 2725 2318 ego
2768 2265 2786 2298 ι
2827 2261 2945 2302 sum
2987 2245 3162 2302 factus
3183 2261 3351 2318 oppro

1798 2341 1976 2396 brium
2032 2341 2170 2406 illis,
2213 2361 2234 2394 ι
2285 2340 2341 2395 id
2391 2347 2475 2395 est
2520 2339 2824 2395 inferebant
2866 2339 3000 2395 mihi
3047 2339 3374 2410 opprobria;

1806 2451 1824 2485 ι
1854 2433 2104 2488 viderunt
2129 2448 2235 2497 me,
2265 2441 2322 2486 et
2361 2439 2647 2487 moverunt
2675 2431 2852 2501 capita
2879 2445 2995 2494 sua,
3032 2450 3050 2485 ι
3084 2432 3138 2486 in
3167 2431 3378 2502 signum

1800 2538 1934 2578 mea:
1969 2522 2274 2577 derisionis.

1870 2614 1973 2683 Ipsi
2009 2614 2110 2668 hoc
2156 2613 2377 2678 faciunt,
2429 2611 2522 2667 sed
2572 2619 2650 2678 tu,
2687 2629 2705 2664 ι
2751 2611 2976 2666 Domine
3023 2611 3165 2667 Deus
3204 2625 3379 2678 meus,

1803 2704 1993 2775 adjuva
2021 2719 2126 2770 me,
2160 2723 2177 2757 ι
2215 2720 2284 2758 ne
2319 2703 2375 2757 in
2404 2703 2656 2773 passione
2687 2702 2969 2768 deﬁciam;
3013 2721 3030 2754 ι
3064 2702 3270 2757 salvum
3296 2715 3384 2756 me

1803 2797 1888 2852 fac
1916 2817 1933 2849 ι
1970 2795 2343 2852 resuscitando
2377 2813 2390 2849 :
2419 2805 2475 2850 et
2508 2796 2609 2851 hoc
2641 2812 2664 2846 ‹
2702 2804 2923 2865 pmpter
2954 2795 3378 2851 misericordiam

1804 2897 1968 2949 tuam,
2010 2908 2028 2941 ι
2057 2889 2180 2958 quia
2206 2888 2307 2943 hoc
2335 2887 2500 2959 exigit
2527 2887 2897 2943 misericordia
2925 2897 3037 2954 tua,
3060 2897 3119 2942 ut
3134 2889 3282 2958 justo
3305 2888 3383 2944 ita

1805 2979 2114 3035 subvenias.

1878 3091 1895 3120 ‹
1943 3071 2010 3125 Ει
2049 3073 2222 3127 sciant
2267 3090 2287 3124 ι
2335 3071 2550 3126 tandem
2585 3085 2792 3136 omnes,
2837 3088 2855 3121 ‹
2898 3071 3023 3140 quia
3059 3087 3252 3126 manus
3289 3055 3382 3127 tua

128 3161 385 3216 dicebam
413 3175 538 3215 eum
587 3175 878 3231 pauperem
931 3159 1097 3214 ﬁlium
1129 3173 1400 3230 pauperat.
1432 3173 1540 3212 non
1589 3163 1707 3212 erat
1741 3225 1775 3233 Α
1805 3165 2050 3228 esthaec,
2080 3183 2097 3216 ι
2137 3164 2189 3219 id
2228 3172 2312 3218 est
2353 3163 2598 3233 operatio
2625 3171 2715 3217 tua
2747 3161 2892 3216 dedit
2918 3178 3003 3216 me
3034 3163 3086 3216 in
3128 3174 3382 3230 mortem,

131 3253 240 3307 hoc
261 3251 483 3317 malum,
513 3254 639 3321 quia
668 3252 868 3307 veritas
891 3253 993 3306 hoc
1029 3251 1298 3321 exigebat.

209 3360 230 3392 ι
261 3340 332 3396 Ει
367 3350 445 3406 ιιι,
472 3341 716 3416 Domine.
750 3360 768 3392 ι
801 3340 936 3394 Pars
977 3339 1153 3394 tertia.
1186 3337 1529 3392 Continuatio
1563 3336 1708 3406 :lpsi

133 3431 430 3500 loquuntur
453 3430 554 3484 hoc
592 3430 849 3484 adversus
875 3428 1130 3490 animam,
1173 3427 1266 3480 sed
1281 3435 1480 3494 contra
1506 3440 1599 3481 eos
1630 3434 1705 3489 tu,

134 3522 387 3585 Domine,
411 3535 496 3574 me
521 3518 744 3588 adjuva;
773 3520 1036 3573 etbocest
1063 3536 1074 3571 :
1099 3537 1117 3568 ‹
1145 3517 1212 3571 Ει
1236 3526 1314 3581 ιιι,
1339 3518 1582 3583 Domine,
1601 3516 1709 3571 Do-

135 3611 308 3664 mine.
347 3627 366 3660 ι
404 3608 461 3662 ln
492 3610 809 3678 repetitione
847 3623 998 3664 suam
1043 3607 1384 3663 devotionem
1420 3609 1658 3663 ostendit
1693 3625 1707 3661 :

143 3719 164 3753 ‹
199 3700 285 3756 fac
314 3715 545 3766 mecum,
589 3719 608 3752 ι
648 3701 700 3755 id
729 3708 815 3755 est
851 3715 1076 3770 operare
1105 3715 1200 3768 pro
1251 3715 1356 3765 me,
1397 3700 1608 3755 scilicet
1644 3699 1714 3754 ad

140 3791 428 3846 utilitatem
470 3807 664 3847 meam.
695 3791 810 3857 Vel,
843 3791 929 3846 fac
963 3806 1194 3856 mecum,
1225 3790 1278 3844 id
1314 3799 1420 3856 est,
1452 3807 1552 3862 ego
1589 3807 1714 3862 ope-

137 3898 255 3948 ror,
286 3892 342 3936 et
381 3892 432 3937 tu
485 3898 730 3954 operare,
781 3900 800 3934 ‹
849 3893 1070 3952 propter
1104 3897 1300 3936 nomen
1341 3890 1488 3936 tuum
1542 3903 1560 3934 ι
1595 3897 1712 3936 am-

137 3973 439 4045 pliandum,
468 3984 524 4028 et
543 3975 704 4028 etiam
730 3981 1014 4043 propterea
1045 3992 1062 4022 ι
1091 3973 1218 4042 quia
1245 3973 1426 4026 suavis
1451 3980 1534 4027 est
1556 3971 1715 4026 mise-

138 4065 376 4120 ricordia
419 4075 507 4119 tua
540 4083 553 4119 :
605 4085 622 4116 ι
655 4066 785 4135 quid
817 4081 901 4118 me
947 4065 1119 4119 fecisti
1157 4073 1378 4134 pr0pter
1409 4064 1715 4118 misericor-

137 4157 287 4210 diam
311 4166 456 4210 tuam
479 4157 774 4223 incarnari,
805 4158 944 4227 pati;
970 4157 1082 4212 hmc
1114 4156 1214 4210 fuit
1242 4157 1370 4210 mihi
1395 4157 1574 4211 suavis
1604 4171 1710 4221 res,

137 4247 195 4304 id
233 4257 335 4312 est,
365 4249 566 4318 placuit
593 4249 747 4303 milii.

216 4337 331 4394 Hoc
351 4339 560 4394 scilicet
593 4356 612 4390 ι
669 4337 755 4394 fac
801 4353 1032 4404 mecum,
1079 4337 1248 4393 libera
1295 4352 1381 4392 me
1414 4357 1432 4388 ι
1468 4337 1534 4392 de
1581 4351 1715 4392 con-

139 4430 418 4486 formitate
452 4430 735 4497 malorum,
792 4438 848 4485 et
899 4446 968 4485 ne
1001 4431 1207 4500 possint
1254 4444 1342 4484 me
1384 4428 1615 4483 retinere
1661 4426 1716 4480 in

139 4535 339 4591 morte,
358 4525 496 4582 sicut
521 4526 622 4596 ipsi
647 4525 832 4579 volunt
856 4543 868 4578 :
891 4532 946 4579 et
971 4540 1106 4593 opus
1129 4531 1234 4588 est,
1265 4541 1283 4572 ι
1313 4523 1438 4592 quia
1469 4536 1569 4592 ego
1595 4535 1715 4574 sum

139 4632 348 4688 egenus
374 4627 430 4672 ει
463 4631 684 4687 pauper.
742 4635 760 4668 ι
813 4615 1024 4686 Pauper
1050 4613 1151 4668 fuit
1191 4623 1450 4684 quantum
1496 4613 1562 4665 ad
1587 4627 1717 4682 opes

139 4711 428 4775 humanas,
469 4710 664 4780 quibus
691 4709 864 4763 caruit
895 4725 909 4763 :
939 4721 1160 4777 egenus,
1205 4705 1328 4775 quia
1371 4704 1585 4758 aliunde
1626 4718 1719 4773 pe-

142 4804 252 4858 tiit.
301 4821 320 4852 ι
358 4803 426 4858 Ει
463 4818 558 4858 cor
586 4817 763 4856 meum
797 4801 1069 4855 turbatum
1100 4807 1202 4863 est,
1234 4816 1252 4848 ›
1285 4798 1477 4851 timore
1506 4795 1715 4862 mortis,

138 4894 298 4967 juxta
338 4894 467 4950 illud
517 4912 529 4947 :
579 4913 595 4945 ι
653 4891 844 4947 Tristis
906 4901 990 4947 est
1034 4891 1213 4945 anima
1265 4905 1383 4944 mea
1431 4903 1601 4960 usque
1651 4889 1718 4945 ad

139 4993 377 5042 mortem
405 4983 620 5057 (Matth.
659 4999 817 5050 xxvr;
848 4982 1019 5036 Marc.
1049 4981 1163 5054 xiv)
1196 5000 1210 5035 :
1251 4999 1269 5032 ι
1302 4989 1358 5034 ει
1389 4980 1490 5034 hoc
1522 4999 1540 5031 ‹
1574 4980 1717 5034 intra

140 5089 260 5141 me,
290 5094 310 5127 ι
339 5075 393 5130 id
423 5085 526 5141 est,
557 5090 662 5129 non
689 5088 756 5129 ex
783 5075 1128 5139 necessitate,
1154 5075 1248 5129 sed
1275 5087 1342 5127 ex
1381 5087 1500 5127 mea
1533 5071 1721 5126 volun-

144 5175 280 5222 tate.
306 5164 423 5232 Vel,
459 5185 476 5217 ι
532 5167 672 5221 intra
706 5182 814 5231 me,
869 5184 890 5218 ι
920 5165 1047 5237 quia
1089 5175 1146 5218 et
1186 5164 1355 5220 tristis
1395 5170 1479 5218 est
1519 5161 1718 5228 anima,

142 5275 260 5317 non
287 5268 466 5314 tamen
497 5259 783 5315 manifesto
809 5259 907 5315 eis.

217 5353 326 5410 Cor
354 5371 533 5409 meum
575 5355 952 5408 conturbatum
977 5361 1062 5410 est
1095 5353 1164 5409 ab
1196 5353 1294 5417 eis,
1337 5361 1394 5407 et
1419 5367 1519 5424 ego
1549 5371 1565 5403 ι
1601 5367 1720 5407 sum

144 5447 383 5515 ablatus,
418 5468 438 5500 ι
475 5447 525 5502 id
550 5455 654 5510 est,
686 5455 872 5515 raptus
910 5462 940 5500 a
967 5445 1185 5511 Judaeis,
1213 5454 1267 5498 ει
1302 5446 1460 5500 datus
1487 5445 1539 5498 in
1578 5459 1721 5498 mor-

145 5546 300 5594 tem:
328 5555 349 5590 ι
383 5537 522 5594 sicut
540 5539 727 5592 umbra
755 5551 876 5590 cum
907 5535 1159 5600 declinat,
1189 5555 1208 5587 ι
1236 5535 1462 5600 scilicet,
1493 5535 1565 5588 ita
1588 5533 1720 5588 levi-

147 5640 237 5686 ter
262 5640 324 5686 ut
353 5632 540 5687 umbra
573 5631 776 5686 recedit
815 5630 1064 5685 veniente
1113 5627 1336 5691 lumine,
1372 5627 1572 5682 nullam
1614 5627 1722 5681 vim

147 5724 461 5791 ostendens,
501 5724 574 5780 ita
602 5733 788 5795 raptus
819 5725 886 5779 ab
915 5725 1016 5789 eis,
1048 5723 1247 5777 nullam
1289 5722 1499 5777 ostendi
1541 5731 1723 5792 poten-

150 5819 307 5887 tiam,
335 5817 428 5874 sed
458 5815 735 5872 humiliter
759 5814 985 5872 sustinui
1031 5838 1042 5868 .
1081 5824 1136 5870 et
1171 5814 1420 5886 primitus
1447 5822 1569 5869 ante
1596 5828 1722 5884 pas-

1733 3225 1778 3288 Ο
1817 3272 1835 3306 ι
1863 3263 1916 3308 ει
1943 3262 2022 3318 ιιι,
2052 3253 2297 3317 Domine,
2323 3225 2500 3308 fecisti
2522 3268 2663 3318 eam,
2694 3272 2712 3305 ι
2739 3253 3110 3322 operationem
3142 3271 3154 3307 :
3183 3225 3388 3308 scilicet

1811 3345 1885 3399 ita
1939 3351 2023 3398 est
2073 3352 2204 3408 tua,
2258 3345 2402 3414 quod
2451 3351 2507 3398 tu
2562 3359 2684 3398 eam
2743 3353 2998 3414 operatus
3047 3352 3134 3398 est
3166 3344 3389 3398 omnino

1812 3434 1865 3488 in
1895 3450 2000 3488 me.

1884 3525 2012 3579 Dico
2045 3542 2063 3576 ι
2095 3525 2300 3580 salvum
2328 3541 2416 3581 me
2441 3524 2551 3591 fac,
2584 3545 2602 3578 ι
2648 3535 2704 3582 ει
2745 3541 2968 3581 securus
3001 3543 3119 3581 sum
3143 3528 3284 3596 quod
3310 3525 3390 3581 fa-

1813 3615 1944 3679 cies,
1991 3631 2153 3684 quam
2199 3633 2218 3666 ι
2257 3615 2332 3670 illi
2367 3615 2710 3680 maledicent,
2748 3625 2802 3670 et
2849 3626 2902 3670 tu
2942 3616 3249 3682 benedices,
3281 3637 3298 3669 ι
3336 3617 3390 3674 id

1814 3711 1898 3758 est
1932 3703 2312 3773 multiplicabis
2340 3705 2588 3767 virtutes,
2638 3704 2791 3758 dabis
2834 3705 2995 3758 etiam
3044 3707 3394 3762 resurrectio-

1812 3808 1939 3848 nem
1977 3811 1990 3848 :
2019 3803 2073 3848 et
2100 3795 2224 3864 quia
2259 3804 2313 3848 tu
2356 3794 2662 3859 benedices,
2710 3795 2830 3848 ideo
2864 3814 2881 3846 ‹
2913 3796 3334 3862 confundantur,
3363 3817 3384 3850 ι

1814 3884 1867 3939 id
1893 3894 1976 3940 est
1997 3885 2366 3940 confusionem
2411 3887 2662 3951 habeant,
2695 3905 2712 3937 ι
2746 3888 2836 3957 qni
2861 3887 3147 3958 insurgunt
3178 3889 3230 3942 in
3264 3905 3388 3957 me;

1815 3991 2005 4032 servus
2043 3986 2222 4032 autem
2277 3987 2416 4043 tuus,
2467 3999 2485 4030 ι
2518 3978 2724 4033 scilicet
2765 3994 2886 4050 ego,
2913 3999 2931 4030 ι
2973 3979 3241 4034 lzetabitur
3275 3999 3294 4031 ι
3328 3981 3395 4037 de

1816 4071 2209 4125 resurrec1ione
2250 4069 2393 4125 facta
2427 4086 2525 4140 per
2567 4071 2757 4139 ipsum.

1887 4161 1954 4214 Et
1969 4177 2076 4215 non
2104 4171 2308 4215 tantum
2339 4163 2693 4232 insurgentes,
2719 4161 2810 4215 sed
2831 4162 2996 4216 etiam
3019 4161 3394 4228 detrahentes;

1815 4261 1869 4308 et
1901 4254 2002 4308 hoc
2028 4262 2111 4308 est
2147 4270 2162 4306 :
2197 4270 2216 4304 ι
2271 4253 2561 4307 induantur
2613 4253 2818 4323 pudore
2868 4272 2886 4304 ι
2922 4251 2997 4306 illi
3037 4272 3054 4304 ‹
3097 4253 3187 4322 qui
3214 4255 3396 4308 detra-

1816 4343 1952 4398 bunt
1983 4345 2134 4409 mihi,
2174 4365 2191 4396 ι
2220 4335 2481 4399 habentes
2509 4344 2938 4399 erubescentiam
2971 4345 3037 4400 de
3067 4346 3395 4413 detractione

1817 4449 1914 4489 sua
1929 4433 2073 4489 facta
2102 4433 2255 4498 mihi,
2293 4451 2312 4484 ‹
2341 4443 2396 4486 ει
2426 4454 2441 4485 ι
2470 4432 2759 4487 induantur
2791 4443 2998 4487 tantum
3031 4453 3049 4485 ε
3081 4435 3398 4490 confusione

1823 4541 1920 4582 sua
1949 4545 1968 4579 ι
2004 4534 2062 4580 ιιι
2090 4545 2108 4575 ‹
2145 4525 2456 4595 operiantur
2489 4544 2506 4575 ι
2534 4540 2596 4578 ea
2636 4543 2654 4574 ι
2698 4524 2836 4579 sicut
2870 4525 3132 4594 diploide;
3174 4545 3193 4578 ι
3229 4525 3280 4580 id
3317 4536 3400 4581 est

1824 4621 1964 4676 sicut
1994 4619 2185 4689 diplois
2231 4627 2314 4673 est
2362 4617 2560 4687 duplex
2601 4618 3002 4682 vestimentum,
3051 4618 3121 4672 ita
3153 4617 3398 4674 conlusio

1821 4727 2007 4766 eorum
2038 4711 2109 4764 sit
2145 4709 2370 4778 duplex;
2417 4717 2470 4763 et
2521 4708 2764 4774 interius,
2815 4708 2867 4761 id
2901 4716 2983 4761 est
3025 4707 3077 4762 in
3114 4709 3313 4774 anima,
3341 4717 3396 4765 et

1821 4807 2062 4861 exterius
2117 4806 2170 4858 in
2225 4819 2450 4875 corpore
2503 4822 2515 4856 ε
2568 4805 2692 4873 quia
2760 4804 2883 4858 licet
2935 4819 2993 4860 se
3035 4815 3298 4862 excusent
3343 4807 3399 4862 in

1823 4896 2003 4950 verbis
2035 4895 2299 4960 exterius,
2347 4893 2676 4949 conscientia
2742 4903 2920 4950 tamen
2985 4897 3126 4951 mala
3169 4899 3398 4952 confunr

1825 4987 2027 5041 duntur
2049 4987 2296 5041 interius.

1898 5078 2002 5148 Ipsi
2054 5078 2268 5149 quidem
2322 5077 2638 5146 aperiantur
2678 5077 3031 5145 confusione,
3081 5095 3180 5152 ego
3217 5087 3399 5135 autem

1833 5191 1852 5224 ‹
1886 5171 2190 5227 conﬁtebor
2215 5170 2461 5237 Domino,
2499 5190 2517 5223 ι
2564 5171 2618 5226 id
2647 5181 2729 5227 est
2754 5171 2948 5226 faciam
2977 5188 3126 5230 meos
3155 5174 3398 5229 conﬁteri

1827 5263 2077 5328 Domino,
2126 5280 2146 5313 ‹
2200 5261 2384 5328 nimis,
2440 5282 2457 5314 ι
2511 5261 2564 5317 id
2610 5272 2693 5318 εει
2739 5261 2995 5328 multum;
3043 5272 3098 5318 et
3143 5265 3243 5318 hoc
3271 5274 3396 5319 est:

1833 5375 1851 5406 ι
1882 5355 1934 5408 in
1963 5369 2057 5408 ore
2083 5369 2226 5419 meo,
2267 5373 2284 5405 ι
2323 5355 2374 5407 id
2417 5363 2498 5408 est
2530 5370 2768 5408 nieorum
2800 5371 2813 5407 :
2857 5355 2982 5424 quia
3012 5357 3152 5426 quod
3185 5372 3398 5409 annun-

1829 5445 2041 5500 tiabnnt
2085 5459 2197 5510 ore,
2236 5447 2516 5514 perficient
2554 5460 2735 5515 opere.
2758 5443 2874 5511 Vel,
2907 5464 2926 5496 ι
2966 5447 3018 5501 in
3066 5463 3160 5502 ore
3193 5463 3332 5511 meo,
3376 5467 3393 5499 ι

1831 5534 1881 5588 id
1906 5541 1992 5589 est
2013 5533 2186 5606 palam
2215 5549 2228 5587 :
2254 5544 2307 5588 et
2336 5535 2435 5590 hoc
2465 5551 2570 5590 non
2597 5550 2778 5588 coram
2804 5537 3010 5606 paucis,
3037 5537 3129 5591 sed
3161 5557 3178 5588 ι
3213 5537 3265 5592 in
3290 5553 3400 5593 me-

1830 5628 1918 5683 dio
1940 5627 2231 5682 multorum
2264 5627 2496 5682 laudabo
2521 5642 2662 5681 eum.
2704 5645 2722 5678 ι

1900 5719 2035 5774 Ευιιι
2063 5720 2280 5790 quidem
2308 5720 2528 5774 laudare
2550 5717 2740 5782 debeo,
2769 5739 2787 5770 ι
2815 5719 2935 5786 quia
2960 5721 3128 5775 astitit
3148 5737 3177 5774 a
3200 5721 3403 5777 dextris

1830 5813 2082 5886 pauperis
2115 5832 2133 5867 ι
2169 5814 2294 5879 mei,
2323 5813 2377 5869 id
2403 5821 2506 5879 est,
2538 5812 2628 5882 qui
2657 5827 2742 5868 me
2773 5828 2984 5885 semper
3015 5816 3069 5870 in
3095 5816 3250 5873 bonis
3277 5831 3404 5891 ope-
