3898 6462
546 432 652 493 579

1000 431 1355 489 HAYMONIS
1392 431 1868 489 HALBERSTAT.
1909 432 2121 517 EPlSC.
2162 430 2312 488 OPP.
2355 432 2537 491 PARS
2574 436 2615 491 Ι.
2655 466 2725 478 —
2758 436 3117 507 COMMENT.
3155 441 3328 509 BIBL.

3698 448 3781 506 580

542 549 691 605 ribus
723 549 1062 605 conservavit
1091 567 1104 603 :
1131 548 1299 604 astitit
1331 547 1470 614 dico,
1507 566 1526 597 ι
1572 557 1633 603 ιιι
1680 547 1881 602 salvam
1914 546 2112 602 faceret
2138 547 2191 609 Α
2215 545 2333 611 diti,
2376 548 2501 617 quia
2548 547 2695 603 illam
2740 548 3132 609 humanitatem
3176 529 3280 611 hoc
3307 558 3779 627 promet-uisscia-

539 653 573 694 a
600 640 1042 711 persequentibus
1089 638 1323 692 animam
1352 652 1531 692 meam
1561 657 1580 691 ι
1626 652 1695 693 ne
1732 637 1813 693 vel
1834 637 1920 711 cis
1953 638 2109 695 cede-

540 746 678 800 rem,
707 732 795 789 vel
820 733 875 788 in
907 742 1076 789 morte
1102 746 1192 786 me
1217 738 1435 800 possent
1460 730 1720 788 detinere.

1014 864 1082 920 IN
1121 863 1452 919 PSALMUM
1488 862 1624 919 CIX.

921 973 1177 1030 Trruws.
1232 972 1479 1028 Psalmus
1506 973 1697 1060 David.

582 1109 631 1142 ι(
664 1089 812 1145 Dixit
850 1090 1129 1146 Dominus.
1167 1110 1187 1143 ι
1233 1080 1477 1146 Psalmus
1513 1091 1615 1146 iste
1640 1091 1888 1148 convenit
1914 1091 2103 1159 David,

530 1185 807 1255 prophetae
854 1185 942 1254 qui
987 1184 1372 1254 hic.loquitur.
1425 1185 1704 1241 Materiam
1732 1186 1898 1242 habet
1943 1186 2103 1242 Chri-

532 1284 676 1330 stum
705 1277 996 1331 secundum
1043 1283 1327 1345 utramque
1370 1285 1639 1331 naturam.
1669 1277 1727 1331 In
1756 1277 1929 1348 prima
1951 1285 2103 1353 parte

532 1373 644 1442 agit
666 1372 732 1426 de
758 1380 1008 1442 utraque.
1034 1372 1135 1427 Ubi
1173 1372 1317 1427 enim
1356 1372 1486 1427 dicit
1531 1391 1543 1427 :
1593 1391 1612 1426 ‹
1658 1372 1804 1429 Dixit
1848 1374 2102 1451 Dominus

528 1462 774 1535 Domino.
807 1478 946 1525 meo,
1004 1483 1023 1515 ι
1071 1462 1238 1517 Deum
1286 1479 1408 1519 eum
1461 1463 1747 1535 signiﬁcat,
1805 1467 2099 1523 secundum

529 1568 692 1622 quam
726 1526 971 1607 naturam
997 1552 1244 1607 Christus
1280 1553 1518 1608 omnium
1549 1553 1822 1608 hominum
1862 1552 1965 1608 fuit
1998 1554 2101 1609 Do-

528 1644 727 1700 minus.
755 1641 857 1698 Ubi
884 1658 1007 1699 vero
1035 1643 1207 1715 ipsum
1230 1643 1397 1698 Deum
1429 1644 1635 1701 inducit
1665 1645 1882 1700 Christo
1917 1645 2098 1700 dicen—

528 1746 636 1795 tem
664 1757 677 1794 :
711 1757 729 1791 ι
762 1740 888 1813 sede
916 1755 946 1794 a
972 1738 1176 1795 dextris
1205 1740 1359 1803 meis,
1401 1760 1419 1791 ›
1449 1750 1577 1805 etc.,
1613 1741 1677 1797 de
1703 1744 1821 1811 ipsa
1848 1742 2096 1796 humani-

528 1836 640 1885 tate
669 1830 797 1900 agit.
839 1830 899 1884 In
931 1831 1162 1885 secunda
1190 1839 1361 1900 parte,
1389 1847 1508 1902 quae.
1550 1839 1650 1887 est.
1680 1850 1697 1883 ‹
1727 1833 1924 1891 Tecum
1948 1834 2097 1902 prin-

2210 637 2470 707 telligent,
2497 648 2556 694 ut
2573 641 2621 695 ei
2642 642 2817 698 omnis
2844 643 3016 699 honor
3044 654 3099 701 et
3116 645 3287 717 gloria
3306 648 3558 705 conferri
3589 651 3775 724 debeat,

2208 737 2264 784 et
2288 730 2468 786 omnis
2494 731 2543 787 ei
2574 740 2821 789 creatura
2851 733 3045 802 subjici
3073 735 3266 792 debeat
3286 746 3341 792 et
3365 748 3658 809 oporteat.

2276 819 2453 875 Verba
2490 822 2784 892 prophetae.
2828 821 3087 881 Dominus
3115 826 3275 882 Pater
3302 829 3443 885 dixit
3474 848 3489 883 :
3543 848 3565 881 ι
3599 830 3772 892 Ponant

2206 910 2453 968 inimicos
2496 922 2617 970 tuos
2661 914 2953 971 scabellum
2993 917 3191 986 pedum
3220 928 3439 976 tuorum
3473 939 3488 975 :
3531 941 3555 975 ι
3591 930 3653 981 et
3677 940 3770 982 me

2206 1000 2411 1059 inimici
2470 1005 2546 1059 tui
2594 1005 2693 1061 tibi
2748 1005 3124 1075 subjicienlur,
3166 1010 3290 1079 quia
3338 1012 3620 1068 Dominus
3646 1014 3768 1072 Pater

2206 1094 2354 1150 dabit
2384 1114 2403 1146 ι
2433 1096 2664 1168 virgam,
2702 1117 2722 1153 ι
2748 1098 2802 1154 id
2823 1108 2907 1156 est
2926 1088 3129 1172 regiam
3153 1104 3509 1172 potestatem,
3543 1121 3765 1176 quacun-

2204 1185 2409 1258 fringas
2457 1188 2746 1256 inimicos,
2792 1198 2846 1245 et
2902 1206 3189 1249 conserves
3241 1202 3361 1252 tuos
3410 1178 3428 1251 Ξ
3491 1197 3761 1268 cuiusmodi

2200 1286 2531 1353 potestatem
2568 1280 2837 1347 signiﬁcat
2872 1292 3140 1353 sceptrum
3193 1285 3250 1340 in
3294 1286 3521 1359 regibus
3566 1306 3583 1342 :
3633 1308 3653 1341 ι
3680 1292 3759 1346 vir-

2202 1384 2323 1439 gam
2358 1390 2376 1422 ι
2417 1370 2537 1427 dico
2569 1391 2587 1423 ι
2625 1372 2842 1428 virtutis
2876 1381 3002 1441 tute,
3036 1395 3056 1427 ι
3092 1376 3148 1431 id
3183 1384 3267 1453 est
3302 1378 3359 1432 in
3406 1394 3521 1450 qua
3574 1391 3758 1451 apparet

2200 1460 2376 1515 virtus
2412 1471 2501 1517 tua
2535 1480 2547 1515 :
2581 1464 2705 1532 quia
2744 1479 2880 1533 quos
2919 1464 3194 1531 defendes,
3226 1467 3409 1523 nullus
3449 1471 3754 1540 poteritim—

2196 1552 2426 1621 pedirc;
2482 1560 2537 1609 et
2588 1561 2801 1621 contra,
2858 1556 3056 1626 quibus
3101 1558 3343 1624 nocebis,
3385 1576 3560 1616 nemo
3604 1565 3749 1632 poteri

2197 1640 2502 1696 defendere.
2530 1642 2598 1698 Et
2641 1644 2783 1700 hanc
2825 1645 3033 1718 virgam
3089 1666 3108 1700 ‹
3156 1649 3366 1704 emittet
3410 1652 3678 1708 Dominus
3704 1670 3747 1709 et

2199 1734 2329 1789 Sion
2364 1756 2381 1787 ι
2416 1744 2477 1790 ιιι
2503 1752 2598 1791 sua
2622 1734 2936 1806 praedicatio
2963 1739 3030 1794 de
3074 1738 3205 1796 Sion
3244 1751 3439 1806 exeat;
3478 1743 3633 1799 unde
3659 1760 3746 1814 pm-

2197 1828 2356 1899 pheta
2387 1844 2402 1882 :
2432 1849 2463 1880 ι(
2503 1820 2581 1885 De
2611 1830 2742 1886 Sion
2768 1833 2936 1888 exibit
2957 1832 3045 1889 lex
3077 1833 3262 1906 (Mida.
3288 1836 3387 1907 tv).
3424 1857 3446 1889 ι
3484 1838 3742 1897 Trausius

524 1918 723 1987 cipium
755 1919 809 1974 in
836 1919 922 1974 die
958 1919 1195 1986 virtutis,
1228 1940 1246 1971 ι
1276 1921 1381 1991 agit
1419 1922 1485 1976 de
1510 1922 1621 1978 sola
1651 1922 1851 1979 Christi
1877 1924 2089 1988 deitate,
2122 1908 2170 1968 Β
2198 1921 2264 1975 ad
2292 1932 2499 1991 gentes,
2525 1931 2585 1976 ut
2606 1924 2740 1993 ipsze
2768 1933 2955 1995 gentes
2982 1926 3186 1989 Christi
3210 1930 3469 2002 regimini
3494 1932 3738 2001 subiician-

520 2018 575 2064 et
603 2011 703 2066 hoc
728 2026 825 2082 per
851 2013 1011 2068 verba
1043 2014 1212 2085 ipsius
1247 2014 1341 2070 Dei
1393 2014 1571 2072 Patris
1623 2035 1635 2071 :
1671 2019 1795 2088 quia
1825 2016 1897 2072 ibi
1932 2018 2096 2075 Pater

520 2102 755 2156 ostendit
802 2118 923 2157 cum
961 2112 1016 2158 et
1060 2104 1162 2158 sibi
1198 2114 1521 2162 cozeternum
1559 2116 1613 2163 et
1655 2124 1720 2163 ex
1748 2124 1807 2163 se
1832 2110 2091 2181 genitum.

519 2188 579 2244 in
633 2194 789 2246 tertia
838 2202 1005 2263 parte,
1036 2211 1164 2265 qua:
1193 2197 1419 2267 incipit:
1460 2216 1478 2248 ι
1523 2197 1731 2257 Juravit
1760 2200 2037 2267 Dominus,
2069 2221 2087 2254 ι

517 2297 796 2340 resumens
842 2286 1003 2341 verba
1057 2286 1350 2356 Propheta,
1396 2288 1632 2359 loquitur
1665 2292 1729 2345 de
1751 2278 1870 2359 ipsa
1892 2291 2090 2346 Christi

514 2372 874 2442 humanitate,
907 2377 1015 2433 alta
1044 2387 1224 2434 tamen
1248 2394 1461 2450 semper
1493 2382 1742 2436 dicendo.
1772 2381 1866 2435 Vel
1895 2381 1939 2436 si
1965 2382 2091 2452 quid

513 2462 646 2519 dicit
692 2464 759 2520 de
814 2467 1085 2538 passione,
1138 2469 1277 2524 sicut
1314 2470 1385 2524 ibi
1420 2487 1432 2523 :
1465 2489 1483 2521 ‹
1516 2470 1591 2525 De
1633 2479 1871 2526 torrente
1904 2472 1958 2526 in
2005 2472 2090 2526 via

511 2552 681 2621 bibet,
730 2574 749 2607 ι
787 2555 1376 2619 causaexsultationis
1423 2559 1571 2615 facit.
1606 2559 1837 2616 Intentio
1882 2569 1963 2616 est
1994 2576 2092 2617 nos

512 2647 824 2716 admonere,
874 2651 1028 2719 quasi
1068 2660 1226 2706 utens
1274 2653 1698 2707 demonstrativo
1749 2669 1979 2726 genere,
2031 2661 2091 2709 ut

510 2736 782 2794 Christum
811 2740 888 2795 sic
913 2741 1280 2808 emendatum,
1305 2744 1523 2814 dignum
1537 2743 1842 2814 judicemus
1863 2746 2086 2817 honore,

508 2836 564 2883 et
592 2832 643 2885 ei
671 2830 906 2887 debitum
939 2834 1198 2889 honorem
1230 2835 1601 2891 exhibeamus.

580 2919 649 2975 Et
686 2930 745 2976 ut
773 2924 1029 2978 ostendat
1054 2941 1112 2979 se
1143 2926 1209 2981 de
1254 2925 1417 2980 corde
1464 2942 1562 2981 suo
1590 2926 1693 2982 hoc
1719 2943 1826 2982 non
1859 2928 2089 2999 prophe-

508 3016 675 3074 tasse,
712 3009 919 3066 inducit
968 3013 1142 3082 ipsum
1192 3014 1361 3069 Deum
1400 3013 1620 3071 Patrem
1665 3017 1730 3072 de
1782 3016 1920 3072 Filio
1964 3034 2085 3073 cum

507 3099 646 3155 Filio
698 3101 1024 3172 loquentem,
1076 3105 1153 3159 sic
1208 3106 1392 3161 dicens
1442 3124 1454 3160 :
1502 3126 1520 3158 ι
1568 3108 1826 3163 Dominus
1874 3129 1893 3161 ι
1924 3108 2088 3164 Pater

511 3206 533 3242 ι
572 3189 724 3255 dixit,
763 3209 781 3241 ι
814 3191 869 3246 id
899 3200 983 3246 est
1003 3193 1070 3247 ab
1092 3202 1294 3250 aeterno
1318 3196 1599 3267 disposuit,
1629 3216 1645 3248 t
1669 3198 1896 3255 Domino
1920 3214 2039 3255 meo
2060 3220 2078 3252 ›

2202 2019 2292 2066 tur
2322 2031 2334 2066 :
2364 2022 2418 2069 et
2440 2016 2567 2084 quia
2600 2017 2840 2085 emittet,
2874 2033 2907 2073 ο
2942 2017 3179 2088 Christe,
3222 2023 3598 2081 «dominare.
3630 2028 3735 2083 »ΔΒ

2197 2106 2478 2162 translatio
2504 2109 2690 2175 habet,
2730 2127 2750 2160 ι
2801 2110 3104 2171 dominabis
3155 2132 3169 2167 :
3222 2114 3279 2168 in
3319 2116 3511 2173 medio
3545 2118 3731 2176 inimice

2196 2214 2316 2255 rum
2343 2208 2577 2267 tuorum,
2610 2220 2628 2253 ι
2659 2202 2713 2257 id
2738 2212 2825 2258 est
2862 2204 2915 2260 in
2945 2208 3216 2265 communi
3264 2211 3544 2277 omnium,
3596 2223 3650 2267 ut
3678 2214 3732 2283 qu‘

2194 2292 2344 2361 prius
2370 2293 2592 2358 inimici,
2639 2309 2760 2350 sese
2804 2295 2899 2350 tibi
2942 2313 3009 2353 ex
3045 2292 3263 2369 propria
3301 2302 3597 2361 voluntate
3618 2298 3731 2373 salii-

2193 2387 2338 2443 ciant
2390 2406 2403 2442 :
2452 2396 2529 2453 tu,
2586 2389 2728 2455 dico,
2768 2391 2923 2461 quasi
2955 2392 3184 2459 medius,
3224 2394 3293 2460 ad
3332 2409 3513 2465 quem
3546 2397 3734 2455 huius

2191 2492 2260 2533 ex
2282 2479 2429 2534 omni
2457 2488 2617 2550 gente
2642 2481 2985 2537 conveniant.

2271 2588 2290 2621 ι
2324 2568 2523 2624 Tecum
2554 2571 2902 2641 principium.
2940 2590 2961 2622 ι
2992 2571 3153 2641 Quasi
3180 2572 3443 2631 diceret:
3486 2595 3510 2628 ι
3550 2585 3728 2637 ωω»

2191 2670 2273 2718 est
2301 2663 2434 2719 mihi
2468 2683 2487 2714 ι
2524 2663 2852 2733 principium
2892 2665 2945 2720 in
2974 2664 3357 2735 splendoribus
3384 2677 3727 2733 sanctum,»

2188 2752 2245 2809 id
2288 2762 2372 2810 est
2419 2754 2475 2809 in
2508 2753 2713 2825 Spiritu
2733 2764 2940 2823 sancto,
2977 2756 3070 2826 qui
3108 2757 3347 2826 diversis

2187 2854 2406 2903 sanctos
2431 2847 2673 2903 decorat.
2720 2846 2779 2903 In
2834 2846 2937 2903 hoc
2988 2856 3071 2904 est
3108 2849 3730 2924 nobisprincipiumn’n

2189 2936 2293 3002 die,
2332 2956 2350 2989 ι
2379 2936 2432 2990 id
2460 2944 2543 2992 est
2568 2935 2625 2990 in
2654 2936 2900 3001 claritate
2927 2957 2945 2988 ι
2998 2938 3217 2999 virtutis
3241 2949 3374 3009 tute,
3396 2962 3431 2996 -ι
3461 2943 3521 2999 id
3550 2952 3626 3007 est
3654 2943 3730 2999 dei-

2188 3030 2336 3085 tatis.
2360 3028 2438 3084 Ac
2467 3030 2512 3085 si
2538 3030 2746 3085 diceret
2788 3048 2800 3083 :
2846 3030 3107 3087 ldentitas
3143 3040 3226 3095 est
3265 3034 3431 3102 mihi,
3470 3046 3529 3091 et

2187 3129 2376 3178 sancto
2393 3130 2591 3179 tecum.
2614 3121 2726 3177 Nec
2746 3130 2959 3178 moveat
2983 3137 3307 3194 quemquam
3335 3140 3439 3196 per
3462 3127 3731 3198 splendores

2185 3214 2465 3285 pluraliter
2509 3217 2681 3286 accipi
2722 3217 2995 3287 spiritum,
3048 3233 3173 3274 cum
3217 3218 3462 3279 Joannes
3506 3224 3659 3288 dicat,
3693 3234 3735 3280 et

504 3279 631 3337 Jesu
683 3282 899 3338 Christo
943 3284 1079 3340 Filio
1114 3301 1230 3341 suo.
1262 3287 1358 3343 Ubi
1397 3288 1546 3356 dicit,
1594 3309 1614 3342 ι
1652 3306 1779 3353 meo
1799 3332 1814 3359 ,
1863 3311 1882 3346 ι
1929 3301 2081 3349 notat
2108 3277 2152 3342 C
2183 3277 2408 3377 spiritus
2428 3306 2581 3364 missi
2604 3277 2661 3363 in
2689 3277 2906 3367 omnem
2930 3277 3151 3369 terram.
3178 3307 3280 3367 γει

506 3393 631 3434 eum
669 3379 771 3434 sibi
812 3378 1217 3437 familiariorem
1254 3398 1373 3439 esse
1428 3386 1571 3454 quod
1617 3386 1829 3442 Patrem
1861 3401 1957 3457 per
1995 3402 2082 3444 as-

444 3465 452 3475 ’
504 3480 774 3541 sumptam
808 3474 1222 3543 humanitatem,
1253 3486 1308 3534 et
1360 3488 1542 3536 tamen
1594 3491 1751 3538 vocat
1794 3482 2079 3539 Dominum

500 3562 803 3618 secundum
853 3565 1126 3625 deitatem.
1181 3566 1332 3624 Unde
1376 3569 1491 3639 ipse
1537 3570 1785 3629 Christus
1825 3574 1954 3630 dicit
1996 3575 2080 3632 his

502 3651 595 3720 qui
623 3652 794 3708 solum
832 3655 1104 3713 hominem
1149 3673 1273 3714 eum
1306 3668 1593 3732 putantes,
1632 3663 1881 3719 dicebant
1911 3664 2081 3723 filium

499 3743 671 3803 David
712 3764 725 3800 :
768 3764 788 3798 ι
829 3747 1109 3815 Quomodo
1155 3766 1285 3824 ergo
1316 3754 1601 3810 Dominum
1640 3771 1763 3811 eum
1796 3767 1973 3826 vocat,
2000 3760 2082 3815 di-

499 3848 664 3892 cens:
699 3837 848 3893 Dixit
900 3840 1159 3897 Dominus
1195 3844 1422 3898 Domino
1448 3861 1568 3901 meo
1608 3864 1620 3900 :
1664 3848 1791 3903 sede
1814 3863 1845 3902 a
1874 3849 2081 3907 dextris

497 3926 636 3981 meis
683 3926 895 3999 (Matth.
950 3930 1090 4002 xxii)
1122 3950 1135 3985 :
1176 3952 1195 3985 ι
1229 3950 1326 4002 per
1367 3936 1470 3989 hoc
1509 3937 1738 3993 innuens
1765 3954 1825 3994 se
1862 3956 2080 3998 nonso-

500 4017 613 4073 lum
641 4018 937 4085 hominem,
977 4022 1070 4076 sed
1097 4022 1260 4076 etiam
1294 4026 1483 4090 Deum,
1511 4029 1804 4084 secundum
1837 4031 1981 4100 quod
2024 4044 2081 4092 et

497 4107 671 4165 David
706 4118 765 4165 et
802 4111 1045 4165 omnium
1068 4112 1299 4169 aliorum
1323 4114 1583 4172 Dominus
1622 4127 1761 4174 erat.
1793 4120 1923 4177 Cum
1948 4124 2080 4180 dicit

498 4197 718 4273 Patrem
768 4202 1080 4268 Dominum,
1127 4212 1181 4259 et
1227 4204 1423 4262 Filium
1473 4208 1780 4278 Dominum,
1826 4224 1981 4272 notat
2022 4218 2078 4274 in

498 4296 729 4357 utroque
770 4290 1033 4359 {aqualem
1070 4296 1399 4373 potentiam.
1446 4298 1591 4354 Dixit
1635 4301 1815 4370 Pater,
1857 4314 1911 4359 et
1952 4321 2078 4364 ecce

503 4381 632 4451 quid
655 4382 825 4437 dixit:
864 4402 883 4434 ‹
918 4383 1060 4440 Sede
1090 4401 1121 4440 a
1152 4388 1361 4444 dextris
1383 4391 1538 4458 meis,
1573 4412 1591 4446 ι
1645 4394 1699 4450 id
1739 4405 1823 4452 est
1866 4398 2078 4468 expleta

498 4474 689 4531 militia
722 4483 832 4541 tua,
864 4485 919 4533 et
947 4487 1170 4546 peracta
1205 4481 1527 4550 obedientia,
1554 4487 1773 4557 quiesce
1815 4490 1868 4545 in
1900 4492 2075 4560 potio-

497 4564 649 4622 ribus
695 4565 853 4622 bonis
892 4567 1044 4622 meis.
1088 4567 1246 4633 Licet
1297 4584 1477 4628 autem
1521 4591 1629 4631 non
1666 4577 1905 4650 legamus
1934 4582 2077 4653 quod

2181 3398 2525 3472 principium.
2580 3418 2599 3451 ι
2644 3398 2778 3457 Pars
2822 3400 3081 3457 secunda.
3126 3400 3306 3459 Verba
3348 3402 3516 3460 Pati'n
3544 3404 3609 3459 ad
3642 3403 3730 3459 Fi-

2180 3490 2334 3546 lium.
2368 3488 2715 3547 Continuatio
2758 3507 2771 3543 :
2815 3490 2946 3549 Dico
2981 3509 3001 3544 ι
3034 3504 3066 3549 a
3104 3491 3315 3551 dextris
3342 3496 3499 3562 meis,
3521 3504 3735 3552 setme-

2181 3581 2288 3641 rito
2325 3590 2545 3653 propter
2597 3582 2914 3654 dignitatem
2953 3584 3254 3643 divinitatis
3282 3587 3359 3659 ita
3394 3590 3729 3647 unum

2180 3682 2265 3731 est
2311 3674 2366 3730 in
2412 3684 2693 3746 assumpta
2730 3677 3089 3745 humanitate,
3115 3682 3734 3756 quammihiestprilc't-

2177 3765 2332 3835 pium
2381 3773 2582 3832 tecum,
2647 3767 2702 3821 id
2746 3775 2832 3823 est
2874 3777 2932 3825 tu
2973 3784 3037 3826 es
3073 3772 3392 3843 principium
3443 3784 3502 3830 et
3542 3786 3744 3833 mater

2178 3857 2425 3913 omnium
2455 3874 2657 3926 rerum,
2688 3867 2745 3915 et
2771 3860 2888 3917 sine
2914 3861 3095 3930 initio,
3124 3872 3182 3921 et
3201 3880 3289 3936 ego
3309 3866 3565 3930 similiter
3582 3883 3607 3920 :
3641 3884 3747 3924 non

2176 3948 2333 4015 dicit,
2362 3949 2459 4005 tibi
2502 3958 2589 4006 est
2616 3951 2942 4023 principium
2982 3970 3218 4025 mecum,
3259 3971 3328 4012 ue
3348 3956 3639 4015 videretur
3668 3960 3748 4016 de-

2174 4040 2398 4112 signare
2414 4041 2884 4101 immortalitatem
2912 4045 2970 4101 in
3000 4046 3160 4104 Filio.
3183 4048 3314 4109 Cum
3338 4050 3492 4117 dicit,
3511 4051 3657 4108 mihi
3677 4062 3743 4107 est

2180 4138 2381 4198 tecum,
2411 4140 2564 4189 notat
2582 4134 2951 4193 diversitatem
2977 4153 3240 4208 personae.
3263 4140 3400 4197 Cum
3428 4142 3591 4209 dicit,
3613 4144 3742 4221 plin.

2178 4223 2377 4294 cipium
2408 4242 2612 4293 sumus,
2653 4236 2806 4282 notat
2853 4234 3280 4290 cozeternitatem
3319 4254 3333 4289 :
3368 4245 3430 4291 et
3468 4239 3621 4308 quod
3660 4253 3741 4309 est

2176 4330 2301 4371 sum
2335 4318 2658 4387 principium
2690 4327 2892 4387 tecum,
2934 4326 3218 4395 apparebit
3245 4327 3302 4382 in
3340 4328 3465 4395 die,
3504 4331 3565 4385 id
3590 4338 3672 4386 ω
3700 4330 3743 4384 in

2177 4408 2480 4465 calamitate
2530 4410 2881 4467 beatitudinis
2922 4416 3098 4485 :iquia
3134 4417 3338 4472 dicitur
3374 4419 3524 4483 dies,
3552 4430 3743 4492 μονα

2177 4498 2520 4566 splendorem
2547 4516 2690 4557 verae
2715 4504 3039 4573 cognitionis
3067 4521 3084 4560 :
3111 4507 3202 4563 die
3234 4508 3355 4566 dico
3384 4511 3617 4567 virtutis
3640 4521 3745 4572 tut.

2178 4591 2235 4648 id
2269 4600 2352 4647 est
2380 4592 2434 4647 in
2473 4608 2581 4661 qua
2619 4594 2901 4663 apparebit
2923 4597 3093 4653 virtus
3124 4608 3233 4665 tua,
3256 4615 3365 4671 qua
3391 4610 3527 4663 tuos
3548 4617 3746 4659 culum-

495 4653 658 4711 Pater
690 4655 756 4710 ad
784 4656 980 4712 Filium
1006 4658 1138 4713 dixit
1164 4676 1260 4731 per
1290 4664 1404 4719 haec
1436 4664 1621 4732 verba,
1660 4644 1840 4726 tamen
1878 4644 2076 4731 scimus
2102 4644 2154 4705 Β
2177 4644 2283 4749 bis,
2326 4644 2508 4739 male;
2548 4644 2852 4752 danitiabis,
2903 4696 3010 4744 etc.
3050 4707 3070 4742 ι
3124 4644 3310 4747 ιιιήάξέ
3335 4644 3574 4750 vii-“tutis
3620 4705 3742 4751 tum

497 4762 562 4802 ea
595 4747 668 4801 ita
698 4747 863 4805 fuisse
892 4751 1168 4821 disposita,
1193 4756 1319 4823 quia
1360 4756 1437 4812 sic
1463 4757 1708 4815 videmus
1737 4762 1973 4832 impleta.

570 4836 709 4893 Sede
753 4840 937 4895 tandiu
969 4857 999 4894 a
1035 4842 1240 4898 dextris
1281 4847 1435 4926 meis,
1469 4867 1487 4899 ι
1524 4848 1694 4904 donec
1730 4870 1749 4903 ι
1788 4867 1886 4923 ego
1923 4871 1941 4903 ι
1975 4869 2074 4925 po-

2178 4774 2320 4843 dico,
2342 4775 2565 4840 scilicet,
2582 4774 2635 4830 in
2654 4776 3029 4848 splendoribus
3044 4791 3382 4851 sanctorum,
3407 4786 3468 4842 id
3488 4798 3584 4843 est
3600 4786 3748 4845 salicti

2177 4866 2270 4936 qui
2315 4866 2370 4922 in
2401 4867 2503 4921 hac
2538 4867 2650 4923 vita
2686 4877 2814 4925 sunt
2848 4874 3077 4940 pannosi
3113 4881 3170 4930 et
3204 4874 3433 4944 hispidi,
3466 4888 3641 4933 erunt
3672 4878 3751 4933 ill-

492 4945 620 4987 nam
654 4930 903 4987 inimicos
935 4939 1054 4988 tuos
1103 4936 1397 4991 scabellum
1440 4940 1636 5008 pedum
1681 4949 1916 5009 tuorum,
1951 4963 1969 4995 ι
2020 4946 2078 5002 id

2189 4930 2435 5025 mortales
2486 4968 2543 5014 et
2593 4930 2952 5030 impassibiles
2994 4963 3125 5021 facti
3164 4984 3177 5021 :
3210 4930 3440 5024 et

492 5022 804 5132 estjdonec
861 5025 1065 5132 inimici
1123 5027 1231 5132 tui,
1288 5030 1494 5087 scilicet
1526 5044 1939 5103 persecutores,
1983 5040 2076 5109 qui
2178 5022 2452 5121 θριέηάωι,
2495 5055 2621 5125 quia
2653 5022 2781 5113 {alio
2824 5058 3128 5132 intelligent
3173 5022 3453 5132 ρυοωοάξ,
3482 5022 3757 5122 Epig“;

494 5112 656 5169 modo
674 5114 927 5169 videntur
953 5116 1153 5172 habere
1180 5118 1508 5190 Dominium,
1530 5134 1584 5180 et
1607 5136 1797 5197 putant
1822 5145 1881 5186 se
1896 5130 2071 5189 facere
2169 5112 2352 5211 plane,
2382 5112 2635 5203 esp-amr
2662 5149 2718 5203 in
2746 5112 2892 5205 Είιίο

489 5218 654 5321 posse
682 5217 871 5312 contra
900 5209 1231 5266 voluntatem
1257 5220 1423 5280 tuam,
1447 5216 1685 5286 plenarie
1715 5220 2072 5292 subjiciantur
2170 5250 2291 5290 mus
2338 5209 2491 5291 nunc
2535 5252 2634 5307 per
2678 5240 2956 5309 speculum
2987 5250 3049 5298 et
3087 5243 3144 5299 in

492 5298 610 5412 tibi,
640 5300 795 5403 quasi
822 5302 1114 5406 scabellum
1143 5304 1243 5361 sub
1264 5306 1507 5374 pedibus,
1543 5311 1766 5379 scilicet,
1803 5330 1974 5385 usque
2000 5317 2069 5373 ad
2169 5326 2314 5398 xui),
2349 5346 2367 5379 ι
2394 5335 2501 5383 etc.
2535 5298 2664 5385 Dico
2690 5298 2824 5388 mihi
2853 5341 2938 5389 est
2962 5334 3284 5406 principium
3296 5298 3555 5407 “tectum:
3568 5298 3648 5398 -οι
3661 5298 3772 5412 ’ἐέό

493 5389 635 5447 diem
666 5390 877 5462 judicii,
919 5394 973 5449 in
1026 5411 1132 5467 qua
1179 5397 1377 5453 subditi
1425 5410 1583 5456 erunt
1622 5403 1739 5458 tibi.
1776 5422 1794 5456 ι
1828 5406 2008 5465 Donec
2043 5430 2061 5462 ι
2179 5389 3330 5488 «genuiteexuterogscilicefexiniimaet
3347 5389 3773 5493 secula”:-

494 5483 645 5551 dicit,
706 5502 814 5543 non
853 5489 995 5557 quod
1038 5499 1224 5561 postea
1262 5496 1367 5547 nan
1395 5494 1598 5560 sedeat,
1635 5496 1729 5551 sed
1763 5499 1888 5568 quia
1938 5508 2065 5559 tunc

492 5574 745 5633 omnibus
790 5580 1072 5649 apparebit
1115 5583 1399 5653 gloriosus,
1431 5585 1495 5640 de
1523 5600 1629 5655 quo
1658 5578 1879 5657 quidam
1905 5593 2067 5649 modo

494 5666 761 5724 dubitant.
796 5669 893 5727 Vel
936 5686 1033 5742 per
1058 5674 1221 5742 pedes
1255 5676 1642 5733 humanitatem
1673 5678 1871 5738 Christi
1903 5683 2064 5739 intel-

495 5755 729 5831 ligimus,
769 5777 868 5832 per
907 5779 1068 5833 quam
1103 5766 1272 5823 deitas
1310 5770 1378 5823 ad
1413 5784 1509 5824 nos
1546 5774 1692 5826 venit
1723 5781 1777 5828 et
1807 5775 1960 5831 nobis
1990 5776 2067 5831 inv-

497 5855 695 5924 notuit,
736 5857 821 5914 cui
854 5858 1175 5915 humanitati
1204 5876 1389 5917 omnes
1429 5863 1481 5916 in
1514 5862 1716 5930 judicio
1758 5876 1917 5923 erunt
1945 5868 2065 5923 sub-

2176 5508 2247 5563 tia
2274 5523 2393 5565 mea
2418 5510 2671 5566 ineffabili
2694 5514 2963 5584 genitura,
2991 5531 3151 5587 quam
3174 5518 3350 5591 angeli
3361 5535 3614 5594 quoque
3632 5526 3778 5599 igno-

2173 5615 2296 5657 rare
2324 5601 2617 5658 creduntur
2653 5622 2667 5660 :
2714 5615 2770 5661 et
2814 5608 2918 5665 hoc
2946 5610 3133 5665 nonin
3160 5617 3427 5680 tempore,
3448 5617 3572 5672 sed
3607 5634 3631 5669 ι
3660 5625 3779 5672 ιιι

2169 5688 2475 5757 luciferum,
2521 5710 2539 5743 ›
2571 5692 2624 5748 id
2664 5703 2748 5749 est
2794 5710 2954 5765 quam
3008 5697 3166 5754 stella
3214 5699 3305 5757 illa
3338 5714 3783 5763 creammrzct

2170 5795 2267 5850 per
2312 5782 2451 5837 hanc
2502 5792 2711 5853 partem
2770 5802 2985 5851 omnem
3024 5799 3340 5849 creaturam
3366 5793 3783 5871 intellig-ins.

2171 5868 2263 5924 Vel
2288 5886 2384 5941 per
2422 5872 2702 5929 luciferum
2744 5877 3088 5951 intelligimus
3114 5881 3403 5949 diabolum,
3434 5889 3553 5957 qui
3583 5868 3784 5947 cecidit
