3898 6468
169 432 271 493 581

1334 423 1769 517 EXPLANATlO
1803 424 1873 479 IN
1905 424 2243 511 PSALMOS.

3306 431 3410 488 58%

172 550 300 623 quia
352 530 591 619 propter-
627 545 849 601 nimiam
890 542 1347 616 pulchritudinem
1407 548 1701 611 supemtvtt
1720 580 1734 605 ,
1765 542 1812 602 Α
1840 540 1919 595 bit
1938 548 2120 610 caput,
2150 559 2169 593 ι
2197 540 2252 595 id
2279 548 2361 597 est
2392 556 2542 597 suam
2570 539 2908 599 altitudinem
2935 542 3134 602 levabit
3158 551 3212 601 et
3231 547 3415 602 multi-

172 642 383 700 scilicet
420 648 544 696 ante
569 639 729 711 genui
756 647 809 694 te
835 653 995 709 quam
1021 636 1257 707 aliquam
1277 635 1571 707 angelicam
1597 647 1745 687 crea-
1836 638 2082 713 lplicabit,
2100 639 2224 709 quia
2240 649 2458 711 pr0pter
2473 641 2574 696 hoc
2596 641 2741 695 dabit
2759 660 2775 692 ‹
2799 640 2874 695 illi
2899 638 3038 697 Deus
3055 658 3250 699 nomen
3270 643 3413 715 quod

176 743 375 790 turam.

252 843 270 875 ί
320 821 530 877 Juravit
566 819 844 876 Dominus.
900 840 918 871 ι
976 818 1110 873 Pars
1153 796 1332 873 tertia.
1377 816 1741 873 Continuatio.

176 914 449 985 PrOpheta
480 928 493 966 :
521 912 778 968 Dominus
808 910 941 968 dixit
977 928 989 963 :
1025 930 1041 960 ι
1084 908 1222 965 Sede
1251 925 1281 962 a
1305 908 1507 963 dextris
1534 906 1690 972 meis,
1721 925 1740 959 ι

175 1015 282 1061 etc.
312 1005 378 1059 Et
409 1005 521 1076 ipse
551 1003 688 1057 idem
721 1020 740 1055 ε
775 1002 1035 1059 Dominus
1069 1022 1086 1053 ι
1108 1000 1275 1063 Pater
1304 1020 1321 1051 ‹
1360 1000 1591 1070 juravit,
1640 1019 1658 1050 ι
1692 996 1747 1055 id

176 1105 261 1151 est
284 1094 511 1149 ﬁrmiter
534 1092 825 1163 diSposuit;
865 1111 883 1144 ‹
918 1100 973 1146 et
1008 1107 1114 1147 non
1140 1090 1421 1160 paenitebit
1449 1104 1599 1154 eum,
1640 1106 1658 1139 ι
1690 1086 1746 1143 id

175 1195 259 1243 est
282 1202 389 1244 non
417 1185 645 1240 mutabit
669 1185 1010 1248 sententiam,
1043 1184 1179 1237 hanc
1202 1180 1404 1235 scilicet
1433 1199 1450 1230 ‹
1481 1178 1560 1232 Tu
1582 1194 1641 1233 es
1664 1193 1749 1233 sa-

175 1281 367 1337 cerdos
392 1280 445 1333 in
466 1286 743 1334 aeternum.
778 1297 797 1328 ρ
831 1275 1093 1330 Sacerdos
1108 1274 1329 1338 dicitur,
1358 1272 1481 1341 quia
1510 1271 1746 1343 seipsum

174 1368 391 1435 obtulit,
420 1375 473 1421 et
510 1380 722 1435 semper
750 1364 916 1417 Deum
945 1363 1160 1417 Patrem
1192 1360 1496 1430 interpellat
1526 1376 1624 1430 pro
1654 1374 1750 1414 no-

173 1458 260 1516 bis
296 1467 394 1514 :et
428 1458 532 1512 hoc
564 1474 582 1507 ‹
623 1454 915 1510 secundum
956 1452 1202 1507 ordinem
1243 1451 1635 1506 Melchisedech
1668 1470 1680 1503 :
1722 1468 1740 1501 ι

172 1549 301 1620 quia
325 1548 465 1603 sicut
491 1545 878 1601 Melchisedech
900 1544 1092 1598 obtulit
1119 1544 1345 1597 Abrahze
1367 1557 1557 1611 panem
1588 1550 1641 1595 et
1666 1541 1747 1595 vi-

175 1653 306 1693 num
346 1636 500 1710 (Gen.
536 1636 649 1708 xw)
672 1677 686 1701 ,
723 1636 800 1690 sic
824 1635 1067 1691 Christus
1095 1634 1373 1704 discipulis
1399 1633 1592 1689 obtulit
1621 1633 1751 1689 cali-

172 1743 294 1783 cem
330 1735 383 1784 et
406 1742 599 1797 panem
620 1768 634 1793 ,
680 1726 731 1781 id
763 1734 845 1780 est
874 1740 1071 1795 corpus
1091 1741 1247 1779 suum
1277 1725 1330 1778 in
1363 1722 1621 1793 qualitate
1659 1741 1751 1795 pa-

174 1818 262 1873 nis
287 1828 342 1873 et
377 1818 490 1871 vini
523 1836 535 1871 :
571 1824 624 1871 et
664 1817 802 1871 idem
842 1816 1164 1872 sacriﬁcium
1191 1829 1288 1885 per
1323 1830 1535 1870 omnem
1565 1816 1751 1872 Eccle-

1845 740 1928 787 est
1966 746 2127 802 super
2159 747 2315 785 omne
2356 747 2571 797 nomen,
2610 740 2670 787 ut
2714 732 2771 787 in
2822 733 3037 790 nomine
3071 732 3196 790 Jesu
3249 749 3413 793 omne

1847 834 1983 891 genu
2022 817 2285 887 ﬂectatur,
2316 828 2420 875 etc.
2454 819 2674 891 (Philip.
2703 829 2784 893 ιι).

2354 970 2421 1025 ΙΝ
2450 970 2778 1028 PSALMUM
2807 973 2916 1028 CX.

2342 1103 2599 1162 TITULUS.
2664 1106 2910 1163 Alleluia.

1925 1273 1943 1309 ‹
1993 1255 2318 1312 Conﬁtebor.
2371 1277 2389 1308 ι
2427 1256 2483 1311 In
2518 1258 2620 1313 hoc
2656 1258 2861 1329 psalmo
2889 1260 3124 1331 loquitur
3161 1266 3420 1335 propheta

1850 1361 1955 1401 non
1983 1361 2080 1417 pro
2109 1362 2167 1401 se
2189 1347 2324 1412 solo,
2354 1348 2445 1402 sed
2472 1346 2527 1401 in
2556 1363 2789 1418 persona
2812 1350 2984 1406 ﬁdelis
3012 1354 3211 1423 populi.
3255 1354 3422 1410 Mate-

1852 1438 1933 1491 ria
1967 1445 2051 1492 cst
2086 1437 2259 1492 ﬁdelis
2285 1438 2542 1508 populus,
2572 1440 2837 1509 spirituali
2860 1455 2981 1495 esca
3008 1451 3222 1512 pastus,
3248 1453 3304 1499 et
3333 1460 3419 1501 re-

1852 1529 2100 1599 demptus
2128 1529 2301 1599 pretio
2325 1530 2601 1602 sanguinis
2618 1530 2836 1587 Christi.
2879 1531 2937 1586 ln
2958 1533 3132 1602 prima
3168 1545 3322 1604 parte
3344 1538 3425 1591 di-

1851 1621 1927 1675 cit
1954 1636 2012 1674 se
2043 1621 2094 1674 in
2132 1635 2361 1690 persona
2387 1622 2551 1677 totius
2571 1623 2751 1693 populi
2775 1623 2995 1679 laudare
3022 1625 3208 1690 Deum,
3239 1629 3306 1683 ad
3349 1629 3422 1684 si-

1852 1710 2205 1765 militudinem
2248 1711 2456 1766 illorum
2485 1714 2576 1784 qui
2616 1729 2738 1769 cum
2770 1715 2944 1771 David
2974 1728 3119 1784 sunt,
3167 1727 3221 1774 et
3268 1721 3421 1790 ponit

1853 1802 2111 1869 quasdam
2148 1802 2403 1857 materias
2430 1811 2486 1857 et
2523 1818 2713 1859 causas
2736 1820 2847 1860 suae
2881 1805 3076 1862 laudis.
3104 1807 3160 1862 ln
3185 1813 3421 1867 secunda

175 1907 315 1961 siam
345 1906 592 1976 instituit.
624 1904 774 1959 Sicut
802 1914 981 1959 autem
1005 1904 1391 1960 Melchisedech
1416 1905 1531 1959 sine
1551 1906 1751 1977 princi-
1778 1886 1826 1948 B
1854 1900 2007 1961 parte
2030 1894 2180 1963 ponit
2207 1894 2367 1948 simili
2392 1896 2571 1961 modo.
2602 1906 2798 1967 praeter
2820 1899 3099 1968 praedicta.
3137 1906 3421 1961 materiam

175 2001 271 2072 pio
300 1999 401 2055 fuit
439 2007 494 2055 et
539 2000 654 2057 sine
692 2000 820 2065 ﬁne,
856 2014 958 2055 non
1001 2000 1141 2069 quod
1172 2016 1280 2054 non
1320 2000 1604 2065 habuerit,
1657 1999 1752 2054 sed

181 2090 314 2159 quia
359 2091 412 2145 in
465 2089 741 2160 Scriptura
793 2092 919 2144 nou'
944 2090 1139 2162 legitur
1185 2090 1441 2144 habuisse
1474 2101 1570 2143 :et
1613 2089 1754 2144 sicut

156 2180 571 2236 Melchisedech
607 2182 723 2235 sine
746 2190 897 2251 patre
924 2180 1022 2235 fuit
1051 2190 1103 2235 ct
1133 2182 1249 2236 sine
1270 2193 1589 2247 matre,non
1611 2183 1754 2251 quod

181 2286 291 2327 non
324 2272 573 2327 habuerit
613 2271 829 2337 iterum,
864 2273 959 2327 sed
986 2272 1112 2341 quia
1142 2271 1420 2343 Scriptura
1448 2288 1556 2327 non
1592 2271 1749 2338 dicit;

173 2364 258 2419 sic
313 2363 562 2419 Christus
609 2365 903 2419 secundum
958 2365 1351 2420 humanitatem
1400 2381 1506 2421 non
1570 2365 1755 2420 habuit

170 2463 409 2526 patrem,
442 2464 496 2511 et
531 2456 825 2512 secundum
855 2456 1108 2511 deitatem
1138 2473 1243 2511 non
1276 2458 1464 2513 habuit
1503 2465 1751 2522 matrem,

171 2555 233 2603 et
260 2547 316 2603 in
342 2547 710 2618 aliisquoque
749 2547 932 2603 multis
964 2548 1293 2603 assimilatur
1325 2548 1558 2604 Christo.
1604 2549 1756 2605 Unde

171 2636 464 2707 ’Apostolus
503 2639 569 2692 ad
595 2638 850 2694 Hebraeos
878 2638 1138 2705 scribens,
1177 2640 1255 2694 ait
1292 2654 1306 2693 :
1345 2660 1363 2691 ‹
1413 2639 1755 2695 Assimilatus

172 2719 359 2784 autem
386 2728 522 2782 Filio
544 2729 636 2783 Dei
671 2727 856 2799 (Hebr.
887 2728 1005 2800 vn).
1232 2802 1239 2809 ~

256 2840 275 2871 ‹
313 2818 595 2876 Dominus.
649 2840 667 2871 ›
712 2821 990 2875 Convertit
1039 2820 1304 2891 Pr0pheta
1335 2821 1497 2875 verba
1544 2823 1610 2877 ad
1654 2820 1757 2876 Pa-

174 2919 342 2978 trem,
397 2914 713 2969 ostendens’
745 2914 1093 2968 humanitatis
1136 2913 1335 2968 Christi
1384 2912 1751 2981 altitudinem;

173 3017 244 3058 ac
279 3004 323 3059 si
358 3004 431 3060 ita
475 3005 679 3060 diceret
718 3004 982 3074 Propheta
1016 3021 1029 3060 :
1062 3005 1106 3062 Ο
1127 3005 1348 3060 Domine
1382 3006 1560 3073 Pater,
1600 3026 1619 3059 ι
1653 3007 1757 3062 Do-

172 3095 381 3162 minus,
420 3116 438 3149 ›
482 3096 536 3151 id
571 3105 653 3152 est
681 3096 928 3152 Christus
953 3098 1236 3168 quiescens
1270 3118 1289 3149 ε
1335 3114 1366 3153 a
1398 3099 1603 3155 dextris
1626 3101 1755 3166 tuis,

174 3188 461 3261 confregit,
505 3209 523 3241 ›
558 3191 609 3245 id
641 3200 725 3246 est
761 3190 1080 3263 confringet,
1118 3212 1136 3243 ε
1170 3207 1355 3263 reges,
1395 3212 1414 3245 ι
1461 3195 1623 3249 idest
1663 3210 1754 3251 su-

174 3281 375 3351 perbos
403 3288 457 3335 et
489 3289 732 3352 potentes
756 3280 913 3348 hujus
941 3282 1082 3345 vitae,
1121 3302 1138 3331 ι
1176 3281 1229 3335 in
1254 3281 1338 3335 die
1377 3282 1469 3335 irre
1492 3298 1621 3347 suae,
1653 3303 1671 3334 ›
1702 3284 1757 3337 id

175 3380 266 3426 est
310 3372 367 3426 in
391 3371 476 3426 die
500 3372 720 3442 judieii,
753 3371 966 3440 quando
1001 3370 1283 3441 apparebit
1318 3371 1399 3424 ira
1432 3387 1545 3436 sua,
1587 3372 1641 3427 id
1678 3382 1759 3428 est

175 3461 419 3516 vindicta
442 3476 557 3516 sua.
587 3460 710 3515 ldco
732 3475 827 3529 per
848 3461 1179 3530 praeteritum
1208 3461 1337 3515 dicit
1364 3480 1381 3511 ‹
1415 3460 1699 3532 confregit,
1735 3482 1753 3514 ι

180 3552 312 3620 quia
345 3559 527 3622 raptus
563 3551 630 3605 ad
655 3551 938 3605 consilium
974 3551 1100 3618 Dei,
1123 3551 1235 3621 jam
1278 3552 1485 3607 viderat
1516 3553 1643 3608 illud
1667 3553 1757 3623 ju-

182 3641 405 3707 dicium,
438 3651 491 3696 et
518 3642 735 3697 tenebat
762 3649 941 3698 mente
974 3644 1129 3713 quasi
1156 3643 1508 3713 praeteritum.

255 3734 387 3789 Dico
429 3735 553 3806 quia
602 3734 904 3805 confringet
950 3734 1002 3789 in
1053 3732 1282 3803 judicio,
1330 3737 1527 3791 iterum
1582 3746 1760 3792 autem

184 3845 206 3877 ‹
243 3824 508 3896 judicabit
544 3845 561 3877 ι
597 3826 999 3897 divinojudicio
1028 3827 1239 3882 occulto
1282 3846 1295 3880 :
1334 3828 1459 3899 quia
1498 3830 1759 3898 quosdam

180 3917 524 3984 illuminabit,
549 3919 810 3988 quosdam
838 3918 1130 3974 exczecabit
1159 3937 1171 3972 :
1204 3927 1259 3973 ct
1282 3918 1383 3973 hoc
1414 3936 1517 3974 non
1542 3920 1595 3975 in
1622 3935 1758 3989 pau-

178 4015 281 4081 cis,
315 4014 408 4069 sed
435 4035 452 4065 ι
490 4014 545 4067 ἰη
574 4012 885 4068 nationibus
921 4032 939 4064 ι
971 4022 1079 4067 tam
1110 4011 1417 4067 Judzeorum
1448 4028 1609 4083 quam
1630 4029 1760 4084 gen-

178 4103 318 4159 tium
358 4120 371 4156 :
416 4103 488 4157 ita
525 4102 741 4172 quidem
777 4100 1062 4170 iudicabit,
1092 4102 1298 4158 scilicet
1331 4121 1349 4153 ‹
1392 4102 1598 4168 ruinas,
1645 4122 1664 4155 ι
1707 4103 1760 4158 id

183 4206 267 4254 cst
291 4193 410 4250 illos
446 4195 538 4264 qui
581 4208 640 4249 se
672 4200 1001 4265 cognoscunt
1041 4193 1215 4249 ruisse
1248 4208 1346 4263 per
1372 4194 1592 4264 pr0pria
1630 4210 1757 4264 pec-

175 4296 305 4343 cata
330 4293 385 4342 et
410 4299 508 4357 per
531 4294 753 4357 peccata
781 4294 994 4356 patrum
1025 4300 1266 4352 suorum,
1296 4304 1315 4337 ‹
1346 4286 1585 4361 implebit
1619 4306 1637 4337 ι
1666 4289 1760 4342 bo-

155 4377 291 4443 ~nis,
320 4377 443 4447 quia
469 4383 523 4432 et
553 4376 641 4430 illa
671 4376 990 4443 removebit,
1023 4384 1079 4430 et
1100 4376 1241 4446 quod
1270 4375 1375 4431 illis
1397 4377 1601 4441 deerat,
1630 4393 1759 4448 sup-

174 4467 351 4539 plebit
379 4486 392 4521 :
427 4487 445 4519 (
473 4467 651 4537 capita
675 4476 877 4531 autem,
910 4488 927 4517 ι
960 4467 1116 4521 idest
1139 4466 1469 4532 altitudines,
1499 4476 1559 4520 et
1575 4482 1762 4537 super-

176 4559 304 4614 liias
333 4577 352 4610 ι
384 4556 715 4628 multorum!»
748 4557 803 4611 in
830 4558 933 4612 hac
962 4557 1069 4611 vita
1097 4557 1545 4626 superhientium,
1586 4577 1603 4608 ι
1633 4572 1763 4612 eon-

177 4651 494 4722 quassabit,
533 4670 552 4702 ›
587 4651 638 4706 id
663 4658 746 4706 est
776 4659 1019 4705 conteret
1054 4659 1108 4705 et
1140 4650 1481 4718 annihilabit,
1514 4659 1568 4705 et
1600 4651 1761 4707 faciet

179 4762 283 4803 eos
310 4746 555 4802 decidere
581 4746 645 4802 de
669 4744 874 4815 judicio
903 4747 956 4801 in
977 4747 1130 4818 pejus
1155 4762 1168 4801 :
1197 4748 1376 4802 ethoc
1407 4765 1426 4798 ‹
1457 4747 1510 4802 in
1536 4757 1697 4813 terra,
1737 4768 1756 4800 ι

179 4837 245 4893 id
275 4846 358 4892 est
392 4837 446 4893 in
475 4838 578 4892 hac
618 4837 871 4908 praesenti
910 4838 1051 4905 vita,
1092 4838 1181 4893 ubi
1220 4839 1362 4895 Deus
1387 4838 1534 4909 justo
1558 4840 1762 4911 judicio

178 4937 426 4991 excaecat
452 4928 643 4983 malos.

264 5019 377 5077 Hoc
405 5021 599 5077 merito
624 5037 721 5076 suo
745 5021 960 5077 dabitur
985 5021 1225 5089 Christo,
1251 5030 1307 5077 et
1334 5022 1389 5077 in
1420 5023 1524 5078 hac
1547 5023 1657 5078 vita
1677 5023 1766 5095 ju-

182 5114 395 5182 dicare,
420 5124 475 5170 et
496 5117 710 5172 tandem
741 5114 1027 5172 manifeste
1052 5133 1065 5171 :
1100 5116 1224 5186 quia
1248 5117 1364 5187 ipse
1392 5115 1638 5172 Christus
1667 5136 1684 5169 ι
1713 5117 1768 5172 in

180 5204 302 5271 via,
351 5226 369 5258 ι
419 5206 473 5261 id
499 5214 582 5262 est
610 5206 664 5261 in
690 5215 932 5278 tempore
961 5207 1167 5263 militiae
1208 5222 1351 5274 suae,
1400 5208 1457 5261 in
1487 5223 1593 5278 quo
1621 5208 1767 5262 omni

183 5295 372 5352 studio
401 5296 629 5352 intendit
660 5296 727 5351 ad
754 5296 924 5353 Deum
945 5339 960 5365 ,
997 5316 1016 5350 ι
1052 5298 1219 5361 bibet,
1266 5317 1284 5349 ι
1317 5296 1369 5352 id
1398 5306 1480 5353 est
1507 5296 1764 5370 gustabit,

184 5402 302 5441 non
330 5401 395 5441 ex
426 5386 722 5451 eoactione,
747 5388 838 5442 sed
866 5403 931 5443 ex
953 5388 1247 5454 voluntate,
1276 5397 1330 5443 et
1358 5387 1511 5459 quasi
1534 5386 1769 5442 delecta-

187 5477 363 5545 tione,
403 5496 423 5530 ‹
463 5477 529 5533 de
566 5486 826 5545 torrente,
871 5499 888 5530 ι
927 5480 978 5534 id
1012 5489 1095 5534 est
1121 5479 1187 5534 de
1223 5479 1617 5535 ferventissima
1647 5493 1768 5547 pas-

187 5568 379 5636 sione,
403 5577 457 5623 et
485 5569 549 5623 de
577 5568 809 5625 miseriis
842 5567 999 5636 hujus
1027 5569 1150 5623 vite
1169 5610 1182 5635 ,
1218 5584 1337 5640 qua}
1366 5569 1522 5639 Quasi
1556 5577 1769 5624 torrens

190 5679 321 5719 cum
347 5663 578 5735 quodam
610 5662 811 5731 impetu
835 5661 1079 5727 veniunt,
1111 5669 1163 5716 et
1189 5662 1295 5727 cito
1333 5670 1633 5728 transeunt,
1664 5662 1768 5716 sci-

193 5756 326 5811 licet
344 5756 572 5811 libenter
596 5756 881 5812 sustinebit
904 5765 1133 5810 mortem
1162 5763 1215 5809 et
1236 5754 1368 5811 alias
1397 5756 1643 5810 miserias
1666 5770 1767 5826 pro

196 5851 569 5921 redemptione
599 5850 814 5905 humani
839 5850 1049 5921 generis
1088 5868 1099 5902 :
1138 5870 1156 5900 ‹
1188 5856 1239 5905 et
1262 5858 1542 5920 propterea
1568 5849 1769 5903 exalta—

1853 1983 2109 2038 laudandi
2139 1986 2326 2039 Deum.
2366 1986 2423 2040 In
2449 1988 2608 2042 tertia
2636 1997 2809 2058 parte,
2839 2005 2958 2059 qum
2989 1992 3174 2062 incipit
3208 2012 3221 2047 :
3256 2013 3276 2045 ι
3313 1995 3423 2052 Rc-

1857 2075 2217 2144 demptionem
2247 2076 2609 2148 misitpopulo
2642 2094 2759 2145 suo,
2796 2099 2815 2131 ι
2853 2083 3085 2137 ostendit
3105 2085 3248 2154 quod
3285 2086 3426 2143 Deus

1855 2164 1923 2217 de
1963 2180 2124 2217 manu
2156 2165 2356 2220 inimici
2395 2167 2645 2222 liberabit
2676 2169 2927 2239 populum
2976 2187 3153 2227 suum.
3194 2174 3426 2232 Intentio

1856 2265 1937 2311 est
1979 2256 2209 2311 invitare
2249 2272 2346 2312 nos
2376 2259 2443 2313 ad
2481 2262 2807 2317 cantandum
2856 2263 3087 2331 alleluia,
3122 2266 3328 2322 scilicet
3367 2276 3430 2324 ut

1855 2355 2076 2416 propter
2111 2345 2418 2415 huiusmodi
2442 2348 2701 2405 beneﬁcia
2721 2362 2951 2408 aeternas
2977 2353 3086 2410 Deo
3111 2355 3298 2412 laudes
3335 2358 3429 2413 de-

1856 2449 2154 2495 cantemus.

1926 2530 2221 2586 Attendens
2248 2539 2427 2587 autem
2454 2531 2719 2604 Propheta
2742 2548 2801 2589 se
2830 2533 2971 2590 inter
2993 2544 3216 2593 eteteros
3243 2537 3431 2598 ﬁdeles

1849 2620 1963 2691 jam
2004 2621 2279 2678 beneﬁciis
2327 2622 2422 2677 Dei
2473 2632 2689 2694 pastum
2732 2639 2795 2679 ac
2834 2626 3188 2696 redemptum,
3238 2629 3370 2684 dicit
3411 2648 3425 2685 :

1863 2734 1880 2766 ι
1912 2715 2221 2769 Conﬁtebor
2251 2715 2377 2781 tibi,
2415 2716 2657 2781 Domine,
2702 2718 2757 2772 in
2797 2726 2910 2774 toto
2944 2720 3105 2775 corde
3141 2736 3279 2790 meo,
3315 2743 3334 2776 ι
3374 2724 3430 2780 id

1857 2814 1940 2859 est
1966 2804 2106 2858 nulla
2138 2822 2264 2876 pars
2289 2808 2503 2862 vacabit
2528 2809 2789 2875 terrenis,
2822 2810 2917 2864 sed
2952 2819 3122 2866 totum
3153 2828 3247 2869 cor
3268 2828 3429 2870 oecu-

1855 2906 2039 2967 patum
2090 2898 2196 2952 erit
2237 2898 2481 2954 laudibus
2507 2900 2625 2965 Dei,
2670 2910 2725 2955 et
2765 2902 2816 2954 in
2859 2901 2960 2957 hoc
2989 2903 3181 2959 similis
3218 2919 3312 2959 ero
3350 2906 3429 2961 eis

1842 2988 1946 3058 qui
1980 2986 2093 3057 jam
2121 2998 2247 3044 sunt
2278 3009 2296 3040 ‹
2335 2990 2387 3043 in
2419 2990 2959 3062 consiliojustorum,
2994 3012 3012 3043 ι
3039 2993 3092 3047 id
3121 3002 3201 3048 est
3228 2997 3430 3052 sanctis

1858 3081 2060 3152 angelis
2118 3088 2173 3137 et
2223 3081 2343 3137 aliis
2379 3083 2512 3138 viris
2551 3083 2640 3153 qui
2680 3081 2793 3151 jam
2843 3085 3019 3139 sciunt
3058 3086 3336 3142 consilium
3377 3098 3433 3143 et

1857 3174 2186 3229 voluntatem
2234 3175 2348 3239 Dei,
2386 3185 2441 3229 et
2480 3191 2602 3230 cum
2638 3175 2755 3245 ipso
2791 3174 3053 3244 judicant,
3106 3197 3123 3230 ε
3172 3187 3226 3234 et
3262 3199 3280 3232 ι
3315 3178 3430 3248 jam

1783 3246 1829 3310 C
1859 3271 1985 3317 sunt
2014 3264 2067 3316 in
2122 3281 2142 3314 (
2202 3265 2616 3335 congregatione
2657 3264 2946 3332 iustorum.
2983 3286 3001 3319 ι
3038 3268 3181 3324 Bene
3215 3246 3429 3339 quidem

1861 3353 2127 3423 Propheta
2166 3370 2225 3409 se
2261 3355 2489 3410 similem
2530 3357 2610 3411 eis
2645 3357 2810 3412 dicit:
2840 3359 2965 3429 quid
3010 3360 3153 3413 enim
3200 3363 3428 3432 amplius

1858 3454 2087 3516 possunt
2118 3444 2192 3500 illi
2231 3445 2442 3514 facere,
2482 3462 2642 3517 quam
2681 3448 2848 3505 Deum
2886 3451 2942 3506 in
2980 3458 3093 3507 toto
3122 3453 3283 3509 corde
3312 3454 3431 3509 lau-

1861 3537 1991 3590 dare
2010 3537 2034 3588 ?

1931 3628 2054 3682 ldeo
2090 3628 2353 3693 laudabo,
2384 3629 2510 3698 quia
2547 3647 2568 3681 ι
2610 3645 2773 3700 opera
2800 3632 3011 3687 Domini
3049 3653 3067 3686 ι
3106 3650 3436 3707 quascunque

1861 3729 1986 3773 sunt
2042 3740 2060 3771 ‹
2113 3735 2305 3791 magna
2339 3740 2356 3771 ι
2407 3730 2461 3775 et
2492 3722 2719 3778 miriﬁce
2762 3723 2903 3778 facta
2944 3743 2959 3778 :
3003 3733 3058 3780 et
3085 3726 3187 3782 illis
3220 3730 3433 3798 quidem

1864 3820 2123 3881 apparent
2161 3829 2374 3894 magna,
2408 3830 2436 3867 a
2479 3816 2671 3883 quibus
2703 3824 2829 3870 sunt
2857 3834 2877 3867 ‹
2914 3818 3179 3887 exquisita
3212 3838 3229 3871 ι
3263 3822 3437 3876 eundo

1868 3923 1883 3954 ι
1934 3904 1985 3958 in
2024 3905 2546 3971 omnesvoluntatcs
2585 3907 2718 3977 ejus,
2758 3927 2777 3961 ι
2819 3908 2922 3963 hoc
2956 3918 3057 3975 est,
3105 3909 3209 3966 illis
3244 3925 3439 3982 magna

1861 4004 2141 4065 apparent,
2184 3996 2275 4066 qui
2307 3998 2590 4052 attendunt
2625 3998 2754 4069 quid
2783 3997 2911 4053 velit
2940 3998 3080 4056 Deus
3108 4001 3163 4059 in
3198 4016 3438 4072 unoque-

1861 4102 1965 4157 que
1990 4101 2173 4158 opere,
2193 4087 2342 4158 quid,
2367 4088 2491 4143 dum
2523 4092 2748 4145 adversa
2775 4088 2869 4144 dat
2894 4090 3055 4146 alicui
3090 4110 3102 4145 :
3134 4092 3286 4161 quid,
3304 4093 3435 4149 dum

1857 4195 2136 4250 prospera.

1929 4272 2054 4326 Ideo
2081 4270 2200 4326 dico
2225 4287 2416 4343 magna
2436 4287 2599 4342 opera
2629 4272 2863 4340 Domini,
2889 4275 3012 4344 quia
3049 4293 3067 4326 ι
3099 4289 3234 4346 opus
3265 4277 3381 4349 ejus
3410 4295 3432 4332 ι

1862 4374 1946 4420 est
1991 4384 2009 4415 ‹
2058 4363 2359 4431 confessio,
2395 4385 2413 4418 ι
2462 4365 2516 4420 id
2542 4373 2623 4420 est
2650 4365 2870 4420 bonum.
2896 4365 3259 4441 Hieronymus
3286 4371 3440 4439 ponit

1869 4479 1886 4510 ‹
1932 4459 2155 4530 gloriam
2202 4468 2256 4515 et
2301 4459 2560 4513 honorem
2600 4474 2614 4513 :
2654 4479 2671 4510 ι
2706 4459 2903 4515 bonum
2932 4459 3052 4515 dico
3088 4460 3161 4515 ita
3198 4461 3436 4534 dignum,

1864 4549 2006 4620 quod
2044 4550 2215 4619 ipsum
2245 4549 2469 4620 judicet,
2504 4557 2558 4603 et
2603 4549 2923 4604 conﬁteatur
2956 4551 3216 4607 artiﬁcem
3261 4569 3437 4622 suum,

1867 4650 1921 4698 et
1947 4641 2267 4696 laudabilem
2312 4640 2502 4697 reddat
2544 4659 2556 4695 :
2596 4660 2616 4693 ‹
2653 4649 2707 4695 et
2736 4662 2753 4693 ›
2777 4650 2859 4698 est
2902 4662 2919 4695 ‹
2957 4646 3378 4716 magniﬁcentia,
3416 4669 3434 4701 ι

1868 4733 1921 4789 id
1943 4742 2024 4789 est
2044 4732 2387 4805 magniﬁcum
2415 4748 2571 4801 opus,
2603 4751 2621 4783 ε
2642 4730 2928 4800 .etjustitia
2950 4734 3067 4804 ejus
3096 4756 3114 4787 ι
3143 4736 3240 4794 Dei
3271 4755 3441 4812 rma-

1869 4837 1961 4880 net
1981 4826 2033 4879 in
2059 4825 2312 4881 smculum
2342 4823 2523 4881 saeculi
2562 4843 2580 4875 ι
2623 4823 2749 4895 quia
2777 4833 2831 4880 et
2853 4826 3024 4883 bonos
3050 4828 3139 4883 hic
3154 4827 3437 4897 justiﬁcat,

1868 4924 1923 4972 et
1955 4917 2007 4972 in
2034 4926 2295 4972 aeternum
2328 4926 2669 4983 remunerat;
2700 4924 2755 4972 et
2775 4917 2960 4989 ~malos
2989 4920 3077 4977 hic
3104 4930 3358 4989 excaecat,
3386 4932 3442 4979 et

1872 5012 1927 5066 in
1952 5020 2213 5067 aeternum
2245 5011 2487 5065 damnat.

1946 5124 1964 5157 (
2016 5090 2329 5157 Memoriam
2375 5101 2521 5157 fecit.
2559 5121 2577 5154 ι
2612 5101 2747 5158 Pars
2776 5102 3028 5159 secunda.
3075 5101 3280 5159 Praeter
3324 5105 3441 5161 hmc

1868 5194 2123 5265 prmdicta
2151 5193 2322 5247 habeo
2358 5194 2640 5249 materiam
2669 5193 2923 5250 laudandi
2948 5192 3136 5259 Deum,
3160 5196 3301 5265 quod
3326 5196 3440 5266 ipse

1875 5307 1893 5339 ‹
1924 5285 2235 5342 misericors
2263 5292 2316 5340 et
2341 5284 2914 5359 miserator‘Dominus
2935 5285 3297 5350 deditescam,
3337 5306 3354 5338 ›
3386 5287 3438 5341 id

1868 5386 1953 5433 est
1989 5374 2337 5432 refectionem
2363 5376 2606 5447 corporis
2632 5384 2687 5432 et
2724 5373 2998 5447 sanguinis
3037 5376 3153 5442 sui,
3191 5392 3300 5430 non
3328 5392 3441 5431 om-

1870 5470 2027 5526 nibus
2071 5467 2337 5527 valentem
2382 5468 2450 5525 ad
2494 5469 2691 5533 vitam,
2732 5466 2826 5523 sed
2859 5485 2878 5518 ‹
2926 5467 3236 5524 timentibus
3278 5482 3337 5524 se
3368 5485 3382 5523 :
3414 5487 3433 5521 ι

1870 5581 2032 5638 quam
2059 5565 2257 5633 dando,
2284 5585 2304 5618 ί
2332 5561 2791 5621 fecitmemoriam
2814 5559 3138 5616 mirabilium
3153 5576 3390 5631 suorum,
3416 5582 3434 5615 ι

1869 5658 2110 5730 patribus
2131 5659 2368 5727 antiquis
2396 5654 2778 5718 exhibitorum,
2808 5651 3125 5722 complendo
3144 5670 3206 5708 ex
3239 5655 3442 5726 signiﬁ-

1868 5751 2006 5805 catis
2033 5749 2175 5820 quod
2206 5749 2620 5817 praesignaverat
2640 5744 2697 5798 in
2720 5743 2904 5813 ﬁguris
2934 5757 2949 5795 :
2979 5742 3103 5812 quia
3134 5759 3257 5800 cum
3287 5746 3442 5803 nobis

1869 5859 2051 5901 escam
2089 5838 2350 5897 Dominici
2381 5836 2624 5906 corporis
2654 5835 2835 5892 dedit.
2873 5850 2972 5891 nos
3013 5851 3280 5895 memores
3317 5838 3445 5897 fecit
