3898 6466
452 351 564 408 585

456 479 668 521 mannae
706 462 850 517 hanc
887 474 1067 527 escam
1095 459 1491 530 praefigurantis
1528 459 1724 531 (Exod.
1769 459 1882 529 xvi)
1910 500 1924 524 ,
1971 466 2025 512 et

455 557 680 612 aliorum
712 553 807 609 Dei
839 551 1219 608 beneficiorum
1251 550 1517 604 similiter.

526 649 592 703 Et
619 648 760 702 hunc
789 660 965 700 escam
1000 644 1195 706 dando,
1241 662 1258 692 ς
1297 657 1500 695 utemur
1524 641 1652 706 erit,
1687 662 1703 692 ι
1730 641 1784 696 id
1806 649 1888 695 est
1916 655 2028 694 me-

457 755 664 796 morem
702 755 759 793 se
787 737 1035 793 ostendet
1067 754 1086 786 t
1131 735 1459 789 Testamenti
1503 735 1606 800 sui,
1651 756 1668 787 ι
1707 735 1760 790 id
1791 741 1871 788 est
1898 750 2026 804 pro-

458 830 730 886 missionis
777 828 1007 882 Abrahze
1057 823 1212 881 facta:
1252 823 1405 895 (Gen.
1456 825 1592 897 χχιι)
1639 843 1652 878 :
1699 825 2028 880 Testamenti

457 923 578 978 dico
597 920 836 977 durantis
867 938 885 970 ι
923 919 975 972 in
1003 916 1280 972 saeculum.
1318 935 1336 968 ι
1374 916 1476 971 Per
1499 917 1649 971 illam
1675 917 1818 970 enim
1846 930 2029 970 escam

459 1013 729 1084 accipiunt
774 1010 868 1064 lilii
907 1009 1137 1063 Abrahae
1182 1018 1441 1063 aeternam
1481 1007 1928 1072 benedictionem,
1974 1007 2029 1062 in

459 1120 562 1175 quo
605 1104 926 1159 determinat
971 1101 1116 1170 quod
1164 1100 1250 1154 illa
1302 1115 1426 1154 esca
1475 1099 1544 1154 sit
1575 1099 1725 1154 cibus
1763 1099 2029 1154 Dominici

458 1192 730 1264 corporis,
761 1191 887 1262 quia
929 1190 1033 1244 alia
1070 1204 1195 1244 esca
1233 1204 1342 1244 non
1376 1188 1528 1244 daret
1566 1189 1731 1243 vitam
1773 1197 2030 1242 aeternam

456 1286 687 1340 Abraha:
709 1284 1030 1354 promissam
1048 1300 1060 1335 :
1079 1291 1133 1337 et
1159 1300 1176 1333 ‹
1201 1282 1476 1345 virtutem,
1507 1300 1524 1333 ι
1557 1281 1608 1335 id
1637 1288 1721 1335 est
1740 1279 2031 1334 eﬂicaciam

459 1387 511 1434 et
537 1378 950 1449 completionem
987 1395 1005 1427 ι
1035 1391 1253 1431 suorum
1286 1389 1529 1443 operum,
1572 1392 1591 1426 ι
1622 1373 1674 1427 id
1703 1381 1786 1428 est
1816 1371 2034 1426 mirabi-

459 1471 590 1525 lium
623 1471 870 1539 patribus
902 1469 956 1523 in
981 1469 1149 1538 ﬁgura
1177 1476 1535 1534 ostensurum,
1584 1486 1602 1518 ι
1637 1466 1976 1520 annuntiabit
2008 1485 2026 1518 ι

461 1576 560 1632 per
599 1561 983 1632 praedicatores
1015 1579 1032 1611 ι
1079 1559 1278 1631 populo
1313 1575 1410 1614 suo
1451 1578 1468 1606 ο
1505 1557 1597 1628 qui
1638 1557 2035 1611 annuntiabunt

465 1655 743 1712 Christum
765 1694 780 1719 ,
804 1663 858 1708 et
882 1653 1044 1708 ﬁnem
1066 1653 1200 1724 legis
1221 1667 1359 1718 esse,
1391 1659 1446 1706 et
1478 1649 1890 1720 completionem
1920 1662 2036 1703 om-

461 1749 611 1804 nium
636 1748 1024 1819 promissorum
1052 1745 1165 1800 Dei.

529 1837 612 1892 Ad
641 1838 742 1892 hoc
781 1836 1138 1899 annuntiabit,
1181 1853 1197 1886 ι
1240 1842 1300 1888 ut
1326 1840 1417 1890 det
1445 1832 1552 1887 illis
1585 1850 1603 1883 ι
1635 1829 2028 1885 annuntiatori-

458 1930 560 1985 bus
586 1947 604 1980 ‹
637 1928 1005 1982 baereditatem
1031 1926 1292 1996 gentium,
1331 1944 1348 1976 ι
1385 1925 1439 1980 id
1459 1933 1543 1979 est
1567 1931 1753 1994 gentes
1779 1923 1834 1976 in
1857 1923 2030 1976 luere-

461 2023 706 2085 ditatem,
734 2019 876 2075 sicut
901 2019 1098 2072 Petrus
1129 2026 1183 2071 et
1205 2017 1402 2072 Paulus
1429 2016 1731 2071 habuerunt
1755 2015 2035 2069 lueredita-

462 2123 567 2170 tem
591 2123 644 2168 et
659 2112 1050 2184 possessionem
1076 2111 1125 2163 in
1142 2111 1411 2182 gentibus.
1433 2109 1549 2165 Alia
1570 2107 1797 2165 materia
1819 2107 1993 2164 laudis
2015 2125 2029 2162 :

459 2215 515 2260 et
551 2206 712 2261 etiam
743 2225 762 2257 ι
798 2220 964 2274 opera
1001 2219 1256 2258 manuum
1286 2202 1419 2272 ejus,
1459 2224 1478 2256 ι
1512 2203 1564 2257 id
1601 2211 1685 2257 est
1712 2202 2029 2267 divinitatis,

460 2307 586 2354 sunt
635 2317 652 2349 ι
688 2298 887 2352 veritas
925 2304 980 2352 ct
1013 2295 1296 2364 judicium.
1344 2315 1362 2347 ι
1395 2294 1629 2360 Veritas,
1656 2304 1919 2365 quantum
1964 2294 2030 2348 ad

459 2391 660 2454 bonos,
688 2389 884 2459 quibus
907 2386 1246 2458 complentur
1274 2386 1664 2456 promissiones
1693 2386 1788 2441 Dei
1823 2403 1835 2438 :
1868 2394 1922 2438 et
1953 2383 2036 2453 ju-

460 2482 693 2547 dicium,
733 2487 994 2550 quantum
1021 2478 1089 2532 ad
1121 2478 1240 2533 illos
1266 2486 1392 2532 sunt
1425 2491 1590 2546 Opera
1620 2476 1739 2540 illa,
1773 2491 1909 2545 quos
1937 2491 2035 2532 suo

454 2573 602 2643 justo
622 2570 825 2643 judicio
847 2571 1066 2624 damnat
1086 2568 1248 2622 Deus.

530 2665 649 2720 Alia
673 2663 907 2718 materia
949 2661 1125 2716 laudis
1155 2677 1168 2716 :
1202 2662 1302 2715 hoc
1327 2660 1489 2715 etiam
1528 2661 1756 2716 materia
1782 2659 2035 2716 laudandi

461 2755 568 2811 erit
603 2754 765 2819 mihi,
794 2753 922 2823 quia
949 2771 968 2804 ι
1005 2751 1186 2806 omnia
1212 2752 1464 2806 mandata
1495 2751 1612 2820 ejus
1640 2772 1658 2804 ι
1691 2760 1818 2806 sunt
1853 2770 1871 2802 ι
1905 2751 2037 2806 fide-

462 2847 555 2910 lia,
591 2866 609 2898 ›
638 2845 692 2901 id
722 2854 806 2900 est
834 2843 1110 2900 credibilia
1141 2861 1153 2896 :
1186 2843 1379 2912 quibus
1409 2842 1734 2898 credendum
1763 2851 1874 2906 est,
1911 2843 2036 2912 quia

462 2934 734 3004 complent
751 2935 892 3003 quod
913 2934 1230 3004 promittunt
1258 2950 1271 2985 :
1301 2951 1319 2984 ι
1352 2935 1668 2988 confirmata
1699 2933 1752 2986 in
1782 2932 2038 2987 saeculum

464 3025 665 3088 saeculi,
705 3044 723 3076 ι
753 3026 879 3094 quia
917 3039 1025 3078 non
1052 3031 1228 3093 potest
1256 3023 1502 3092 impediri
1524 3022 1866 3091 aliquatenus
1895 3023 2038 3092 quod

464 3118 784 3188 promittunt
809 3119 938 3187 quin
973 3118 1084 3182 ﬁat,
1116 3125 1169 3171 et
1194 3118 1280 3173 hic
1304 3127 1360 3173 et
1385 3118 1441 3172 in
1468 3116 1664 3172 futuro.
1697 3115 1812 3184 Vel,
1851 3137 1868 3168 ι
1905 3132 2037 3172 con-

465 3207 677 3262 firmata
707 3209 762 3262 in
801 3208 1054 3264 saxulum
1087 3209 1292 3275 saeculi,
1335 3227 1354 3261 ι
1387 3208 1440 3263 id
1465 3217 1547 3264 est
1572 3224 1676 3264 non
1708 3209 2038 3279 perficientia

466 3297 522 3352 in
553 3297 747 3354 saeculo
779 3299 881 3353 hoc
913 3299 1054 3368 quod
1083 3300 1421 3368 promittunt,
1457 3299 1551 3354 sed
1577 3299 1633 3353 in
1669 3298 1850 3356 futuro
1881 3319 1894 3354 :
1923 3300 2037 3370 ipsa

465 3392 717 3445 mandata
755 3389 875 3444 dieo
918 3409 936 3442 t
986 3391 1130 3445 facta
1160 3392 1214 3445 in
1253 3392 1483 3446 veritate
1519 3412 1537 3444 ι
1574 3392 1630 3446 in
1677 3391 2037 3461 completione

463 3482 902 3552 promissionum,
943 3501 961 3534 ί
998 3491 1052 3539 et
1084 3485 1340 3554 aequitate
1383 3503 1402 3536 ι
1442 3485 1568 3555 quia
1597 3483 1730 3538 nihil
1769 3486 2039 3541 invenitur

416 3594 420 3598 ’
468 3576 524 3630 in
547 3575 626 3630 eis
652 3575 917 3646 iniquum.

548 3684 567 3717 ι
605 3665 1067 3736 Redemptionem.
1108 3686 1130 3720 ι
1154 3666 1288 3722 Pars
1321 3667 1500 3722 tertia.
1530 3667 1648 3722 Alia
1673 3668 1896 3723 materia
1924 3668 2040 3722 lau-

466 3758 568 3814 dis.
593 3757 939 3815 Continuatio
964 3774 978 3813 :
1002 3768 1288 3830 propterea
1311 3761 1474 3815 etiam
1493 3760 1790 3816 confitebor
1816 3761 1886 3826 ei,
1913 3761 2041 3832 quia

469 3851 583 3921 ipse
622 3869 640 3901 (
680 3851 828 3905 misit
861 3850 1287 3919 redemptionem
1314 3851 1507 3919 populo
1534 3866 1650 3915 suo,
1681 3870 1699 3901 ι
1742 3851 1794 3906 id
1827 3859 1909 3906 est
1942 3866 2039 3920 po-

464 3941 653 4012 pulum
675 3954 830 3993 suum
858 3939 924 3992 de
946 3938 1207 3992 servitute
1230 3938 1424 3992 diaboli
1458 3939 1705 3993 liberavit
1728 3948 1816 3993 :et
1842 3961 1858 3990 ι
1889 3956 2042 3993 man-

464 4029 614 4083 davit
640 4046 658 4078 ι
684 4029 868 4090 etiam,
889 4024 942 4079 id
963 4034 1045 4080 est
1067 4023 1196 4078 fecit
1219 4025 1526 4078 annuntiari
1550 4039 1647 4094 per
1664 4027 2042 4094 prmdicatores

463 4133 560 4187 per
608 4116 866 4170 mundum
919 4133 938 4165 ι
998 4114 1422 4180 Testamentum,
1480 4133 1499 4165 ι
1542 4115 1750 4170 scilicet
1797 4127 2040 4174 sanctum

466 4205 849 4276 Evangelium,
883 4205 1199 4261 duraturum
1233 4224 1252 4256 ι
1286 4206 1341 4260 in
1373 4215 1657 4274 aeternum,
1690 4226 1708 4258 ι
1739 4207 1863 4277 quia
1884 4214 2041 4262 aeter-

465 4314 564 4354 nos
593 4298 754 4354 faciet
785 4298 978 4369 justos.

535 4390 653 4444 Alia
672 4390 806 4446 laus.
840 4407 860 4440 t
888 4389 1095 4446 Nomen
1125 4408 1144 4441 ι
1171 4389 1336 4446 etiam
1356 4408 1374 4442 t
1407 4388 1523 4459 ejus
1548 4398 1856 4456 sanctum,»
1882 4391 1935 4447 id
1955 4400 2040 4449 est

466 4479 618 4536 dulce
643 4488 698 4534 et
725 4478 925 4534 bonum
953 4479 1314 4549 gustantibus,
1341 4495 1448 4532 nun
1475 4479 1601 4549 quia
1630 4479 1918 4550 profertur,
1943 4481 2039 4538 sed

464 4575 590 4644 quia
622 4571 876 4636 creditur,
915 4579 971 4625 et
1011 4570 1292 4625 credentes
1336 4569 1513 4625 salvos
1557 4569 1685 4624 facit
1715 4579 1772 4624 et
1798 4579 2037 4637 sanctos,

471 4684 487 4714 ι
528 4673 583 4718 et
621 4661 857 4718 terribile
890 4680 909 4712 ι
962 4659 1118 4714 malis
1170 4667 1419 4729 respectu
1465 4657 1629 4712 futuri
1667 4658 1878 4727 judicii.
1918 4659 2039 4714 Alia

465 4755 625 4810 laus:
655 4755 722 4809 Et
758 4774 776 4806 ι
815 4754 975 4810 timor
1011 4773 1029 4807 ι
1056 4753 1200 4809 illius
1235 4771 1253 4804 ε
1279 4752 1549 4819 'Domini,
1591 4771 1610 4804 ι
1648 4753 1772 4822 quia
1816 4768 1938 4809 eum
1969 4755 2038 4810 ti-

467 4861 675 4902 memus
716 4845 952 4900 futurum
970 4845 1229 4916 judicem,
1259 4853 1314 4899 et
1341 4828 1741 4898 vindicaturum
1764 4844 1831 4900 de
1858 4845 2036 4912 malis,

465 4947 549 4994 est
574 4956 592 4989 ‹
621 4937 833 4992 initium
861 4956 880 4989 ι
917 4951 1060 4990 verae
1085 4953 1104 4985 ‹
1136 4935 1434 5005 sapientiae,
1465 4953 1484 4986 ›
1512 4934 1637 5004 quia
1663 4934 1765 4989 hoc
1792 4934 1933 4989 mala
1955 4934 2038 4990 vi-

467 5038 643 5085 tamus
670 5038 724 5083 et
751 5029 892 5084 bona
917 5027 1163 5081 facimus.

537 5120 604 5176 Et
639 5141 655 5171 ‹
689 5119 986 5174 intellectus
1019 5138 1037 5170 ι
1073 5117 1217 5172 illius
1245 5115 1474 5182 timoris,
1509 5115 1563 5172 id
1582 5123 1664 5172 est
1691 5116 1734 5173 si
1759 5116 1882 5188 quis
1899 5115 2040 5172 bene

466 5211 714 5283 intelligit
750 5211 876 5280 quid
908 5209 1009 5264 sibi
1050 5208 1121 5264 sit
1150 5206 1484 5272 faciendum,
1516 5217 1601 5264 est
1641 5226 1660 5259 ς
1712 5209 1902 5271 bonus,
1936 5226 1954 5258 ι
1986 5207 2040 5263 id

465 5311 550 5358 est
577 5301 725 5358 utilis
762 5318 775 5354 :
804 5310 858 5355 et
879 5301 981 5355 hoc
1005 5314 1112 5354 non
1135 5298 1556 5370 intelligentibus
1583 5308 1811 5360 tantum,
1836 5297 2042 5352 scilicet

467 5397 583 5451 sine
613 5403 752 5456 actu,
795 5392 888 5448 sed
926 5412 943 5443 ‹
989 5393 1239 5447 omnibus
1280 5391 1602 5446 facientibus
1628 5404 1750 5443 eum
1783 5410 1801 5440 ι
1836 5389 2039 5443 intelle-

468 5497 612 5541 ctum
635 5527 649 5550 ,
681 5486 730 5540 id
757 5494 842 5541 est
871 5500 931 5539 ea
955 5485 1346 5556 complentibus
1378 5500 1499 5554 quae
1526 5484 1691 5553 exigit
1715 5483 2034 5538 intellectus.

466 5575 584 5639 Vel,
620 5595 637 5626 ‹
675 5574 1146 5640 facientibuscam,
1182 5595 1198 5626 ι
1229 5575 1278 5628 id
1301 5582 1384 5628 est
1415 5573 1732 5641 sapientiam
1761 5589 1772 5623 :
1799 5581 1851 5625 et
1879 5592 1894 5623 t
1918 5572 2036 5626 latt-

468 5671 614 5724 datio
643 5671 757 5739 ejus
785 5680 966 5726 manet
991 5672 1043 5726 in
1073 5671 1324 5728 szeculum
1356 5669 1558 5735 saeculi,
1592 5689 1608 5721 ι
1643 5671 1768 5740 quia
1794 5679 1850 5726 et
1871 5672 1956 5726 hic
1983 5678 2040 5727 et

469 5759 523 5814 in
548 5761 726 5816 futuro
752 5761 1082 5824 laudabitur.

917 344 1273 404 HAYMONIS
1311 342 1788 401 HALBERSTAT.
1828 341 2041 398 EPISC.

2081 341 2229 401 OPP.
2265 340 2442 400 PARS
2478 342 2520 398 l.
2559 372 2632 384 —
2667 341 3024 400 COMMENT.
3062 341 3236 398 BIBL.

2053 463 2105 524 Α
2623 458 2688 514 ΙΝ
2718 458 3048 516 PSALMUM
3077 459 3211 516 CXI.

2128 587 2364 642 TITULUS
2391 603 2404 617 ·
2429 617 2499 627 -
2519 585 2767 650 Alleluia,
2797 587 3107 642 reversionis-
3129 587 3309 658 Agga't'
3333 599 3380 642 et
3405 587 3714 646 Zacharic.

3612 346 3721 404 58‘

2203 741 2220 771 ‹
2256 720 2453 774 Beatus
2507 719 2610 773 vir.
2671 738 2690 772 ι
2743 707 3097 792 ιλοηεδροδι
3152 728 3368 792 tempus
3407 722 3712 792 prophetae,

2128 813 2384 884 captivati
2410 819 2534 867 sunt
2557 809 2728 866 Judaei
2752 812 2808 866 in
2824 810 3193 883 Babyloniam.
3218 811 3464 882 Cumque
3495 814 3713 884 quidam

2130 922 2225 962 rex
2252 913 2429 960 motus
2469 904 2692 975 pietate,
2727 904 3008 959 attendens
3041 904 3297 974 populum
3335 904 3434 960 Dei
3460 919 3621 972 esse,
3660 907 3715 962 li-

2128 999 2372 1056 berasset
2397 1011 2512 1062 eos,
2547 995 2804 1067 prmeepit
2839 1003 2898 1048 ut
2929 994 3169 1050 redirent
3203 995 3258 1048 in
3289 1003 3499 1049 terram
3547 1013 3712 1064 suam,

2130 1100 2185 1145 et
2205 1089 2460 1160 templum
2483 1088 2577 1142 Dei
2607 1086 2999 1142 reaadificarent
3027 1103 3041 1139 :
3067 1086 3120 1139 in
3141 1100 3247 1154 qua
3270 1087 3604 1140 reversione
3623 1101 3708 1142 sua

2129 1184 2356 1255 Aggaeus
2377 1191 2431 1237 et
2463 1182 2772 1247 Zacharias,
2795 1181 2887 1251 qui
2916 1195 3035 1235 eam
3064 1181 3436 1234 reversionem
3452 1179 3578 1248 jam
3599 1196 3709 1250 pro-

2131 1277 2529 1346 phetaverant,
2581 1289 2703 1328 cum
2754 1272 3017 1326 vidissent
3065 1271 3325 1340 templum
3371 1270 3708 1338 readificari,

2133 1373 2425 1445 gaudentes
2450 1371 2514 1426 de
2547 1371 2650 1426 hoc
2696 1377 2750 1423 et
2785 1368 2851 1423 de
2874 1382 2971 1422 sua
3011 1367 3340 1430 reversione,
3374 1366 3579 1422 laudes
3617 1368 3710 1425 Deo

2133 1462 2555 1519 decantaverunt
2582 1478 2594 1514 :
2627 1467 2681 1514 et
2707 1459 3000 1514 secundum
3023 1458 3165 1513 hanc
3191 1459 3480 1513 historiam
3511 1459 3708 1512 videtur

2133 1554 2332 1610 Esdras
2361 1551 2620 1622 propheta
2647 1551 2790 1604 hunc
2820 1548 3083 1618 psalmum
3109 1547 3420 1602 intitulasse
3450 1566 3466 1599 :
3499 1562 3614 1601 non
3642 1557 3707 1601 ta-

2134 1661 2259 1699 men
2304 1643 2446 1713 quod
2494 1642 2559 1697 de
2599 1642 2824 1696 historia
2869 1641 3215 1713 intelligeret,
3260 1641 3354 1696 sed
3405 1641 3566 1711 quod
3611 1643 3704 1710 ipse

2136 1737 2337 1792 Esdras
2359 1736 2610 1807 cognovit
2629 1737 2946 1806 prophetam
2975 1735 3309 1790 intellexisse
3329 1734 3507 1788 David
3540 1735 3598 1788 in
3620 1736 3702 1790 hoc

2060 1815 2108 1876 Β
2136 1828 2344 1899 psalmo
2362 1868 2375 1892 ,
2409 1841 2784 1896 quemcunque
2810 1828 3028 1882 beatum
3057 1827 3235 1881 virum
3266 1826 3497 1882 laudare
3533 1827 3699 1892 Deum,

2137 1922 2203 1976 de
2219 1923 2333 1976 hoc
2360 1921 2502 1991 quod
2543 1920 2682 1974 Deus
2717 1920 2930 1974 reduxit
2954 1935 3077 1975 eum
3105 1920 3171 1974 de
3197 1920 3526 1991 Babylonia,
3567 1921 3614 1975 id
3638 1929 3700 1975 est

2135 2017 2202 2072 de
2257 2015 2573 2071 confusione
2623 2022 2992 2084 peccatorum.
3046 2012 3258 2069 Titulus
3311 2014 3388 2068 ita
3455 2015 3696 2085 legitur:

2136 2109 2380 2166 Psalmus
2416 2109 2518 2166 iste
2543 2116 2631 2165 est
2658 2107 2896 2174 alleluia,
2923 2107 2978 2164 id
3016 2116 3099 2164 est
3138 2106 3256 2163 laus
3283 2107 3406 2172 Dei,
3450 2107 3579 2163 laus
3609 2110 3697 2164 dio

2136 2204 2485 2268 reversionis,
2531 2203 2584 2257 id
2617 2211 2701 2258 est
2738 2203 2924 2258 habita
2964 2203 3020 2257 in
3059 2203 3503 2259 consideratione
3550 2218 3699 2258 rever-

2135 2296 2305 2352 sionis
2330 2304 2526 2350 nostrm
2548 2296 2614 2350 de
2634 2293 2928 2365 Babylonia
2955 2303 3302 2364 peccatorum
3334 2293 3403 2347 ad
3433 2292 3694 2348 cmiestc

2136 2387 2472 2443 Hierusalem
2519 2405 2532 2440 :
2591 2405 2609 2436 σ
2655 2385 2981 2440 reversionis
3034 2403 3052 2435 ι
3109 2382 3233 2438 dico
3267 2402 3288 2435 ‹
3323 2383 3512 2455 Aggaei
3540 2383 3700 2438 etla-

2137 2479 2355 2543 charite,
2402 2497 2420 2530 ι
2471 2478 2523 2530 id
2554 2485 2639 2531 est
2659 2475 2900 2530 omnium
2930 2474 3224 2544 justorum,
3250 2472 3343 2542 qui
3380 2486 3484 2542 per
3513 2483 3699 2542 partem

2138 2571 2225 2625 hic
2256 2569 2651 2641 significantur.
2682 2565 2993 2621 Secundum
3023 2565 3538 2636 interpretationem
3561 2564 3697 2617 etiam

2139 2661 2414 2716 nominum
2456 2660 2649 2714 horum
2686 2658 2818 2729 justi
2861 2657 2999 2712 bene
3039 2664 3266 2726 possunt
3303 2655 3544 2725 intelligi
3577 2655 3697 2725 :Ag-

2139 2770 2285 2826 gneus
2334 2768 2566 2821 namque
2611 2759 2899 2807 montanus
2944 2751 3353 2820 interpretatur,
3406 2763 3513 2818 per
3564 2760 3696 2816 quem

2140 2847 2337 2901 merito
2363 2843 2494 2913 justi
2523 2841 3055 2914 intelliguntur,'qui
3096 2848 3226 2895 sunt
3259 2848 3506 2905 montes,
3549 2839 3597 2893 id
3631 2844 3696 2892 est

2141 2941 2233 2996 alti
2269 2940 2326 2994 in
2350 2938 2660 2994 virtutibus.
2692 2935 2984 2991 Zacharias
3005 2948 3134 2990 vero
3163 2933 3433 2988 solemnis
3462 2933 3700 3001 interpre-

2142 3041 2304 3098 tatur,
2337 3047 2435 3103 per
2466 3046 2627 3100 quem
2659 3031 2797 3084 bene
2835 3028 3016 3085 fideles
3052 3026 3452 3099 intelliguntur.
3498 3024 3696 3080 Materia

2141 3133 2244 3190 est,
2272 3123 2362 3178 ubi
2385 3124 2575 3177 beatus
2595 3121 2661 3177 de
2679 3119 2972 3190 Babylonia
2999 3133 3270 3183 reversus,
3293 3118 3471 3173 Deum
3500 3116 3698 3171 laudans

2141 3232 2238 3287 pro
2290 3214 2620 3268 reversione.
2671 3210 2908 3266 Modus:
2945 3210 3004 3265 In
3052 3210 3226 3280 prima
3279 3218 3438 3280 parte
3489 3207 3699 3264 ostendit

2140 3305 2267 3377 quid
2308 3305 2470 3360 faciat
2512 3304 2597 3358 vir
2636 3302 2850 3368 beatus,
2889 3311 2945 3357 et
2982 3301 3112 3373 quid
3144 3301 3249 3356 sibi
3278 3300 3375 3355 ﬁat
3404 3315 3436 3354 a
3472 3300 3694 3354 Domino.

2138 3397 2197 3453 in
2223 3395 2475 3460 secunda,
2500 3409 2620 3464 qua:
2641 3393 2865 3464 incipit:
2897 3412 2915 3445 ‹
2943 3393 3202 3447 Exortum
3225 3389 3392 3447 estin
3411 3389 3638 3451 tenebris,
3665 3405 3684 3439 ι

2141 3486 2377 3543 ostendit
2402 3499 2501 3555 per
2529 3485 2819 3540 adventum
2841 3483 3066 3549 Christi,
3092 3482 3147 3537 in
3177 3498 3288 3552 quo
3321 3481 3561 3537 homines
3581 3477 3700 3533 illu-

2142 3579 2446 3642 minautur,
2478 3576 2724 3646 accipere
2747 3589 3082 3646 quascunque
3109 3573 3316 3630 habent
3339 3575 3482 3630 dona
3513 3573 3697 3643 gratia.

2141 3673 2198 3728 in
2232 3671 2418 3734 tertia,
2455 3684 2574 3738 qua:
2615 3678 2700 3724 est
2741 3686 2756 3723 :
2791 3687 2810 3720 ‹
2846 3667 3107 3723 Peccator
3143 3667 3374 3731 videbit,
3424 3687 3444 3717 ι
3485 3665 3706 3721 ostendit

2143 3761 2301 3815 malis
2320 3759 2591 3816 contrarie
2611 3760 2850 3824 evenire,
2872 3773 3033 3829 quam
3059 3757 3165 3813 illis
3190 3759 3280 3828 qui
3303 3771 3402 3827 per
3418 3756 3710 3810 adventum

2142 3851 2341 3908 Christi
2388 3853 2604 3907 fuerunt
2650 3851 2954 3906 illuminati.
3002 3848 3231 3906 Intentio
3257 3857 3333 3902 est
3373 3847 3719 3916 persuadere

2142 3943 2309 3998 Deum
2342 3944 2495 3998 nobis
2521 3942 2867 4009 laudandum,
2905 3941 2997 4012 qui
3033 3942 3107 3996 ita
3148 3940 3341 3998 reducit
3368 3935 3562 3992 fideles
3581 3951 3718 3993 suos

2142 4033 2209 4088 de
2237 4032 2526 4103 Babylonia
2547 4041 2908 4103 peccatorum.

2212 4124 2326 4178 Vox
2360 4125 2652 4194 prophetae,
2678 4124 2762 4180 vel
2785 4123 3012 4196 alicujus
3033 4123 3180 4179 beati
3199 4123 3323 4188 viri,
3346 4122 3425 4177 sic
3448 4120 3710 4176 dicentis:

2065 3194 2111 3258 Ο

2147 4229 2166 4262 ι
2204 4209 2301 4265 Vir
2335 4232 2353 4263 ι
2386 4211 2473 4266 ille
2502 4231 2520 4263 ‹
2558 4213 2746 4268 beatus
2794 4230 2813 4264 ι
2854 4221 2957 4278 est,
2989 4213 3084 4282 qui
3112 4227 3219 4267 non
3251 4226 3351 4281 per
3378 4211 3538 4266 devia
3567 4208 3710 4278 hujus

2143 4302 2327 4358 mundi
2368 4303 2564 4373 qumrit
2600 4301 3008 4369 beatitudinem,
3053 4304 3149 4358 sed
3176 4304 3282 4358 hac
3308 4302 3464 4357 brevi
3488 4311 3545 4357 et
3577 4315 3711 4354 eont-

2140 4391 2396 4462 pendiosa
2440 4393 2547 4459 via,
2577 4391 2783 4448 scilicet
2836 4412 2855 4446 t
2910 4395 3002 4463 qui
3039 4393 3197 4448 timet
3222 4392 3519 4448 Dominum
3547 4411 3566 4444 ι
3597 4403 3711 4444 vero

2145 4484 2356 4538 timore.
2403 4483 2470 4537 Et
2515 4497 2684 4553 quare
2731 4483 2850 4539 ideo
2888 4486 2980 4554 qui
3009 4485 3164 4540 timet
3206 4493 3292 4539 est
3331 4484 3562 4539 beatus?
3588 4481 3712 4549 Quia

2066 4546 2116 4609 D
2145 4575 2234 4630 ille
2259 4576 2455 4629 timens
2489 4592 2507 4624 ι
2532 4546 2690 4630 volet
2723 4575 2777 4629 in
2805 4546 3070 4631 mandatis
3098 4577 3236 4646 ejus,
3276 4595 3297 4628 ι
3341 4575 3398 4630 id
3426 4583 3515 4630 est
3541 4546 3714 4629 volun-

2144 4672 2312 4719 tatem
2343 4663 2561 4718 habebit
2595 4663 2848 4733 implendi
2881 4674 3141 4734 praacepta
3171 4663 3294 4733 ejus
3330 4683 3345 4718 :
3380 4672 3436 4720 et
3469 4665 3576 4720 hoc
3598 4681 3618 4714 ι
3643 4661 3716 4717 nio

2142 4755 2269 4822 mis,
2293 4775 2312 4808 ›
2331 4753 2385 4809 id
2405 4753 2672 4810 estvalde.
2697 4754 2822 4810 Ideo
2841 4770 2949 4809 non
2973 4755 3103 4810 dicit
3121 4755 3306 4822 faciet,
3328 4756 3428 4811 sed
3455 4774 3477 4807 ι
3507 4755 3675 4810 volet:
3693 4773 3712 4806 ι

2143 4847 2267 4918 quia
2297 4846 2342 4900 si
2363 4845 2503 4901 bona
2531 4845 2602 4900 sit
2625 4830 2890 4912 voluntas,
2915 4855 2972 4900 et
2991 4846 3148 4901 detur
3171 4846 3431 4918 facultas,
3453 4861 3588 4901 vere
3606 4859 3718 4915 per-

2140 4915 2306 4994 ficiet.
2359 4937 2417 4994 Si
2471 4946 2653 4993 autem
2690 4954 2798 4994 non
2834 4939 2906 4994 sit
2943 4937 3171 4995 facultas
3209 4915 3471 5003 faciendi,
3533 4937 3722 4995 suﬂicit

2144 5031 2287 5088 bona
2323 5031 2590 5088 voluntas.

2214 5124 2446 5180 Ostenso
2467 5123 2598 5192 quid
2638 5121 2802 5178 faciat
2826 5123 3034 5187 beatus,
3057 5123 3265 5180 scilicet
3304 5141 3324 5175 t
3358 5124 3452 5194 qui
3495 5124 3650 5178 timet
3672 5129 3728 5177 et

2142 5215 2284 5272 volet
2309 5215 2363 5270 in
2390 5215 2682 5278 mandatis,
2706 5234 2724 5267 ι
2755 5215 2991 5271 ostendit
3014 5216 3144 5285 quid
3169 5215 3264 5270 fiat
3283 5216 3360 5271 illi
3387 5218 3580 5283 beato,
3603 5217 3684 5273 sic
3708 5230 3723 5268 :

2139 5308 2263 5365 Ideo
2306 5308 2496 5364 beatus
2533 5308 2658 5373 erit,
2704 5307 2828 5376 quia
2867 5327 2887 5359 ‹
2928 5323 3111 5363 semen
3140 5308 3282 5378 ejus,
3315 5329 3336 5362 ι
3379 5309 3436 5364 id
3459 5321 3556 5368 est
3582 5312 3728 5367 bon

2140 5415 2302 5470 opera
2333 5399 2498 5469 ipsius
2518 5439 2532 5464 ,
2570 5417 2588 5449 ι
2617 5399 2723 5455 erit
2769 5408 2960 5468 potens
2981 5439 2996 5462 ,
3041 5418 3059 5448 ι
3089 5399 3141 5454 id
3170 5408 3254 5454 est
3286 5398 3448 5454 faciet
3476 5415 3609 5456 eum
3633 5415 3733 5469 po-

2141 5499 2338 5544 tentem
2395 5507 2413 5540 ‹
2465 5489 2690 5543 interra
2742 5508 2759 5540 ι
2803 5489 3118 5544 viventium.
3168 5489 3267 5544 Hie
3313 5491 3542 5559 quidem
3589 5493 3733 5546 bona

2143 5583 2384 5652 Operatio
2421 5582 2574 5652 quasi
2613 5583 2880 5650 impotens
2903 5592 3020 5647 est,
3049 5582 3175 5652 quia
3201 5584 3254 5636 in
3288 5583 3488 5638 timore
3512 5598 3738 5654 semper

2143 5689 2364 5739 sumus,
2417 5689 2484 5728 ne
2522 5689 2644 5729 eam
2698 5674 2941 5730 diabolus
2998 5675 3257 5744 impediat
3307 5676 3621 5731 timentes:
3661 5678 3740 5732 ibi

2142 5773 2320 5822 autem
2345 5779 2443 5821 nos
2469 5764 2616 5822 nulla
2653 5764 2904 5833 tentatio,
2935 5764 3110 5821 nullus
3142 5758 3306 5821 timor
3325 5768 3530 5837 poterit
3562 5768 3742 5838 impe-
