3898 6514
142 502 248 561 585

1298 487 1736 550 EXPLANATIO
1771 486 1838 545 IN
1876 486 2222 547 I'SALMOS.

3290 488 3396 547 886

140 617 275 672 dire.
299 614 422 671 ideo
441 626 626 669 semen
649 625 814 683 opera
832 610 1081 674 dicinms,
1098 607 1247 679 quia,
1267 606 1409 663 sicut
1428 620 1497 662 ex
1516 602 1722 660 semine
1747 604 1801 665 Α
1824 600 2084 655 memoria
2115 617 2135 650 ι
2159 598 2396 663 Domini,
2422 598 2565 668 quod
2591 600 2872 669 apparebit
2893 599 3110 670 quando
3136 602 3347 658 dicetur
3379 610 3396 649 :

140 707 379 763 fructum
404 703 753 775 multiplicem
792 710 1167 774 exspectamus
1189 740 1205 767 ,
1236 698 1317 754 sic
1340 697 1408 752 ad
1436 697 1543 753 hoc
1580 696 1723 750 bona

150 814 318 872 opera
346 796 696 863 seminamus,
730 805 792 851 ut
816 812 885 851 ex
913 794 994 850 eis
1024 792 1259 849 fructum
1288 787 1638 859 multiplicem
1668 783 1725 838 in

142 889 357 948 εωιεειί
397 888 731 960 colligamus.
773 885 898 942 Ideo
925 884 1090 941 etiam
1117 882 1314 939 dicitur
1347 880 1559 946 beatus,
1599 876 1726 947 quia

148 1002 169 1034 ι
190 981 467 1053 generatio
490 988 786 1044 rectorum,
819 996 839 1029 ι
864 976 920 1032 id
939 983 1047 1042 est,
1072 987 1329 1045 sequaces
1352 982 1408 1027 et
1428 969 1727 1025 imitatores

136 1069 430 1139 iustorum,
452 1088 472 1122 ι
501 1068 868 1136 benedicetur,
898 1085 920 1121 ι
948 1067 1005 1124 id
1026 1071 1131 1133 est,
1146 1064 1201 1120 in
1225 1063 1515 1121 virtutibus
1538 1056 1724 1116 multi-

150 1163 469 1234 plicabitur.

217 1253 341 1310 ldeo
369 1253 533 1307 etiam
559 1251 751 1308 beatus
781 1252 917 1319 erit,
948 1251 1074 1322 quia
1108 1269 1126 1303 ι
1168 1250 1223 1305 iu
1260 1250 1421 1304 domo
1444 1244 1584 1314 ejus,
1621 1264 1639 1296 ι
1673 1243 1728 1299 id

141 1357 232 1399 est
253 1344 309 1400 in
336 1343 500 1399 corde
529 1343 731 1414 ipsius,
765 1344 819 1398 in
845 1358 951 1413 qua
976 1343 1135 1399 domo
1158 1342 1275 1412 ipse
1299 1338 1532 1410 quiescit
1564 1352 1595 1390 a
1632 1349 1731 1390 sae-

143 1433 316 1491 culari
356 1433 606 1501 tumultu,
637 1442 722 1490 est
761 1453 778 1487 ι
824 1434 994 1507 gloria
1036 1454 1054 1486 ι
1085 1433 1153 1488 de
1188 1432 1424 1503 puritate
1452 1445 1565 1486 suae
1596 1442 1728 1483 con—

143 1523 568 1581 scientia:.Unde
586 1523 874 1594 Apostolus
895 1543 908 1578 :
929 1542 948 1575 ι
969 1523 1153 1579 Gloria
1178 1531 1363 1578 nostra
1382 1528 1467 1575 est
1488 1518 1731 1575 testimo—

141 1612 298 1670 nium
326 1614 672 1672 conscientia:
697 1623 897 1670 nostra:
916 1614 998 1685 (11
1015 1614 1138 1669 Cor.
1165 1614 1205 1685 ι)
1226 1633 1244 1665 ι
1276 1630 1289 1668 :
1315 1631 1334 1664 ι
1367 1621 1422 1667 ει
1450 1610 1671 1674 divitiae,
1707 1628 1727 1661 ι

143 1705 357 1762 scilicet
392 1705 669 1777 sapientiae
716 1713 772 1760 et
801 1705 1104 1760 charitatis.
1151 1702 1250 1759 Vel
1294 1702 1516 1768 divilize,
1556 1701 1613 1756 id
1653 1708 1737 1755 est

142 1796 460 1852 observatio
492 1795 790 1851 multorum
816 1796 1196 1850 mandatorum
1220 1792 1316 1848 Dei
1347 1812 1360 1847 :
1392 1812 1411 1844 ι
1446 1800 1503 1847 ει
1524 1788 1736 1859 justitia

142 1886 290 1958 ejus,
326 1907 344 1942 ι
378 1888 433 1943 id
469 1895 556 1944 est
593 1902 806 1947 merces
852 1896 910 1943 et
954 1885 1260 1951 retributio,
1305 1899 1471 1954 quam
1508 1881 1739 1951 accipiet

1830 692 2069 758 «Venite,
2083 690 2351 748 benedicti
2374 690 2552 746 Patris
2566 692 2692 758 mei,
2709 700 2813 747 etc.
2830 683 3042 763 (Matth.
3061 694 3209 764 xxv).
3223 713 3242 747 ι
3269 694 3400 761 Quae

1824 786 2086 842 memoria
2100 786 2206 842 erit
2223 803 2241 837 ι
2263 792 2487 852 aeterna,
2499 806 2517 839 ι
2538 786 2591 841 id
2605 785 3004 853 est,coni‘erens
3017 786 3398 852 aeternitatem,

1825 889 1881 937 et
1926 881 2030 936 iste
2078 878 2199 934 talis
2259 897 2278 929 ι
2332 893 2440 934 non
2486 879 2699 935 timebit
2751 879 2818 935 ab
2876 880 3150 936 auditione
3195 879 3340 935 mala
3376 899 3395 932 ι

1826 975 2042 1047 quando
2087 973 2339 1030 dicetur:
2378 991 2396 1023 ι
2438 972 2709 1028 Discedite
2756 989 2787 1028 a
2836 988 2953 1039 me,
3001 972 3298 1040 maledicti,
3345 973 3403 1027 in

1826 1062 2501 1139 ignemaeternumUbid.)
2535 1082 2553 1115 ι
2572 1063 2813 1119 ldeonon
2832 1064 3075 1131 timebit,
3100 1065 3226 1135 quia
3258 1084 3277 1115 ι
3309 1078 3406 1119 cor

1827 1159 1944 1231 ejus
1969 1172 2183 1229 semper
2211 1156 2313 1211 fuit
2343 1173 2365 1207 ι
2399 1165 2672 1225 paratum,
2708 1175 2727 1206 ι
2762 1157 2816 1212 id
2837 1166 2939 1220 est,
2970 1157 3296 1212 instructum
3326 1156 3408 1211 di—

1826 1252 1953 1309 vina
1993 1249 2421 1322 inspiratione,-c
2460 1261 2681 1319 sperare
2724 1248 2780 1303 in
2831 1248 3060 1304 Domino
3097 1270 3115 1301 ι
3161 1261 3215 1304 ει
3239 1250 3408 1305 etiam

1836 1361 1854 1393 ι
1890 1356 1987 1397 cor
2029 1360 2048 1393 ι
2097 1339 2229 1394 illud
2267 1354 2492 1410 sperans
2529 1356 2548 1390 ι
2600 1347 2683 1393 εει
2717 1338 3097 1393 confirmatum
3149 1359 3168 1392 ι
3210 1340 3405 1410 inspe,

1830 1441 1891 1487 ut
1913 1432 1982 1488 ab
2004 1445 2070 1486 ea
2090 1446 2187 1501 spe
2202 1429 2380 1500 aliqua
2406 1444 2531 1484 eum
2564 1428 2841 1484 tribulatio
2864 1429 3141 1485 dimovere
3159 1446 3266 1486 non
3283 1446 3411 1501 pos-

1832 1527 1930 1592 sit;
1963 1533 2020 1581 et
2045 1525 2150 1580 hoc
2179 1536 2264 1579 εει
2299 1542 2312 1576 :
2359 1542 2378 1576 ι
2413 1539 2523 1579 non
2556 1523 3008 1588 commovebitur,
3033 1524 3205 1579 donec
3230 1524 3414 1595 despi-

1833 1617 1942 1672 ciat
1963 1616 2211 1671 inimicos
2239 1630 2383 1679 suos,
2416 1635 2436 1667 ι
2474 1615 2527 1670 id
2549 1622 2651 1682 est,
2673 1616 2846 1670 donec
2873 1614 3055 1671 videat
3084 1615 3414 1685 completum

1835 1706 1903 1762 de
1934 1705 2186 1772 inimicis,
2228 1706 2372 1776 quod
2402 1707 2563 1761 modo
2596 1714 2872 1777 exspectat
2903 1707 2971 1762 de
2991 1707 3092 1772 eis,
3123 1707 3331 1764 scilicet
3358 1707 3418 1764 in

1834 1812 2026 1868 pmnas
2046 1812 2141 1853 eos
2161 1797 2306 1853 dari:
2331 1796 2453 1852 ideo
2477 1797 2609 1853 dicit
2630 1798 2881 1864 «donec,»
2904 1799 3031 1868 quia
3050 1809 3181 1856 tunc
3195 1816 3305 1856 non
3317 1799 3425 1855 erit

1841 1905 1990 1961 spes,
2016 1890 2235 1960 quando
2260 1889 2467 1945 videbit
2506 1891 2652 1960 quod
2679 1905 2784 1945 non
2811 1899 2995 1960 sperat
3026 1893 3418 1963 unusquisque.

142 1996 250 2052 Ι)νο
297 1980 532 2051 ἱυειίιίθν
591 1998 611 2032 ι
664 1987 852 2035 manet
897 1978 957 2034 in
990 1978 1247 2035 83300111111
1285 1974 1489 2043 $800“,
1538 1994 1557 2026 ³
1606 1967 1810 2044 quiaB
1907 1983 1977 2039 Et
2013 1983 2139 2054 quia
2196 1992 2396 2054 sperat,
2447 1990 2502 2038 et
2559 1983 2687 2053 quia
2738 1983 3119 2039 conﬁrmatum
3159 1992 3263 2051 est,
3289 1995 3421 2048 etc.,

145 2078 355 2125 aeterna
382 2069 507 2125 erit.

227 2180 247 2214 ι
295 2163 556 2219 Exortum
594 2171 699 2219 est.
754 2182 774 2215 ι
827 2162 965 2220 Pars
1009 2163 1269 2220 secunda.
1322 2159 1670 2217 Continuatio
1720 2177 1734 2212 :

143 2250 315 2320 Quasi
341 2253 587 2310 diceret:
612 2253 766 2312 Unde
792 2255 897 2309 hoc
916 2254 1203 2325 proveniet
1225 2252 1390 2310 alicui
1409 2252 1571 2308 beato
1600 2251 1738 2318 viro,

141 2343 294 2415 quod
319 2344 425 2409 hoc
463 2342 632 2413 possit
670 2344 889 2401 facere?
925 2345 1063 2412 Quia
1092 2360 1284 2400 verum
1329 2364 1349 2396 ι
1388 2344 1592 2412 lumen,
1632 2363 1651 2397 ι
1685 2343 1743 2399 id

140 2440 257 2498 est,
287 2431 572 2500 Christus,
609 2452 629 2485 ι
667 2442 752 2491 εει
780 2444 1029 2490 exortum
1060 2456 1080 2489 ι
1115 2434 1468 2506 corporaliter
1497 2453 1518 2488 ι
1563 2436 1619 2491 in
1655 2443 1740 2491 ιε-

140 2524 355 2592 nebris,
387 2546 406 2578 ι
439 2526 495 2582 id
523 2535 629 2593 est,
667 2527 724 2582 in
760 2527 867 2584 hoc
890 2528 1122 2594 mundo,
1153 2527 1248 2598 qui
1282 2535 1409 2583 ante
1449 2526 1743 2582 adventum

142 2617 355 2674 Christi
395 2619 631 2674 tenebrae
658 2626 856 2685 erant,
896 2619 1023 2690 quia
1052 2619 1107 2673 in
1134 2633 1201 2675 eo
1236 2619 1474 2674 tenebrte
1503 2625 1561 2675 et
1592 2618 1744 2689 igno-

144 2712 331 2768 rantia
379 2713 495 2768 veri
530 2712 662 2768 boni
697 2712 1016 2784 regnabant.
1065 2712 1219 2769 Unde
1247 2712 1416 2768 Isaias
1448 2731 1461 2766 :
1498 2730 1518 2764 ι
1562 2711 1744 2784 Popu-

144 2804 241 2860 lus
267 2803 361 2874 qui
407 2802 649 2860 ambulat
694 2803 751 2858 in
803 2803 1062 2870 tenebris,
1107 2802 1246 2859 vidit
1281 2802 1458 2859 lucem
1490 2816 1744 2874 magnam

148 2896 211 2968 (Ι
218 2914 303 2953 sa,
336 2896 436 2968 Ix).
476 2915 496 2949 ι
531 2895 599 2951 Ει
642 2895 700 2951 in
735 2894 1028 2967 Evangelia
1065 2913 1079 2949 :
1125 2913 1145 2946 ι
1198 2894 1268 2950 Ει
1294 2894 1388 2949 lux
1413 2894 1472 2950 in
1502 2892 1745 2949 tenebris

156 2989 312 3045 l'ucet
342 2986 524 3061 (Joan.
566 2987 629 3060 ι).
675 3007 695 3039 ›
732 2986 939 3042 Lumen
960 2987 1084 3043 dico
1120 3001 1228 3043 non
1246 2986 1434 3042 valens
1469 2986 1743 3051 omnibus,

147 3079 250 3137 sed
304 3098 323 3131 ι
368 3079 559 3146 rectis,
606 3098 626 3133 ι
659 3079 715 3135 id
745 3088 831 3143 est
860 3079 967 3136 illis
1004 3079 1099 3151 qui
1137 3094 1233 3136 cor
1268 3094 1428 3136 suum
1460 3080 1530 3134 ad
1570 3078 1748 3135 imita-

150 3173 362 3229 tionem
389 3173 593 3229 Cbristi
614 3172 801 3230 volunt
822 3173 1075 3246 dirigere.
1106 3174 1175 3229 Et
1212 3173 1357 3246 quod
1380 3182 1465 3230 est
1487 3168 1618 3229 illud
1642 3188 1744 3229 no-

148 3265 320 3319 men?
357 3263 577 3321 Scilicet
600 3263 692 3322 ille
721 3264 816 3336 qui
849 3284 869 3318 ‹
913 3265 1228 3321 misericors
1268 3284 1288 3316 ι
1320 3272 1408 3319 εει
1439 3264 1497 3319 in
1523 3273 1742 3330 natura,

1838 2077 1961 2133 ideo
1995 2097 2014 2128 ι
2059 2076 2315 2147 dispersit
2340 2095 2359 2127 ›
2404 2075 2545 2131 bona
2575 2062 2699 2131 sua.
2721 2076 2789 2130 Et
2825 2084 2982 2132 notat
3025 2077 3421 2147 providentiam

1843 2175 2155 2223 sanctorum
2203 2167 2260 2221 in
2306 2166 2568 2222 faciendis
2608 2167 2987 2238 eleemosynis,
3029 2168 3156 2238 quia
3194 2184 3302 2224 non
3330 2168 3426 2223 uni

1842 2262 2026 2319 omnia
2056 2261 2204 2326 dant,
2231 2269 2295 2316 ut
2327 2261 2550 2316 divitem
2578 2260 2801 2328 faciant,
2825 2261 2923 2316 sed
2956 2261 3163 2328 multis,
3200 2270 3263 2316 ut
3288 2261 3427 2316 mul-

1842 2364 2023 2410 torum
2069 2353 2307 2422 inopiam
2355 2351 2658 2423 suppleant.
2691 2372 2709 2404 ‹
2738 2352 3001 2422 Dispersit
3028 2374 3047 2404 ι
3074 2353 3216 2419 dico,
3241 2360 3296 2408 et
3323 2354 3431 2408 hoc

1844 2459 1954 2499 non
1979 2458 2078 2514 pro
2107 2441 2552 2497 remuneratione
2577 2441 2883 2512 temporali,
2942 2441 3036 2497 sed
3080 2461 3097 2494 ι
3127 2443 3295 2509 dedit,
3325 2462 3345 2495 ι
3373 2442 3431 2498 id

1845 2542 1949 2601 εει,
1979 2533 2242 2605 impendit
2262 2532 2523 2604 gratis,et
2540 2531 2873 2588 ministravit
2899 2552 2917 2584 ι
2946 2534 3297 2604 pauperibus,
3328 2554 3347 2587 ι
3374 2542 3431 2590 ει

1845 2627 1951 2683 hoc
1989 2624 2166 2681 facere
2210 2634 2294 2681 est
2324 2644 2343 2677 ι
2381 2623 2595 2693 justitia
2638 2623 2756 2695 ejus
2789 2644 2808 2677 ι
2837 2639 2959 2701 qua:
2988 2643 3008 2675 ι
3040 2632 3225 2680 manet
3252 2624 3307 2680 in
3334 2641 3430 2680 sa:-

1847 2720 2026 2776 culum
2049 2717 2256 2785 seaculi,
2305 2738 2324 2771 ι
2359 2718 2413 2773 id
2442 2724 2545 2783 est,
2589 2716 2876 2772 retributio
2909 2716 3137 2787 iustitiae
3166 2726 3427 2772 aeternam

1847 2812 1899 2867 ei
1944 2810 2252 2883 mercedem
2294 2816 2574 2880 comparat
2623 2816 2718 2863 :et
2770 2828 2789 2861 ‹
2830 2824 2999 2864 cornu
3022 2809 3162 2879 ejus,
3199 2830 3218 2863 ι
3246 2808 3300 2865 id
3329 2819 3434 2874 est,

1848 2904 2108 2963 exaltatio
2133 2904 2327 2975 ipsius,
2354 2917 2518 2973 quam
2560 2903 2617 2956 in
2643 2902 2747 2956 hac
2774 2901 2885 2957 vita
2911 2900 3101 2957 habuit
3134 2901 3191 2956 in
3224 2901 3438 2956 virtuti-

1847 2998 1970 3063 bus,
2011 3017 2031 3049 ι
2065 2998 2120 3052 in
2149 2995 2321 3067 gloria
2347 2993 2677 3050 exaltabitur
2713 3014 2733 3045 ι
2765 2993 2894 3063 quia
2924 3002 3035 3063 per
3056 2993 3176 3049 illas
3205 2991 3437 3048 tirtutes

1848 3087 2315 3145 immortalitatem
2341 3095 2399 3142 et
2418 3084 2911 3157 impassibilitatem
2937 3084 3182 3155 recipiet.

1926 3199 1945 3233 ι
1980 3179 2262 3236 Peccator.
2302 3198 2322 3232 ι
2346 3176 2480 3233 Pars
2507 3177 2684 3233 tertia.
2714 3175 2868 3243 Dico,
2886 3175 3069 3246 justus
3090 3174 3438 3242 exaltabitur,

1850 3281 1907 3328 et
1937 3270 2041 3326 hoc
2077 3290 2096 3321 ι
2137 3270 2343 3325 videbit
2375 3278 2632 3340 peccator
2670 3288 2689 3320 ι
2720 3266 2850 3337 quia
2885 3280 3076 3321 omnes
3114 3281 3243 3322 suos
3285 3266 3445 3322 Chri~

158 3374 179 3408 ι
231 3363 289 3411 ει
322 3356 619 3411 miseramr
668 3374 690 3407 ι
720 3356 776 3409 in
813 3355 1165 3420 exhibitione,
1214 3353 1355 3410 sicut
1396 3352 1501 3408 fuit
1532 3354 1749 3425 quando
1775 3352 1822 3415 C
1852 3369 1995 3417 stum
2030 3361 2083 3416 in
2102 3358 2308 3429 judicio
2327 3366 2771 3414 remunerantem
2795 3355 3090 3411 videbunt:
3124 3375 3143 3408 ι
3179 3365 3234 3413 ει
3261 3376 3281 3410 ι
3309 3364 3443 3412 tunc

160 3467 181 3499 ι
213 3448 452 3520 seipsum
466 3445 766 3503 exinanivit
793 3445 1025 3502 formam
1047 3443 1190 3500 servi
1229 3443 1503 3514 accipiens
1533 3460 1546 3498 :
1587 3463 1607 3496 ›
1634 3452 1691 3499 ει
1727 3463 1746 3497 ι

154 3540 324 3596 etiam
337 3536 423 3595 εει
451 3557 470 3589 ι
495 3537 698 3606 justus,
718 3556 739 3588 ι
759 3536 815 3592 id
836 3544 922 3592 est
940 3536 1173 3608 puniens
1193 3543 1437 3606 peccata.
1462 3554 1482 3588 ι
1498 3534 1598 3591 Vel
1625 3554 1645 3587 ι
1661 3535 1750 3605 ju-

155 3640 280 3688 stus
304 3628 525 3702 (Philip.
543 3630 628 3696 ιι),
656 3648 675 3681 ι
703 3628 831 3700 quia
844 3627 945 3683 fuit
963 3627 1218 3684 immunis
1238 3643 1270 3682 a
1287 3636 1512 3699 peccato
1539 3642 1556 3682 :
1580 3637 1637 3684 et
1656 3643 1755 3698 per

159 3721 262 3778 has
275 3719 752 3778 determinationes
773 3719 1052 3776 Christum
1070 3719 1750 3792 manifesteintelligimus.

229 3815 440 3871 Exorto
458 3815 682 3884 lumine,
722 3834 741 3868 ι
777 3817 941 3873 homo
972 3835 991 3870 ι
1017 3815 1194 3873 factus
1222 3836 1242 3869 ‹
1262 3816 1555 3886 jucundus,
1594 3837 1614 3869 ι
1640 3817 1750 3884 ille,

157 3905 391 3973 scilicet,
432 3905 727 3975 jucundus,
763 3926 782 3960 ι
835 3906 930 3979 qui
968 3906 1262 3963 miseretur
1306 3927 1327 3960 ι
1378 3907 1435 3962 in
1467 3906 1755 3964 atl'ectione

157 4015 325 4071 super
363 3999 601 4070 aliquem
637 4001 1018 4057 necessitatem
1051 4000 1350 4071 patientem
1382 4019 1395 4055 :
1427 4001 1573 4072 quod
1620 4001 1753 4057 satis

155 4103 248 4152 est
280 4096 349 4150 ad
397 4094 649 4163 salutem,
698 4097 745 4152 si
792 4096 881 4152 ille
909 4097 1177 4153 miserans
1214 4112 1323 4154 non
1369 4098 1570 4155 habeat
1610 4099 1755 4169 quod

154 4183 442 4258 impendat
491 4204 507 4241 :

162 4302 183 4336 ε
214 4285 547 4352 commodat,
579 4303 599 4338 ι
634 4283 690 4339 id
709 4290 817 4351 est,
849 4283 1125 4339 distribuit
1151 4283 1397 4356 pauperi.
1419 4283 1546 4340 ldeo
1571 4292 1753 4341 tamen

155 4375 297 4432 dicit
337 4394 358 4427 ι
408 4375 736 4443 commodat,
790 4394 810 4428 ›
850 4374 978 4446 quia
1018 4375 1146 4431 licet
1176 4391 1286 4431 non
1326 4390 1358 4431 a
1397 4390 1637 4449 paupere
1665 4376 1753 4431 cui

158 4466 264 4522 dat
286 4506 302 4532 ,
341 4481 371 4520 a
401 4465 727 4522 Deotamen
758 4466 1255 4523 remunerationem
1282 4474 1586 4537 exspectat,
1613 4467 1755 4522 sicut

152 4556 259 4615 ille
286 4558 379 4629 qui
397 4559 685 4629 pecuniam
720 4559 1094 4614 accommodat
1121 4556 1303 4613 alicui.
1329 4557 1447 4624 Vel,
1477 4576 1498 4610 ι
1532 4557 1755 4614 misere-

156 4658 280 4716 tur,
323 4666 342 4700 ι
376 4650 428 4705 id
456 4657 561 4716 est,
580 4649 868 4720 pecuniam
889 4663 1045 4704 suam
1081 4648 1343 4719 indigenti
1376 4648 1667 4717 ministrat,
1700 4658 1755 4705 et

555 4204 576 4238 ι
611 4196 667 4242 ει
722 4207 742 4239 ι
794 4202 921 4243 cum
967 4202 1104 4259 opus
1136 4195 1243 4256 est,
1291 4188 1339 4244 si
1386 4188 1517 4260 quid
1564 4190 1752 4255 habet,
1790 4214 1801 4220 -

1853 3457 2105 3523 peccator
2131 3449 2244 3517 ille,
2271 3449 2362 3522 qui
2401 3449 2551 3518 prius
2578 3457 2765 3505 contra
2788 3448 2958 3505 bonos
2987 3448 3043 3503 in
3073 3448 3274 3505 sacculo
3299 3449 3437 3504 iram

1854 3544 2118 3611 exercuit,
2153 3563 2173 3595 ι
2209 3544 2495 3608 irascetur,
2536 3563 2555 3596 ι
2590 3538 2694 3598 sibi
2726 3542 2829 3613 ipsi
2872 3543 3168 3609 irascetur;
3207 3561 3227 3593 ι
3264 3542 3441 3597 denti-

1852 3639 1956 3694 bus
1983 3636 2096 3693 suis
2120 3636 2364 3702 fremet,»
2394 3634 2523 3705 quia
2552 3655 2569 3686 ι
2604 3634 2680 3689 ibi
2706 3634 2866 3690 ﬂetus
2892 3644 2945 3689 et
2976 3636 3179 3692 stridor
3201 3635 3443 3691 dentium

1857 3726 2071 3800 (Matth.
2101 3741 2241 3793 xm;
2271 3724 2401 3780 Luc.
2440 3724 2601 3797 xm):
2643 3745 2660 3776 ι
2712 3724 2857 3795 quod
2898 3725 3030 3779 dicit
3078 3732 3207 3779 tunc
3256 3724 3444 3791 irasci,

1856 3817 2090 3874 fremere
2118 3816 2389 3883 dentibus,
2414 3831 2513 3887 per
2538 3814 2713 3870 simile
2737 3801 2890 3880 dicit,
2918 3813 3043 3884 quia
3070 3813 3301 3898 similem
3327 3828 3443 3884 pm-

1854 3927 1981 3967 nam
2004 3909 2571 3981 habebuntnequitiae,
2595 3924 2757 3980 quam
2786 3909 2874 3964 hic
2899 3918 3261 3964 exercuerunt
3294 3927 3306 3963 :
3344 3931 3360 3961 ι
3395 3918 3451 3965 ει

1856 4005 2118 4069 tabescet,
2158 4021 2175 4054 ι
2204 4002 2259 4058 id
2279 4009 2384 4068 est,
2414 4001 2652 4065 deﬁciet,
2678 4000 2799 4055 ideo
2824 3999 3064 4065 scilicet,
3099 4000 3223 4070 quia
3255 4020 3272 4050 ‹
3307 3999 3449 4055 (1εεί-

1854 4096 2065 4153 derium
2088 4103 2433 4167 peccatorum
2467 4092 2688 4165 peribit,
2726 4113 2745 4145 ι
2782 4092 2909 4163 Quia
2932 4091 3260 4148 desiderium
3299 4094 3448 4163 quod

1855 4190 2130 4247 habebant
2152 4188 2209 4243 in
2247 4188 2351 4244 hac
2386 4187 2516 4252 vita,
2545 4185 2744 4257 peribit
2791 4204 2807 4239 :
2849 4186 2978 4256 quia
3028 4185 3193 4240 etiam
3224 4193 3444 4240 terrena

1853 4282 2131 4355 peribunt,
2164 4296 2286 4351 qua:
2315 4279 2426 4337 sola
2458 4278 2561 4349 ipsi
2605 4292 2820 4349 semper
2854 4276 3299 4333 desideraverant
3336 4294 3349 4332 :
3393 4285 3449 4332 et

1857 4382 2071 4440 contra,
2090 4372 2226 4443 justi
2246 4371 2573 4429 desiderium
2602 4369 2980 4441 complebitur.
3019 4368 3267 4425 Alleluia.

2330 4500 2398 4558 IN
2434 4496 2766 4556 PSALMUM
2804 4497 2961 4556 CXII.

2381 4612 2641 4669 Trruws.
2677 4609 2925 4665 Alleluia.

150 4740 481 4800 commodat
514 4741 780 4813 indigenti
800 4740 983 4806 alicui,
1020 4747 1081 4795 ut
1106 4748 1288 4795 tamen
1312 4740 1559 4795 eamdem
1584 4754 1744 4810 pecu-

1932 4747 1950 4778 ‹
1980 4725 2241 4791 Laudate,
2285 4725 2459 4796 pueri,
2503 4723 2812 4778 Dominum.
2853 4743 2872 4776 ι
2900 4721 3000 4778 Hic
3040 4722 3278 4793 loquitur
3314 4735 3444 4792 pro-

158 4832 320 4890 niam
345 4832 415 4887 ab
433 4848 500 4889 eo
522 4833 722 4903 exigat.
752 4830 855 4887 Hic
881 4831 1003 4888 talis
1035 4849 1054 4882 ι
1080 4830 1352 4901 disponet,
1400 4849 1419 4884 ι
1455 4829 1511 4885 id
1535 4838 1620 4886 est
1646 4831 1754 4888 dis-

158 4924 348 4999 posite
387 4932 443 4979 et
472 4922 720 4979 ordinate
750 4921 942 4988 faciet;
988 4921 1132 4978 unde
1167 4920 1459 4992 Apostolus
1510 4939 1522 4976 :
1552 4920 1749 4977 Ratio-

80 5068 93 5077 .
160 5013 354 5072 nabile
389 5014 711 5084 obsequium
736 5022 977 5069 vestrum
1018 5011 1209 5084 (Rom.
1246 5011 1394 5083 xu);
1445 5031 1464 5064 ι
1520 5029 1540 5063 ι
1576 5013 1755 5083 dispo-

158 5115 270 5165 net
315 5124 336 5160 ι
381 5106 505 5163 dico
540 5124 560 5160 ι
615 5121 895 5163 sermones
938 5121 1085 5173 suos,
1123 5126 1142 5158 ι
1190 5105 1245 5160 id
1291 5112 1375 5161 est
1417 5119 1582 5175 opera
1612 5122 1753 5161 sua:

158 5212 341 5269 opera
364 5198 488 5255 dico
508 5198 742 5254 valitura
774 5217 793 5250 ι
830 5199 885 5253 in
902 5198 1108 5270 judicio
1143 5217 1162 5250 ι
1193 5196 1396 5254 futuro.
1425 5197 1530 5253 Per
1551 5213 1755 5256 sermo-

168 5307 277 5349 nes
299 5291 422 5349 ideo
460 5292 757 5364 accipimus
791 5306 974 5362 opera,
1012 5292 1139 5362 quia
1179 5292 1320 5348 sicut
1345 5305 1626 5348 sermones
1653 5290 1754 5347 ali-

170 5381 332 5453 cujus
364 5382 598 5438 oratoris
629 5383 768 5440 bene
802 5381 1050 5454 dispositi
1080 5379 1377 5438 defendunt
1406 5396 1559 5437 reum
1587 5381 1642 5437 in
1669 5380 1758 5452 ju-

170 5476 343 5541 dicio,
365 5477 446 5532 sic
462 5488 631 5547 Opera
656 5473 815 5546 justi,
846 5472 1243 5545 rationabiliter
1267 5472 1530 5539 exhibita,
1576 5473 1759 5530 defen-

174 5567 317 5622 dunt
334 5580 486 5623 reum
508 5566 561 5622 in
576 5565 757 5621 futuro
768 5562 1131 5637 judicio.ldeo
1153 5563 1234 5620 sic
1250 5564 1517 5635 disponet,
1541 5583 1560 5616 ι
1580 5566 1705 5636 quia
1734 5584 1752 5617 ι

173 5658 286 5715 scit
304 5654 449 5729 quod
472 5658 590 5730 ipse
619 5674 640 5709 ‹
675 5672 782 5713 non
818 5655 1248 5712 commovebitur
1270 5641 1326 5710 in
1352 5664 1632 5723 :eternum,
1663 5678 1681 5709 ι
1708 5656 1762 5712 id

174 5755 288 5818 εει,
317 5748 645 5805 ιειετιιειὶιει·
671 5747 899 5821 gloriam
926 5747 1022 5804 Dei
1046 5745 1361 5819 possidebit.

252 5842 324 5897 Et
347 5843 436 5897 hic
468 5842 592 5898 talis
624 5861 642 5893 ι
675 5840 854 5911 justus
891 5861 908 5892 ι
940 5840 1066 5911 quia
1097 5839 1151 5894 in
1193 5838 1297 5893 hac
1322 5837 1438 5894 \ita
1470 5854 1501 5894 a
1534 5839 1764 5897 Domino

181 5940 399 5995 videtur
417 5953 541 5996 esse
564 5938 849 5997 derelictus
871 5947 926 5993 et
946 5937 1201 5995 oblivioni
1245 5937 1495 6005 traditus,
1528 5957 1547 5990 ι
1580 5938 1685 5994 crit
1708 5940 1762 5995 in

465 6031 734 6092 Ρηιιυι.
782 6030 1002 6092 CXVI.

1855 4823 2037 4894 pheta,
2069 4818 2277 4876 habens
2315 4817 2596 4874 materiam
2624 4817 2811 4873 laudes
2846 4817 2963 4872 Dei.
3004 4817 3062 4873 In
3090 4818 3264 4888 prima
3296 4831 3447 4888 parte

1857 4921 2042 4969 monet
2070 4913 2137 4968 ad
2168 4911 2518 4978 laudandum,
2557 4918 2611 4964 et
2654 4911 2907 4983 proponit
2948 4911 3207 4966 materias
3250 4909 3447 4977 laudis,

1859 5006 2090 5071 scilicet,
2146 5004 2273 5074 quia
2320 5003 2580 5058 Dominus
2623 5010 2709 5057 est
2755 5002 3001 5059 excelsus
3040 5017 3202 5071 super
3252 5015 3446 5056 omnes

1859 5106 2067 5171 gentes.
2115 5096 2174 5151 ln
2213 5094 2447 5152 secunda
2479 5103 2653 5165 parte,
2678 5110 2800 5166 quae
2829 5095 3018 5166 incipit
3049 5110 3062 5146 :
3102 5111 3122 5145 ‹
3151 5092 3283 5159 Quis
3304 5093 3448 5148 sicut

1860 5191 2155 5247 Dominus:
2195 5212 2213 5243 ι
2249 5190 2487 5247 ostendit
2512 5190 2747 5261 seipsum
2781 5191 2885 5246 hoc
2932 5187 3111 5244 facere
3143 5189 3287 5259 quod
3311 5186 3447 5241 alios

1858 5286 2132 5352 monebat,
2171 5283 2395 5353 scilicet,
2440 5283 2660 5340 laudare
2689 5283 2877 5338 Deum.
2911 5279 3066 5338 Unde
3095 5281 3152 5336 in
3178 5280 3444 5352 principio

1860 5380 1992 5437 dicit
2021 5399 2034 5435 :

1939 5493 1959 5527 ι
1989 5471 2248 5539 Laudato,
2271 5474 2444 5545 pueri,
2477 5472 2785 5537 Dominum,
2818 5488 2838 5523 ›
2870 5469 2925 5527 id
2950 5479 3054 5538 est,
3084 5470 3141 5525 in
3166 5470 3307 5526 bona
3337 5470 3447 5525 vita

1864 5575 2047 5623 vestra
2073 5566 2362 5623 Dominum
2387 5563 2711 5621 laudabilem
2757 5560 3023 5618 ostendite
3072 5578 3086 5614 :
3137 5575 3240 5616 nec
3272 5559 3447 5615 malos

1867 5672 2062 5714 moneo
2098 5657 2340 5723 laudare,
2376 5657 2501 5728 quia
2544 5673 2562 5707 ι
2592 5669 2698 5708 non
2726 5662 2810 5710 cst
2837 5653 3079 5723 speciosa
3108 5651 3227 5707 laus
3272 5651 3327 5707 in
3351 5666 3448 5708 ore

1866 5750 2169 5822 peccatoris
2199 5749 2390 5824 (Eccli.
2423 5749 2513 5819 xv)
2539 5764 2554 5814 ;
2604 5765 2622 5798 ι
2654 5745 2749 5802 εεὰ
2778 5760 2874 5801 vos
2908 5744 3085 5816 pueri,
3112 5744 3167 5799 id
3187 5755 3291 5809 est,
3323 5746 3444 5816 puri

1867 5852 1922 5902 et
1974 5845 2282 5917 simplices;
2336 5843 2481 5897 unde
2533 5839 2821 5909 Apostolus
2862 5852 2876 5892 :
2916 5856 2935 5890 ι
2989 5835 3188 5894 Malitia
3234 5837 3443 5907 parvuli

1865 5945 2039 5995 estote
2059 5935 2115 6011 (Ι
2136 5932 2260 5992 Cor.
2286 5933 2456 6005 x1v),r
2500 5950 2518 5985 ‹
2547 5931 2766 5989 laudate
2801 5949 2819 5983 ι
2863 5929 3027 5985 etiam
3057 5947 3074 5981 ι
3116 5943 3311 5984 nomen
3342 5926 3446 5983 Do-

2850 6024 2927 6084 19
3223 6079 3261 6090 ..
