3898 6466
466 556 471 561 ε
513 478 617 537 587

977 478 1328 534 HAYMONIS
1366 468 1846 533 HALBERSTAT.
1888 477 2108 534 EPISC.
2151 468 2302 535 OPP.
2334 474 2534 535 PARS.
2570 476 2613 533 Ι.
2636 510 2707 520 -
2742 478 3096 536 COMMENT.
3136 477 3305 534 BIBL.
3682 481 3772 540 58$

510 596 663 659 mini,
693 613 711 646 ι
755 595 1069 650 annuntiate
1106 593 1245 647 facta
1278 593 1414 663 ejus,
1447 594 1500 647 in
1532 594 1730 663 quibus
1762 595 1879 665 ipse
1902 593 2093 649 lauda-
2124 597 2175 655 Α
2198 592 2324 647 licet
2350 592 2405 647 in
2434 606 2633 647 arcano
2662 593 2859 648 mentis
2888 607 2998 648 suae
3040 592 3167 648 boni
3212 601 3426 658 essent,
3455 592 3682 649 steriles
3707 604 3771 650 ta-

508 686 635 742 bilis
663 694 903 757 apparet,
927 694 982 739 et
1006 684 1145 739 unde
1172 697 1365 738 nomen
1394 698 1573 749 suum,
1592 682 1645 739 id
1666 694 1751 739 εει
1787 683 1933 739 fama
1969 698 2095 749 sua,

509 790 727 847 semper
753 775 1224 846 multiplicabitur.

583 866 714 922 Dico
742 886 764 919 ι
796 866 1005 921 laudate
1028 878 1243 929 nomen,
1275 881 1294 915 ι
1324 863 1505 918 ethoc
1531 877 1637 917 non
1664 863 1733 918 ad
1754 864 1968 929 horam,
1998 862 2093 917 sed

530 973 764 1014 momen
790 956 1003 1013 Domini
1029 957 1099 1012 sit
1132 975 1149 1005 ι
1183 970 1213 1008 a
1241 954 1395 1009 vobis
1423 972 1441 1005 ε
1472 955 1813 1010 benedictum
1846 973 1863 1005 ι
1898 963 1955 1010 et
1978 969 2092 1009 am-

508 1047 757 1115 pliatum,
791 1047 1052 1117 incipiens
1088 1065 1109 1097 ‹
1145 1061 1213 1100 ex
1238 1047 1341 1102 hoc
1370 1061 1535 1112 nunc,
1566 1066 1584 1098 ι
1613 1047 1667 1101 id
1693 1057 1776 1102 est
1799 1048 1916 1102 sine
1943 1048 2093 1103 omnl

509 1139 784 1205 dilatione,
814 1156 831 1189 ι
871 1147 926 1195 et
960 1158 979 1190 ι
1008 1137 1263 1209 perduret
1293 1138 1408 1208 ipsa
1438 1138 1744 1192 benedictio
1776 1158 1794 1189 ‹
1836 1139 1891 1192 in
1918 1152 2091 1194 saecli.

505 1229 619 1284 lum
643 1248 663 1281 ι
693 1228 957 1294 futurum,
986 1247 1005 1279 ι
1038 1242 1231 1298 usque,
1262 1247 1280 1278 ι
1314 1227 1368 1281 id
1394 1235 1493 1288 est,
1519 1228 1754 1293 assidue,
1786 1228 1890 1284 hoc
1908 1238 2010 1295 est,
2035 1238 2091 1285 et

508 1319 691 1373 statim
722 1317 966 1388 incipiat,
995 1325 1050 1371 et
1076 1318 1130 1371 in
1158 1325 1423 1372 aeternum
1449 1328 1787 1387 permaneat.

576 1405 710 1461 Dico
768 1420 983 1476 semper
1028 1405 1351 1471 benedicite,
1397 1414 1453 1461 et
1497 1406 1640 1460 illam
1665 1417 1898 1462 vestram
1922 1408 2087 1463 bene.

508 1497 798 1552 dictionem
819 1510 917 1567 per
944 1511 1157 1552 omnem
1190 1504 1387 1552 terram
1415 1496 1672 1563 dilatate;
1704 1498 1807 1553 hoc
1830 1510 1919 1553 est
1947 1498 2089 1569 quod

507 1587 671 1641 dicit:
708 1604 727 1637 ι
761 1602 793 1641 a
820 1586 949 1643 solis
976 1596 1099 1642 ortu
1128 1601 1297 1657 usque
1336 1588 1404 1641 ad
1424 1602 1709 1653 occasum;
1740 1607 1758 1639 ι
1786 1596 1841 1643 et
1862 1604 1963 1659 per
1984 1589 2087 1645 hoc

509 1678 859 1750 intelligimus
892 1680 1192 1736 universam
1216 1688 1412 1734 terram
1445 1699 1457 1732 :
1502 1691 1758 1751 appareat
1784 1689 1959 1736 vestra
1984 1696 2085 1735 an-

507 1769 851 1827 nuntiatione
882 1788 902 1822 (
938 1770 1201 1826 laudabile
1228 1783 1423 1825 nomen
1446 1770 1679 1825 Domini.
1714 1790 1735 1823 ι

581 1862 740 1917 Ponit
781 1878 978 1918 causas
1019 1872 1074 1919 et
1102 1863 1359 1919 materias
1386 1878 1556 1932 quare
1592 1878 1718 1917 eum
1746 1863 1974 1919 laudare
1995 1865 2086 1918 de-

2198 696 2323 739 men
2349 692 2523 750 erant,
2556 684 2683 755 quia
2713 684 2826 740 Deo
2853 683 2993 740 filios
3018 698 3128 740 non
3156 684 3524 756 generabant:
3550 685 3771 742 habitare

2195 772 2315 828 dico
2356 774 2415 828 in
2461 774 2660 841 domo,
2706 774 2780 828 ita
2829 784 2889 829 ut
2941 794 2959 826 ι
3002 783 3232 830 matrem
3282 774 3552 840 ﬁliorum,
3592 794 3614 827 ι
3664 779 3766 848 quia

2193 865 2390 920 multos
2418 865 2526 920 Deo
2554 867 2609 921 in
2640 863 2745 921 ﬁde
2772 867 3105 935 parturiunt,
3131 875 3187 921 et
3219 876 3519 938 propterea
3558 882 3581 920 ι
3610 867 3766 926 fetan-

2194 962 2321 1008 tem.
2352 972 2374 1004 ι
2402 954 2540 1009 Cum
2566 955 2701 1010 dicit
2721 967 2815 1011 eos
2844 952 3090 1012 habitare
3110 956 3171 1012 in
3196 956 3382 1024 domo,
3419 962 3587 1013 notat
3608 966 3764 1015 cuiam

2193 1044 2679 1102 administrationis
2712 1055 2769 1101 et
2790 1046 3199 1115 consolationis,
3228 1058 3397 1119 quam
3420 1049 3638 1107 habe-tn
3664 1066 3762 1108 saa-

2192 1138 2267 1193 cti
2296 1139 2685 1208 praedicatores
2718 1140 2773 1195 in
2802 1140 3064 1198 Ecclesia.
3108 1140 3353 1196 Alleluia.

2665 1274 2733 1330 IN
2769 1271 3102 1331 PSALMUM
3134 1273 3316 1333 CXIII.

2692 1385 2949 1445 Trruws.
2990 1386 3242 1443 Alleluia.

2267 1540 2287 1574 ‹
2312 1521 2375 1576 In
2403 1522 2552 1578 exitu
2587 1520 2775 1577 Israel.
2807 1542 2826 1575 ι
2866 1521 2927 1577 In
2966 1523 3071 1578 hoc
3117 1521 3327 1593 psalmo
3368 1518 3631 1592 loquitur
3663 1536 3750 1592 pro-

2189 1614 2385 1684 pheta,
2422 1621 2478 1669 et
2510 1612 2675 1668 habet
2719 1613 3005 1667 materiam
3046 1600 3311 1668 beneﬁcia
3344 1610 3489 1677 Dei,
3525 1627 3641 1683 qum
3664 1611 3750 1668 fecit

2188 1703 2466 1772 Ecclesiae,
2500 1703 2803 1775 signiﬁcata
2834 1714 2935 1774 per
2981 1698 3070 1760 ilia
3099 1702 3361 1760 beneﬁcia
3403 1698 3537 1774 quae
3578 1704 3750 1759 contulit

2191 1797 2413 1865 antiquo
2437 1795 2652 1867 populo.
2688 1794 2950 1850 Dicuntur
2974 1796 3117 1851 enim
3146 1795 3236 1851 hic
3262 1796 3526 1866 quaedam
3558 1811 3662 1866 qua:
3684 1812 3747 1850 nos

2193 1885 2259 1939 ab
2273 1884 2498 1940 historia
2516 1891 2824 1950 removent;
2848 1886 3019 1941 sicut:
3043 1905 3061 1937 ε
3082 1880 3287 1941 Montes
3304 1884 3697 1940 exsultaverunt
3711 1897 3745 1938 et

512 1952 703 2047 beam;
737 1968 803 2010 3°
824 1954 871 2009 εί
892 1954 1096 2009 δίοποι
1118 1970 1133 2007 ³
1158 1953 1284 2008 Ideo
1308 1954 1517 2047 ἀθιῗθιίε
1538 1953 1727 2047 13W”
1728 1969 1760 2008 θ
1783 1953 2089 2020 Dominum:
2120 1952 2168 2018 Β
2192 1970 2379 2029 'col‘les.
2403 1992 2423 2026 ι
2442 1974 2501 2028 In
2530 1973 2706 2044 prima
2734 1982 2914 2044 parte,
2936 1975 3189 2047 proponit
3208 1975 3370 2031 nobis
3392 1974 3741 2044 beneﬁciaque

510 2046 763 2115 quoniam
808 2048 912 2103 iste
942 2065 961 2099 ι
994 2047 1274 2109 Dominus,
1300 2066 1318 2099 ι
1347 2046 1401 2100 id
1424 2053 1507 2100 est
1536 2044 1803 2110 Christus,
1834 2053 1920 2100 est
1946 2062 1966 2096 ι
1998 2059 2091 2101 ex-

510 2140 689 2196 celsus
715 2156 876 2211 super
909 2155 1098 2196 omnes
1126 2147 1340 2212 gentes,
1388 2159 1407 2193 »
1444 2141 1573 2211 quia
1602 2140 1716 2210 ipse
1743 2154 1931 2195 omnes
1954 2155 2091 2211 gen-

508 2244 593 2292 tes
643 2236 772 2291 fecit
817 2252 830 2289 :
882 2243 938 2292 et
984 2249 1092 2290 non
1122 2241 1329 2291 tantum
1354 2247 1516 2303 super
1541 2248 1729 2288 omnes
1757 2242 1965 2304 gentes,
1993 2232 2089 2288 sed

514 2347 533 2380 ι
568 2336 624 2384 et
646 2341 811 2397 super
828 2325 1013 2391 cmlos,
1045 2346 1064 2379 ι
1091 2326 1144 2380 id
1166 2334 1268 2391 est,
1292 2324 1542 2381 caelestes
1568 2331 1623 2380 et
1645 2324 1916 2396 angelicas
1937 2337 2089 2378 crea-

509 2430 676 2485 turas,
710 2428 765 2475 et
797 2437 818 2472 ς
845 2419 1013 2491 gloria
1040 2418 1177 2488 ejus,
1206 2437 1226 2471 ι
1271 2418 1323 2472 id
1345 2426 1430 2473 est
1480 2418 1594 2487 ipse
1618 2416 1886 2487 gloriosus
1915 2434 1928 2468 :
1960 2416 2089 2485 quia

507 2515 621 2583 ipse
646 2519 730 2568 est
749 2512 913 2566 etiam
937 2511 1047 2565 vita
1070 2518 1125 2564 et
1150 2509 1375 2565 refectio
1394 2508 1732 2580 angelorum.

584 2624 602 2656 ι
630 2602 762 2670 Quis
802 2603 945 2657 sicut
994 2601 1288 2675 Dominus?
1317 2620 1335 2652 ι
1371 2601 1505 2655 Pars
1551 2600 1806 2656 secunda.
1854 2599 1923 2655 Et
1963 2615 2090 2656 vere

506 2698 622 2768 ipse
647 2694 947 2751 laudandus
970 2702 1072 2756 est,
1097 2694 1222 2764 quia
1246 2692 1426 2748 nullus
1451 2699 1628 2762 potest
1646 2692 1875 2747 inveniri
1900 2692 2091 2749 similis

508 2789 585 2843 illi
612 2788 668 2843 in
695 2786 875 2857 aliqua
896 2785 1174 2858 dignitate.
1202 2783 1318 2839 Hoc
1339 2783 1469 2839 dicit
1494 2784 1595 2839 sub
1624 2783 2044 2856 interrogatione
2073 2801 2086 2838 ;

513 2901 530 2931 ι
558 2880 690 2947 Quis
726 2880 865 2934 sicut
910 2878 1168 2934 Dominus
1190 2879 1329 2933 Deus
1350 2878 1572 2933 noster?
1594 2897 1614 2929 ι
1644 2876 1834 2933 Nullus
1861 2878 2049 2947 utique
2073 2896 2087 2931 :

515 2992 531 3023 ε
561 2974 654 3042 qui
685 2992 703 3024 ι
736 2971 993 3026 Dominus
1022 2992 1038 3019 α
1074 2970 1128 3024 in
1158 2969 1281 3024 altis
1306 2970 1536 3035 habitat,
1561 2990 1579 3022 ι
1607 2971 1661 3024 id
1689 2971 1864 3035 est,in
1886 2971 2091 3025 sanctis

509 3078 604 3131 per
624 3062 973 3117 eminentiam
999 3062 1259 3116 virtutum
1280 3078 1302 3116 τ
1337 3079 1356 3112 t
1386 3061 1532 3127 altis,
1565 3081 1584 3112 ι
1617 3062 1708 3131 qui
1730 3076 1794 3118 ex
1821 3078 1918 3119 sua
1942 3062 2093 3118 habi-

511 3154 710 3208 tatione
730 3152 822 3207 alti
856 3153 989 3208 ﬁunt
1015 3172 1028 3206 :
1061 3168 1162 3206 nec
1193 3160 1372 3208 tamen
1390 3167 1486 3209 eos
1512 3153 1764 3224 despicit,
1786 3154 1837 3219 si
1862 3155 2092 3211 velimus

510 3246 779 3301 humiliari
809 3245 857 3300 ei
885 3264 897 3298 :
925 3245 1051 3315 quia
1077 3244 1146 3299 de
1167 3244 1258 3299 illa
1287 3244 1569 3301 altitudine
1594 3246 1737 3301 sedis
1767 3265 1786 3296 σ
1815 3247 2083 3316 respicit,»

2193 2066 2333 2122 Deus
2362 2066 2493 2123 facit
2524 2068 2779 2124 Ecclesia:
2798 2110 2814 2135 ,
2848 2083 2948 2138 per
2978 2068 3178 2140 ﬁguras
3221 2083 3317 2123 eas
3358 2065 3681 2139 significans
3702 2064 3735 2119 ιι

2192 2158 2459 2224 secunda,
2488 2168 2606 2229 quite
2635 2160 2822 2231 incipit
2855 2177 2867 2213 :
2904 2180 2923 2211 ς
2952 2148 3090 2227 Quid
3132 2168 3218 2215 est
3254 2158 3397 2226 tibi,
3436 2174 3622 2225 mare,
3646 2158 3731 2230 (με

2190 2246 2398 2319 fugisti,
2429 2266 2446 2298 ι
2492 2248 2621 2304 facit
2664 2249 3048 2320 quaestionem,
3095 2248 3251 2319 quasi
3299 2248 3628 2304 admirans:
3657 2247 3736 2314 Quis

2187 2344 2369 2410 potest
2402 2339 2584 2395 facere
2621 2340 2817 2411 populo
2861 2350 2959 2398 suo
2988 2349 3140 2396 tanta
3179 2337 3495 2395 beneﬁcia?
3530 2339 3597 2394 Et
3632 2338 3739 2393 solvit

2191 2444 2311 2488 eam
2338 2474 2351 2497 ,
2394 2430 2685 2490 ostendens
2720 2448 2749 2489 a
2786 2435 3014 2490 Domino
3040 2444 3164 2490 esse
3184 2428 3391 2488 factam
3428 2450 3445 2486 :
3484 2440 3740 2488 nontam

2190 2524 2335 2594 quod
2360 2524 2620 2595 propheta
2651 2526 2898 2588 miretur,
2930 2520 3024 2581 sed
3064 2523 3222 2581 nobis
3262 2516 3640 2579 admirandum
3661 2533 3741 2576 esse

2192 2614 2451 2685 relinquit
2491 2615 2557 2670 de
2594 2614 2836 2671 bonitate
2872 2614 2989 2671 Dei.
3018 2614 3078 2668 In
3106 2608 3270 2668 tertia
3296 2606 3491 2682 parte,
3522 2628 3631 2684 qua:
3650 2610 3740 2666 inti-

2191 2706 2272 2778 pit
2301 2724 2314 2759 :
2351 2726 2368 2757 ι
2400 2705 2705 2762 Simulacra
2729 2707 3032 2778 gentiumﬁ
3058 2704 3192 2760 facit
3217 2703 3576 2761 collationem
3596 2700 3737 2759 decul-

2188 2806 2313 2853 tura
2342 2799 2566 2854 deorum
2593 2797 2879 2865 falsorum,
2900 2798 3149 2871 gentium
3174 2798 3406 2865 scilicet,
3445 2807 3507 2855 et
3540 2796 3738 2854 atrism-

2188 2906 2387 2946 norum
2411 2908 2425 2945 :
2457 2892 2747 2946 ostendens
2771 2891 3012 2963 gentium
3039 2890 3308 2947 culturam
3333 2907 3461 2948 esse
3488 2886 3736 2953 stultitim

2192 2980 2629 3039 Christianorum
2656 2989 2837 3036 autem
2866 2996 2987 3038 esse
3022 2981 3393 3038 mitissimam.
3418 2981 3652 3039 Intendit
3673 2996 3740 3037 nos

2192 3074 2485 3130 admonere
2517 3082 2576 3129 ut
2600 3086 2705 3143 pro
2742 3068 3022 3129 beneﬁciis
3061 3073 3166 3129 illis
3200 3073 3264 3129 in
3287 3074 3460 3130 nobis
3490 3072 3738 3144 completis

2186 3164 2407 3222 ‘aiieluia
2437 3164 2664 3221 Domino
2707 3166 3073 3229 decantemus,
3127 3172 3185 3221 et
3220 3168 3285 3220 ut
3326 3179 3399 3221 ex
3428 3165 3644 3222 historia
3665 3174 3743 3220 tra-

2194 3258 2388 3314 hamus
2417 3257 2750 3330 allegoriam.

508 3338 561 3392 id
588 3346 692 3402 est,
730 3335 1155 3392 misericordiam
1192 3335 1493 3403 tribuendo,
1518 3338 1705 3393 visitat
1736 3355 1755 3389 ι
1784 3339 2032 3406 humilia,
2063 3359 2083 3392 ι
2116 3318 2163 3382 C
2264 3349 2424 3406 prius
2443 3318 2686 3422 legamus
2724 3347 3041 3415 historiam,
3073 3348 3154 3403 sic
3180 3365 3194 3402 :
3228 3352 3251 3400 δ
3279 3347 3340 3403 In
3368 3349 3507 3404 exitu
3524 3342 3669 3403 Isi-ad
3691 3345 3750 3399 de

508 3429 561 3483 id
603 3435 687 3483 est
714 3442 826 3494 eos,
873 3428 964 3496 qui
1009 3443 1068 3483 se
1091 3428 1278 3490 volunt
1315 3429 1612 3495 humiliari,
1645 3449 1664 3482 ι
1691 3431 1745 3485 in
1792 3431 1952 3498 coelo,
1982 3450 2003 3484 ι
2033 3431 2090 3488 id

508 3518 683 3583 est,in
710 3517 1016 3575 cmlestibus
1039 3519 1334 3574 creaturis:
1367 3521 1505 3576 sicut
1529 3522 1746 3593 angelos
1771 3524 2087 3593 superbien—
2122 3550 2126 3554 Α

509 3615 591 3664 tes
616 3624 721 3665 non
752 3610 993 3682 respicit,
1018 3612 1096 3667 sic
1137 3612 1355 3683 angelos
1386 3624 1745 3680 remanentes,
1776 3616 1869 3685 qui
1910 3617 2091 3673 humi-

506 3702 588 3758 les
631 3701 875 3770 fuerunt,
916 3705 1174 3775 respexit,
1199 3713 1255 3760 et
1299 3705 1353 3759 in
1394 3720 1524 3761 vera
1559 3706 1863 3762 obedientia
1892 3709 2091 3765 conﬁr-

504 3796 691 3863 mavit,
723 3805 781 3851 ut
818 3798 1073 3868 deinceps
1096 3797 1379 3867 superbire
1408 3812 1513 3853 non
1544 3801 1752 3869 possint
1780 3818 1793 3853 :
1831 3819 1848 3852 I
1878 3812 1935 3856 et
1966 3820 1987 3854 ι
2023 3816 2089 3858 ea

506 3888 753 3953 humilia,
779 3903 900 3957 qua:
936 3897 1063 3944 sunt
1097 3906 1116 3938 ο
1146 3889 1200 3942 in
1230 3897 1394 3954 terra,
1427 3907 1445 3940 ι
1478 3889 1532 3944 id
1550 3897 1654 3956 est,
1673 3891 1903 3947 humiles
1923 3892 2087 3959 viros,

505 3979 725 4048 respicit
770 3978 929 4034 oculo
978 3978 1361 4033 misericordia:
1417 3997 1430 4033 :
1475 3979 1604 4049 quia
1648 3989 1704 4036 et
1745 3991 1964 4052 peccata
2011 3983 2090 4039 eis

506 4069 793 4131 condonat,
821 4076 877 4122 et
908 4067 1118 4122 confert
1138 4067 1396 4138 justitias.

576 4157 817 4227 Respicit
846 4157 1068 4212 humilia
1094 4174 1211 4228 quae
1248 4169 1373 4215 sunt
1414 4162 1469 4216 in
1499 4170 1672 4229 terra,
1701 4164 1984 4221 conferens
2010 4168 2087 4223 eis
2118 4190 2127 4197 -

509 4252 652 4307 hanc
677 4249 985 4315 utilitatem,
1015 4248 1222 4305 scilicet
1257 4269 1277 4302 ι
1306 4253 1576 4308 suscitans
1608 4253 1842 4325 inopem,
1873 4276 1890 4308 ι
1924 4257 1977 4312 id
2006 4265 2091 4313 est

506 4341 659 4396 illum
678 4342 770 4412 qui
793 4357 853 4398 se
874 4356 983 4396 non
1013 4348 1222 4410 reputat
1246 4343 1539 4414 quidquam
1559 4345 1685 4400 boni
1714 4362 1781 4401 ex
1805 4360 1863 4402 se
1888 4348 2091 4404 habere

513 4451 531 4483 ι
565 4448 596 4488 a
622 4442 788 4498 terra,
819 4452 837 4485 ι
871 4433 926 4486 id
955 4442 1054 4497 est,
1080 4433 1148 4487 ab
1192 4434 1428 4503 appetitu
1455 4444 1813 4492 terrenorum.
1853 4457 1870 4489 ι
1903 4439 2087 4495 Susci—

508 4533 629 4579 tans
658 4543 676 4576 ›
705 4523 842 4579 bene
867 4522 1016 4586 dicit,
1048 4524 1172 4593 quia
1195 4524 1441 4581 homines
1464 4527 1622 4598 sopiti
1644 4537 1833 4595 erant,
1857 4540 1913 4584 et
1941 4532 2089 4602 quie-

2176 3438 2450 3515 -A§gypto,
2471 3460 2491 3494 ι
2512 3441 2564 3496 id
2587 3448 2690 3507 est,
2708 3434 3499 3511 quandoisraeliti‘cuspoptdus
3519 3435 3673 3493 exivit
3688 3430 3749 3490 de

2192 3531 2459 3603 Egypto,
2496 3530 2701 3585 scilicet
2746 3530 2811 3584 de
2849 3528 3000 3584 exitu
3032 3536 3057 3580 τι
3097 3529 3325 3597 domus,
3356 3550 3379 3583 ι
3418 3530 3476 3587 id
3508 3538 3585 3586 est
3606 3527 3747 3583 totius

2192 3621 2411 3678 familia:
2444 3642 2460 3673 ‹
2491 3619 2679 3678 Jacob.
2702 3634 2727 3675 νδ
2762 3622 2838 3677 De
2857 3620 3109 3693 Egypto,
3140 3623 3208 3677 de
3237 3624 3345 3695 qua
3367 3624 3534 3679 exivit
3562 3621 3737 3681 merita.

2191 3718 2317 3786 quia
2347 3716 2554 3772 scilicet
2572 3735 2590 3766 ι
2614 3716 2679 3771 de
2702 3716 2899 3787 populo
2922 3715 3184 3784 barbaro,
3205 3736 3225 3772 ι
3252 3714 3311 3773 id
3338 3728 3441 3784 est,
3470 3718 3596 3789 quia
3618 3728 3752 3789 popl-

2192 3806 2276 3861 lus
2302 3814 2422 3861 erat
2449 3804 2738 3861 barbarus.

2263 3897 2322 3951 In
2352 3897 2502 3953 exitu
2528 3897 2626 3953 illo
2661 3917 2679 3948 (
2708 3896 2889 3953 Judtea
2918 3912 2937 3951 ι
2970 3906 3116 3953 terra
3140 3899 3224 3954 illa
3253 3917 3272 3950 ι
3292 3906 3377 3952 est
3400 3896 3544 3953 facta
3564 3896 3764 3954 sancti-

2191 3987 2373 4043 ﬁcatio
2399 3988 2542 4044 illius
2565 4007 2583 4041 ι
2612 3986 2831 4058 populi;
2859 3989 2988 4058 quia
3016 3989 3090 4043 ibi
3110 3996 3391 4060 potuerunt
3415 3988 3761 4043 caeremonias

2193 4076 2311 4132 illas
2351 4084 2405 4131 et
2439 4076 2706 4132 sacriﬁcia
2735 4077 2847 4134 Deo
2878 4078 3196 4147 persolvere
3213 4067 3321 4143 ,‘ia
3347 4076 3545 4148 quibus
3569 4077 3654 4132 im
3678 4091 3757 4147 pe-

2190 4166 2301 4236 puli
2336 4167 2848 4234 sanctilicabantur;
2885 4184 2904 4218 ι
2924 4176 2989 4223 'et
3008 4154 3181 4223 Israel
3208 4187 3227 4221 ι
3258 4174 3342 4222 εει
3376 4167 3554 4222 factus
3580 4182 3605 4217 ι
3628 4170 3759 4237 pote»

2191 4257 2532 4327 stasejusn
2584 4259 3754 4331 terrae,id‘est,potensinterraiﬁt:

2189 4359 2245 4405 et
2282 4358 2413 4408 tunc
2436 4351 2688 4422 apparuit
2724 4348 2907 4406 Iudaea
2946 4352 3103 4421 quasi
3136 4351 3361 4407 domina
3396 4352 3642 4407 omnium
3672 4359 3756 4405 trr-

2191 4456 2396 4497 rarum.

2261 4534 2327 4588 Et
2362 4533 2635 4604 quomodo
2664 4533 2867 4589 exivit?
2890 4533 2999 4589 Per
3042 4534 3148 4589 hoc
3184 4535 3339 4604 quod
3374 4552 3395 4586 ι
3426 4546 3587 4590 male
3616 4550 3637 4587 ι
3670 4531 3758 4587 III-

508 4622 720 4672 scentes
745 4614 801 4669 in
828 4629 1011 4670 amore
1038 4621 1372 4669 lerrenorum
1392 4656 1405 4681 ,
1436 4619 1650 4686 quando
1676 4618 1819 4676 Deus
1846 4637 1940 4677 eos
1966 4622 2089 4680 inde
2115 4689 2162 4700 _
2192 4626 2351 4681 brum
2389 4643 2408 4677 ι
2441 4626 2601 4690 vidit,
2634 4643 2655 4678 η»
2693 4626 2746 4681 id
2778 4635 2881 4691 est,
2917 4627 3204 4700 cognovit,
3243 4626 3449 4684 faciem
3481 4628 3652 4683 Deiet
3680 4635 3757 4681 vo-

511 4703 767 4758 excitavit
795 4717 893 4773 per
914 4703 1185 4758 Christum
1212 4722 1225 4757 :
1256 4705 1419 4760 etiam
1455 4726 1473 4757 ί
1502 4708 1715 4780 erigens
1745 4726 2038 4782 pauperem
2066 4734 2085 4767 ι
2113 4689 2169 4750 Ῑ)
2199 4716 2482 4782 luntatem,
2513 4736 2537 4768 ι
2566 4724 2622 4771 et
2644 4716 2783 4788 fugit
2812 4735 2831 4769 ›
2866 4689 3034 4783 mare,
3070 4717 3124 4773 id
3147 4689 3252 4785 est,
3270 4718 3478 4775 .divisit
3503 4720 3757 4791 sei”:

508 4794 720 4864 spiritu,
767 4794 973 4850 scilicet
1015 4794 1293 4861 humilem,
1329 4815 1347 4847 ι
1378 4798 1442 4852 de
1468 4806 1729 4866 stercore,
1760 4820 1778 4854 ι
1812 4803 1863 4858 id
1903 4812 1987 4859 est
2024 4805 2090 4862 de

508 4884 848 4941 immunditia
896 4884 1055 4954 hujus
1100 4887 1225 4944 vitae
1272 4907 1284 4942 :
1330 4892 1472 4945 unde
1514 4892 1716 4947 dicitur
1752 4912 1765 4947 :
1810 4914 1827 4946 ι
1859 4894 2089 4969 Compu-

507 4986 754 5034 truerunt
773 4976 1016 5047 iumenta
1044 4979 1096 5033 in
1127 4989 1366 5036 stercore
1395 4998 1493 5038 suo
1514 4984 1676 5055 (Joet.
1706 4986 1798 5057 I).D

478 5128 483 5129 ί
574 5066 657 5122 Ad
703 5068 806 5123 hoc
852 5069 1111 5135 suscitat,
1149 5090 1166 5120 ‹
1198 5079 1258 5123 ut
1296 5072 1524 5128 collocet
1563 5091 1687 5132 eum
1717 5098 1735 5131 ι
1771 5079 2085 5137 suscitatum

508 5176 531 5211 ι
559 5173 685 5216 cum
727 5160 1094 5231 principibus,
1127 5179 1146 5213 ι
1202 5161 1252 5216 id
1299 5173 1413 5229 est,
1461 5181 1582 5221 cum
1631 5170 1834 5226 sanctis
1878 5172 2086 5243 angelis

504 5259 562 5335 et
592 5270 611 5303 ι
642 5265 763 5306 cum
785 5251 1121 5322 principibus
1145 5254 1324 5322 populi
1357 5256 1459 5318 sui,
1483 5275 1501 5308 ι
1534 5257 1586 5313 id
1618 5268 1859 5327 est,cum
1883 5264 2085 5321 sanctis

506 5340 787 5410 apostolis,
812 5356 948 5410 quos
974 5341 1231 5396 Dominus
1260 5343 1454 5412 populo
1486 5360 1582 5401 suo
1610 5348 1871 5417 praefecit.

577 5434 826 5492 Ostendit
863 5449 957 5503 per
995 5434 1122 5505 quid
1164 5436 1303 5490 Deus
1331 5452 1623 5517 pauperem
1664 5443 1921 5510 suscitet,
1959 5446 2084 5516 quia

505 5527 886 5596 praedicatores
928 5540 1072 5589 suos,
1105 5528 1196 5595 qui
1242 5537 1368 5583 ante
1398 5530 1687 5587 adventum
1732 5534 1846 5603 ejus
1873 5539 2087 5597 steriles

506 5616 743 5682 fuerunt,
784 5617 941 5672 modo
983 5617 1240 5673 fecundos
1287 5618 1448 5674 faciet
1486 5630 1540 5676 et
1571 5622 1706 5679 bene
1749 5624 2085 5684 fructifican-

508 5717 609 5763 tes.
636 5708 980 5765 Continuatio
1005 5728 1017 5763 τ
1048 5708 1143 5764 Ille
1164 5711 1381 5780 quidem
1404 5723 1486 5767 est
1515 5714 1801 5781 suscitans,
1834 5737 1851 5771 ‹
1876 5721 1966 5789 qui
1994 5721 2089 5776 ha-

509 5798 683 5855 bitare
705 5798 835 5855 facit
856 5800 907 5854 in
931 5801 1107 5855 domo.
1134 5820 1152 5852 »
1187 5801 1237 5854 id
1262 5811 1344 5857 est
1376 5803 1428 5856 in
1465 5803 1724 5873 Ecclesia,
1749 5829 1765 5859 ι
1795 5810 2083 5879 sterilem,»

514 5893 569 5950 .d
593 5902 677 5951 est
722 5894 1102 5966 praedicatores
1130 5910 1277 5963 suos,
1292 5898 1383 5968 qui
1409 5908 1531 5954 ante
1558 5901 1847 5961 adventum
1864 5907 2092 5975 Christi,

2196 4819 2250 4864 et
2297 4809 2512 4880 quando
2561 4818 2829 4864 venerunt
2869 4812 2935 4867 ad
2970 4808 3286 4878 Iordanem,
3316 4820 3451 4869 tunc
3482 4831 3505 4866 ι
3538 4806 3762 4869 δορα-ες

2192 4912 2489 4953 conversus
2518 4907 2603 4953 est
2626 4907 2951 4965 retrorsum,
2987 4914 3008 4951 ι
3026 4900 3160 4969 "quia
3183 4899 3317 4955 fecit
3341 4902 3427 4959 eis
3448 4903 3626 4958 viam.

2262 4987 2329 5041 Et
2356 5003 2477 5043 cum
2494 5000 2760 5045 venerunt
2778 4990 2836 5045 in
2848 4989 3108 5057 :Iudteam,
3132 5010 3150 5044 ι
3178 5001 3420 5059 montes,
3448 5010 3474 5046 ν
3496 4995 3557 5050 id
3583 4992 3769 5057 est,i-

2193 5080 2358 5135 tiores
2384 5080 2437 5134 in
2464 5082 2687 5151 populo,
2716 5091 2775 5137 ut
2798 5081 2961 5139 Josue
2982 5092 3039 5138 et
3064 5084 3291 5155 Caieph,
3318 5105 3335 5136 ‹
3364 5085 3771 5143 exultarent

2191 5181 2251 5227 ut.
2270 5172 2488 5238 arietes,
2505 5181 2561 5229 et
2578 5173 2795 5241 colles,»
2825 5174 2878 5230 id
2894 5184 3004 5241 est,
3021 5174 3261 5232 minores
3285 5178 3340 5232 in
3358 5178 3589 5248 pOpuio,
3612 5197 3635 5231 ι
3652 5180 3773 5234 siut

2190 5265 2313 5336 agni
2342 5266 2547 5320 ovium.
2591 5285 2609 5316 ι

2258 5358 2340 5413 Ad
2368 5357 2679 5430 allegoriam
2708 5375 2720 5411 :
2752 5356 2859 5413 Ρει·
2886 5358 3078 5425 israel,
3120 5358 3375 5429 populum
3400 5358 3781 5415 Christiana

2191 5448 2560 5521 intelligimus,
2592 5448 2684 5519 qui
2722 5450 2861 5505 bene
2892 5450 3100 5519 dicitur
3134 5449 3322 5515 Israel,
3358 5449 3416 5503 id
3438 5459 3555 5516 est,
3602 5450 3783 5506 videns

2193 5541 2360 5595 Deum
2397 5555 2494 5611 per
2524 5540 2683 5596 fidem
2712 5559 2725 5594 :
2754 5542 2972 5611 quando
3000 5542 3142 5598 exiit
3167 5543 3234 5597 de
3259 5541 3539 5613 Egypto,
3578 5545 3647 5599 id
3684 5550 3786 5605 ων

2195 5632 2262 5687 de
2290 5632 2527 5687 tenebris
2554 5633 2906 5689 inﬁdelitatis.
2946 5635 3049 5690 Per
3075 5637 3297 5691 domum
3324 5630 3495 5691 Jaeub
3518 5634 3789 5706 ωηιξ-

2198 5738 2315 5779 mus
2347 5723 2603 5795 populum
2622 5718 2949 5782 luctatorem
2983 5726 3171 5783 contra
3204 5727 3333 5783 vitia
3360 5740 3380 5780 :
3406 5728 3508 5798 qui
3536 5729 3696 5784 hac
3722 5727 3799 5780 (ιὶ-

2198 5818 2339 5872 citur
2383 5816 2581 5885 Jacob,
2626 5819 2679 5873 id
2714 5830 2799 5875 est
2842 5820 3098 5888 luctator,
3138 5830 3262 5877 cum
3300 5819 3441 5877 exiit
3477 5820 3557 5875 de
3596 5819 3801 5892 populo

2199 5909 2455 5977 barbaro,
2476 5910 2533 5967 id
2550 5920 2635 5966 est
2676 5912 2743 5967 de
2771 5912 3011 5972 dominio
3029 5913 3288 5971 vitiorum
3322 5910 3413 5968 vel
3438 5925 3473 5966 a
3500 5912 3808 5969 coacuit)
3896 5988 3898 5991 ι
