3898 6476
107 445 217 504 889

1268 423 1710 485 EXPLANATIO
1747 418 1813 475 IN
1853 413 2193 474 PSALIOS.

3246 396 3353 455 590

110 562 434 621 demonum,
460 554 555 625 qui
570 553 825 610 dicuntur
844 546 1071 621 populus
1090 543 1376 609 barbarus,
1400 540 1532 610 quia
1553 543 1681 595 sunt
1705 538 1760 598 Α
1782 531 1947 587 etiam
1972 546 1991 579 ‹
2018 540 2224 625 rupem,
2249 522 2305 625 id
2329 529 2435 625 est,
2448 518 2676 622 gentiles
2701 498 2874 619 siccos
2897 519 2957 617 et
2982 511 3162 625 aridos
3182 522 3356 563 avere

111 647 334 705 alienati
355 662 386 700 a
412 645 543 700 Deo.

183 741 250 795 Et
275 746 561 809 postquam
587 735 689 790 iste
715 729 883 788 israel
906 728 1075 786 exivit
1105 726 1171 782 de
1192 722 1450 795 Egypto,
1479 718 1684 782 Iudaea,

102 831 170 889 id
218 839 301 887 est
343 829 611 891 Christus,
655 824 747 897 qui
771 823 892 881 ideo
929 836 1025 892 per
1068 818 1308 876 Iudaeam
1350 810 1685 883 intelligitur,

111 924 242 995 quia
290 921 357 977 de
400 919 543 977 tribu
573 915 709 973 Iuda
740 924 900 970 natus
925 921 1045 979 est,
1087 928 1118 964 a
1152 923 1257 979 quo
1300 904 1480 962 Iudaea
1504 902 1686 995 dicta,

111 1016 208 1085 qui
232 1013 446 1085 proprie
469 1012 633 1066 etiam
660 1009 858 1064 dicitur
897 1004 1101 1069 Iudaea,
1128 1001 1252 1071 quia
1282 994 1555 1054 confessio
1593 1008 1691 1050 no-

106 1118 230 1167 stra
258 1115 361 1175 est,
388 1106 512 1177 quia
536 1118 659 1159 eum
681 1110 925 1160 nostrum
954 1098 1285 1154 Salvatorcm
1307 1089 1685 1159 intelligimus:

112 1208 174 1255 et
200 1199 311 1269 ipse
343 1175 593 1253 Christus
618 1201 703 1249 est
729 1199 873 1247 terra
895 1194 1099 1251 nostra,
1133 1198 1229 1252 per
1248 1194 1408 1251 quem
1438 1175 1691 1234 subsisti-

114 1266 269 1355 mus,
315 1288 457 1344 sicut
498 1294 554 1341 et
598 1297 700 1355 per
746 1279 987 1336 Iudaeam
1034 1273 1363 1331 lsraeliticus
1416 1266 1690 1338 populus:

112 1378 296 1435 Iudaea
340 1376 461 1442 illa,
493 1373 703 1430 scilicet
743 1369 1012 1445 Christus,
1052 1365 1194 1420 facta
1227 1368 1312 1417 est
1335 1355 1695 1416 sanctificatio

115 1469 234 1540 ejus
258 1465 443 1530 lsrael,
477 1464 533 1519 id
561 1470 644 1519 est
672 1457 966 1518 Christiani
1014 1453 1197 1527 populi
1225 1466 1241 1507 :
1273 1451 1399 1523 quia
1427 1447 1693 1540 Christia-

114 1536 219 1612 nus
254 1554 480 1627 populus
511 1568 606 1623 per
635 1550 913 1607 Christum
943 1547 1107 1601 habet
1135 1555 1352 1598 omnem
1390 1536 1698 1593 sanctifica-

118 1650 349 1705 tionem:
374 1655 431 1702 et
456 1644 639 1710 lsrael,
666 1643 720 1698 i'd
746 1635 1095 1710 est,popuius
1112 1634 1210 1689 ille
1222 1629 1590 1694 Christianus,
1616 1635 1702 1682 est

119 1740 296 1796 factus
338 1748 580 1810 potestas
617 1734 735 1803 eius
774 1731 989 1794 Iudicat,
1015 1728 1069 1783 id
1110 1732 1217 1791 est,
1240 1720 1473 1786 Christi,
1499 1719 1695 1810 iduest,

112 1807 357 1889 ostendit
370 1826 645 1883 Christum
666 1828 962 1899 potentem,
977 1834 1009 1874 a
1030 1830 1139 1887 quo
1158 1810 1532 1879 fortitudinem
1549 1807 1697 1862 illam

1787 634 1941 683 rore,
1967 625 2023 673 et
2065 614 2369 686 cognitione
2396 611 2513 678 Dei,
2542 608 2809 666 convertit
2842 626 2860 658 ί
2895 607 2949 659 in
2993 602 3169 658 fontes
3195 613 3359 670 aqua-

1787 724 1930 775 rum,
1964 726 1982 758 r
2018 706 2071 761 id
2108 713 2214 770 est,
2242 712 2301 758 ut
2329 703 2432 773 ipsi
2461 700 2686 771 gentiles
2725 698 2857 753 (iam
2901 696 3075 751 fontes
3093 701 3149 748 et
3186 690 3357 763 origo,

1782 804 1857 859 ex
1881 800 2078 872 quibus
2106 813 2277 867 aquae,
2306 795 2359 849 id
2387 802 2471 851 est
2498 792 2776 857 doctrinae,
2808 786 3078 862 proﬂuunt
3111 780 3251 839 aliis.

1866 931 1885 964 ι
1919 910 2039 969 Non
2080 909 2258 968 nobis.
2295 927 2315 962 ι
2356 908 2423 963 Et
2461 906 2911 978 quandoquidem.
2941 918 2975 964 θ
3000 900 3258 963 Domine,
3288 897 3360 952 ita

1791 1005 2066 1065 convertis
2107 1011 2318 1074 petram
2345 1040 2361 1069 ,
2389 1011 2446 1056 et
2488 1011 2684 1057 caetera
2728 998 2988 1057 beneficia
3026 995 3160 1055 facis
3185 991 3363 1056 nobis,

1792 1112 1911 1170 ego,
1948 1116 1968 1149 ι
2010 1096 2263 1161 Domine,
2302 1114 2319 1148 ι
2356 1095 2422 1149 da
2453 1094 2609 1149 nobis
2636 1091 3064 1149 misericordiam
3087 1094 3144 1143 et
3167 1086 3366 1159 verita-

1793 1200 1903 1247 tem
1934 1208 1947 1245 :
1975 1201 2030 1246 et
2053 1205 2214 1262 super
2243 1189 2332 1244 illa
2360 1189 2730 1245 misericordia
2764 1196 2854 1245 tua
2876 1204 2896 1237 ι
2930 1187 2996 1242 da
3020 1183 3243 1255 gloriam
3273 1195 3369 1236 no-

1790 1282 1927 1339 mini
1955 1291 2065 1346 tuo,
2095 1296 2202 1336 non
2226 1279 2403 1344 nobis,
2429 1298 2447 1329 ι
2480 1278 2536 1333 id
2564 1285 2669 1342 est,
2701 1276 2786 1332 fac
2811 1291 2910 1331 nos
2932 1275 3237 1345 intelligere
3262 1272 3367 1327 mi-

1797 1374 2147 1430 sericordiam
2180 1381 2329 1429 tuam
2374 1369 2522 1426 nullo
2567 1377 2755 1424 nostro
2799 1366 2993 1422 merito
3022 1365 3178 1420 nobis
3217 1363 3367 1429 dari,

1792 1462 1891 1520 sed
1914 1472 2135 1534 propter
2158 1476 2353 1517 nomen
2380 1468 2531 1515 tuum
2560 1456 2924 1529 ampliandum
2956 1474 2969 1510 :
3010 1464 3070 1509 ut
3094 1455 3219 1509 inde
3248 1453 3370 1507 nul-

1795 1556 1904 1611 lam
1926 1556 2285 1611 attribuamus
2308 1554 2464 1609 nobis
2492 1552 2703 1611 laudem
2728 1558 2786 1607 et
2803 1549 3051 1622 gloriam,
3078 1547 3173 1603 sed
3203 1555 3373 1601 totum

1796 1647 2135 1705 ascribamus
2163 1645 2365 1707 nomini
2390 1652 2511 1701 tuo:
2536 1644 2590 1700 in
2606 1658 2715 1699 uno
2742 1662 2761 1694 ι
2782 1656 2891 1698 non
2915 1639 3090 1705 nobis,
3113 1657 3132 1691 ι
3161 1637 3375 1693 Iudaeos

1800 1740 2176 1812 intelligimus:
2195 1740 2247 1793 in
2265 1739 2392 1805 alio,
2418 1756 2436 1789 ε
2458 1753 2564 1793 non
2586 1737 2760 1802 nobis,
2780 1756 2802 1787 ›
2821 1742 3029 1807 gentes,
3046 1731 3253 1790 scilicet
3277 1744 3373 1785 ne—

1798 1850 1905 1906 que
1930 1833 2100 1891 Iudaei
2129 1848 2303 1904 neque
2336 1840 2527 1904 gentes
2562 1827 3022 1903 praesumantsibi
3057 1825 3176 1883 dari
3211 1823 3377 1879 misec

111 1920 348 1991 accepit,
374 1922 437 1974 ut
458 1924 570 1972 tam
596 1895 824 1969 firmiter
844 1919 991 1967 stare
1009 1916 1066 1965 et
1083 1913 1275 1964 contra
1299 1902 1432 1959 vitia
1455 1896 1700 1972 pugnare
1726 1895 1775 1956 Β
1803 1895 2093 1984 ιῖίοοηιίωη
2123 1895 2417 1981 δωδηαιξω
2447 1895 2642 1978 πλαξεδ
2676 1935 2796 1976 ειη,

107 2012 310 2084 possit.

190 2102 259 2157 Et
278 2116 374 2172 per
401 2110 503 2155 hoc
539 2090 629 2153 ille
657 2093 887 2168 populus
910 2090 1087 2149 factus
1108 2098 1195 2147 est
1220 2084 1410 2151 Israel,
1451 2091 1507 2140 et
1536 2083 1704 2138 exivit

108 2194 186 2249 de
200 2189 436 2265 Egypto
462 2187 816 2253 inﬁdelitatis,
833 2186 960 2257 quia
983 2202 1003 2236 ι
1026 2196 1178 2237 mare
1200 2179 1335 2235 vidit
1348 2185 1403 2232 et
1428 2176 1585 2246 fugit,
1608 2192 1626 2226 ›
1650 2172 1704 2228 id

110 2295 225 2352 est,
253 2300 443 2340 omnes
472 2281 832 2337 amaricantes
858 2279 912 2334 in
940 2275 1181 2348 peccatis
1200 2315 1215 2340 ,
1243 2271 1492 2327 viderunt
1512 2267 1705 2322 faciem

110 2349 219 2434 Dei
243 2396 254 2431 :
274 2387 329 2433 et
349 2395 367 2428 ι
387 2373 659 2439 Iordanis,
685 2392 703 2425 ι
736 2372 792 2427 id
810 2380 911 2434 est,
935 2370 1103 2439 aliqui
1124 2367 1354 2422 ﬂuentes
1380 2362 1545 2417 variis
1560 2349 1706 2416 desi-

116 2472 289 2528 deriis
320 2470 375 2525 in
409 2483 580 2532 mare,
613 2467 667 2521 id
694 2473 799 2530 est,
817 2464 872 2519 in
904 2462 1162 2517 mundum
1190 2454 1504 2514 dissurrunt
1533 2473 1545 2508 :
1572 2468 1705 2509 con-

115 2564 264 2619 versi
294 2571 423 2616 sunt
457 2579 477 2612 ‹
499 2569 817 2622 retrorsum,
846 2575 864 2606 ι
892 2554 967 2609 ita
996 2560 1057 2608 ut
1083 2567 1113 2606 a
1138 2549 1374 2623 peccatis
1399 2553 1630 2611 cessent,
1654 2551 1710 2600 et

110 2655 188 2708 ad
210 2652 506 2717 Christum,
535 2650 588 2704 id
618 2656 701 2703 est
727 2646 795 2700 ad
822 2644 1024 2700 fontem
1061 2656 1241 2707 suum,
1271 2634 1511 2704 redeant,
1540 2652 1573 2694 a
1602 2651 1711 2708 quo

110 2744 174 2799 in
206 2741 537 2813 perfectione
565 2736 734 2793 creati
763 2742 907 2790 sunt.
1008 2748 1011 2753 ί

166 2812 239 2889 Et
267 2836 393 2888 tunc
410 2850 429 2882 ε
454 2837 665 2886 montes
687 2847 705 2880 ι
725 2824 823 2891 illi,
841 2824 895 2879 id
910 2830 992 2880 est
1014 2821 1232 2877 altiores
1248 2821 1301 2875 in
1313 2812 1574 2884 Ecclesia,
1589 2832 1712 2872 san-

110 2925 345 2983 ctiﬁcati
373 2940 403 2978 a
419 2922 652 2986 Christo,
677 2940 695 2972 ι
716 2918 1119 2975 exsultaverunt
1141 2934 1160 2967 ι
1187 2914 1254 2969 de
1270 2906 1557 2968 virtutibus
1575 2910 1708 2976 suis,

113 3041 133 3073 ι
176 3021 320 3076 sicut
346 3018 569 3083 arietes,
601 3036 618 3069 ι
643 3015 768 3085 quia
812 3020 934 3068 sunt
976 3009 1140 3067 duces
1167 3007 1361 3081 gregis,
1394 3006 1534 3061 sicut
1573 3003 1713 3059 arie-

109 3124 203 3168 tes
237 3131 250 3164 :
289 3130 307 3162 (
334 3118 388 3167 ει
407 3109 593 3175 colles,
619 3127 636 3160 ι
675 3107 727 3162 id
749 3114 835 3161 est
869 3104 945 3159 illi
977 3102 1241 3167 minores,
1270 3099 1361 3170 qui
1392 3105 1549 3153 erant
1580 3092 1712 3151 culti

110 3206 188 3259 ab
220 3202 325 3258 illis
369 3201 650 3256 altioribus
675 3239 690 3264 ,
736 3195 867 3253 facti
913 3210 1011 3267 per
1050 3186 1493 3264 praedicationem
1521 3198 1709 3243 eorum

118 3314 139 3346 ι
175 3295 318 3349 sicut
357 3291 481 3363 agni
525 3290 729 3353 ovium,
764 3307 783 3339 ι
815 3288 870 3344 id
913 3297 995 3340 est
1024 3285 1368 3346 innocentes,
1398 3277 1709 3334 exsultave-
1738 3261 1784 3324 C

116 3393 272 3441 runt.

199 3495 219 3527 ι
252 3474 393 3542 Quid
423 3480 508 3527 est
545 3470 666 3536 tibi,
694 3467 888 3523 mare?
918 3486 938 3519 ι
968 3462 1104 3520 Pars
1126 3462 1383 3519 secunda.
1410 3454 1710 3517 ‘Continua-

121 3571 202 3624 tio
223 3560 403 3622 :Mare
436 3563 571 3634 fugit
597 3563 832 3634 priorem
862 3560 1047 3622 vitam,
1071 3566 1148 3622 et,
1171 3572 1205 3611 ο
1232 3576 1251 3608 ‹
1286 3570 1459 3620 mare,
1484 3573 1502 3606 ›
1533 3553 1586 3609 id
1608 3561 1710 3619 est,

121 3677 160 3714 ο
191 3672 290 3711 vos
328 3655 690 3710 amaricantes
719 3654 773 3707 in
795 3650 1055 3722 peccatis,
1094 3668 1110 3699 ‹
1152 3644 1281 3719 quid
1324 3656 1407 3703 est
1439 3646 1542 3702 tibi
1570 3643 1715 3716 quod

122 3744 332 3820 fugisti,
377 3767 395 3800 ι
432 3748 486 3802 id
524 3754 606 3801 est
649 3745 884 3816 priorem
934 3740 1378 3797 consuetudinem
1430 3734 1715 3792 dimisisti?

126 3858 149 3892 ς
187 3850 243 3894 ει
264 3846 343 3904 ιυ,
371 3836 642 3899 IOrdunis,
678 3852 697 3886 ι
732 3830 860 3903 quid
886 3840 971 3887 est
998 3831 1095 3885 tibi
1125 3850 1143 3883 ‹
1180 3831 1307 3900 quia
1336 3840 1631 3883 conversus
1652 3839 1714 3880 es

121 3938 449 3995 retrorsum,
490 3947 509 3979 ι
542 3927 610 3980 ad
630 3924 799 3978 Deum
831 3923 1036 3978 fontem
1066 3921 1255 3976 tuum?

200 4022 288 4089 Et,
319 4037 485 4088 ovos,
521 4039 540 4072 ‹
582 4028 814 4083 montes,
849 4036 868 4069 ›
907 4017 961 4071 id
987 4026 1070 4071 est
1094 4013 1267 4070 sancti
1309 4012 1560 4084 apostoli,
1597 4025 1717 4084 quin

127 4133 299 4174 causa
326 4115 429 4170 fuit
455 4128 625 4184 quare
650 4126 746 4166 vos
780 4127 800 4162 ι
836 4108 1149 4165 exsultastis
1180 4107 1322 4164 sicut
1348 4104 1579 4160 arietes?
1602 4112 1657 4160 et
1689 4122 1710 4155 ι

122 4226 158 4265 o
179 4224 298 4272 vos,
321 4226 339 4258 ‹
366 4204 548 4269 colles,
576 4230 596 4257 ι
623 4202 752 4275 Quid
774 4201 1088 4258 exsultastis
1106 4220 1125 4253 ι
1149 4190 1291 4256 Sicut
1310 4198 1435 4270 agni
1456 4192 1672 4271 ovium?
1690 4215 1710 4249 ι

120 4301 284 4373 ponit
305 4298 651 4354 solutionem.
736 4370 747 4373 A
1334 4282 1337 4285 Α

199 4391 398 4460 Quaero
423 4406 522 4446 cur
544 4370 765 4460 fugisti?
790 4395 894 4442 etc.
937 4374 1080 4441 Ecce
1131 4400 1373 4440 causam.
1407 4380 1533 4438 ideo
1569 4396 1720 4438 mare

123 4484 291 4557 fugit,
316 4491 371 4537 et
390 4491 590 4563 caetera
612 4479 751 4533 facta
773 4486 901 4534 sunt
924 4474 1120 4549 (Exod.
1137 4476 1294 4549 xvn),
1317 4475 1441 4545 quia
1462 4494 1481 4526 ‹
1505 4483 1670 4538 terra,
1693 4492 1714 4525 ι

125 4572 186 4631 i‘d
243 4584 326 4630 est
354 4574 574 4639 terreni,
608 4593 625 4624 ι
657 4583 802 4627 mota
826 4580 910 4627 est
942 4592 960 4624 ι
997 4588 1028 4626 a
1054 4573 1224 4626 veteri
1254 4572 1360 4625 vita
1389 4571 1457 4624 ad
1481 4584 1674 4641 novam
1700 4586 1714 4623 :

124 4676 188 4722 et
221 4667 325 4722 hoc
355 4686 373 4717 ‹
410 4681 439 4719 a
469 4664 606 4719 facie
632 4662 898 4727 Domini,»
930 4660 983 4718 id
1009 4670 1112 4727 est,
1143 4669 1364 4731 propter
1388 4659 1580 4715 faciem
1606 4659 1720 4728 Dei,

124 4772 299 4826 quam
334 4761 659 4826 praesentem
688 4752 958 4817 viderunt,
993 4752 1199 4806 scilicet
1228 4751 1589 4820 cognitionem
1628 4748 1724 4807 Dei

126 4851 448 4904 habuerunt
474 4862 489 4900 :
520 4856 575 4901 et
604 4861 670 4900 ne
715 4861 913 4900 novum
945 4844 1401 4914 intelligeremus,
1432 4843 1565 4898 dicit
1591 4861 1604 4897 :
1639 4862 1657 4895 ι
1690 4858 1723 4897 a

128 4940 280 4997 facie
305 4938 399 4993 Dei
428 4936 617 5003 Iacob,
654 4957 673 4988 ι
702 4936 756 4991 id
785 4943 891 5002 est,
921 4934 1010 4991 ille
1029 4935 1171 4991 Deus
1197 4950 1357 5006 quem
1396 4926 1722 5006 praesentem

128 5035 375 5091 vidimus
414 5032 470 5087 in
514 5016 771 5102 corpore,
808 5028 906 5084 fuit
954 5027 1044 5083 ille
1092 5027 1235 5084 Deus
1281 5043 1443 5098 quem
1480 5028 1724 5082 adoravit

130 5124 332 5181 Iacob.

221 5237 242 5268 ι
278 5215 379 5283 Qui
414 5204 605 5270 tDeus
650 5210 943 5269 ostendens
990 5212 1148 5269 nobis
1193 5211 1385 5268 faciem
1432 5226 1586 5267 suam
1631 5225 1730 5281 per

136 5307 492 5383 praesentiam
536 5305 800 5375 corporis,
830 5326 846 5356 ι
883 5305 1152 5359 convertit
1194 5313 1404 5374 petram
1429 5343 1444 5368 ,
1482 5323 1502 5355 ι
1539 5302 1592 5357 id
1621 5310 1727 5369 est,

136 5410 395 5476 petrosos
439 5394 674 5463 Iudaeos,
722 5397 787 5451 de
831 5397 1026 5468 quibus
1068 5392 1267 5451 dicitur
1301 5416 1312 5450 :
1352 5414 1371 5447 ι
1410 5398 1606 5451 Ροιεηε
1647 5400 1731 5450 εει

140 5495 296 5549 Deus
314 5492 381 5547 de
402 5480 666 5559 lapidibus
685 5488 804 5544 istis
832 5490 1096 5544 suscitare
1118 5486 1255 5549 ﬁlios
1270 5489 1497 5544 Abrahae
1513 5487 1595 5559 (Μ
1597 5488 1729 5543 uult.

145 5586 285 5653 ιιι),
314 5602 333 5636 ι
368 5583 422 5637 id
444 5590 546 5647 est,
590 5581 655 5635 de
702 5580 787 5634 his
827 5578 1029 5634 Iudaeis
1062 5597 1073 5632 :
1112 5580 1412 5645 convertit,
1446 5580 1589 5644 dico,
1624 5597 1641 5629 ‹
1676 5580 1734 5635 in

146 5684 345 5744 stagna
388 5686 673 5743 aquarum,
705 5691 723 5725 ι
758 5672 812 5727 id
834 5678 937 5737 est,
963 5678 1021 5725 ut
1048 5670 1159 5724 sint
1183 5681 1430 5741 stagnum
1456 5673 1739 5728 Continens

151 5783 349 5839 aquas,
375 5768 548 5832 idest,
564 5766 695 5821 ﬁant
724 5758 984 5829 Ecclesia,
1014 5765 1068 5818 in
1091 5779 1196 5835 qua
1224 5765 1566 5819 continentur
1587 5779 1739 5835 aquae

1877 2059 1897 2092 ι
1933 2040 2010 2094 Da
2040 2037 2287 2109 gloriam,
2320 2056 2339 2089 ι
2369 2035 2512 2101 dico,
2552 2054 2571 2086 ι
2605 2048 2769 2105 super
2801 2023 3178 2088 misericorria
3202 2035 3318 2091 tua,
3355 2043 3375 2077 ι

1804 2132 1861 2187 id
1887 2140 1988 2196 est,
2016 2131 2083 2185 de
2108 2130 2426 2186 remissione
2455 2137 2799 2199 peccatorum
2827 2132 2884 2181 et
2917 2123 3039 2178 aliis
3068 2120 3380 2176 misericor-

1802 2223 1949 2278 diter
1970 2222 2227 2291 impensis
2259 2238 2272 2273 :
2313 2229 2406 2275 tet
2431 2220 2660 2274 veritate
2689 2228 2802 2282 tua,
2838 2235 2857 2267 ι
2884 2215 2937 2270 id
2966 2221 3069 2279 est,
3102 2213 3167 2267 de
3196 2208 3384 2279 imple-

1808 2314 1954 2368 tione
2004 2312 2421 2382 promissionum
2456 2326 2472 2363 :
2516 2310 2591 2363 ita
2637 2309 2703 2363 da
2750 2307 2973 2377 gloriam
3016 2302 3221 2359 nomini
3259 2308 3381 2366 tuo,

1820 2423 1841 2457 ι
1868 2420 1936 2459 ne
1968 2404 2183 2475 quando
2207 2403 2389 2457 dicant
2419 2409 2607 2472 gentes
2638 2418 2650 2453 :
2682 2397 2784 2453 Ubi
2813 2405 2898 2452 est
2931 2395 3074 2450 Deus
3104 2391 3331 2449 eorum?
3360 2409 3381 2443 ι

1809 2497 2064 2566 quoniam
2090 2502 2284 2564 putant
2324 2491 2407 2546 vel
2452 2506 2553 2546 nos
2589 2500 2694 2545 non
2721 2489 2923 2544 habere
2964 2487 3131 2542 Deum
3156 2499 3179 2536 τ
3205 2480 3313 2548 vel,
3341 2479 3389 2536 si

1809 2589 2090 2652 habemus,
2128 2586 2481 2654 impotentem
2506 2596 2635 2639 eum
2657 2586 2869 2652 putant,
2891 2592 3014 2633 cum
3040 2589 3144 2631 nos
3170 2572 3391 2628 videant

1812 2694 2078 2751 pauperes
2107 2685 2162 2733 et
2188 2690 2480 2747 pannosus.

1877 2790 1897 2822 ι
1918 2770 2062 2826 Deus
2075 2777 2275 2824 autem.
2296 2787 2316 2819 ι
2332 2767 2534 2823 Gentes
2543 2771 2736 2836 putant
2749 2776 2850 2818 nos
2864 2776 2977 2818 non
2988 2762 3189 2816 habere
3199 2759 3389 2824 Deum,

1814 2861 1899 2916 vel
1924 2860 1968 2916 si
1996 2875 2157 2930 quem
2191 2858 2472 2922 habemus,
2501 2863 2692 2927 putant
2717 2869 2841 2909 eum
2868 2865 2989 2908 esse
3020 2852 3392 2920 impotentem,

1812 2953 1916 3010 sed
1948 2972 1969 3003 ι
2003 2952 2145 3006 Deus
2173 2958 2356 3005 noster
2388 2969 2411 3002 ο
2447 2957 2529 3003 εει
2564 2965 2586 2998 ι
2624 2947 2684 3001 in
2727 2945 2866 3001 cmlo
2896 2964 2915 2995 ι
2952 2944 3097 3014 quod
3142 2949 3391 3013 apparet,

1813 3047 1943 3118 quia
1977 3063 1996 3096 α
2034 3043 2214 3099 omnia
2241 3055 2576 3112 quascunque
2603 3038 2775 3093 voluit
2798 3037 2946 3092 fecit.
2978 3053 2998 3089 ι

1893 3155 1911 3187 ι
1935 3133 2255 3189 Simulacra.
2279 3152 2298 3185 ι
2326 3133 2463 3187 Pars
2482 3131 2663 3186 tertia.
2688 3129 2829 3184 Deus
2848 3136 3033 3183 noster
3046 3133 3132 3181 est
3154 3125 3211 3180 in
3233 3123 3395 3191 οωιο.

1814 3238 2008 3301 potens
2047 3243 2208 3299 super
2252 3227 2465 3291 omnia,
2493 3223 2685 3281 sed‘dii
2720 3241 2739 3273 ‹
2774 3222 3044 3294 gentium,
3082 3238 3101 3270 ›
3128 3218 3228 3288 qui
3271 3224 3400 3273 sunt

1820 3342 1841 3375 ι
1877 3321 2195 3383 simulacra,
2228 3328 2507 3390 argentum
2547 3334 2569 3372 ι
2602 3322 2729 3370 sunt
2763 3332 2785 3368 ι
2816 3323 2877 3370 ει
2917 3326 3109 3368 aurum
3143 3331 3167 3364 ι
3199 3325 3398 3367 secun-

1816 3415 1945 3470 dum
1976 3412 2279 3467 materiam.
2301 3410 2425 3464 Ideo
2448 3408 2570 3463 haec
2586 3408 2702 3462 duo
2721 3406 2875 3468 dicit,
2903 3418 3025 3475 qua
3040 3412 3174 3459 sunt
3192 3402 3399 3475 pretio-

1818 3507 1963 3563 siora
1995 3504 2236 3570 metalla,
2271 3504 2397 3573 quia
2425 3502 2470 3556 si
2496 3500 2719 3557 stultum
2750 3507 2833 3556 est
2857 3499 3083 3553 adorare
3112 3510 3305 3551 aureas
3340 3502 3400 3551 ἐι

1819 3607 2100 3670 argenteas
2131 3596 2422 3666 imagines,
2451 3594 2622 3649 multo
2650 3593 2865 3648 stultius
2890 3593 3125 3647 mare
3170 3590 3396 3656 ferreas,

1818 3690 1906 3746 vel
1931 3689 1999 3745 de
2033 3699 2355 3758 quocunque
2382 3684 2473 3739 vili
2506 3683 2742 3739 metallo.
2773 3682 3081 3737 Secunde-re
3114 3680 3400 3735 lvester-iam

1820 3791 1947 3839 sunt
1990 3789 2273 3852 argentum
2299 3789 2357 3832 et
2382 3793 2573 3833 aurum
2592 3818 2606 3842 ,
2636 3776 2929 3831 secundum
2951 3774 3401 3843 conipositionem

1819 3882 1945 3930 sunt
1973 3893 1993 3925 ‹
2029 3886 2193 3943 opera
2218 3884 2473 3925 manuum
2498 3867 2775 3923 hominum
2803 3882 2816 3919 :
2849 3886 2866 3918 ι
2886 3875 2949 3921 et
2966 3865 3026 3921 in
3056 3865 3159 3920 hoc
3185 3871 3404 3919 natatur

1818 3965 2055 4019 maxima
2109 3974 2299 4017 eorum
2344 3959 2595 4022 stultitia,
2626 3957 2773 4028 quod
2795 3972 2862 4013 ea
2894 3970 3013 4029 qua:
3041 3957 3143 4029 ipsi
3173 3956 3397 4023 faciunt,

1820 4058 1973 4126 quasi
2005 4055 2316 4111 Creatorem
2345 4068 2503 4107 suum
2533 4058 2880 4105 venerantur.

1891 4166 1959 4225 Et
1990 4178 2049 4224 ut
2075 4168 2314 4225 maxime
2354 4166 2598 4223 derideat
2642 4165 3049 4221 idololatrar'um
3093 4163 3398 4230 Stultitiam,

1823 4263 2084 4320 describit
2112 4261 2524 4317 simulacrorum
2567 4260 2936 4330 impotentiam
2960 4300 2976 4326 ,
3009 4258 3197 4315 dicens
3226 4277 3239 4312 :
3273 4279 3290 4309 ι
3330 4258 3405 4313 Os

1822 4356 2046 4421 habent,
2072 4375 2103 4421 ,ι
2155 4354 2298 4424 quod
2341 4353 2544 4407 faciunt
2577 4350 2696 4420 ejus
2726 4352 2981 4417 artifices,
3016 4369 3036 4402 ι
3072 4364 3126 4407 et
3171 4367 3277 4407 non
3324 4344 3406 4407 io-

1822 4456 2076 4521 quentur,
2101 4446 2290 4503 oculos
2325 4445 2526 4500 habent
2554 4452 2608 4499 et
2638 4459 2742 4498 non
2770 4442 3042 4497 videbunt.
3079 4463 3096 4494 ι

1903 4586 1920 4614 σι
1961 4562 2136 4619 Aures
2166 4562 2389 4624 habent,
2422 4566 2475 4613 et
2502 4572 2608 4613 non
2635 4555 2889 4620 audient;
2919 4569 3080 4610 nares
3104 4555 3326 4621 habent,
3351 4568 3408 4613 et

1837 4673 1855 4705 ‹
1889 4668 1997 4709 non
2035 4651 2357 4709 odorabunt.
2387 4648 2576 4702 Manus
2604 4646 2827 4710 habent,
2855 4654 2909 4700 et
2937 4659 3044 4700 non
3072 4645 3402 4716 palpabunt;

1837 4766 1855 4799 ι
1889 4746 2053 4817 pedes
2088 4746 2306 4809 habent,
2338 4748 2394 4796 et
2420 4755 2527 4796 non
2552 4736 2923 4794 ambulabunt.
2948 4756 2966 4790 ι
2995 4736 3113 4793 Non
3143 4739 3263 4797 dico
3286 4750 3407 4795 tan-

1833 4845 1946 4891 tum
1972 4852 2080 4891 non
2114 4834 2402 4905 loquentur
2424 4830 2568 4884 sicut
2590 4827 2856 4893 homines,
2879 4825 2972 4883 sed
3007 4845 3027 4878 ι
3060 4843 3163 4885 non
3206 4829 3408 4885 clama-

1832 4930 1965 4985 bunt
2015 4947 2034 4979 ›
2080 4927 2223 4983 sicut
2272 4922 2514 4993 quaedam
2558 4912 2957 4974 irrationabilia
3004 4920 3252 4975 animalia
3297 4938 3309 4973 :
3352 4923 3407 4975 in

1833 5035 1940 5090 quo
1968 5018 2202 5073 maxime
2226 5029 2416 5070 eorum
2447 5011 2655 5067 deridet
2680 5010 2987 5075 stultitiam,
3014 5012 3102 5080 qui
3129 5011 3254 5066 talia
3278 5013 3407 5071 ado—

1835 5119 1977 5175 rant,
2004 5125 2124 5179 quae
2147 5122 2246 5162 nec
2278 5105 2514 5162 clamare
2540 5103 2752 5175 possint
2780 5102 2920 5157 sicut
2965 5101 3098 5155 asini
3136 5102 3220 5157 vel
3260 5119 3409 5175 quae.

1833 5205 1963 5260 libet
2016 5197 2407 5256 irrationabilia
2453 5195 2723 5250 animalia.
2768 5194 2898 5249 Dico
2937 5208 3043 5247 non
3076 5193 3401 5262 clamabunt,

1836 5296 1909 5350 ita
1943 5292 2163 5364 quidem
2204 5290 2345 5360 quod
2374 5308 2391 5340 ι
2436 5290 2489 5343 in
2515 5297 2730 5360 gutture
2760 5301 2859 5341 suo
2894 5306 2915 5339 ι
2946 5286 3183 5345 clament
3213 5304 3227 5343 :
3264 5293 3406 5360 quod

1837 5388 1955 5443 ideo
1983 5385 2135 5450 dicit,
2168 5383 2293 5464 quia
2321 5380 2640 5452 quandoque
2665 5381 2720 5434 in
2746 5377 3116 5448 hujuscemodi
3149 5382 3306 5440 idolis
3332 5386 3407 5442 lo-

1837 5487 2076 5548 quuntur
2101 5476 2384 5532 daemonia.

1914 5599 1932 5631 ι
1968 5578 2187 5637 Similes
2212 5578 2318 5633 illis
2346 5576 2480 5632 ﬁant
2519 5575 2610 5645 qui
2652 5573 2859 5630 faciunt
2885 5590 2981 5643 ea,
3020 5595 3040 5630 ι
3086 5578 3137 5632 id
3166 5588 3248 5634 est
3281 5582 3410 5634 arti-

1840 5674 1970 5728 fices
1993 5671 2256 5727 idolorum
2279 5683 2296 5724 :
2321 5668 2464 5740 quod
2493 5667 2631 5722 sicut
2655 5666 2742 5720 illa
2759 5682 2865 5722 non
2889 5666 3091 5733 vident,
3118 5684 3218 5725 nec
3247 5671 3411 5725 alium

1845 5768 2044 5822 habent
2083 5780 2301 5821 sensum
2338 5758 2705 5830 corporalem,
2761 5760 2830 5814 ita
2884 5760 3113 5817 factores
3148 5763 3413 5821 idolorum

152 5862 416 5935 baptismi
461 5880 473 5916 :
518 5873 573 5918 et
624 5876 732 5918 non
787 5868 993 5917 tantum
1040 5857 1309 5914 convertit
1353 5857 1596 5927 Iudaeos,
1647 5859 1741 5914 sed
1843 5859 2121 5929 priventur
2145 5858 2292 5912 omni
2320 5855 2501 5924 vigore
2530 5852 2721 5907 animas
2751 5868 2763 5905 ς
2798 5870 2814 5901 ε
2854 5861 2908 5907 ει
2938 5872 2955 5905 ›
2989 5870 3097 5911 non
3121 5856 3294 5914 solum
3319 5860 3413 5930 qui
