3898 6480
528 468 624 525 591

990 454 1339 515 HAYMONIS
1380 448 1857 508 HALBERSTAT.
1903 446 2116 503 EPISC.
2158 444 2310 502 OPP.
2353 438 2534 496 PARS
2567 438 2611 493 1.
2637 466 2706 477 --
2744 432 3101 492 COMMENT.
3134 431 3306 488 BlBL.

3698 428 3792 484 59!

523 578 729 632 faciunt
756 592 841 641 ea,
860 572 953 628 sed
983 591 999 622 ι
1034 584 1221 626 omnes
1241 568 1332 638 qui
1358 565 1639 622 conﬁdunt
1661 565 1716 619 in
1730 564 1834 630 eis,
1863 582 1880 614 ι
1909 563 1960 618 id
1986 569 2091 626 est,
2122 566 2175 625 Α
2203 554 2394 627 (Eccli.
2423 552 2535 624 xv).
2569 569 2588 603 ι
2618 547 2771 606 Unde
2808 543 3302 641 Psalmistaalibi:
3338 561 3357 594 ‹

520 672 614 741 qui
645 669 713 725 ab
743 668 824 723 cis
850 665 1002 737 quasi
1034 680 1064 718 a
1093 663 1204 717 Deo
1231 668 1420 731 petunt
1447 657 1728 713 auxilium.

590 760 794 816 Gentes
816 763 1093 829 sperantes
1114 754 1169 808 in
1191 749 1497 820 huiusmodi
1519 748 1675 805 idolis
1705 746 1840 803 nihil
1865 743 2093 816 proﬁcui

520 855 849 918 habuerunt,
878 848 974 906 sed
1002 868 1021 899 ι
1053 846 1263 910 domus,
1296 863 1315 896 ι
1350 843 1406 898 id
1441 849 1526 899 est
1566 838 1933 911 congregatio,
1963 857 1980 889 ‹
2007 835 2088 891 ls-

520 945 656 1010 rael,
689 962 709 995 »
740 942 795 998 id
836 947 921 997 est
963 935 1256 994 Christiani
1296 931 1513 1005 populi,
1551 948 1571 983 ι
1604 929 1844 1001 speravit
1890 929 1944 982 in
1986 925 2094 981 Do-

522 1038 687 1101 mino,
721 1054 740 1087 ι
772 1042 829 1090 et
848 1032 964 1103 ipse
988 1040 1070 1086 est
1096 1048 1114 1081 ι
1161 1027 1374 1097 adjutor
1412 1037 1602 1079 eorum
1633 1041 1651 1073 ι
1684 1022 1752 1076 ad
1796 1020 1933 1075 bene
1959 1033 2091 1088 ope-

520 1128 767 1193 randum,
795 1145 814 1176 ‹
856 1130 911 1179 et
928 1128 1206 1194 protector
1229 1132 1417 1173 eorum
1440 1123 1524 1171 est
1555 1135 1575 1167 ι
1608 1122 1796 1170 contra
1821 1111 1982 1167 mala.

593 1238 611 1270 ‹
648 1220 848 1274 Domus
875 1215 1080 1279 Aaron,
1112 1231 1131 1264 ι
1159 1211 1216 1266 id
1243 1218 1329 1265 est
1346 1206 1693 1278 congregatio
1724 1205 2089 1269 sacerdotum,

521 1332 539 1363 ρ
583 1309 818 1383 speravit
844 1309 900 1363 in
927 1305 1176 1369 Domino,
1205 1323 1225 1356 ι
1252 1310 1305 1356 et
1328 1316 1437 1357 non
1459 1299 1578 1356 sine
1600 1299 1798 1364 fructu,
1825 1296 1921 1353 sed
1951 1315 1969 1347 ‹
1998 1295 2092 1350 ad-

509 1404 660 1474 jutor
686 1414 872 1458 eorum
894 1403 958 1454 'et
979 1401 1253 1468 protector
1280 1408 1468 1448 eorum
1496 1401 1598 1447 est.
1634 1410 1654 1442 ι

590 1492 730 1560 Quid
750 1506 850 1561 per
874 1486 1117 1559 singula?
1138 1484 1338 1541 Omnes
1358 1483 1425 1538 de
1443 1494 1761 1552 quacunque
1786 1478 2092 1535 conditione

526 1605 543 1635 ‹
580 1584 673 1653 qui
714 1581 908 1636 timent
948 1576 1254 1641 Dominum,
1279 1580 1636 1645 speraverunt
1663 1571 1719 1626 in
1758 1570 1986 1626 Domino
2016 1588 2029 1623 :
2064 1588 2086 1621 ι

518 1684 573 1729 et
602 1672 857 1728 auxilium
902 1670 957 1725 in
994 1685 1059 1725 eo
1087 1667 1423 1731 invenerunt,
1455 1664 1583 1735 quia
1611 1681 1629 1715 ι
1662 1662 1876 1733 adiutor
1901 1676 2091 1718 eorum

519 1777 573 1824 υι
598 1773 871 1839 ριόιθειοιι
896 1777 1084 1819 eorum
1112 1768 1212 1816 est.
1246 1779 1265 1813 ι

588 1857 656 1912 Et
698 1857 841 1926 quod
882 1853 987 1909 fuit
1027 1861 1211 1909 noster
1238 1849 1471 1919 adjutor,
1498 1864 1605 1904 non
1639 1846 1741 1901 fuit
1774 1861 1843 1901 ex
1881 1844 2090 1900 meritis

2193 650 2273 704 xit
2294 649 2435 704 Deus
2461 663 2475 701 :
2501 664 2520 697 ‹
2550 643 2730 712 Quare
2754 650 2812 697 tu
2849 654 3073 696 enarras
3106 637 3344 707 justitias
3371 649 3538 690 meas
3564 633 3593 686 ἲ
3628 630 3786 704 (Paul.

2193 744 2343 816 thx)
2373 764 2392 797 ι
2424 763 2442 796 ι
2473 756 2649 813 neque
2675 754 2883 805 omnes,
2918 756 2935 792 ι
2966 737 3020 792 id
3041 744 3126 791 est
3154 750 3261 790 non
3290 746 3491 788 omnes
3521 730 3632 795 illi,
3663 748 3684 781 ι
3712 730 3788 801 qui

2194 836 2531 894 descendunt
2552 835 2606 889 in
2629 831 2919 887 infernum.
2960 848 2979 882 ι
3010 827 3192 898 Aliqui
3217 832 3404 881 autem
3430 823 3786 878 laudaveram

2194 929 2249 984 in
2275 925 2514 992 inferno,
2547 924 2686 980 sicut
2726 921 3022 994 prophetae,
3052 926 3109 974 et
3143 916 3234 973 alii
3270 914 3412 986 justi
3443 920 3589 969 ante
3609 914 3781 969 adven-

2192 1030 2306 1076 tum
2348 1017 2569 1074 Christi.

2265 1094 2463 1166 Mortui
2508 1124 2620 1166 non
2673 1108 2987 1174 laudabunt,
3022 1126 3043 1159 ‹
3068 1106 3165 1163 sed
3192 1119 3291 1161 nos
3333 1102 3437 1173 qui
3481 1100 3771 1163 virium”

2191 1216 2321 1258 vera
2345 1203 2473 1268 vita,
2515 1200 2724 1257 scilicet
2762 1201 2818 1256 in
2853 1198 3160 1263 virtutibus,
3209 1214 3228 1248 ι
3267 1193 3665 1251 benedicimus
3699 1192 3775 1247 De

2191 1296 2355 1357 mino,
2395 1311 2415 1345 ι
2444 1293 2498 1347 id
2524 1302 2629 1357 est,
2655 1291 2971 1362 incipientes
2997 1308 3018 1343 ι
3044 1304 3112 1346 ex
3147 1289 3249 1343 hoc
3268 1301 3443 1350 nunc,
3480 1304 3504 1337 ι
3534 1284 3594 1338 id
3620 1292 3769 1347 estet
3866 1302 3867 1305 η

2193 1383 2656 1454 hocpraesenti,et
2670 1389 3081 1454 perseverantes
3107 1381 3163 1436 in
3194 1378 3455 1453 laudibus
3486 1376 3596 1432 Dei
3616 1376 3765 1440 solius,
3866 1416 3867 1435 ἶ

2198 1493 2218 1527 ‹
2243 1488 2416 1545 usque
2450 1473 2509 1530 in
2538 1473 2795 1530 sarculum
2824 1493 2843 1527 ι
2870 1474 3137 1539 futurum,
3180 1471 3234 1527 id
3276 1479 3384 1538 est,
3417 1470 3477 1525 in
3510 1480 3762 1526 aetatium.

2647 1613 2717 1670 IN
2753 1611 3082 1670 PSALMUM
3132 1610 3311 1668 CXIV.

2695 1726 2954 1784 Tt't'ULus.
2999 1725 3246 1780 Alleluia.

2269 1879 2288 1912 ι
2326 1859 2500 1918 Dilexi
2527 1858 2801 1928 quoniam.
2842 1877 2860 1910 ι
2891 1854 3161 1927 Loquitur
3200 1854 3497 1926 propheta,
3547 1863 3608 1909 et
3638 1854 3752 1909 habet

518 1949 720 2006 ιιοδιϊίε
746 1990 761 2017 ,
805 1948 897 2005 86d
945 1962 1043 2018 per
1096 1943 1530 2001 misericordiam
1576 1956 1727 1996 suam
1772 1960 1789 1993 (
1833 1940 2093 1996 Dominus
2118 1929 2168 1990 B
2197 1950 2485 2008 materiam
2517 1949 2780 2020 seipsum,
2811 1957 2867 2004 ει
2894 1947 3029 2003 alios
3055 1960 3372 2011 conversos,
3421 1953 3483 2001 et
3518 1946 3749 2001 ειθυῶιρς

517 2056 726 2097 memor
753 2039 857 2095 fuit
897 2038 1089 2105 nostri,
1124 2058 1143 2090 ι
1177 2037 1321 2106 quod
1364 2034 1598 2091 maxime
1634 2042 1857 2105 apparet
1887 2049 1955 2089 ex
1992 2034 2095 2088 hoc

518 2133 663 2202 quod
690 2131 888 2186 Filium
909 2145 1066 2185 suum
1090 2143 1189 2200 pro
1213 2136 1402 2184 nostra
1427 2126 1797 2196 redemptione
1824 2125 2094 2180 iucarnari

518 2223 666 2289 fecit,
697 2241 715 2273 ‹
743 2231 799 2278 et
824 2220 1097 2278 benedixit
1122 2220 1296 2285 nobis,
1334 2238 1353 2272 ι
1382 2219 1436 2275 id
1461 2227 1568 2287 est,
1592 2204 1966 2288 multiplicavit
1992 2232 2092 2271 nu-

522 2331 674 2371 mero
695 2323 749 2370 et
774 2314 1084 2369 virtutibus.

588 2407 653 2461 Et
686 2407 880 2477 quibus
902 2404 1145 2475 nobisne
1173 2403 1452 2459 Benedixlt
1479 2404 1664 2459 domui
1706 2403 1871 2459 Israel
1889 2442 1904 2469 ,
1932 2403 2096 2457 bene-

517 2499 655 2555 dixit
678 2499 859 2555 domui
883 2498 1104 2555 Aaron:
1146 2517 1165 2555 ι
1196 2507 1252 2552 et
1279 2496 1445 2553 etiam
1483 2514 1501 2547 ι
1538 2496 1819 2552 benedixit
1842 2496 2095 2551 omnibus

516 2591 609 2662 qui
636 2590 828 2644 timent
848 2589 1135 2645 Dominum
1168 2607 1181 2642 :
1222 2609 1241 2641 ι
1272 2604 1449 2658 neque
1476 2588 1580 2643 hoc
1622 2595 1833 2643 tantum
1863 2589 2097 2657 potenti—

516 2685 618 2740 bus
638 2683 841 2750 saeculi,
865 2682 961 2739 sed
993 2701 1014 2734 ε
1045 2681 1272 2754 pusillis,
1312 2701 1331 2735 ι
1367 2680 1660 2739 secundum
1684 2690 1883 2738 statum
1914 2681 2097 2737 huma-

515 2790 648 2829 num
676 2794 694 2826 ι
728 2788 853 2829 cum
897 2772 1193 2843 majoribus
1218 2813 1234 2841 ,
1266 2793 1286 2827 ι
1326 2772 1411 2828 vel
1455 2760 1687 2843 pusillis
1710 2781 1766 2829 et
1801 2771 2097 2842 majoribus

516 2865 813 2922 secundum
841 2866 1057 2922 merita.

586 2958 846 3013 Dominus
873 2957 990 3013 haec
1017 2957 1281 3013 beneﬁcia
1306 2956 1435 3013 fecit
1467 2957 1644 3023 nobis,
1670 2965 1726 3012 et
1746 2957 1923 3013 adhuc
1951 2976 1969 3007 ι
2004 2957 2096 3011 ad-

511 3048 669 3119 jiciat
695 3040 959 3105 Dominus
987 3066 1007 3100 ι
1034 3047 1486 3113 benedictionem,
1506 3047 1593 3103 vel
1622 3046 1856 3103 ﬁliorum
1884 3063 2097 3103 succes—

517 3138 727 3196 sionem
747 3182 762 3207 ,
798 3159 817 3191 ι
851 3153 1012 3209 super
1041 3153 1169 3204 vos,
1199 3158 1218 3191 ι
1268 3153 1559 3195 conversos
1607 3138 1676 3194 de
1714 3138 1914 3194 Iudaeis
1958 3156 1971 3193 :
2014 3138 2097 3194 vel

521 3245 683 3301 super
715 3246 814 3287 nos
834 3245 1124 3286 conversos
1151 3229 1218 3285 de
1245 3230 1511 3303 gentibus,
1544 3229 1630 3285 vel
1658 3246 1821 3302 super
1841 3230 2091 3300 majores,

522 3323 606 3378 vel
656 3338 817 3396 super
858 3337 957 3379 vos
1005 3321 1229 3394 pusillos
1278 3322 1544 3393 adjiciat:
1584 3340 1604 3373 ε
1651 3330 1708 3377 et
1753 3337 1914 3393 super
1957 3322 2096 3379 ﬁlios

520 3422 729 3470 vestros
783 3434 802 3468 ι
856 3412 1287 3470 benedictionem
1312 3454 1328 3479 ,
1378 3412 1464 3469 vel
1509 3410 1745 3470 ﬁliorum
1797 3414 2094 3470 successio-

521 3521 671 3563 nem.
1480 3508 1488 3516 ’

592 3597 726 3653 Dico
761 3615 782 3649 ι
809 3596 1049 3669 adjiciat,
1071 3616 1090 3649 ι
1121 3606 1176 3653 et
1205 3612 1333 3659 vere
1361 3595 1594 3665 adiiciet,
1623 3596 1751 3667 quia
1775 3614 1795 3648 ‹
1823 3611 1919 3651 vos
1946 3616 1964 3649 ι
1985 3597 2096 3651 eri-

522 3691 595 3747 tis
627 3708 648 3742 ‹
681 3689 973 3757 benedicti,
1027 3708 1047 3743 ι
1080 3689 1137 3744 id
1172 3698 1256 3746 est
1290 3687 1631 3759 multiplicati
1670 3688 1728 3743 in
1766 3688 2092 3744 virtutibus:

519 3781 704 3838 ethoc
734 3799 753 3833 ‹
782 3795 814 3835 a
831 3778 1080 3847 Domino,
1117 3800 1138 3834 ι
1168 3778 1221 3834 id
1246 3787 1352 3846 est,
1376 3779 1442 3834 ad
1458 3778 1719 3834 honorem
1731 3776 1963 3844 Domini,
1989 3793 2099 3833 non

520 3874 589 3929 ad
615 3873 842 3943 gloriam
862 3872 1067 3929 vestri:
1094 3873 1187 3942 qui
1211 3872 1348 3928 bene
1373 3880 1551 3942 potest
1578 3871 1762 3928 ﬁdeles
1790 3887 1917 3927 suos
1939 3872 2101 3927 bene-

520 3966 722 4031 dicere,
752 3964 879 4034 quia
907 3964 1024 4034 ipse
1061 3970 1146 4018 est
1179 3980 1201 4013 ι
1232 3963 1325 4031 qui
1357 3962 1487 4018 fecit
1513 3962 1709 4017 caelum
1738 3970 1793 4017 et
1820 3972 2042 4028 terram,
2075 3981 2094 4015 ι

520 4056 591 4111 ad
617 4055 873 4111 litteram.

597 4166 616 4198 ι
638 4145 847 4202 Caelum
875 4144 1021 4210 cmli,
1049 4162 1069 4196 ι
1101 4144 1158 4199 id
1185 4152 1288 4209 est,
1336 4158 1647 4214 supremum
1694 4143 1909 4210 cmlum,
1956 4143 2103 4200 dedit

531 4259 547 4287 ο
584 4236 832 4300 Domino,
869 4252 889 4287 ι
929 4234 983 4290 id
1010 4241 1095 4289 est
1121 4231 1269 4300 Iesu,
1293 4232 1346 4288 in
1376 4248 1484 4304 quo
1512 4236 1625 4303 ipse
1649 4241 1929 4305 regnaret;
1958 4251 1977 4286 ‹
1998 4241 2105 4289 ter-
2158 4266 2169 4277 ι

525 4341 642 4381 ram
673 4332 851 4380 autem
874 4323 1023 4380 dedit
1062 4323 1187 4379 ﬁliis
1212 4323 1508 4391 hominum,
1547 4342 1566 4376 ι
1594 4324 1647 4378 in
1675 4338 1779 4393 qua
1818 4324 1929 4380 Deo
1957 4324 2101 4379 mili-

526 4426 722 4485 tarent,
772 4425 827 4473 et
873 4417 997 4474 caeli
1041 4415 1429 4472 habitationem
1485 4424 1940 4487 promererentur.
1999 4415 2104 4472 Per

530 4527 549 4560 ι
575 4508 772 4565 coelum
805 4506 929 4562 coeli
965 4527 985 4561 ι
1015 4522 1301 4579 possumus
1346 4506 1744 4563 ﬁrmamentum
1780 4508 2100 4580 intelligere,

522 4598 668 4668 quod
697 4595 937 4653 continet
962 4594 1098 4650 alios
1131 4594 1321 4660 caelos,
1349 4594 1556 4659 scilicet
1592 4597 1840 4666 regiones
1861 4596 2104 4667 planeta-

2198 2043 2263 2100 de
2282 2041 2541 2112 peccatis,
2564 2048 2621 2096 et
2643 2048 2863 2096 orantes
2888 2054 2985 2110 pro
3005 2038 3235 2109 reliquo,
3264 2036 3322 2092 id
3340 2044 3453 2104 est,
3476 2051 3588 2107 pro
3605 2047 3745 2091 auersa

2197 2135 2308 2190 vita
2334 2153 2346 2188 :
2376 2143 2432 2189 et
2452 2134 2509 2189 in
2542 2133 2718 2204 prima
2758 2140 2913 2202 parte
2935 2130 3174 2187 ostendit
3197 2131 3344 2201 quod
3368 2145 3504 2185 eum
3541 2130 3599 2183 in
3621 2145 3743 2199 peras

2200 2226 2268 2281 tis
2306 2226 2516 2291 fuisset,
2544 2224 2770 2280 immisit
2799 2224 2942 2279 Deus
2982 2221 3183 2278 multas
3229 2220 3645 2285 tribulationes,
3668 2236 3742 2289 qu

2198 2325 2491 2390 coegerunt
2526 2332 2653 2373 eum
2696 2315 2933 2372 clamare
2981 2330 3082 2386 pro
3137 2314 3403 2384 peccatis,
3450 2324 3513 2370 et
3563 2314 3747 2369 clamans

2199 2411 2485 2467 exauditus
2529 2418 2631 2466 est.
2674 2407 2734 2464 ln
2784 2408 3020 2464 secunda
3049 2414 3220 2479 parte,
3269 2421 3393 2476 qua
3445 2406 3659 2476 incipit:
3682 2403 3750 2458 «0

2204 2504 2451 2571 Domine,
2478 2504 2648 2559 libera
2693 2503 2930 2558 animam
2969 2515 3167 2566 meam,
3218 2520 3236 2552 ›
3273 2499 3392 2567 jam
3417 2498 3747 2556 exauditnsde

2196 2593 2461 2666 peccatis,
2519 2591 2652 2663 petit
2689 2590 2832 2661 quod
2880 2590 3162 2646 residuum
3211 2588 3317 2645 sibi
3366 2590 3550 2653 videt,

2201 2687 2366 2741 vitam
2397 2692 2672 2741 :eternam.
2717 2683 2946 2738 Intentio
2990 2689 3074 2737 est
3123 2689 3183 2735 ut
3217 2695 3316 2751 pro
3349 2679 3451 2735 tali
3483 2680 3746 2736 liberalium

2198 2778 2427 2834 Domino
2456 2774 2670 2831 alleluia
2710 2789 2833 2830 cum
2868 2772 3227 2829 exsultatione
3249 2780 3564 2827 cantemus.

2269 2868 2407 2922 Dum
2433 2865 2619 2922 multis
2642 2865 2881 2921 monitus
2916 2862 3359 2919 tribulationibus
3401 2861 3682 2918 clamarem
3700 2857 3743 2910 ad

2200 2963 2487 3020 Dominum
2527 2974 2626 3031 pro
2671 2958 2930 3029 peccatis,
2972 2956 3250 3012 exaudivit
3284 2971 3377 3011 me
3419 2955 3745 3009 Dominuszet

2199 3054 2455 3126 quoniam
2484 3049 2780 3117 exaudivit,
2812 3049 2974 3106 dilexi
3001 3048 3307 3104 Dominum.
3341 3047 3560 3103 Dicitur
3578 3044 3745 3101 dilectis

2200 3144 2300 3198 Dei
2327 3142 2536 3198 duobus
2562 3138 3013 3205 modis,liberalis
3039 3146 3097 3192 et
3120 3136 3355 3192 servilis.
3389 3135 3633 3200 Servilis,
3660 3148 3746 3187 cum

2197 3253 2298 3310 pro
2329 3235 2488 3293 bonis
2518 3233 2902 3305 temporalibus
2928 3231 3097 3286 Deum
3128 3230 3425 3301 diligimus,
3454 3245 3572 3300 qua
3592 3240 3751 3299 parum

2200 3334 2353 3399 grata
2389 3333 2475 3382 est
2501 3324 2637 3390 Deo,
2675 3323 2799 3392 quia
2826 3322 2990 3377 etiam
3021 3320 3101 3376 sic
3140 3319 3377 3392 diligunt
3414 3335 3529 3375 eum
3557 3316 3754 3389 quilibet

2197 3416 2437 3490 pessimi.
2486 3413 2751 3471 Liberalis
2794 3420 2879 3469 est
2917 3410 3152 3478 dilectio,
3192 3426 3300 3481 qua
3353 3411 3507 3466 Deum
3550 3413 3751 3478 propter

2198 3510 2437 3582 seipsum
2481 3507 2775 3580 diligimus,
2806 3521 2907 3562 nec
2940 3507 3008 3560 ab
3035 3521 3102 3561 eo
3130 3503 3313 3574 aliqua
3340 3501 3669 3559 tribulatione
3682 3513 3753 3553 se-

2192 3599 2345 3673 jungi
2368 3614 2673 3671 possumus.
2692 3596 2847 3654 Unde
2867 3596 3155 3667 Apostolus
3180 3612 3195 3653 :
3218 3614 3237 3647 ‹
3276 3594 3463 3665 Neque
3488 3610 3652 3656 mors,
3677 3607 3747 3645 ae-

2199 3709 2305 3764 que
2333 3693 2465 3758 vita,
2497 3707 2673 3760 neque
2709 3697 2961 3747 creatura
2997 3689 3099 3743 alia
3128 3697 3307 3758 potest
3333 3703 3432 3744 nos
3460 3700 3709 3759 separare
3728 3698 3751 3734 ξ

2202 3781 2573 3839 charitateDei
2590 3780 2761 3853 (Rom.
2785 3780 2926 3853 vni).
2952 3799 2971 3834 ι
2992 3778 3124 3846 Quae
3141 3778 3351 3835 dilectio
3368 3786 3617 3848 estgrata
3638 3776 3761 3831 Deo:

2201 3884 2256 3930 et
2282 3875 2384 3930 hoc
2418 3889 2615 3945 genere
2643 3872 2948 3928 dilectionis
2983 3872 3167 3941 justus
3207 3870 3287 3927 ille
3321 3868 3600 3925 tribulatus
3640 3868 3772 3923 dicit

2201 3984 2261 4025 se
2291 3970 2460 4025 Deum
2487 3968 2710 4039 diligere
2734 3986 2745 4021 :
2777 3967 2896 4022 ideo
2929 3988 2946 4018 ι
2978 3966 3165 4033 dilexi,
3195 3964 3434 4036 quoniam
3462 3962 3584 4031 ipse
3608 3976 3769 4016 exau—

2203 4061 2315 4117 diet
2351 4060 2523 4127 Deus,
2552 4080 2572 4112 ι
2609 4060 2665 4116 id
2687 4066 2802 4125 est,
2828 4058 2964 4115 sicut
2993 4058 3110 4130 ipse
3136 4056 3355 4122 audivit,
3382 4054 3460 4110 sic
3485 4052 3766 4109 ineundi-

2207 4152 2355 4209 tione
2393 4151 2803 4223 perseveravit:
2839 4170 2857 4203 ‹
2892 4166 3080 4207 vocem
3105 4149 3364 4207 orationis
3395 4163 3554 4204 mea.
3579 4168 3601 4201 ι

2276 4245 2401 4301 Ideo
2426 4245 2539 4301 scio
2567 4245 2711 4316 quod
2738 4243 3012 4311 exaudiet,
3039 4264 3058 4295 ι
3090 4243 3217 4313 quia
3243 4241 3531 4298 inclinavit
3566 4260 3586 4293 ε
3616 4240 3757 4310 jam:

2207 4353 2397 4394 aurem
2414 4352 2569 4393 suam
2592 4337 2749 4404 mihi,
2786 4357 2805 4389 ›
2833 4337 2888 4392 id
2909 4346 3010 4403 est,
3029 4335 3513 4393 condescendendo
3544 4344 3602 4391 et
3615 4334 3763 4390 humi

2207 4431 2387 4487 liando
2412 4445 2565 4485 suam
2593 4429 2935 4486 clementiam
2955 4436 3011 4484 et
3032 4427 3351 4498 potentiam,
3380 4441 3473 4482 me
3498 4426 3761 4483 liberavit:

2214 4541 2233 4574 ι
2267 4528 2324 4578 et
2356 4542 2375 4574 ›
2399 4522 2526 4593 quia
2550 4521 2628 4577 sic
2668 4519 2967 4584 inclinavit,
2996 4519 3075 4575 sic
3102 4518 3402 4585 exaudivit,
3438 4518 3567 4575 ideo
3594 4538 3611 4571 α
3642 4518 3764 4572 invo-

2210 4611 2347 4667 cabo
2376 4629 2396 4662 ›
2430 4626 2575 4675 eum,
2604 4617 2665 4664 ut
2702 4624 2788 4664 me
2815 4623 3164 4679 perseverare
3193 4608 3361 4663 faciat
3383 4608 3445 4663 in
3484 4608 3720 4665 custodia
3740 4620 3763 4656 ε

523 4659 662 4755 rum,
691 4689 760 4745 de
784 4704 892 4759 quo
917 4686 1156 4757 deiectus
1177 4688 1279 4743 fuit
1306 4659 1567 4745 diabolus.
1608 4659 1698 4745 vét
1727 4706 1824 4760 per
1855 4659 1881 4742 ἶ
1903 4691 2101 4747 ctelum
2129 4659 2184 4719 Β
2205 4659 2575 4771 ἆξῷίίεῒ
2591 4659 2845 4756 ’ξιξ

500 4779 647 4836 coeli
681 4797 702 4832 ι
730 4793 1014 4848 possumus
1049 4778 1349 4850 intelligere
1386 4777 1529 4835 aliud
1575 4779 1770 4836 etelum
1813 4796 1973 4852 supra
2012 4781 2102 4837 ﬂr-

527 4879 883 4937 mamentum,
916 4872 984 4927 ad
1015 4871 1180 4942 quod,
1210 4879 1271 4926 ut
1301 4870 1431 4926 dicit
1469 4870 1849 4944 Hieronymus,
1886 4874 2104 4929 anhela-

527 4963 621 5019 bat
647 4961 910 5029 diabolus,
947 4970 1002 5017 et
1026 4962 1147 5019 ideo
1174 4962 1276 5017 fuit
1298 4963 1569 5033 dejectus:
1601 4965 1743 5034 quod
1775 4965 1971 5020 coelum
2001 4967 2104 5022 Do-

526 5053 709 5108 minus
739 5053 884 5109 dedit
918 5052 1151 5108 Christo.
1182 5052 1480 5123 Allegoria:
1508 5053 1613 5110 Per
1640 5073 1657 5107 ι
1690 5055 1884 5111 coelum
1929 5057 2052 5115 coeli
2079 5077 2097 5110 ι

524 5159 809 5215 possumus
840 5142 1141 5215 intelligere
1187 5140 1404 5198 altiores
1453 5145 1506 5198 iu
1541 5144 1798 5210 Ecclesia,
1854 5148 1947 5217 qui
1968 5148 2103 5203 alios

527 5234 810 5289 continent
845 5244 899 5289 et
921 5244 1117 5304 regunt
1138 5250 1157 5287 :
1182 5234 1428 5307 quisunt
1451 5234 1563 5291 dati
1589 5236 1834 5303 Domino,
1878 5239 2005 5308 quia
2047 5239 2100 5293 in

527 5328 609 5383 eis
636 5328 941 5398 specialiter
972 5328 1230 5385 Dominus
1258 5329 1481 5384 habitat.
1519 5329 1623 5386 Per
1663 5342 1863 5389 terram
1907 5333 2104 5403 accipi-

528 5431 651 5471 mus
692 5416 929 5472 minores
962 5416 1018 5471 in
1061 5416 1322 5485 Ecclesia,
1350 5420 1441 5488 qui
1493 5434 1600 5474 non
1648 5429 1858 5477 tantum
1903 5420 2103 5478 subditi

529 5518 657 5565 sunt
681 5509 929 5576 Domino,
958 5509 1053 5565 sed
1080 5511 1242 5566 etiam
1274 5510 1397 5567 ﬁliis
1424 5512 1723 5568 hominum.

600 5603 682 5658 Ad
728 5603 831 5658 hoc
896 5618 1088 5673 precor
1149 5592 1516 5673 ut‘adjicias,
1575 5614 1637 5659 ut
1683 5620 1784 5660 nos
1830 5603 2105 5672 iustiﬁcati

533 5695 690 5767 digne
731 5696 999 5766 possimus
1038 5696 1255 5752 laudare
1284 5705 1356 5762 te,
1390 5698 1516 5767 quia
1544 5697 1599 5751 in
1650 5697 1886 5766 peccatis
1913 5719 1930 5750 ι
1961 5715 2104 5754 mor-

535 5785 616 5838 tui
646 5802 752 5841 non
788 5785 1080 5841 laudabunt
1108 5796 1176 5850 tc,
1214 5788 1456 5852 Domine,
1492 5807 1510 5839 ι
1540 5786 1733 5856 placita
1764 5786 1938 5853 laude,
1970 5789 2107 5843 sicut

538 5875 766 5932 dicitur:
802 5896 820 5931 ι
858 5877 970 5933 Non
1012 5888 1090 5935 est
1131 5880 1370 5949 speciosa
1414 5879 1530 5935 laus
1581 5878 1633 5933 in
1677 5896 1768 5935 ore
1812 5883 2107 5951 peccatoris

2207 4791 2384 4864 fragili
2410 4792 2541 4857 vita,
2591 4790 2683 4845 ubi
2723 4805 2937 4861 semper
2975 4790 3031 4847 in
3068 4789 3262 4847 timore
3289 4805 3503 4856 sumus,
3537 4801 3597 4846 et
3642 4788 3769 4861 proni

2208 4882 2277 4937 ad
2308 4882 2539 4953 lapsum.

2277 4973 2401 5030 Ideo
2427 4974 2548 5031 dico
2573 4993 2591 5025 ι
2622 4974 2893 5040 exaudiet,
2922 4972 3199 5037 invocabo,
3238 4990 3258 5025 ι
3289 4972 3423 5044 quia
3447 4972 3622 5029 habui
3663 4968 3776 5027 mni-

2210 5077 2292 5124 tas
2329 5067 2726 5135 tribulationes,
2770 5067 2826 5123 in
2863 5066 3058 5138 quibus
3104 5066 3339 5122 clamavi
3369 5084 3382 5120 :
3417 5066 3500 5122 ita
3532 5062 3777 5138 opust‘uit

2208 5157 2338 5213 mihi
2383 5166 2441 5213 ut
2483 5172 2570 5212 me
2613 5158 2925 5224 exaudiret;
2957 5166 3013 5214 et
3054 5157 3159 5214 hoc
3192 5166 3308 5214 est:
3345 5175 3365 5209 ι
3417 5157 3783 5213 circumdede-

2206 5256 2334 5303 runt
2363 5263 2448 5302 me
2477 5247 2689 5303 dolores
2722 5248 2932 5312 mortis,
2966 5266 2985 5299 ι
3026 5247 3082 5303 id
3115 5255 3202 5303 est
3253 5246 3453 5302 animae
3488 5248 3784 5301 anxietates

2207 5337 2577 5408 gravissimae;
2619 5357 2637 5388 ‹
2668 5346 2724 5393 et
2765 5337 3003 5408 pericula
3046 5336 3268 5403 inferni,
3301 5357 3323 5388 ι
3350 5336 3405 5392 id
3433 5346 3545 5402 est,
3593 5334 3788 5405 gravis-

2206 5430 2342 5485 sima
2381 5429 2620 5501 pericula
2660 5438 2716 5484 et
2743 5428 3121 5485 tribulationes
3170 5428 3440 5499 corporis,
3497 5428 3700 5496 quales
3744 5426 3787 5478 in

2206 5519 2417 5575 inferno
2461 5519 2587 5574 mali
2635 5517 2944 5575 sustinent:
2978 5536 2997 5569 ‹
3028 5518 3351 5573 invenerunt
3394 5530 3508 5578 me,
3550 5535 3573 5567 ι
3608 5516 3668 5572 id
3699 5522 3790 5576 est.

2206 5617 2470 5664 venerunt
2507 5607 2678 5664 mihi:
2714 5608 2809 5664 sed
2840 5608 2960 5664 ideo
2990 5608 3328 5671 invenerunt,
3362 5605 3494 5677 quia
3519 5605 3691 5676 quasi
3712 5618 3795 5658 ex-

2205 5701 2412 5771 positus
2441 5699 2558 5754 sine
2595 5698 2838 5768 adjutore
2873 5698 3082 5770 jacens,
3115 5704 3170 5753 et
3202 5694 3481 5769 projectus
3505 5694 3565 5749 in
3614 5708 3797 5768 pecca-

2206 5792 2296 5855 tis,
2329 5807 2429 5846 nec
2459 5808 2569 5847 suae
2600 5788 2759 5846 saluti
2788 5792 3098 5861 providens.

2282 5886 2403 5941 "(eo
2452 5904 2535 5944 mc
2567 5889 2886 5943 invenerunt
2937 5897 2992 5943 et
3029 5886 3394 5957 arripuerunt,
3429 5895 3487 5941 et
3509 5898 3619 5953 ego
3658 5903 3676 5936 ι
3712 5880 3800 5938 tri-
