3898 6462
111 534 226 588 592';

1287 521 1373 577 EX
1385 517 1722 576 PLANATIO
1758 518 1825 574 IN
1865 519 2200 574 PSALMOS.

3254 509 3355 564 595

109 638 475 695 bulationema
501 635 789 703 corporisu
823 644 874 686 cl.
893 633 1128 686 dolorem
1163 651 1179 679 ι
1212 632 1373 685 animi
1402 653 1419 682 ι
1454 631 1686 698 inveni,»
1717 635 1770 695 Α
1795 631 1895 697 sit,
1945 631 2047 684 nisi
2099 631 2308 685 vanitas
2340 640 2394 685 et
2437 630 2794 694 mendacium,
2827 642 2883 681 se
2912 642 2942 680 a
2986 625 3210 681 Domino
3241 635 3364 680 tan-

111 731 173 786 id
205 739 307 795 est,
341 728 564 799 cognovi
613 726 728 781 haec
780 725 912 780 mihi
947 741 978 778 a
1013 724 1240 779 Domino
1279 725 1416 778 mitti
1464 725 1530 778 ad
1571 739 1690 779 cor-

111 821 432 878 rectionem.
459 817 704 874 Invenire
732 816 875 872 enim
912 815 1307 871 tribulationem
1327 824 1410 870 est
1441 830 1560 870 eam
1588 815 1692 870 sibi

113 931 150 970 a
188 916 296 970 Deo
325 911 543 968 immitti
573 926 671 981 pro
713 917 1056 979 peccatorum
1113 908 1448 964 correctione
1490 921 1690 978 cogno-

112 1019 310 1061 scere:
342 1023 362 1055 ‹
395 1011 451 1058 ει
482 1020 502 1052 ι
535 1015 659 1056 ειιω
685 999 889 1063 inveni,
920 998 1156 1054 monitus
1184 998 1289 1053 illis
1328 996 1691 1053 tribulationi-

113 1096 243 1160 bus,
274 1113 293 1146 ι
326 1092 569 1148 invocavi
599 1106 794 1147 nomen
823 1089 1055 1145 Domini.
1089 1109 1108 1140 ι

197 1206 216 1240 ‹
257 1185 301 1243 Ο
332 1186 575 1241 Domine.
612 1204 630 1236 ›
655 1185 787 1238 Pars
811 1183 1066 1239 secunda.
1112 1180 1456 1237 Continuatio
1478 1193 1492 1233 :
1515 1178 1695 1246 Quan-

114 1278 408 1348 doqnidem
428 1291 532 1347 per
558 1275 960 1331 tribulationem
991 1288 1078 1328 me
1101 1271 1379 1338 monuisti,
1411 1271 1574 1326 etiam
1614 1271 1696 1324 in-

111 1377 402 1424 vocantem
418 1383 506 1422 me
524 1365 788 1423 exaudisti
803 1365 867 1420 de
881 1365 1133 1434 peccatis,
1151 1363 1237 1418 fac
1255 1362 1398 1433 quod
1421 1362 1696 1416 residuum

115 1468 227 1524 εει,
267 1457 472 1513 scilicet
502 1475 521 1509 ι
554 1457 722 1512 libera
751 1456 986 1510 animam
1031 1470 1207 1510 meam
1240 1474 1259 1506 ι
1289 1453 1355 1510 de
1398 1453 1544 1508 omni
1593 1453 1695 1506 im-

120 1549 428 1618 pedimento
469 1546 671 1614 saeculi,
722 1547 924 1602 scilicet
974 1545 1178 1616 perduc
1215 1544 1273 1600 in
1315 1553 1572 1600 aeternam
1608 1559 1696 1598 re-

122 1639 338 1709 quiem,
361 1637 519 1707 juxta
573 1636 929 1708 Apostolum:
969 1655 988 1687 ‹
1025 1635 1157 1702 Quis
1212 1651 1300 1690 me
1337 1634 1589 1690 liberabit
1632 1634 1698 1688 de

123 1745 349 1801 corpore
382 1729 573 1785 mortis
611 1727 772 1795 hujus
801 1727 978 1799 (Rom.
1000 1727 1098 1799 vn)
1125 1727 1149 1780 ?
1177 1746 1197 1778 ι
1224 1726 1354 1782 Dico
1384 1746 1402 1778 ‹
1436 1726 1600 1781 libera
1626 1766 1641 1792 ,
1673 1745 1691 1777 ι

119 1831 174 1878 ει
213 1823 323 1879 scio
365 1824 492 1894 quia
527 1821 778 1877 liberabit
810 1843 830 1879 ι
860 1828 915 1875 ει
950 1819 1080 1876 facit
1109 1820 1464 1889 apostrophen
1501 1819 1569 1874 ad
1606 1833 1700 1873 au-

115 1912 363 1973 ditores:
399 1913 523 1982 quia
556 1931 576 1964 ι
606 1911 863 1966 Dominus
895 1930 913 1962 ι
944 1918 1025 1965 εει
1057 1929 1076 1961 ι
1118 1910 1424 1964 misericors
1473 1929 1492 1961 ›
1531 1910 1584 1964 in
1609 1925 1702 1963 na-

1794 734 1903 779 tum
1955 723 2152 777 donum
2195 724 2482 794 recepisse,
2523 731 2582 776 ut
2624 721 2848 776 Domino
2893 736 2999 775 non
3043 720 3237 774 timeat
3277 734 3362 772 reo

1793 828 2164 882 compensare,
2219 815 2363 882 quod
2417 815 2530 884 ipse
2573 813 2819 868 Christus
2874 812 3011 866 mori
3063 810 3230 865 voluit
3265 826 3364 881 pro

1792 912 1974 960 n’ostra
2033 905 2222 960 salute.
2269 905 2326 960 ln
2353 906 2585 961 secunda
2634 914 2806 975 parte,
2836 920 2956 974 qua:
2985 904 3212 975 incipit:
3260 923 3279 955 ‹
3317 901 3364 958 0

1793 995 2038 1062 Domine,
2085 997 2208 1066 quia
2248 1013 2348 1068 ego
2395 1012 2582 1052 servus
2614 1005 2757 1063 tuus,
2794 1016 2812 1048 ι
2853 997 3091 1052 ostendit
3115 1012 3174 1052 se
3206 995 3369 1051 Chri~

1793 1089 1862 1144 sti
1893 1104 2106 1144 servum
2139 1105 2280 1154 esse,
2308 1098 2364 1143 et
2392 1090 2445 1144 in
2493 1089 2597 1144 ﬁde
2627 1090 2890 1145 catholica
2928 1103 3265 1159 permanere,
3311 1095 3371 1144 et

1795 1180 1914 1236 ideo
1943 1182 2186 1251 martyrii
2217 1181 2301 1235 sui
2325 1181 2612 1236 utilitatem
2659 1181 2760 1236 sibi
2788 1182 3092 1250 provenire.
3139 1180 3368 1236 Intentio

1795 1281 1897 1338 est,
1927 1281 1986 1326 ut
2010 1271 2286 1328 laudemus
2322 1273 2489 1327 Deum
2527 1288 2622 1342 per
2653 1273 2767 1326 haec
2799 1272 3090 1328 beneﬁcia:
3122 1271 3368 1326 ettalem

1795 1363 1950 1418 nobis
2000 1364 2358 1418 constantiam
2401 1364 2511 1430 dat,
2566 1372 2626 1417 ut
2673 1371 2850 1417 morte
2899 1371 3084 1420 nostra
3136 1372 3369 1418 mortem

1795 1453 2007 1509 Domini
2038 1470 2445 1525 recompensare
2481 1455 2723 1510 velimus.

1867 1547 2008 1602 Dicit
2049 1557 2254 1619 martyr
2282 1550 2370 1618 qui
2402 1549 2655 1619 loquitur,
2694 1548 2868 1620 gratia
2900 1548 2994 1603 Dei
3038 1548 3370 1618 inspiratus:

1803 1655 1822 1688 ‹
1854 1636 2066 1693 Credidi
2107 1657 2124 1688 ι
2156 1639 2347 1704 corde;
2397 1639 2546 1694 Unde
2582 1639 2903 1709 Apostolus:
2938 1659 2957 1692 ‹
2997 1640 3172 1696 Corde
3201 1640 3378 1695 credi-

1800 1735 1889 1782 tur
1932 1728 1997 1782 ad
2035 1729 2301 1798 justitiam
2337 1728 2514 1800 (Rom.
2555 1729 2633 1803 x).
2670 1750 2687 1781 ι
2721 1730 2863 1786 Βειιε
2919 1731 3107 1802 incipit
3146 1747 3177 1786 a
3205 1751 3223 1783 ι
3258 1747 3376 1786 ere.

1797 1822 1927 1888 didi,
1967 1842 1985 1874 ι
2019 1824 2144 1892 quia
2173 1823 2307 1878 nihil
2341 1824 2469 1878 boni
2510 1839 2796 1894 possumus
2825 1824 3026 1888 facere,
3059 1825 3162 1880 nisi
3189 1824 3377 1879 creda-

1799 1931 1951 1981 mus;
1980 1917 2120 1970 unde
2141 1915 2427 1986 Apostolus
2455 1935 2468 1969 :
2500 1936 2518 1968 ι
2557 1915 2727 1972 Omne
2758 1918 2900 1986 quod
2924 1934 3029 1971 non
3059 1927 3144 1972 est
3164 1933 3227 1972 ex
3253 1917 3378 1980 ﬁde,

123 2017 264 2067 tura,
297 2023 316 2057 ι
364 2012 420 2059 ει
455 2004 657 2074 justus,
709 2023 727 2056 i
765 2003 1081 2074 corrigendo
1113 2012 1373 2073 peccata:
1422 2023 1440 2054 ι
1479 2011 1533 2057 ει
1583 2003 1698 2072 ipse
1727 1990 1776 2050 Β
1801 2016 2084 2078 peccatum
2105 2019 2188 2066 est
2207 2010 2381 2081 (Rom.
2402 2012 2550 2084 XIV):
2588 2031 2605 2062 ι
2643 2031 2660 2063 ι
2693 2020 2915 2082 propter
2943 2013 3104 2081 quod,
3148 2037 3166 2063 ο
3198 2011 3251 2066 id
3273 2020 3378 2076 est,

121 2097 265 2150 Deus
292 2104 477 2152 noster
505 2095 815 2160 miseretur,
863 2113 884 2146 ι
926 2094 1053 2163 quia
1087 2102 1361 2148 correctos
1399 2092 1586 2155 salvat,
1617 2092 1698 2146 fa-

115 2187 272 2242 ciens
325 2202 420 2242 eos
461 2185 816 2242 immortales.
857 2185 978 2240 Alia
1011 2184 1295 2240 translatio
1338 2185 1520 2249 habet,
1551 2203 1569 2234 ι
1600 2184 1700 2238 mi-

116 2277 412 2332 serebitur.
452 2296 471 2330 ι

191 2368 260 2422 Ει
299 2383 424 2424 vere
454 2369 633 2440 justus
661 2376 716 2424 et
755 2367 1085 2433 misericors,
1111 2367 1238 2436 quia
1275 2367 1392 2436 ipse
1429 2375 1512 2422 est
1557 2385 1575 2418 ι
1609 2381 1702 2421 cu-

115 2459 361 2516 stodiens
392 2459 647 2531 parvulos
672 2459 934 2515 Dominus
968 2477 988 2510 ι
1038 2473 1071 2512 a
1104 2458 1364 2529 peccatis,
1387 2458 1442 2512 id
1468 2466 1572 2522 est,
1603 2459 1702 2512 hu-

116 2552 278 2608 miles
306 2553 398 2622 qui
427 2567 484 2608 se
507 2567 706 2623 parvos
737 2551 973 2608 faciunt:
1023 2559 1080 2606 et
1124 2550 1250 2606 inde
1291 2551 1348 2606 in
1374 2551 1579 2620 meipso
1615 2567 1702 2604 ar-

114 2653 436 2716 gumentum
457 2645 704 2712 ostendo,
727 2644 850 2714 quia
880 2664 897 2696 ι
929 2659 1027 2715 ego
1048 2660 1165 2699 sum
1188 2644 1502 2699 humiliatus
1536 2665 1554 2695 ι
1580 2659 1704 2714 par-

113 2737 278 2793 vulus
303 2737 514 2804 factus;
556 2757 574 2789 ‹
608 2746 665 2792 ει
694 2757 713 2788 ο
745 2736 858 2807 ipse
888 2757 906 2787 ι
946 2736 1192 2792 liberavit
1237 2752 1322 2792 me
1361 2755 1378 2788 ι
1429 2737 1496 2816 ab
1539 2751 1703 2791 onere

115 2838 492 2900 peccatorum.

192 2920 262 2976 Et
289 2922 416 2992 quia
441 2921 522 2976 sic
560 2935 648 2975 me
675 2920 945 2986 liberavit,
975 2935 1008 2974 o
1043 2939 1059 2970 ‹
1091 2919 1268 2974 anima
1307 2935 1447 2986 mea,
1470 2933 1700 2974 conver-

115 3023 240 3068 terc
271 3033 291 3066 ›
339 3015 408 3070 ab
453 3012 600 3068 omni
627 3013 982 3069 delectatione
1035 3001 1394 3080 térrenorutn,
1433 3034 1450 3066 ι
1511 3014 1568 3067 in
1613 3027 1702 3067 re-

113 3107 306 3178 quiem
353 3114 519 3172 tuam,
557 3125 576 3157 ι
612 3105 666 3160 id
689 3115 773 3160 est
800 3106 866 3160 ad
889 3106 1077 3170 Deum,
1107 3105 1197 3174 qui
1223 3114 1304 3160 est
1335 3119 1461 3160 vere
1489 3105 1704 3174 requies

117 3209 238 3265 tua,
263 3215 294 3254 a
319 3215 425 3269 quo
455 3198 701 3271 profecta
735 3215 795 3254 es
823 3206 1006 3254 creata
1037 3200 1088 3253 in
1118 3198 1449 3269 perfectione
1479 3218 1491 3252 :
1538 3207 1595 3253 et
1635 3199 1704 3254 ad

116 3308 250 3348 eum
279 3292 440 3347 debes
466 3291 684 3356 reverti,
717 3310 736 3342 ‹
781 3291 907 3360 quia
937 3290 1196 3343 Dominus
1223 3289 1495 3344 benefecit
1522 3290 1635 3353 tibi,
1676 3309 1693 3340 ι

117 3380 174 3439 id
198 3391 301 3448 est,
334 3383 535 3438 dimisit
579 3350 824 3452 peccata,
870 3382 998 3436 fecit
1024 3381 1238 3450 dignam
1289 3381 1456 3451 gloria
1503 3397 1623 3446 sua,
1651 3390 1706 3435 et
1733 3350 1778 3412 ϐ

122 3475 348 3530 tandem
371 3473 534 3529 faciet
555 3473 934 3538 immortalem,
960 3473 1362 3542 impassibilem.

201 3563 379 3618 Vertit
413 3577 472 3618 se
500 3564 570 3618 ad
597 3563 870 3618 auditores
902 3582 914 3617 :
953 3578 1081 3617 vere
1107 3563 1408 3619 benefaciet
1444 3564 1574 3618 mihi
1602 3565 1708 3619 Do-

128 3656 337 3722 minus,
368 3676 386 3707 ι
422 3658 548 3726 quia
589 3656 806 3728 eripuit,
844 3677 862 3707 ι
906 3656 958 3711 id
1002 3665 1104 3722 est,
1136 3657 1329 3728 eripiet
1366 3671 1462 3726 per
1504 3658 1707 3712 violen-

124 3747 260 3802 tiam
289 3766 308 3798 ί
345 3747 579 3803 animam
607 3764 783 3803 meam
827 3748 892 3803 de
941 3757 1136 3814 morte,
1175 3768 1192 3800 ι
1230 3749 1283 3802 id
1319 3759 1421 3813 est,
1469 3751 1534 3804 de
1559 3750 1707 3804 omni

123 3837 326 3895 timore
375 3842 589 3908 mortis,
619 3850 674 3897 et
700 3856 794 3910 per
851 3841 954 3896 hoc
984 3859 1001 3892 ι
1041 3841 1223 3896 oculos
1254 3856 1424 3907 meos,
1464 3861 1482 3893 ι
1513 3841 1566 3896 id
1601 3852 1703 3908 εει,

123 3929 457 3997 affectiones,
493 3951 511 3983 ι
547 3949 576 3987 a
598 3933 872 4003 lacrymis,
899 3953 916 3984 ι
943 3934 1068 4002 quia
1101 3950 1206 3988 non
1235 3933 1435 3988 faciam
1461 3934 1604 3990 unde
1631 3937 1705 3991 ibi

123 4021 199 4077 sit
229 4023 360 4077 mihi
409 4023 832 4094 lacrymandum.
895 4024 1046 4080 Unde
1092 4026 1326 4080 dicitur:
1365 4045 1383 4076 ‹
1419 4024 1707 4098 Absterget

125 4113 274 4167 Deus
325 4128 538 4168 omnem
582 4114 877 4186 lacrymam
936 4115 1003 4170 ab
1058 4115 1228 4171 oculis
1278 4130 1465 4170 eorum
1519 4117 1701 4188 (Apoc.

119 4202 286 4274 xxi);
321 4224 340 4255 ι
375 4213 430 4259 ει
463 4224 479 4256 ι
512 4206 676 4275 pedes
716 4221 884 4272 meos,
927 4226 945 4258 ι
978 4207 1032 4262 id
1061 4215 1144 4261 est
1172 4205 1484 4262 aﬂ'ectioncs
1532 4223 1703 4274 meas,

124 4315 144 4347 ι
189 4312 222 4349 a
245 4295 396 4366 lapsu
436 4316 454 4348 ι
485 4296 674 4365 eripiet
704 4314 717 4349 :
752 4297 878 4367 quia
907 4296 980 4351 ibi
1011 4296 1090 4352 sic
1124 4297 1298 4352 securi
1336 4297 1706 4368 erimus,quia

118 4385 277 4441 nullo
311 4396 532 4456 peccato
565 4387 917 4442 movebimur.
967 4387 1023 4442 ln
1071 4389 1170 4442 hac
1216 4388 1322 4442 vita
1367 4389 1701 4442 contrarium

119 4478 289 4533 nobis
324 4487 429 4544 est,
458 4479 583 4548 quia
617 4479 704 4534 hic
734 4493 946 4550 semper
972 4481 1026 4534 in
1055 4480 1249 4535 timore
1278 4481 1468 4534 mortis
1495 4495 1704 4546 sumus,

123 4575 186 4622 et
213 4583 309 4637 pro
337 4569 570 4638 peccatis
598 4569 865 4642 lacrymas
895 4569 1187 4636 fundimus,
1217 4580 1273 4627 et
1297 4587 1512 4643 semper
1551 4574 1706 4643 proni

123 4657 202 4713 ad
230 4657 435 4729 lapsum
465 4674 669 4715 sumus.

206 4747 276 4803 Et
306 4757 432 4805 tunc
463 4768 482 4802 ‹
525 4749 750 4821 placebo
797 4751 1046 4818 Domino,
1092 4772 1112 4804 ›
1148 4753 1273 4824 quia
1299 4754 1501 4809 nullam
1548 4755 1622 4809 ibi
1653 4755 1708 4810 in

120 4855 221 4898 me
257 4840 605 4898 offensionem
642 4844 906 4899 inveniet:
940 4846 1185 4903 sublatus
1211 4847 1278 4904 de
1307 4849 1526 4920 regione
1557 4864 1707 4905 mor-

119 4941 370 5001 tuorum,
416 4944 471 4990 et
495 4936 702 5006 positus
734 4955 751 4988 ι
784 4938 838 4991 in
879 4939 1098 5010 regione
1148 4942 1414 5006 vivorum,
1453 4962 1471 4995 ι
1525 4943 1577 5000 id
1624 4953 1709 4999 est

120 5032 483 5081 sanctorum:
514 5041 612 5097 per
647 5027 1022 5083 excellentiam
1053 5029 1186 5086 dicit
1226 5045 1285 5086 se
1314 5031 1529 5103 placere
1575 5033 1706 5101 Deo,

121 5113 260 5183 quia
289 5130 410 5168 cum
438 5115 524 5170 hic
549 5115 727 5172 nullus
762 5116 935 5174 iustus
969 5119 1083 5174 sine
1111 5131 1332 5190 peccato
1373 5138 1493 5180 esse
1519 5125 1704 5194 possit,

126 5205 248 5263 Deo
273 5207 487 5278 placere
514 5225 611 5281 per
637 5212 818 5266 omnia
844 5228 952 5268 non
989 5222 1186 5284 potest.

594 5338 664 5394 IN
699 5338 1031 5399 PSALMUM
1068 5343 1229 5402 CXV.

648 5451 906 5510 Tl'ruws.
947 5457 1194 5513 Alleluia.

211 5579 234 5615 ι
267 5559 483 5620 Credidi
522 5574 762 5636 propter.
802 5587 821 5619 ι
861 5566 970 5623 Vox
1009 5580 1091 5626 est
1132 5583 1429 5645 martyrum
1470 5577 1708 5647 Domini,

126 5663 190 5710 et
227 5653 466 5726 loquitur
501 5658 654 5727 quasi
692 5659 746 5713 in
779 5676 883 5714 una
921 5677 1167 5730 persona,
1217 5668 1456 5724 omnium
1505 5681 1708 5744 marty-

130 5761 257 5801 rum
281 5761 570 5816 personam
612 5749 859 5816 iuduens,
889 5762 944 5807 et
983 5753 1083 5823 ipsi
1115 5755 1277 5811 iidem
1303 5771 1428 5814 sunt
1461 5766 1708 5832 materia,

135 5837 400 5908 martyrio
433 5854 531 5894 suo
569 5849 796 5896 mortem
837 5843 1050 5899 Domini
1095 5845 1382 5905 imitantes.
1427 5852 1486 5906 ln
1535 5855 1710 5924 prima

138 5937 298 5998 parte
325 5931 557 5986 ostendit
584 5943 788 6004 martyr
826 5935 918 6003 qui
948 5935 1202 6006 loquitur,
1231 5954 1352 5996 cum
1381 5957 1448 5998 ex
1479 5959 1536 5999 se
1580 5947 1713 6002 nihil

1801 2100 1928 2169 quia
1959 2101 2160 2155 credidi
2188 2120 2206 2154 ι
2241 2101 2452 2158 locutus
2478 2119 2620 2169 sum,
2655 2122 2675 2156 ι
2702 2105 2850 2174 quia,
2877 2105 2922 2160 si
2948 2120 3082 2174 opus
3113 2103 3234 2170 fuit,
3281 2119 3377 2160 ve-

1803 2190 2019 2246 ritatem
2059 2205 2165 2246 non
2214 2193 2356 2248 tacui
2395 2211 2408 2247 :
2454 2209 2573 2263 quae
2619 2195 2888 2251 confessio
2929 2196 3094 2262 valet,
3151 2205 3382 2251 testante

1800 2279 2076 2348 Apostolo,
2118 2281 2206 2350 qui
2251 2282 2328 2338 ait
2369 2300 2432 2336 :c
2476 2281 2581 2338 Ore
2627 2285 2894 2341 confessio
2937 2287 2996 2340 ﬁt
3035 2287 3104 2342 ad
3158 2287 3382 2342 salutem

1803 2368 1983 2440 (Rom.
2012 2374 2088 2440 χ).
2123 2391 2141 2422 ι
2171 2371 2406 2428 Locutus
2427 2389 2566 2440 sum,
2603 2394 2622 2427 ι
2660 2389 2760 2446 ego
2781 2385 2960 2432 autem
2996 2398 3014 2430 ι
3044 2392 3152 2433 non
3190 2379 3384 2448 przedi-
3438 2416 3440 2418 τ

1803 2463 1946 2517 catio
1995 2476 2151 2516 mea:
2191 2483 2210 2515 ι
2243 2464 2558 2522 humiliatus
2614 2482 2754 2534 sum,
2794 2487 2812 2519 ι
2857 2485 2966 2525 non
3024 2477 3227 2536 mente,
3290 2470 3383 2524 sed

1804 2552 2150 2609 tribulatione
2179 2556 2466 2626 corporali,
2512 2567 2567 2612 et
2589 2558 2690 2613 hoc
2735 2578 2753 2610 ι
2790 2559 2952 2613 nimis
2982 2579 3002 2611 ι
3033 2561 3387 2630 importabili-

1804 2652 1907 2711 ter,
1946 2645 2027 2700 vel
2065 2646 2254 2703 valde:
2288 2648 2414 2704 licet
2442 2664 2620 2704 essem
2642 2650 2825 2704 multis
2861 2651 3094 2707 miseriis
3123 2651 3384 2717 amictus,

1804 2752 1911 2790 non
1955 2739 2163 2793 cessavi
2195 2747 2373 2794 tamen
2409 2756 2438 2795 a
2462 2741 2841 2810 praedicatione
2879 2743 2993 2797 Dei.
3041 2743 3192 2800 Unde
3239 2745 3385 2816 Apo-

1808 2828 1978 2884 stolus
2013 2845 2028 2883 :
2079 2850 2097 2882 ι
2132 2830 2343 2887 Teneor
2391 2833 2446 2888 in
2490 2834 2736 2901 vinculis,
2779 2835 2874 2891 sed
2900 2837 3120 2892 verbum
3151 2837 3247 2894 Dei
3279 2854 3387 2894 non

1804 2927 1983 2989 potest
2015 2920 2220 2990 alligari
2250 2921 2338 2992 (II
2366 2922 2501 2978 Tim.
2531 2924 2616 2996 ιι).
2646 2945 2664 2976 ι

1884 3032 1902 3064 ‹
1939 3013 2178 3080 Credidi,
2212 3016 2427 3072 locutus
2468 3033 2610 3084 sum,
2643 3019 2959 3077 humiliatus
3004 3037 3144 3088 sum,
3175 3031 3267 3078 »ει
3315 3023 3388 3078 ita

1807 3104 1996 3160 videor
2030 3120 2117 3160 me
2140 3107 2322 3162 dicere
2358 3107 2576 3175 fortem,
2607 3111 2698 3164 sed
2742 3120 2922 3166 tamen
2961 3114 3390 3186 quandocunque

1805 3199 2122 3266 prudentius
2164 3200 2273 3254 vidi
2315 3209 2566 3255 naturam
2617 3218 2823 3268 meam,
2854 3204 3090 3260 intellexi
3133 3222 3219 3261 me
3257 3207 3390 3261 nihil

1809 3304 1952 3356 esse,
1997 3290 2100 3344 nisi
2147 3292 2471 3358 vanitatem;
2517 3301 2572 3348 et
2605 3295 2704 3348 hoc
2758 3303 2879 3349 est:
2908 3312 3048 3366 «ego
3096 3298 3234 3362 dixi,
3271 3318 3289 3349 ›
3336 3299 3388 3353 id

1810 3389 1915 3443 est,
1956 3380 2096 3450 apud
2133 3396 2219 3435 mc
2247 3381 2389 3436 intus
2431 3383 2696 3437 tractavi:
2739 3401 2911 3454 neque
2938 3385 3040 3440 hoc
3086 3387 3394 3457 impruden-

1811 3477 1893 3524 ter
1921 3468 2144 3536 faciens,
2179 3471 2271 3525 sed
2304 3491 2321 3521 ‹
2354 3473 2661 3528 inexcessu
2683 3491 2820 3540 meo,
2857 3495 2876 3527 ι
2909 3477 2962 3530 id
2993 3487 3095 3543 est,
3127 3479 3392 3534 humanos

1811 3560 2034 3618 aﬁ‘ectus
2085 3563 2351 3618 excedens
2386 3565 2638 3620 ratione:
2673 3567 2784 3623 dixi
2814 3569 2948 3636 hoc,
2977 3571 3182 3626 scilicet
3214 3591 3234 3624 α
3272 3587 3390 3626 om-

1811 3655 1894 3710 nis
1921 3657 2083 3710 homo
2112 3657 2374 3723 mendax,
2406 3676 2424 3708 ›
2474 3659 2681 3715 scilicet
2719 3663 2810 3730 qui
2848 3664 3010 3718 homo
3044 3673 3250 3719 tantum
3284 3677 3386 3720 est.

1883 3747 2019 3812 Dixi,
2057 3767 2076 3799 ι
2111 3748 2334 3815 credidi,
2382 3750 2589 3805 locutus
2637 3767 2776 3818 sum,
2828 3754 3140 3811 humiliatus
3188 3772 3328 3824 sum,
3366 3779 3385 3810 ι

1810 3848 1861 3892 et
1887 3838 2319 3908 quandoquidem
2350 3840 2609 3897 Dominus
2653 3841 2770 3899 haec
2812 3845 2952 3900 bona
2983 3847 3114 3901 mihi
3145 3847 3392 3914 contulit,

1811 3945 1941 4000 ergo
1971 3949 1990 3982 ‹
2024 3932 2151 4001 quid
2181 3933 2473 3988 retribuam
2511 3935 2738 3991 Domino
2766 3921 2863 4006 pro
2894 3939 3144 3995 omnibus
3178 3966 3196 3990 ο
3230 3941 3393 3997 bene-

1811 4021 1948 4076 ﬁciis
1983 4041 2002 4072 ‹
2037 4037 2158 4091 qua:
2195 4042 2213 4074 ›
2248 4024 2362 4092 ipse
2387 4043 2405 4075 ‹
2438 4025 2690 4080 retribuit
2718 4027 2888 4081 mihi?
2931 4048 2949 4080 ι
2981 4044 3088 4084 non
3119 4045 3218 4100 pro
3236 4031 3393 4087 bouis
3461 4044 3466 4049 '

1809 4113 2037 4179 meritis,
2076 4115 2169 4169 sed
2195 4130 2294 4184 pro
2320 4115 2474 4172 malis
2499 4117 2636 4172 dans
2659 4119 2819 4174 bona.

1880 4208 2011 4264 Dico
2046 4228 2064 4260 ι
2109 4209 2238 4278 quid
2290 4211 2606 4277 retribuam,
2646 4233 2664 4264 ›
2722 4233 2740 4264 ‹
2786 4213 3010 4270 calicem
3056 4215 3332 4285 salutaris,
3368 4239 3388 4272 ›

1810 4299 1865 4353 id
1892 4309 1996 4364 est,
2027 4308 2200 4355 morte
2232 4315 2350 4356 mea
2377 4310 2606 4357 mortem
2641 4304 2854 4359 Domini
2883 4306 3138 4362 imitabor
3163 4327 3176 4362 :
3207 4318 3265 4364 et
3292 4311 3395 4366 hoc

1811 4407 1918 4446 non
1969 4390 2050 4446 sic
2093 4391 2289 4447 faciam
2330 4401 2390 4446 ut
2447 4409 2554 4448 non
2595 4393 2769 4450 libens
2820 4395 2998 4452 facere
3041 4400 3244 4466 videar,
3300 4404 3394 4459 sed

1816 4502 1834 4533 ι
1873 4483 2201 4553 accipiam,»
2236 4484 2289 4537 id
2315 4493 2418 4549 est,
2442 4500 2638 4556 magno
2661 4486 2927 4543 desiderio
2957 4500 3228 4560 appetam,
3257 4493 3393 4548 cali-

1811 4588 1925 4629 cem
1980 4574 2100 4629 dico
2139 4575 2408 4641 salutaris,
2455 4576 2510 4630 id
2572 4586 2657 4632 est
2704 4576 3024 4648 Salvatoris,
3076 4600 3237 4653 quem
3277 4586 3393 4655 ipse

1810 4679 1910 4734 pro
1943 4675 2127 4721 nostra
2174 4667 2541 4736 redemptione
2581 4669 2872 4725 sustinuit:
2899 4687 3021 4726 cum
3063 4674 3210 4740 dicit,
3247 4694 3266 4726 ι
3310 4693 3394 4733 sa-

1815 4755 2026 4824 lutaris,
2058 4778 2077 4811 ι
2109 4758 2284 4813 innuit
2319 4759 2461 4828 quod
2492 4767 2546 4814 et
2575 4760 2690 4830 ipse
2723 4778 2818 4832 per
2849 4763 2993 4820 hunc
3032 4767 3255 4823 calicem
3301 4785 3394 4825 sa-

1813 4848 1980 4902 lutem
2021 4857 2376 4918 assequatur:
2409 4850 2529 4905 dico
2559 4870 2578 4902 ι
2609 4852 2893 4923 accipiam,
2927 4875 2946 4907 ι
2982 4875 3000 4907 ‹
3028 4865 3083 4912 ει
3108 4878 3126 4909 ι
3164 4867 3224 4914 ιιι
3265 4876 3392 4930 pos-

1813 4937 1915 4992 sim
1959 4938 2288 5008 persolvere,
2326 4957 2344 4989 ι
2389 4954 2584 4995 nomen
2645 4941 2857 5000 Domini
2902 4945 3183 5004 invocabo.
3219 4970 3240 5002 ι
3288 4950 3396 5006 Per

1812 5029 2033 5085 calicem
2078 5030 2198 5085 ideo
2245 5030 2592 5102 intelligimus
2638 5044 2888 5103 mortem,
2917 5038 3046 5107 quia
3096 5055 3221 5094 cum
3259 5056 3395 5112 qua-

1813 5121 1936 5175 dam
1983 5121 2340 5178 delectatione
2380 5125 2650 5195 accipiunt
2691 5112 2809 5182 eam
2859 5129 3055 5194 sancti,
3097 5137 3154 5186 et
3186 5140 3274 5190 est
3312 5136 3395 5192 eis

1813 5219 2051 5289 perfecta
2084 5219 2322 5275 refectio.

1885 5311 2148 5366 lnvocabo
2177 5327 2374 5368 nomen
2419 5312 2657 5381 Domini,
2694 5335 2712 5368 ι
2746 5314 2969 5371 reddam
3017 5326 3142 5374 vota
3189 5321 3332 5390 mea,
3367 5343 3388 5378 ι

1815 5403 1866 5458 id
1897 5410 1998 5468 est,
2042 5404 2323 5474 complebo
2351 5421 2514 5477 opere
2540 5405 2679 5478 quod
2711 5407 3160 5477 desideraveram,
3198 5413 3253 5468 id
3285 5422 3390 5483 est,

1814 5497 2095 5566 meipsum,
2121 5497 2260 5553 sicut
2301 5498 2752 5564 desideraveram,
2788 5501 3037 5568 passione
3087 5502 3311 5559 ﬁniam:
3337 5515 3394 5562 et

1815 5584 1917 5639 hoc
1943 5605 1962 5636 ι
2002 5600 2182 5642 coram
2207 5589 2352 5644 omni
2381 5588 2577 5659 populo
2598 5587 2732 5656 ejus,
2767 5608 2785 5639 ι
2817 5599 2874 5644 ut
2904 5589 2994 5644 alii
3022 5591 3075 5645 in
3100 5608 3187 5649 me
3209 5609 3394 5650 exem-

1812 5675 1957 5746 plum
1997 5678 2226 5748 capiant.
2263 5679 2388 5735 Ideo
2417 5681 2494 5734 sic
2519 5679 2740 5733 reddam
2765 5689 2910 5744 vota,
2952 5682 3077 5752 quia
3109 5703 3128 5734 ι
3161 5685 3218 5740 in
3257 5703 3392 5742 con-

1813 5776 1996 5835 spectu
2034 5769 2244 5824 Domini
2271 5785 2416 5825 mors
2444 5778 2754 5824 sanctorum
2786 5769 2923 5840 ejus,
2959 5791 2978 5824 ›
3008 5788 3127 5843 qua:
3156 5785 3240 5830 est
3264 5793 3392 5834 con-

1815 5859 2125 5929 temptibilis
2146 5862 2212 5916 ad
2237 5871 2582 5932 conspectum
2606 5861 2898 5928 hominum,
2926 5875 3010 5920 est
3033 5883 3052 5918 ‹
3085 5847 3340 5936 pretiosa,
3365 5890 3383 5922 ι

1813 5950 1870 6006 id
1924 5959 2007 6008 est
2046 5952 2282 6023 placens.
2321 5952 2416 6008 Vel
2469 5968 2615 6010 mors
2667 5965 2995 6023 sanctorum.
3047 5973 3165 6027 quae
3205 5972 3287 6015 est
3330 5962 3382 6019 in
