3898 6490
539 494 645 552 595

1004 495 1357 554 HAYMONIS
1396 498 1876 557 HALBERSTAT.
1920 503 2135 561 EPISC.
2177 504 2327 563 OPP.
2366 504 2549 563 PARS
2583 508 2623 565 Ι.
2663 540 2734 552 -
2763 511 3121 568 COMMENT.
3153 513 3322 570 BIBL.

2660 320 2693 332 \-

538 617 830 682 eonspectu
883 610 1115 676 Domini,
1148 611 1209 665 id
1255 621 1337 667 est
1376 615 1594 683 placens
1629 615 1700 681 ei,
1742 624 1827 671 est
1857 619 2112 687 pretiosa,
2141 624 2189 682 Α
2219 620 2372 691 pulos
2418 623 2794 695 intelligamus.
2844 626 3003 683 Ponit
3046 630 3300 686 materias
3332 631 3534 697 laudis,
3567 634 3790 693 dicere:

534 702 589 757 id
628 709 714 758 est
757 702 1017 773 sanguine
1044 700 1242 757 Christi
1276 712 1477 774 empta.
1516 704 1601 761 Ad
1638 706 1742 761 hoc
1784 706 1927 761 enim
1968 724 2114 763 mor-

537 798 665 847 tuus
690 800 791 857 est,
818 798 877 846 ιιι
904 798 959 846 ει
976 805 1094 857 nos,
1122 792 1169 847 si
1192 806 1415 848 necesse
1441 803 1544 860 est,
1565 809 1664 864 pro
1691 811 1758 851 eo
1773 797 2105 853 moriamur:

532 881 676 950 quod
727 889 908 936 autem
964 895 1161 952 magno
1211 883 1389 953 pretio
1446 896 1686 955 emptum
1743 894 1859 952 est,
1911 889 2109 957 pretio-

531 985 653 1025 sum
690 978 796 1025 εει.

603 1079 622 1111 ι
668 1058 716 1116 0
741 1059 985 1117 Domine.
1019 1080 1041 1114 ι
1061 1060 1197 1117 Pars
1225 1065 1480 1137 secunda.
1508 1063 1631 1121 Haec
1655 1074 1709 1120 te
1728 1067 1996 1123 tribuente
2016 1083 2107 1123 su—

526 1154 711 1221 stinui,
771 1155 889 1210 haec
922 1156 1103 1225 passio
1153 1171 1289 1221 mea,
1328 1175 1348 1208 ι
1382 1172 1419 1212 o
1463 1158 1712 1224 Domine,
1760 1179 1780 1212 ι
1824 1161 1970 1217 utilis
2000 1161 2107 1217 erit

525 1244 680 1311 mihi,
707 1244 834 1315 quia
851 1260 952 1316 ego
970 1246 1204 1315 persiste
1227 1247 1283 1301 in
1301 1246 1407 1302 ﬁde
1423 1256 1477 1303 et
1493 1241 1712 1305 servitio
1733 1262 1841 1306 tuo.
1864 1252 1933 1306 Et
1955 1260 2106 1307 ante-

525 1351 688 1408 quam
717 1339 972 1394 ostendat
1018 1339 1325 1405 utilitatem,
1368 1345 1605 1399 ostendit
1629 1360 1688 1400 se
1729 1347 1782 1400 in
1810 1346 1907 1401 Dei
1934 1349 2104 1403 servi-

523 1427 600 1482 tio
627 1442 966 1497 permanere,
1007 1444 1130 1485 cum
1175 1432 1324 1499 dicit,
1360 1451 1380 1484 ι
1410 1435 1537 1504 quia
1563 1449 1665 1507 ego
1701 1451 1891 1492 servus
1920 1446 2043 1492 tuus
2076 1456 2095 1489 ι

523 1534 663 1585 sum,
695 1518 752 1574 id
778 1529 882 1586 est,
914 1521 1040 1590 quia
1072 1531 1262 1593 reputo
1291 1534 1347 1580 te
1374 1526 1698 1583 altissimum
1727 1537 1784 1583 et
1811 1530 2098 1585 Dominum

522 1621 734 1674 meum;
772 1618 912 1665 etut
946 1612 1208 1683 majmm
1251 1616 1501 1671 ostendat
1525 1618 1904 1686 humilitatem,
1933 1621 2098 1691 repli-i

522 1711 610 1756 cat
656 1720 671 1757 :
707 1722 726 1754 ι
761 1718 861 1773 ego
899 1720 1090 1761 servus
1132 1717 1256 1762 tuus
1284 1716 1342 1763 et
1365 1710 1509 1765 (ilius
1544 1713 1752 1767 ancillae
1792 1720 1914 1781 tuae,
1948 1733 1968 1767 ι
1998 1715 2099 1770 Ec-

522 1794 697 1850 clesiae
726 1796 952 1863 scilicet,
998 1797 1241 1854 imitator
1280 1801 1629 1869 antiquorum
1666 1813 1902 1874 patrum.

611 1886 746 1956 Quia
792 1891 866 1946 ita
913 1906 1033 1946 sum
1085 1906 1294 1959 servus,
1353 1894 1474 1949 ideo
1505 1914 1525 1946 ι
1565 1896 1814 1965 dirupisti
1880 1897 2094 1953 vincula

2218 727 2236 759 σ
2262 712 2518 779 quoniam
2548 715 2917 772 misericordia
2950 719 3089 790 ejus,
3128 740 3148 771 ι
3175 721 3229 775 id
3250 731 3333 777 est
3379 726 3652 781 τεηήωο
3674 744 3787 798 pee-

2210 811 2473 869 catorunr,
2501 812 2555 860 et
2595 805 2712 861 alite
2757 810 2947 879 gratiae
2986 811 3347 881 justiﬁeantes
3370 855 3387 881 ,
3421 835 3443 868 σ
3475 827 3572 873 est
3607 821 3790 877 eonﬁa-

2209 900 2354 948 mata
2381 908 2541 964 super
2566 912 2685 964 nos,
2720 916 2739 949 ι
2771 900 2823 953 id
2853 908 2955 967 est,
2983 903 3057 957 ita
3096 904 3324 961 ﬁrmiter
3363 909 3531 965 nobis
3557 912 3715 978 data,
3739 922 3787 970 ut

2200 981 2314 1052 jam
2344 984 2457 1055 ipse
2495 987 2739 1045 diabolus
2770 991 3053 1049 insidiator
3096 1008 3205 1052 non
3238 1001 3408 1067 possit
3455 1003 3630 1057 nobis
3671 1006 3783 1060 diri-

2203 1088 2351 1141 pere.
2386 1095 2405 1126 ι
2441 1076 2510 1131 Ει
2535 1080 2734 1135 veritas
2761 1081 2993 1149 Domini,
3027 1104 3045 1137 ι
3082 1086 3136 1142 id
3159 1096 3241 1143 est
3285 1090 3540 1160 impletio
3573 1097 3783 1163 plumis—

2204 1166 2435 1235 sianum,
2471 1188 2490 1221 ι
2525 1181 2705 1227 manet
2734 1174 2791 1227 in
2835 1182 3095 1232 :eternum
3130 1196 3150 1231 ι
3180 1180 3307 1249 quia
3337 1190 3389 1237 et
3442 1182 3541 1240 hic
3591 1185 3778 1260 incipit,

2202 1267 2257 1313 et
2284 1259 2338 1313 in
2364 1269 2625 1319 mternum
2653 1267 2893 1321 manebit
2920 1275 2976 1323 et
2995 1269 3156 1324 ultra.

2624 1390 2691 1448 IN
2744 1391 3074 1453 PSALMUM
3142 1399 3347 1461 CXVII.

2711 1500 2964 1565 Ttruws.
2998 1506 3249 1573 Alleluia.

2271 1628 2291 1660 ‹
2326 1609 2665 1668 Conﬁtemini
2698 1614 2929 1674 Domino
2972 1622 3248 1691 quoniam.
3286 1645 3309 1679 ι
3341 1626 3402 1680 ln
3432 1628 3543 1684 hoc
3596 1633 3772 1702 pube

2198 1700 2360 1756 habet
2382 1704 2643 1772 propheta
2675 1708 2961 1764 materiam
2985 1711 3285 1768 bonitatem
3314 1716 3413 1772 Dei
3441 1736 3459 1771 ς
3490 1719 3562 1773 de
3592 1700 3687 1777 ιικ
3704 1722 3769 1780 ιιι

2197 1793 2310 1862 agit
2337 1795 2438 1882 :.ln
2465 1797 2639 1866 prima
2688 1808 2844 1869 parte
2889 1804 3127 1858 ostendit
3176 1806 3351 1862 Deum
3398 1810 3491 1866 sic
3538 1812 3765 1880 minare

2196 1897 2342 1966 suos,
2376 1895 2434 1940 ut
2475 1903 2583 1942 non
2635 1889 2860 1945 timeant
2900 1892 3028 1961 quid
3073 1893 3243 1952 faciat
3285 1899 3477 1966 homo,
3530 1913 3591 1958 et
3632 1907 3762 1961 etia-

520 1994 658 2045 mea,
694 2000 713 2034 ι
744 1982 797 2037 id
834 1991 939 2048 est,
958 1998 1057 2054 per
1082 1985 1402 2055 martyrium
1430 1986 1722 2042 dissolvisti
1748 2003 1835 2043 me
1859 1990 1930 2044 ab
1950 1993 2097 2047 omni
2123 1976 2173 2039 Β
2199 1965 2462 2046 dasillam
2508 1979 2772 2036 ίυίωίοοθ·
2815 1982 2873 2037 ⁸⁸
2915 1986 3152 2043 κευιιάε
3194 1999 3370 2058 Pana:
3404 2007 3538 2061 φη
3568 1995 3759 2065 ἱιιείιίιε

520 2073 735 2129 vinculo
772 2085 1137 2143 peccatorum.
1171 2076 1391 2132 Certum
1420 2087 1599 2133 autem
1644 2079 1798 2136 nobis
1829 2090 1911 2136 est
1952 2084 2084 2153 quod

2203 2088 2221 2120 ι
2263 2067 2473 2125 Bonum
2515 2082 2601 2128 est
2635 2075 2929 2143 conlidere,
2955 2096 2975 2129 I
3002 2081 3238 2138 ostendit
3277 2086 3425 2152 quod
3471 2090 3754 2144 «nam

515 2178 706 2220 omnes
760 2165 817 2219 hi
855 2166 947 2236 qui
992 2167 1049 2220 in
1087 2166 1191 2221 ﬁde
1238 2168 1500 2223 catholica
1539 2183 1640 2239 pro
1682 2170 1901 2227 Christo
1947 2187 2095 2226 mar-

519 2254 718 2323 tyrium
777 2256 1066 2322 sustinent,
1124 2258 1289 2311 etiam
1349 2258 1397 2313 si
1434 2259 1803 2316 criminalibus
1851 2262 2092 2331 impediti

516 2346 647 2411 sint,
677 2347 856 2401 omnia
897 2354 1075 2403 tamen
1115 2348 1171 2403 in
1209 2350 1454 2420 martyrii
1488 2351 1746 2420 sanguine
1780 2351 2089 2408 diluuntur:

515 2451 637 2492 cum
688 2440 821 2496 dicit
859 2442 1075 2497 vincula
1108 2458 1206 2498 sua
1235 2445 1513 2514 disrumpi,
1554 2445 1681 2515 quia
1731 2444 1932 2500 Christi
1979 2438 2095 2501 ser-3

513 2543 613 2582 vus
653 2528 755 2584 fuit
780 2571 795 2596 ,
836 2532 928 2585 dat
960 2532 1116 2588 nobis
1162 2533 1460 2604 intelligere
1491 2535 1635 2603 quod
1673 2536 1721 2589 ai
1762 2536 1852 2605 qui
1890 2543 2094 2607 marty-

513 2620 654 2674 rium
694 2622 991 2690 patiantur,
1027 2624 1121 2692 qui
1161 2639 1268 2678 non
1326 2625 1435 2679 sint
1472 2625 1587 2679 veri
1624 2626 1898 2690 catholici,
1949 2643 2092 2681 mar-

510 2708 710 2779 tyrium
754 2725 943 2767 eorum
983 2726 1091 2767 non
1131 2714 1416 2783 disrumpit
1468 2715 1679 2770 vincula
1705 2725 2087 2786 peccatorum:

510 2800 649 2857 sicut
710 2800 894 2870 plures
946 2817 1049 2872 pro
1084 2804 1382 2861 haeresibus
1424 2806 1536 2862 suis
1590 2810 1789 2863 mortui
1846 2818 1990 2871 sunt,
2034 2819 2089 2863 et

509 2890 648 2944 nihil
692 2890 895 2960 profuit
935 2894 1033 2948 eis.
1079 2894 1145 2949 Et
1185 2896 1313 2964 quia
1368 2898 1482 2952 scio
1520 2899 1663 2967 quod
1715 2900 1927 2954 vincula
1973 2902 2088 2956 dis-

511 2996 747 3050 rumpcs,
794 2984 916 3038 ideo
962 3002 983 3035 ς
1013 2985 1332 3043 sacriﬁcabo
1388 2988 1483 3043 tibi
1524 2990 1776 3057 hostiam,
1807 3011 1827 3044 ι
1866 3007 1969 3047 non
2000 3009 2088 3064 pe-

509 3073 721 3137 cudum,
756 3076 851 3130 sed
887 3094 906 3128 ι
939 3076 1133 3144 laudis,
1173 3097 1192 3130 ι
1223 3080 1278 3135 id
1304 3089 1409 3144 est,
1460 3083 1724 3152 meipsum
1780 3086 2087 3154 acceptabi-

505 3163 614 3221 letn
639 3165 891 3233 hostiam,
929 3169 1305 3227 mortiﬁcando
1335 3174 1388 3227 in
1432 3189 1517 3229 me
1549 3176 1729 3230 omnia
1760 3178 1888 3233 vitia
1929 3198 1948 3230 ι
1982 3188 2037 3233 ει
2064 3198 2084 3232 ι

508 3262 570 3310 ιιι
617 3255 842 3324 possim,
870 3276 890 3310 ι
934 3273 1129 3315 nomen
1176 3260 1386 3318 Domini
1429 3264 1713 3321 invocabo.
1751 3286 1769 3318 ι
1818 3267 1931 3323 Hoc
1976 3286 2087 3325 non

2195 2157 2296 2213 bus
2321 2171 2375 2213 et
2396 2163 2736 2230 sperantibus
2760 2166 2817 2219 in
2848 2167 3073 2222 Domino
3097 2169 3263 2226 iaciat
3290 2173 3460 2237 Dein,
3490 2180 3640 2245 quod
3670 2180 3753 2231 ad-

2195 2247 2258 2302 lae
2309 2251 2680 2308 tribulationes
2726 2257 2934 2324 possint
2969 2259 3045 2314 cis
3075 2276 3291 2327 nocere,
3325 2265 3421 2319 sed
3454 2268 3633 2321 etim
3659 2270 3753 2323 alci-

2195 2342 2494 2397 seanturde
2520 2344 2754 2401 inimicis
2772 2348 2981 2413 suimet
2999 2351 3163 2406 etiam
3191 2364 3486 2419 convertat
3512 2374 3613 2413 eos
3633 2371 3707 2414 εει
3723 2362 3753 2415 si

2193 2431 2479 2501 aliquando
2504 2436 2733 2502 cadunt,
2776 2438 2921 2503 Deus
2940 2441 3146 2498 relevet
3178 2458 3291 2500 eos.
3322 2445 3380 2499 In
3413 2450 3583 2513 testia
3614 2463 3753 2520 prta,

2191 2540 2311 2594 quae
2354 2526 2570 2595 incipit:
2607 2547 2625 2579 ι
2660 2528 2884 2598 Aperite
2917 2532 3053 2587 mihi
3090 2544 3298 2603 portas,
3329 2557 3355 2589 ι
3388 2539 3593 2595 videns
3623 2557 3751 2610 (pas-

2193 2614 2317 2670 dam
2345 2625 2531 2683 portas
2580 2632 2676 2686 per
2701 2633 2836 2687 quas
2868 2621 3082 2679 ducitur
3108 2625 3177 2679 ad
3223 2625 3544 2695 Christum,
3574 2631 3660 2700 qui
3690 2642 3752 2686 est

2190 2720 2348 2781 porta
2392 2712 2594 2795 ducens
2635 2714 2702 2769 ad
2751 2724 3009 2772 aeternam
3050 2719 3283 2788 gloriam
3304 2722 3503 2793 (Jama.
3529 2728 3607 2793 ι),
3649 2728 3747 2795 petit

2190 2811 2249 2856 ut
2277 2781 2648 2857 introducatur
2682 2805 2734 2858 in
2766 2804 2884 2859 illas
2908 2781 3114 2875 portas.
3152 2808 3210 2863 ln
3237 2781 3441 2880 quarta

2190 2892 2410 2963 incipit:
2458 2912 2475 2946 ι
2504 2892 2829 2951 Benedictus
2855 2896 2945 2965 qui
2973 2898 3121 2953 venit
3141 2898 3202 2958 ia
3225 2903 3459 2959 mine
3496 2904 3708 2965 Domini.
3730 2926 3744 2954 ι

2191 2983 2384 3041 videns
2433 2986 2720 3053 quemdam
2761 2986 3108 3045 benedictum
3151 2990 3371 3048 venisse
3399 2995 3459 3049 in
3501 2997 3747 3057 manilii.

2191 3089 2223 3133 a
2251 3091 2361 3147 quo
2410 3076 2501 3133 alii
2539 3078 2948 3148 benedicentur,
2985 3092 3172 3139 monet
3204 3084 3343 3141 alios
3373 3087 3570 3147 ﬁdeles
3596 3100 3647 3145 ut
3680 3090 3749 3144 he-

2187 3169 2388 3227 nedicti
2422 3186 2520 3240 per
2544 3172 2688 3228 hunc
2725 3173 3012 3233 Dominum
3068 3178 3408 3235 constituant
3430 3182 3484 3237 ei
3515 3185 3648 3239 diem
3678 3200 3752 3239 so-

2189 3259 2440 3315 lemnem.
2487 3260 2722 3318 lntendit
2749 3279 2848 3319 nos
2893 3265 3187 3324 admonere
3215 3276 3278 3325 ut
3321 3285 3426 3339 pro
3468 3271 3753 3343 bujusmedi

509 3350 597 3403 εει
626 3344 694 3397 de
742 3344 1003 3405 “emam
1043 3349 1271 3407 vernale
1301 3392 1317 3419 ,
1365 3354 1460 3409 sed
1514 3357 1866 3415 .ranslawres
1914 3376 2081 3432 3pm.
2113 3333 2161 3399 C
2188 3349 2467 3407 beneﬁciis
2499 3351 2686 3408 laudes
2727 3353 2938 3410 debitas
2965 3355 3193 3414 Domino
3236 3333 3560 3429 referamus:
3579 3374 3631 3418 et
3664 3372 3751 3419 est

505 3444 731 3491 suerunt
758 3452 773 3501 ;
802 3445 861 3495 et
884 3438 1004 3496 ideo
1039 3440 1395 3515 Hieronymus
1421 3446 1475 3501 in
1502 3448 1606 3502 hoc
1631 3448 1748 3504 loco
1776 3458 1831 3505 ει
1858 3452 1913 3505 in
1940 3453 2077 3520 aliis,

502 3526 596 3581 ubi
617 3526 744 3595 quid
770 3542 879 3585 non
914 3540 998 3591 est
1026 3534 1094 3591 de
1131 3533 1393 3593 Hebraioa
1412 3541 1661 3609 veritate,
1689 3545 1842 3614 ponit
1861 3547 2082 3603 asteris-

503 3629 647 3681 cum,
705 3617 758 3681 id
807 3628 890 3676 est
928 3622 1139 3693 signum
1184 3627 1593 3699 probibitionis;
1648 3634 1862 3689 obelum
1905 3638 2078 3706 ponit,

504 3710 593 3765 ubi
641 3725 739 3782 Per
774 3716 1103 3777 coutrarium
1124 3721 1328 3788 evenit,
1369 3723 1575 3781 scilicet
1612 3727 1703 3781 ubi
1747 3727 1953 3797 aliquid
1991 3729 2078 3784 in-

500 3801 647 3859 venit
685 3803 939 3871 alilatum,
982 3809 1125 3876 quod
1171 3812 1367 3869 retinet
1407 3813 1670 3872 Hebraica
1692 3818 1911 3873 veritas.

568 3891 780 3953 Laudes
814 3897 1048 3953 devoveo
1083 3899 1219 3966 Deo,
1240 3910 1297 3957 et
1321 3902 1441 3961 illas
1467 3905 1654 3963 laudes
1681 3926 1700 3959 ι
1729 3909 1949 3965 reddam
1973 3910 2078 3965 Do-

497 3986 672 4052 mitio,
714 3987 923 4051 scilicet
958 4008 977 4041 ι
1015 3998 1139 4046 vota
1163 4007 1326 4049 mea:
1360 4014 1379 4045 ι
1411 3998 1600 4053 ethoc
1625 4000 1680 4053 in
1715 4019 1734 4051 ι
1780 4013 2075 4073 conspectu

498 4077 675 4131 omnis
698 4078 879 4147 populi
911 4076 1045 4146 ejus,
1082 4100 1099 4132 ι
1126 4089 1185 4137 ιιι
1211 4083 1335 4141 aliis
1366 4088 1667 4157 exemplum
1698 4090 1870 4148 laudis
1913 4095 2070 4149 exhi-

500 4164 659 4225 beam
686 4185 698 4219 :
730 4167 910 4225 ethoc
934 4167 1130 4227 faciam
1162 4190 1181 4224 ι
1217 4172 1270 4227 in
1297 4176 1449 4231 atriis
1476 4178 1667 4235 domus
1693 4180 1928 4249 Domini,
1964 4203 1983 4237 ι
2018 4185 2070 4240 id

499 4265 621 4319 est.
680 4255 733 4310 in
790 4261 1043 4331 pmsenti
1108 4262 1374 4332 Ecclesia,
1425 4283 1544 4337 qua:
1596 4281 1819 4327 vocatur
1873 4276 2075 4335 atrium

498 4356 720 4417 propter
747 4352 1153 4421 amplitudinem
1191 4357 1403 4426 domus,
1431 4362 1557 4430 quia
1598 4364 1652 4418 in
1681 4381 1744 4421 ea
1786 4367 1929 4424 Dens
1972 4371 2071 4425 ha-

497 4435 652 4491 bitat.
684 4436 781 4493 Vel
809 4456 907 4509 per
934 4442 1152 4501 domum
1178 4447 1472 4517 accipimus
1503 4452 1781 4509 caelestem
1806 4457 2022 4514 domum
2054 4478 2066 4513 :

495 4529 826 4595 peratrium,
863 4544 1180 4605 pl‘atsentem
1220 4537 1540 4607 Ecclesiam,
1578 4559 1698 4613 quae
1725 4556 1806 4602 est
1847 4549 2066 4617 atrium,

496 4617 551 4674 id
586 4630 668 4675 est
704 4622 958 4680 introitus
1000 4627 1067 4687 ad
1102 4629 1375 4687 cmlestem
1423 4636 1656 4703 patriam
1692 4657 1705 4695 :
1734 4649 1789 4694 et
1829 4640 1921 4698 illa
1944 4653 2067 4701 vota

404 4756 410 4763 .
498 4725 615 4764 mea
659 4713 880 4768 reddam
912 4730 1013 4788 ego
1047 4717 1161 4787 jam
1190 4736 1287 4791 spe
1314 4742 1332 4773 ί
1364 4723 1418 4779 in
1458 4727 1634 4783 medio
1672 4731 1771 4795 tui,
1816 4730 2067 4790 Hierusa-

407 4798 414 4807 '
496 4798 624 4866 lem,
662 4822 681 4859 ι
717 4803 940 4863 caelesti.

937 4934 1007 4991 IN
1045 4936 1376 4998 PSALMUM
1413 4924 1609 5001 cxvr.‘

1004 5046 1260 5123 Τιτυδυε.
1295 5055 1540 5114 Alleluia.

568 5178 585 5207 ι
620 5156 863 5215 Laudate
890 5162 1197 5233 Dominum,
1235 5184 1423 5227 omnes
1448 5185 1655 5244 gentes.
1691 5200 1708 5232 ι
1747 5180 1921 5247 Habet
1946 5200 2072 5255 ιιι-οη

489 5245 649 5319 pheta
704 5252 1024 5321 materiam,
1078 5256 1505 5327 misericordiam
1552 5277 1607 5323 et
1655 5245 2070 5341 veritatem-Do-

489 5338 641 5407 mini,
659 5342 975 5407 etadmonet
992 5346 1057 5402 ad
1078 5353 1403 5411 cantandum
1421 5356 1648 5417 alleluia.
1674 5364 1738 5423 Et
1759 5365 1885 5421 inde
1907 5338 2071 5427 dicit:

496 5444 514 5476 ι
548 5443 735 5486 omnes
778 5442 983 5504 gentes,
1018 5457 1036 5488 ι
1064 5438 1115 5495 id
1147 5450 1248 5505 est,
1281 5458 1469 5502 omnes
1513 5451 1776 5520 nationes,
1812 5473 1832 5505 ι
1860 5456 2073 5517 laudate

489 5517 775 5577 Dominum
805 5544 817 5578 ε
853 5546 870 5576 ι
909 5537 961 5582 ει
992 5546 1105 5597 vos,
1142 5550 1161 5583 σ
1194 5550 1381 5592 omnes
1408 5540 1610 5608 populi,
1646 5562 1662 5595 ι
1695 5517 1863 5607 idest
1890 5552 2070 5620 populi

490 5613 730 5669 omnium
760 5619 1019 5687 gentium,
1056 5626 1209 5693 quasi
1246 5642 1435 5684 omnes
1463 5630 1709 5705 Romani,
1753 5638 1837 5693 vel
1868 5639 2067 5711 Latini,

488 5702 579 5804 vel
596 5704 767 5762 Graeci
794 5728 813 5761 ι
848 5710 1059 5773 laudate
1086 5732 1228 5773 cum.
1262 5741 1280 5773 ι
1308 5720 1430 5788 Vel,
1458 5726 1680 5795 populos
1704 5702 2066 5804 accipiamus,

491 5794 795 5887 quicunque
810 5804 908 5861 sub
932 5820 1035 5859 una
1052 5805 1165 5879 lege
1186 5810 1403 5879 vivunt;
1425 5794 1633 5887 gentes,
1657 5794 1899 5881 homines
1911 5794 2069 5887 unius

491 5881 726 5940 civitatis
750 5904 764 5940 :
796 5888 1011 5967 vel'per
1040 5905 1228 5963 gentes
1254 5881 1560 5972 conversos,
1591 5881 1816 5981 gentiles
1842 5881 2067 5988 ρει·ρᾶ

2183 3460 2286 3499 vox
2315 3447 2593 3515 pmphetaa
2623 3446 2709 3502 vel
2742 3446 2965 3515 alicujus
2989 3446 3147 3517 justi,
3172 3467 3283 3511 nou
3304 3468 3475 3522 prose
3497 3454 3749 3521 ωιωαι

2184 3534 2236 3588 in
2275 3548 2509 3602 persona
2544 3535 2787 3599 omnium
2828 3535 3100 3605 iustorum
3137 3540 3448 3610 loquentis:
3482 3565 3502 3597 ι
3537 3545 3751 3606 me

2181 3626 2315 3681 mini
2358 3626 2613 3693 Domino,
2654 3647 2675 3679 ι
2708 3629 2762 3684 id
2816 3640 2917 3696 est,
2956 3630 3176 3689 laudate
3218 3636 3503 3694 Domino
3534 3658 3549 3693 :
3581 3650 3636 3697 et
3672 3641 3744 3697 da-

2179 3718 2341 3785 betis,
2381 3738 2398 3770 ι
2430 3720 2688 3788 quoniam
2709 3739 2726 3773 ι
2757 3720 2871 3791 ipse
2895 3722 3240 3792 singulariter
3267 3746 3287 3778 ι
3313 3729 3481 3787 Maus
3501 3750 3525 3783 ι
3554 3746 3656 3800 per
3676 3747 3757 3788 se:

2180 3817 2235 3877 et
2290 3809 2598 3880 quicunque
2638 3810 2765 3867 boni
2804 3822 2949 3878 sunt,
3002 3827 3068 3867 ex
3109 3832 3179 3875 eo
3212 3819 3331 3883 boni
3373 3830 3503 3881 sunt
3548 3840 3567 3875 :
3624 3825 3768 3881 unde

2179 3902 2428 3958 Christus
2454 3905 2664 3961 cuidam
2696 3908 3049 3975 adolescenti,
3075 3913 3280 3968 voeanti
3298 3928 3414 3968 eum
3443 3914 3691 3985 bonum,
3717 3931 3768 3976 et

2179 4010 2286 4048 non
2314 3995 2629 4067 intelligenti
2654 4014 2777 4054 eum
2806 4016 2927 4058 esse
2955 4003 3149 4070 Deum,
3170 4006 3331 4062 dixit:
3356 4026 3376 4058 ι
3392 4006 3655 4075 Quidue
3676 4031 3765 4069 vo-

2178 4105 2271 4149 cas
2298 4092 2546 4151 bonum?
2596 4093 2765 4153 Nemo
2810 4098 3014 4166 bonus,
3061 4102 3167 4157 nisi
3220 4103 3364 4158 solus
3410 4104 3562 4162 Deus
3613 4108 3759 4177 (ιω.

2178 4183 2364 4253 xvm).
2397 4202 2415 4234 ι
2462 4184 2636 4240 Etiam
2667 4186 2831 4244 nolite
2876 4190 3207 4261 negligentes
3239 4209 3361 4250 esse
3402 4196 3471 4250 ad
3496 4199 3759 4255 conﬁtea-

2176 4272 2324 4336 dum,
2359 4293 2376 4323 ι
2419 4275 2675 4343 quoniam
2701 4279 3071 4337 misericordia
3098 4280 3217 4350 eius
3246 4304 3270 4335 ι
3299 4294 3515 4341 tantum
3545 4301 3628 4344 est
3658 4314 3673 4339 ι
3711 4293 3757 4344 in

2176 4361 2389 4425 saecula,
2429 4383 2450 4413 ›
2494 4364 2545 4417 id
2570 4374 2671 4429 est,
2701 4369 2935 4436 quandiu
2964 4368 3065 4426 hoc
3089 4373 3351 4429 saeculum
3377 4376 3623 4447 durabit,
3646 4384 3759 4451 quia

2175 4461 2295 4520 post
2317 4453 2456 4508 hanc
2478 4455 2645 4511 vitam
2683 4459 2835 4514 tarda
2857 4468 2940 4516 est
2965 4460 3257 4520 confessio.

2246 4542 2313 4596 Et
2351 4545 2456 4601 hoc
2487 4547 2633 4617 quod
2658 4564 2762 4620 ego
2789 4566 3004 4619 moneo,
3036 4555 3245 4611 scilicet
3275 4561 3559 4629 conﬁteri,
3587 4584 3608 4615 ι
3636 4566 3760 4619 ditat

2173 4651 2334 4699 nunc,
2372 4657 2388 4686 ι
2438 4637 2487 4691 id
2523 4648 2628 4705 est,
2660 4640 2711 4695 in
2740 4646 2993 4713 praesenti
3022 4648 3239 4715 saeculo,
3278 4668 3299 4702 ι
3331 4650 3529 4717 lsruel,
3568 4676 3585 4707 ι
3618 4658 3762 4712 ida

2183 4742 2371 4787 omnes
2396 4732 2594 4791 subditi
2624 4731 2915 4793 Christiani
2948 4750 3317 4807 proponentes
3340 4745 3449 4807 sibi
3484 4746 3635 4803 hanc
3654 4764 3764 4803 caa-

2182 4834 2299 4877 satn
2346 4821 2541 4888 laudis,
2579 4844 2598 4875 ί
2641 4826 2897 4895 quoniam
2930 4847 2951 4881 ι
2984 4830 3246 4886 Dominus
3291 4842 3376 4890 est
3406 4855 3428 4888 ι
3460 4837 3645 4895 holus
3672 4860 3690 4893 ι
3716 4849 3766 4893 et

2186 4931 2203 4964 ι
2232 4915 2487 4982 quoniam
2510 4916 2566 4973 in
2592 4918 2850 4979 saeculum
2879 4920 3251 4979 misericordia
3284 4924 3425 4994 eius.
3462 4947 3484 4982 ι

2249 5004 2315 5063 Et
2345 5021 2452 5061 non
2480 5014 2688 5069 tantum
2730 5009 2929 5066 subditi
2963 5013 3323 5071 exhortantur
3358 5034 3423 5074 se
3456 5022 3533 5076 ad
3563 5023 3773 5079 laude.

2174 5094 2289 5161 Dei,
2329 5097 2422 5151 sed
2464 5099 2627 5157 etiam
2663 5121 2680 5152 ι
2707 5100 2902 5159 domus
2938 5104 3142 5173 Aaron,
3173 5108 3217 5177 il
3234 5109 3289 5164 id
3316 5122 3407 5167 est
3433 5122 3555 5170 tota
3586 5118 3779 5173 electis

2178 5187 2519 5241 sacerdotum
2550 5200 2605 5245 et
2633 5192 2861 5250 aliorum
2892 5197 3256 5268 praelatorum,
3299 5221 3319 5255 ι
3344 5205 3501 5261 dicat
3556 5226 3728 5272 nunc.
3757 5228 3777 5262 ι

2175 5278 2471 5334 exhortans
2517 5282 2584 5336 ad
2634 5283 2848 5347 laudem
2903 5289 3020 5354 Dei,
3053 5310 3070 5342 ι
3111 5295 3364 5362 quoniam
3411 5299 3467 5352 in
3513 5304 3785 5358 saeuiunt

2174 5368 2546 5426 misericordia
2575 5372 2708 5442 ejus.
2746 5395 2764 5427 ι
3132 5369 3137 5373 ’

2245 5459 2310 5513 Et
2332 5462 2459 5530 quid
2481 5477 2576 5531 per
2596 5464 2799 5535 singula
2814 5468 2838 5522 ἲ
2853 5488 2871 5521 ‹
2895 5472 3085 5531 Dicant
3101 5490 3244 5533 nunc
3268 5498 3286 5530 ι
3303 5481 3467 5536 etiam
3489 5504 3511 5534 ι
3537 5502 3745 5546 omnes
3764 5511 3781 5541 ι

2175 5550 2240 5607 de
2288 5568 2608 5624 quacunque
2643 5569 2824 5626 gente,
2864 5565 3195 5632 conditione,
3241 5573 3480 5639 notitiae,
3518 5596 3543 5629 ε
3586 5584 3689 5652 qui
3724 5585 3788 5639 ti-

2174 5653 2321 5701 ment
2345 5644 2649 5716 Dominum,
2684 5671 2702 5703 ι
2732 5652 2835 5708 hoc
2855 5656 3054 5723 dicant,
3084 5678 3103 5711 ι
3132 5664 3383 5730 quoniam
3426 5666 3481 5721 in
3506 5644 3797 5731 saeuiunt

2172 5737 2544 5797 misericordia
2577 5744 2712 5814 eius.
2750 5766 2769 5799 ι
2798 5747 2941 5806 Bene
2975 5753 3098 5809 dico
3123 5758 3267 5825 quod
3291 5760 3362 5815 sit
3400 5762 3619 5833 bonus,
3658 5775 3801 5841 quia

2173 5828 2226 5883 in
2257 5846 2343 5887 me
2383 5844 2551 5901 patet,
2596 5839 2723 5906 quia
2752 5859 2771 5891 ι
2806 5841 3051 5899 invocavi
3097 5845 3379 5906 Dominum
3414 5853 3481 5908 de
3542 5828 3805 5919 tribula-

2172 5922 2336 5989 tione,
2371 5945 2391 5979 ι
2417 5925 2473 5981 id
2508 5938 2611 5994 est,
2653 5932 2891 5991 monitus
2921 5935 2997 5991 fui
3026 5938 3279 5997 invocare
3318 5942 3634 6007 Dominum
3690 5970 3810 6015 oet
