3898 6462
139 438 246 495 597

1300 430 1736 488 EXPLANA’I‘IO
1770 430 1837 485 IN
1876 429 2217 487 PSAIMOS.

3276 436 3385 495 598

137 556 338 612 multas
386 554 781 620 tribulationem
815 572 833 606 ι
863 562 918 608 et
954 566 1042 608 Ine
1076 570 1095 605 ι
1130 548 1468 606 invocantem
1495 569 1513 602 ι
1542 564 1711 605 exau-
1739 551 1787 611 Α
1815 556 2054 618 augeant
2080 566 2092 601 :
2124 548 2196 603 ita
2229 547 2328 617 ipsi
2360 544 2756 605 circur'ndantes
2790 564 2874 604 me
2898 549 2966 603 ad
2999 549 3385 621 tribulandum,

136 650 271 704 divit
302 646 563 704 Dominus
592 647 649 701 in
686 645 1033 727 latitudine”.
1064 643 1118 698 id
1146 650 1251 706 est,
1283 641 1336 696 in
1363 639 1710 710 amplitudine

136 741 440 804 charitatis,
462 738 700 796 utetiam
727 751 943 793 orarem
963 750 1062 808 pro
1084 734 1335 789 inimicis.
1366 731 1478 797 Vel,
1505 749 1524 782 ι
1548 746 1711 785 exau-

135 835 274 890 divit
298 849 407 900 me,
436 851 459 886 ι
487 830 600 903 jam
654 828 889 903 positum
925 843 1021 898 spe
1056 828 1115 883 in
1162 824 1441 881 latitudine
1476 822 1713 879 calestis

120 929 344 998 patriar.

205 1018 324 1089 Ipse
347 1016 641 1084 exaudivit,
672 1024 730 1073 et
756 1030 881 1071 eum
909 1014 1024 1087 ipse
1049 1031 1070 1065 ι
1100 1012 1363 1068 Dominus
1390 1031 1409 1063 ι
1435 1011 1505 1066 sit
1534 1028 1551 1061 ‹
1581 1008 1712 1064 mihi

133 1110 369 1179 adjutor,
397 1123 503 1164 non
531 1109 734 1164 timebo
758 1106 888 1178 quid
931 1104 1095 1162 faciat
1132 1102 1265 1159 mihi
1301 1103 1461 1158 homo
1489 1121 1509 1155 ι
1538 1116 1710 1173 quan-

133 1211 465 1271 tumcunque
492 1199 699 1254 saeviat.

206 1294 274 1349 Et
304 1308 411 1348 non
446 1300 657 1347 tantum
698 1290 969 1346 hominem
1010 1304 1115 1344 non
1167 1286 1397 1352 timebo,
1429 1285 1524 1342 sed
1550 1285 1712 1340 etiam

130 1384 260 1455 quia
288 1384 401 1455 ipse
425 1400 446 1434 σ
483 1383 743 1438 Domimts
771 1401 790 1434 ι
816 1389 901 1435 εει
929 1398 948 1432 ι
980 1379 1117 1434 mihi
1150 1379 1381 1449 adjutor,
1414 1385 1469 1432 et
1492 1390 1591 1447 ego
1617 1374 1719 1429 ini-

130 1477 307 1531 micos
334 1489 485 1532 meos
518 1494 535 1526 ι
570 1474 909 1545 spirituales,
934 1472 991 1527 id
1018 1479 1100 1527 est
1136 1472 1441 1536 dtemones,
1479 1488 1497 1520 ι
1532 1468 1712 1539 despi-

128 1568 297 1634 ciam,
329 1587 346 1619 ι»
375 1566 903 1639 quandoquevidens
930 1579 1025 1619 eos
1048 1564 1101 1618 in
1122 1562 1326 1631 judicio
1339 1561 1434 1616 Dei
1462 1560 1715 1616 condem-

125 1662 274 1717 nari.
320 1659 419 1716 Vel
474 1660 530 1715 in
584 1660 688 1714 hac
741 1658 851 1712 vita
902 1656 1193 1726 despiciam
1240 1654 1511 1719 inimicos,
1551 1659 1610 1705 ut
1641 1651 1714 1707 ita

126 1752 374 1807 dicamus
417 1767 433 1806 :
474 1750 727 1805 Inimicos
776 1763 955 1813 meos,
1006 1747 1057 1802 id
1103 1754 1187 1801 est
1230 1746 1375 1815 ipsos
1420 1744 1712 1809 daemones,

124 1843 254 1898 licet
286 1845 396 1900 sint
424 1842 739 1907 invisibiles,
783 1841 1107 1910 despiciam,
1154 1837 1332 1905 idest,
1368 1836 1718 1907 despicabiles

1813 649 2081 696 auxerunt
2107 642 2161 695 in
2191 656 2277 696 me
2291 642 2534 707 virtutes,
2563 662 2580 693 ι
2614 662 2631 693 ι
2651 650 2706 698 ει
2728 655 3052 701 exarserunt
3078 644 3217 699 sicut
3247 646 3385 717 ignis

1813 734 1867 788 in
1888 733 2078 804 spinis.
2118 752 2134 785 ι
2169 732 2325 788 Sicut
2349 735 2517 804 spinae
2545 736 2674 789 dant
2704 736 2813 806 igni
2847 734 3102 802 fomenta,
3134 747 3192 791 ut
3217 739 3386 805 magis

1812 824 2018 890 ardeat,
2036 824 2115 879 sic
2140 823 2326 894 spinae,
2370 826 2421 879 id
2448 835 2533 880 cst
2554 834 2775 896 peccata
2803 842 3011 894 eorum,
3037 828 3276 897 praebent
3305 827 3389 883 fu-

1814 916 2135 972 ror'reorum
2163 915 2335 984 majus
2366 916 2691 972 incendium.
2718 918 2815 973 Vel
2841 918 2997 974 aliter
3028 936 3041 973 z
3072 918 3226 974 Sient
3250 920 3389 989 ignis

1811 1011 1866 1067 in
1896 1011 2083 1082 spinis,
2112 1010 2165 1065 id
2191 1019 2293 1075 est,
2325 1011 2465 1065 sicut
2492 1012 2631 1080 ignis
2657 1012 2839 1082 spinas
2868 1014 3155 1080 consumit,
3173 1022 3385 1080 trunco,

1813 1102 1905 1171 qui
1933 1100 2121 1157 firmus
2142 1110 2198 1157 et
2222 1102 2425 1157 solidus
2455 1112 2556 1167 est,
2582 1119 2688 1159 non
2714 1106 2983 1175 praevalet,
3011 1107 3090 1161 sic
3114 1105 3390 1160 tribulatio

1813 1193 2017 1265 spinas,
2049 1194 2102 1248 id
2126 1202 2229 1259 est,
2263 1204 2481 1263 peccata
2508 1194 2777 1265 justorurn
2810 1197 2970 1264 delet,
3001 1199 3193 1254 anima.-
3221 1197 3391 1252 firmi-

1813 1286 1913 1340 tati
1941 1301 2053 1341 non
2078 1295 2252 1341 nocet.
2287 1306 2305 1339 ‹
2336 1286 2402 1341 Ει
2451 1287 2509 1341 in
2549 1288 2766 1342 nomine
2813 1288 3048 1354 Domini,
3093 1289 3392 1359 quia‘ultus

1813 1393 1933 1433 sum
1958 1379 2012 1434 in
2036 1393 2148 1433 eos.
2171 1398 2191 1430 ι
2210 1378 2275 1432 Ει
2303 1380 2391 1434 hic
2421 1380 2637 1434 modum
2670 1380 3000 1450 gravissima:
3025 1382 3392 1437 tribulationis

1811 1470 2070 1534 ostendit,
2103 1479 2157 1525 et
2180 1471 2281 1525 has
2310 1474 2716 1541 persecutiones
2746 1474 2875 1528 dicit
2900 1489 2958 1528 se
2991 1475 3310 1529 sustinuisse
3338 1475 3391 1528 in

1812 1576 2042 1631 persona
2072 1563 2301 1618 aliorum
2324 1563 2593 1633 justorum
2620 1565 2908 1634 primitivae
2935 1564 3209 1619 Ecclesia.

1899 1654 2191 1725 Postquam
2242 1655 2479 1710 ostendit
2535 1669 2594 1710 se
2638 1654 2888 1710 inimicos
2942 1655 3021 1710 sic
3075 1653 3391 1720 vindicare,

1814 1748 2050 1802 ostendit
2076 1748 2219 1818 quod
2261 1749 2302 1802 si
2350 1748 2704 1818 compellatur
2735 1749 2897 1803 etiam
2927 1748 2994 1803 ad
3019 1762 3226 1814 casum,
3252 1747 3396 1802 Deus

1818 1838 2022 1894 relevat
2046 1854 2191 1894 eum.
2214 1838 2560 1895 Continuatio
2588 1858 2600 1893 τ
2634 1839 2860 1909 Propter
2882 1841 2982 1895 hoc
3004 1841 3167 1896 etiam
3193 1840 3394 1895 bonum

132 1936 443 2000 ostendam,
474 1935 602 2004 quia
632 1949 825 1988 eorum
851 1932 1235 1988 tentationihus
1263 1929 1570 1985 nullatenus
1613 1942 1703 1984 ac—
1742 1914 1789 1977 Β
1816 1937 1902 1985 εει
1930 1944 2169 1998 sperare,
2195 1929 2318 2000 quia
2350 1949 2369 1980 ι
2403 1930 2665 1999 impulsus
2707 1946 2826 1985 sum
2861 1950 2880 1982 ι
2914 1948 2941 1985 a
2970 1932 3183 1987 diabolo
3213 1940 3270 1988 et
3294 1930 3398 1987 mi-

128 2040 432 2096 quiescam.

214 2136 233 2167 ε
280 2115 488 2171 Bonum
532 2124 637 2173 est.
683 2135 703 2169 ι
743 2116 879 2173 Pars
928 2115 1184 2171 secunda.
1233 2113 1580 2169 Continuatio
1610 2130 1623 2167 :
1651 2112 1719 2167 Et

124 2210 260 2281 quia
313 2210 573 2265 Dominus
614 2226 701 2266 me
751 2212 824 2267 ita
871 2211 1126 2281 adjuvat,
1174 2209 1319 2280 quod
1364 2225 1468 2264 non
1519 2208 1720 2264 timebo

127 2300 431 2368 hominem,
459 2316 592 2370 ergo
614 2319 633 2353 σ
665 2301 866 2357 bonum
892 2310 973 2356 est
998 2300 1270 2356 conlidere
1296 2300 1350 2355 in
1384 2320 1401 2351 ›
1431 2301 1534 2355 isto
1566 2318 1584 2351 ι
1614 2300 1719 2355 Do-

126 2392 284 2447 mino
312 2407 471 2462 quam
504 2392 775 2447 confidere
815 2393 869 2446 in
912 2393 1150 2457 homine,
1184 2413 1201 2445 ι
1238 2393 1365 2462 quia
1405 2393 1459 2446 in
1500 2392 1720 2447 homine

128 2482 285 2537 nullo
328 2482 488 2537 modo
527 2481 901 2537 confidendum
936 2490 1037 2548 est,
1066 2497 1241 2552 neque
1268 2483 1322 2536 in
1353 2496 1429 2545 se,
1459 2497 1633 2552 neque
1662 2482 1716 2536 in

128 2574 274 2640 alio,
302 2574 399 2628 sed
430 2573 483 2627 in
524 2573 638 2630 solo
671 2573 799 2629 Deo.
837 2572 930 2629 llle
968 2572 1188 2629 confidit
1228 2574 1283 2627 in
1332 2573 1580 2637 Domino,
1626 2572 1717 2641 qui

129 2665 289 2722 illum
317 2672 473 2736 putat
516 2674 789 2737 potentem
816 2673 872 2720 et
906 2663 1260 2720 sufﬁcientem
1296 2665 1364 2718 ad
1396 2664 1716 2719 remittenda

126 2765 385 2830 peccata,
408 2765 464 2813 et
487 2746 553 2811 ad
576 2757 841 2828 justitiam
871 2755 1279 2813 conferendam.
1307 2756 1399 2811 Ille
1423 2770 1552 2811 vero
1589 2772 1717 2811 εοηο

130 2848 257 2905 fidit
283 2849 339 2905 in
381 2848 624 2916 homine,
650 2848 743 2919 qui
789 2856 942 2919 putat
984 2863 1044 2904 se
1087 2863 1184 2920 per
1220 2848 1396 2904 solum
1435 2849 1715 2903 arbitrium

133 2942 258 2999 sine
276 2941 575 3013 adjuvante
596 2942 770 3013 gratia
797 2942 933 2997 bene
960 2943 1196 3013 operari.
1598 2988 1621 3007 ,

216 3054 233 3086 ι
252 3033 459 3090 Bonum
479 3042 561 3089 est
581 3048 802 3105 sperare
818 3035 871 3089 in
898 3034 1146 3102 Domino,
1160 3054 1180 3088 ι
1204 3034 1259 3089 id
1277 3042 1380 3102 est,
1402 3043 1718 3108 exspectare

133 3128 629 3183 remunerationem
661 3142 770 3182 sua:
785 3126 1029 3197 iustitiae,
1067 3128 1135 3183 ab
1161 3127 1277 3199 ipso
1305 3125 1532 3184 Domino
1556 3127 1715 3193 datae,

140 3239 160 3271 ι
196 3234 359 3289 quam
387 3234 607 3291 sperare
651 3219 706 3275 in
734 3219 1069 3291 principibus
1099 3239 1118 3271 ι
1151 3218 1523 3286 saecularibus,
1551 3221 1635 3276 vel
1660 3220 1714 3275 in

139 3313 347 3368 sanctis
394 3312 597 3383 angelis
645 3320 703 3367 et
742 3312 864 3366 aliis
906 3312 1111 3366 Sanctis
1153 3311 1285 3365 viris
1325 3329 1338 3364 :
1383 3312 1509 3381 quia
1546 3325 1722 3381 neque

138 3402 313 3473 angeli
368 3416 542 3471 neque
585 3400 677 3454 alii
707 3400 878 3454 sancti
906 3408 1134 3469 possunt
1178 3413 1276 3470 per
1323 3415 1381 3455 se
1425 3400 1721 3471 quidquam

138 3493 410 3551 conferre.
430 3511 448 3543 ι
469 3491 641 3558 Quam
662 3510 681 3543 ι
707 3490 935 3546 electiva
962 3491 1272 3562 conjunctio
1292 3500 1399 3558 est,
1415 3492 1613 3548 etillud
1634 3493 1719 3548 cui

72 3576 83 3591 “
139 3586 511 3656 conjungitur,
533 3598 758 3653 prorsus
785 3583 964 3640 innuit
986 3599 1109 3640 esse
1132 3584 1505 3641 auferendum.

212 3674 338 3731 Ideo
381 3674 504 3731 dico
545 3693 565 3726 ι
609 3674 806 3729 bonum
849 3681 935 3730 est
973 3689 1196 3745 sperare
1235 3674 1293 3730 in
1333 3675 1590 3739 Domino,
1620 3693 1639 3726 ι
1668 3683 1724 3730 ει

148 3778 169 3812 r
200 3760 403 3816 bonum
441 3768 528 3815 est
572 3758 847 3819 conﬁdere
869 3760 925 3819 in
946 3775 1043 3826 eo,
1082 3781 1103 3814 ι
1138 3762 1264 3830 quia
1292 3777 1392 3833 ego
1415 3762 1639 3831 probavi
1668 3762 1722 3817 in

138 3864 232 3907 me
266 3851 417 3922 ipso,
456 3859 512 3909 et
555 3850 785 3909 ostendo
828 3851 1253 3921 eertitudinem,
1296 3853 1421 3922 quia
1466 3871 1486 3904 ι
1533 3867 1724 3911 omnes

140 3950 334 4013 gentes
368 3942 706 3997 circuierunt
734 3957 819 3996 me
853 3961 871 3994 ι
904 3942 1288 3998 blandimentis
1332 3952 1390 4001 et
1438 3943 1619 4009 minis,
1668 3952 1720 3999 et

136 4033 307 4088 etiam
334 4032 607 4093 exteriora
634 4046 754 4091 mea
776 4032 1091 4099 auferendo,
1134 4052 1153 4086 ι
1190 4043 1246 4090 ει
1273 4054 1291 4092 ι
1322 4035 1427 4093 hoc
1460 4054 1479 4087 ι
1509 4036 1657 4106 quia,
1695 4056 1713 4089 ι

137 4125 197 4181 id
227 4133 330 4192 est,
358 4125 502 4196 quod
533 4143 551 4177 ι
574 4123 718 4187 uiuus
745 4140 866 4191 sirm
893 4125 945 4183 in
970 4140 1083 4194 eos,
1104 4146 1124 4181 ι
1149 4136 1232 4186 εει
1255 4126 1456 4185 factum
1489 4147 1510 4181 ι
1545 4130 1601 4183 in
1632 4146 1723 4185 no-

135 4218 289 4273 mine
322 4217 559 4284 Domini,
594 4237 614 4277 t
644 4232 753 4274 non
788 4233 886 4288 per
925 4234 1047 4286 me,
1073 4220 1167 4277 sed
1195 4235 1292 4290 per
1313 4221 1571 4279 auxilium
1618 4222 1722 4279 Do~

135 4308 297 4364 mini.
329 4308 408 4365 lta
438 4309 655 4379 quidem
702 4309 982 4369 ulciscitur
1010 4324 1068 4366 se
1104 4308 1287 4379 justus
1315 4311 1371 4371 in
1404 4320 1721 4382 peccatores

135 4399 286 4464 illos,
316 4401 444 4469 quia
476 4400 558 4455 sic
583 4401 854 4459 convertit
888 4415 1005 4467 eos.
1035 4408 1095 4457 ut
1119 4402 1262 4457 mala
1291 4418 1411 4472 quae
1444 4403 1598 4473 prius
1636 4404 1723 4457 in-

134 4491 389 4546 ferebant
409 4491 506 4562 ipsi
527 4491 695 4562 justo,
721 4493 883 4549 modo
913 4492 965 4549 in
990 4492 1195 4561 seipsos
1222 4492 1310 4547 illa
1340 4492 1645 4558 conferant,
1669 4502 1725 4548 et

133 4596 242 4653 pro
277 4583 515 4651 peccatis
546 4581 653 4637 illis
682 4597 739 4638 se
763 4582 993 4653 puniant
1020 4602 1035 4638 ς
1066 4591 1121 4638 ει
1160 4583 1252 4638 hic
1293 4591 1512 4641 notatur
1556 4584 1725 4640 levior

134 4674 440 4729 tribulatio.

224 4784 242 4815 ί
272 4765 679 4830 Circumdantes
710 4783 729 4817 ι
765 4764 935 4833 etiam,
972 4782 991 4825 ε
1028 4764 1509 4823 circumdederunt
1553 4782 1660 4832 me,
1699 4787 1716 4819 ι

134 4857 350 4917 scilicet
378 4864 806 4927 perseverantes,
840 4855 971 4911 mihi
999 4856 1054 4911 in
1082 4857 1302 4928 propria
1322 4873 1556 4927 persona
1583 4858 1719 4912 mala

136 4949 476 5017 inferendo:
507 4967 526 5000 ‹
561 4955 620 5005 ει
667 4948 725 5009 in
769 4963 866 5004 eos
902 4968 921 5001 ι
955 4957 1063 5009 tam
1104 4964 1301 5021 graves
1346 4959 1724 5022 persecutores

142 5067 164 5100 ι
211 5062 330 5101 sum
357 5045 519 5113 ultus,
557 5063 576 5096 ι
608 5043 748 5100 sicut
778 5058 981 5115 supra:
1017 5063 1034 5096 ι
1068 5044 1127 5101 in
1148 5045 1368 5101 nomine
1410 5046 1647 5101 Domini.
1692 5066 1711 5097 ι

220 5158 239 5191 ι
269 5137 750 5197 Circumdederunt
783 5152 870 5193 me
904 5157 923 5188 ι
983 5138 1146 5195 etiam
1180 5157 1198 5190 ι
1234 5138 1375 5193 sicut
1402 5154 1530 5210 apes
1563 5159 1581 5191 ι
1617 5139 1719 5194 sci-

134 5234 291 5297 licet,
324 5240 433 5286 tam
460 5231 661 5289 acriter
688 5238 747 5286 et
770 5240 877 5287 tam
910 5245 1114 5296 amare,
1139 5232 1282 5288 sicut
1322 5246 1451 5301 apes
1476 5240 1720 5302 pungunt

136 5324 381 5393 aliquem
412 5339 425 5375 :
452 5330 508 5377 et
550 5321 689 5377 bene
732 5330 1007 5391 comparat
1032 5337 1128 5380 eos
1155 5324 1380 5393 apibus,
1410 5323 1536 5394 quia
1581 5322 1719 5377 sicut

136 5432 274 5489 apes
316 5421 561 5487 pungunt
597 5412 862 5483 aliquem,
893 5423 948 5471 et
975 5416 1260 5486 pungendo
1300 5414 1557 5486 frangunt
1598 5429 1720 5470 acu-

130 5508 318 5571 leum,
342 5514 397 5561 et
420 5503 547 5560 inde
576 5502 900 5566 moriuntur,
939 5504 1023 5559 vel
1067 5504 1287 5561 inutiles
1310 5513 1613 5570 remanent,
1642 5506 1717 5561 ita

136 5606 517 5674 persecutores
554 5596 855 5668 iustorum,
877 5595 963 5651 vel
993 5597 1325 5653 interﬁciunt
1366 5615 1426 5654 se
1466 5598 1713 5661 interius,

134 5690 228 5749 vel
252 5698 527 5748 excaicant
553 5690 624 5745 ad
647 5697 879 5762 tempus.
912 5686 1029 5754 Vel,
1061 5707 1079 5738 σ
1118 5690 1591 5748 circumdederunt
1629 5708 1717 5747 me

135 5784 284 5840 sicut
309 5796 436 5852 apes
461 5801 480 5834 ι
516 5779 698 5835 favum
728 5778 1217 5837 circumdant.Alia
1236 5782 1517 5838 translatio
1531 5784 1712 5850 habet,

145 5895 167 5930 ι
205 5873 406 5941 favum,
436 5872 504 5929 ad
542 5872 647 5929 hoc
685 5871 1041 5936 circumdant,
1082 5879 1140 5927 ut
1181 5872 1287 5929 mel
1327 5873 1631 5939 infundant,
1662 5886 1709 5929 et

1748 4647 1805 4707 D

1820 2022 2009 2077 nistris
2035 2021 2174 2090 ejus,
2217 2041 2235 2071 ι
2271 2030 2332 2077 ιιι
2360 2022 2607 2078 caderem
2646 2043 2665 2075 ›
2698 2023 2752 2077 in
2780 2033 3081 2094 peccatum.
3127 2024 3277 2079 Tunc
3298 2024 3399 2079 ‘di-

1821 2112 1963 2167 citur
1978 2111 2158 2180 justus
2181 2112 2462 2182 impulsus,
2494 2108 2708 2183 quando
2736 2113 2947 2169 dubitat
2970 2130 3038 2168 an
3076 2113 3245 2169 faciat
3274 2130 3287 2166 :
3319 2113 3398 2168 sic

1820 2202 2016 2273 legitur
2036 2203 2103 2257 de
2124 2201 2379 2257 Marcello
2399 2211 2454 2255 et
2481 2204 2675 2269 Marco,
2703 2205 2794 2273 qui
2829 2219 2965 2274 pene
2988 2220 3085 2275 per
3109 2204 3400 2259 blanditias

1822 2296 2111 2350 mulierum
2143 2296 2349 2350 seducti
2390 2305 2545 2361 sunt,
2597 2297 2691 2350 sed
2738 2296 2997 2351 Dominus
3038 2313 3135 2367 per
3183 2298 3399 2352 beatum

1821 2387 2202 2443 Sebastianum
2254 2388 2496 2457 suscepit
2544 2402 2639 2443 eos
2688 2403 2755 2442 ne
2805 2389 3103 2444 caderent:
3141 2398 3195 2444 et
3239 2390 3400 2445 etiam

1826 2498 1843 2528 ι
1880 2492 2103 2533 eversus
2138 2496 2157 2529 ι
2187 2492 2307 2532 sum
2333 2492 2346 2531 :
2374 2485 2429 2531 et
2458 2478 2563 2533 hoc
2591 2478 2720 2534 dicit
2752 2493 2983 2549 persona
3014 2478 3265 2545 aliorum,
3296 2480 3399 2539 sci-

1820 2569 1967 2634 licet,
2000 2569 2055 2623 in
2086 2577 2265 2623 actum
2296 2568 2504 2638 peccati
2549 2571 2934 2649 praecipitatus,
2961 2579 3019 2625 ut
3051 2572 3318 2638 caderem,
3350 2573 3405 2627 id

1819 2668 1926 2724 est,
1947 2667 2008 2712 ut
2029 2673 2253 2727 prorsus
2277 2659 2542 2727 perirem;
2564 2670 2657 2715 «et
2688 2679 2706 2711 ο
2734 2660 2857 2715 inde
2882 2679 2900 2711 σ
2928 2659 3188 2717 Dominus
3213 2676 3394 2717 susce-

1819 2748 1899 2818 pit
1926 2762 2032 2814 me,
2063 2767 2082 2802 ι
2115 2763 2184 2803 ex
2211 2764 2320 2817 quo
2346 2759 2569 2820 apparet
2610 2751 2753 2820 quod
2798 2750 2913 2820 ipse
2951 2759 3036 2806 est
3072 2770 3091 2803 ι
3134 2750 3398 2807 fortitudo

1821 2854 1963 2905 mea,
1990 2859 2008 2892 ι
2043 2838 2249 2895 faciens
2270 2856 2356 2896 me
2384 2839 2575 2896 fortem
2600 2851 2723 2912 post
2751 2843 2991 2914 lapsum;
3023 2861 3044 2895 ι
3064 2851 3120 2899 ει
3140 2843 3256 2899 laus
3280 2859 3400 2899 mea

1820 2932 2102 2998 Dominus,
2140 2954 2157 2985 ι
2195 2934 2248 2987 in
2271 2934 2374 2988 hoc
2403 2934 2533 2989 facit
2568 2950 2654 2989 me
2682 2935 3025 3003 laudabilem,
3047 2936 3191 3005 quod
3221 2936 3403 2993 inimi-

1821 3026 1899 3081 cis
1953 3026 2090 3081 meis
2136 3026 2268 3081 facit
2312 3041 2401 3081 me
2450 3026 2725 3083 resistere.
2772 3028 2868 3083 Vel
2914 3027 3172 3084 fortitudo
3214 3037 3403 3084 contra

1822 3121 2026 3185 hosres,
2063 3119 2200 3187 laus,
2224 3130 2483 3190 quantum
2511 3122 2577 3176 ad
2604 3122 2705 3177 hoc
2729 3122 2871 3192 quod
2902 3123 3105 3178 relevat
3140 3139 3171 3177 a
3211 3139 3404 3194 pecca-

1826 3216 1931 3269 tis:
1960 3236 1978 3267 ι
2007 3225 2061 3270 ει
2089 3236 2106 3267 ι
2140 3218 2244 3271 hoc
2270 3215 2537 3281 faciendo,
2582 3236 2601 3267 ι
2647 3225 2731 3271 εει
2771 3216 2947 3272 factus
2988 3216 3119 3271 mihi
3163 3217 3221 3271 in
3262 3217 3405 3272 salu-

1824 3318 1934 3363 tem
1974 3328 1993 3360 ι
2042 3310 2253 3364 animai.
2301 3307 2438 3364 Cum
2481 3309 2630 3374 dicit,
2669 3328 2687 3360 ι
2739 3308 2933 3374 factus,
2966 3329 2985 3361 ι
3021 3318 3175 3365 notat
3223 3308 3402 3365 incar-

1826 3402 2099 3457 nationem
2125 3402 2291 3457 divini
2327 3400 2511 3467 Verbi,
2557 3418 2655 3473 per
2692 3417 2856 3472 quam
2885 3403 3001 3458 base
3034 3403 3214 3457 omnia
3246 3402 3401 3457 nobis

1825 3493 1969 3551 facta
1995 3510 2137 3550 sunt.

1895 3586 1962 3640 Et
1994 3587 2121 3656 quia
2160 3585 2424 3641 Dominus
2445 3594 2530 3642 est
2567 3585 2832 3643 fortitudo
2854 3601 2996 3655 mea,
3028 3588 3150 3643 ideo
3185 3606 3204 3639 ι
3237 3589 3292 3643 in
3321 3596 3403 3642 ta-

1824 3679 2427 3750 bernaculisjustorurn,
2450 3700 2469 3732 ι
2497 3681 2553 3736 id
2571 3690 2675 3745 est,
2704 3682 2757 3738 in
2780 3683 3123 3738 conscientiis
3143 3683 3401 3752 ipsorum,

1826 3769 1879 3823 in
1907 3769 2104 3839 quibus
2141 3770 2350 3825 habitat
2393 3770 2555 3837 Deus,
2606 3780 2660 3825 et
2696 3772 2751 3827 in
2790 3772 2985 3842 quibus
3025 3774 3123 3843 ipsi
3174 3774 3409 3829 militant

1823 3860 1954 3926 Deo,
1986 3868 2070 3915 est
2114 3880 2132 3912 ‹
2166 3877 2270 3914 vox
2315 3861 2711 3929 exsultationis,
2751 3880 2771 3914 ι
2799 3862 2853 3917 id
2874 3872 2959 3919 est
2988 3878 3181 3934 magna
3219 3866 3401 3920 exsul-

1823 3951 1979 4017 tatio,
2004 3966 2101 4021 per
2118 3951 2263 4021 quod
2288 3950 2400 4006 Deo
2424 3958 2667 4006 nostram
2694 3951 3024 4008 voluntatem
3049 3953 3403 4021 ostendimus,

1822 4040 1962 4097 sicut
1989 4039 2182 4111 aliquis
2209 4042 2413 4096 amicus
2440 4041 2617 4097 amico
2640 4058 2739 4098 suo
2763 4058 2860 4112 per
2886 4059 3069 4099 vocem
3106 4063 3119 4098 :
3164 4063 3182 4097 ι
3214 4052 3269 4099 ει
3300 4061 3401 4101 vox

1822 4132 2032 4199 salutis,
2066 4153 2087 4185 ι
2128 4132 2178 4187 id
2210 4140 2313 4196 est,
2352 4133 2467 4201 ipsa
2497 4134 2786 4188 exsultatio
2811 4134 3043 4189 habetur
3073 4136 3124 4189 in
3146 4136 3311 4191 corde
3339 4136 3404 4190 de

1823 4226 2019 4292 salute,
2049 4240 2211 4296 quam
2233 4226 2363 4295 justi
2392 4241 2449 4282 se
2477 4226 2757 4282 habituros
2791 4228 3113 4299 intelligunt.

1892 4318 2018 4375 Ideo
2041 4317 2312 4373 exsultent
2332 4319 2465 4388 justi
2490 4319 2544 4373 in
2567 4320 2944 4386 tabernaculis,
2969 4322 3095 4391 quia
3126 4339 3146 4371 ι
3182 4321 3401 4376 dextera

1825 4409 2039 4465 Domini
2088 4408 2215 4465 fecit
2253 4410 2528 4474 virtutem,
2566 4430 2585 4460 ι
2626 4409 2679 4463 id
2707 4421 2810 4475 est,
2835 4402 3004 4465 Filius
3044 4427 3197 4476 suus,
3225 4420 3280 4465 et
3308 4429 3402 4481 po-

1824 4501 1989 4557 tentia
2019 4515 2115 4556 sua
2142 4499 2271 4555 fecit
2301 4516 2388 4555 me
2418 4507 2750 4555 constantem
2776 4511 2964 4556 contra
2992 4511 3395 4571 persecutores:

1827 4603 1881 4648 et
1922 4593 2033 4662 ipsa
2074 4592 2268 4648 eadem
2301 4613 2318 4642 ι
2348 4592 2571 4647 dextera
2617 4592 2831 4665 Domini
2873 4593 3132 4649 cxaltavit
3171 4608 3257 4649 me
3291 4615 3309 4646 ι
3346 4595 3397 4649 in

1824 4684 2135 4749 virtutibus,
2170 4684 2576 4755 multiplicando
2620 4685 2676 4738 in
2718 4684 2851 4754 ipsis
2880 4686 3189 4754 virtutibus,
3220 4696 3391 4742 custo’

1825 4776 1980 4833 dibus
2001 4792 2086 4831 me
2106 4776 2397 4832 custodivit
2422 4794 2434 4828 -.
2462 4785 2517 4830 et
2541 4776 2641 4831 hoc
2664 4786 2746 4830 est
2769 4776 2910 4846 quod
2935 4778 3068 4833 dicit
3090 4795 3107 4835 :
3130 4798 3150 4832 ι
3177 4780 3396 4836 dextera

1825 4866 2038 4925 Domini
2069 4867 2196 4923 fecit
2221 4869 2493 4922 virtutem.
2528 4888 2548 4919 ι

1891 4956 1959 5015 Et
1986 4958 2110 5027 quia
2148 4976 2167 5008 ς
2197 4960 2417 5013 dextera
2464 4957 2674 5013 Domini
2722 4957 2848 5013 fecit
2898 4959 3187 5025 virtutem,
3222 4979 3241 5012 ι
3276 4961 3395 5014 idco

1830 5066 1847 5097 ι
1878 5063 1983 5103 non
2014 5048 2234 5113 moriar,
2261 5068 2278 5100 ι
2304 5048 2355 5103 id
2382 5056 2487 5113 est,
2518 5064 2622 5105 non
2654 5050 2843 5104 cadam
2873 5067 2904 5106 a
2932 5050 3205 5107 concessis
3235 5052 3400 5107 virtu-

1828 5139 1990 5202 tibus,
2027 5160 2043 5190 ι
2075 5140 2169 5195 sed
2193 5140 2367 5193 vivam
2402 5159 2420 5190 ι
2450 5140 2557 5201 vita
2581 5120 2808 5205 animm;
2841 5159 2859 5193 ι
2890 5150 2944 5195 ει
2973 5141 3205 5197 narrabo
3235 5158 3394 5213 opera

1830 5229 2058 5291 numam,
2097 5250 2113 5279 ι
2145 5230 2197 5284 id
2222 5238 2324 5295 est,
2350 5232 2684 5287 annuntiabo
2709 5231 2849 5285 aliis.

1883 5320 2007 5375 Ideo
2049 5340 2067 5373 ι
2102 5336 2206 5381 non
2240 5324 2459 5387 moriar,
2493 5325 2584 5380 sed
2636 5326 2833 5385 vivam,
2869 5343 2887 5374 ι
2935 5326 3060 5393 quia
3111 5326 3201 5380 illa
3245 5327 3387 5385 mala

1811 5425 1930 5483 quae
1951 5410 2083 5466 mihi
2112 5410 2359 5469 intulisse
2400 5416 2601 5484 putatis
2634 5414 2700 5468 ad
2729 5430 2906 5471 meam
2938 5416 3386 5485 destructionem,

1811 5502 1994 5565 intulit
2014 5505 2270 5561 Dominus
2290 5508 2356 5560 ad
2377 5508 2799 5576 correctionem;
2828 5519 2886 5565 et
2901 5509 3004 5565 hoc
3024 5518 3109 5565 est
3129 5524 3145 5563 :
3174 5528 3193 5565 ι
3226 5510 3389 5567 casti-

1811 5598 1957 5668 gavit
1982 5611 2069 5651 me
2100 5598 2358 5657 Dominus
2384 5599 2671 5669 castigans,
2708 5618 2729 5652 ι
2760 5599 2814 5659 id
2842 5609 2927 5654 est
2955 5615 3305 5670 perseverans
3333 5600 3386 5656 in

1812 5688 2126 5759 castigando
2156 5705 2251 5760 per
2280 5690 2746 5760 frequentissimas
2796 5691 3194 5760 tribulationes,
3229 5711 3249 5745 ι
3285 5703 3341 5749 ει
3361 5712 3382 5746 ι

1814 5789 1996 5838 tamen
2033 5803 2050 5835 ι
2096 5799 2201 5839 non
2240 5785 2460 5845 tradidit
2487 5799 2569 5838 me
2592 5787 2752 5841 morti
2787 5806 2805 5838 ι
2827 5786 3022 5841 animus
3045 5804 3059 5840 :
3083 5788 3224 5845 unde
3242 5786 3386 5859 Apo-

1813 5873 2021 5931 stolus:
2058 5895 2077 5929 ι
2114 5876 2182 5934 Ut
2208 5878 2481 5949 castigati,
2507 5887 2562 5933 et
2589 5894 2696 5935 non
2731 5878 3060 5936 mortificati.
3095 5899 3114 5933 ι
