3898 6452
492 408 597 465 599

950 410 1307 469 llAYMONIS
1346 412 1824 470 HALBERSTAT.
1864 415 2078 472 EPISC.
2120 416 2269 473 OPP.
2311 418 2490 473 PARS
2528 420 2569 474 l.
2604 449 2673 460 -—
2706 418 3059 479 COMMENT.
3101 422 3271 479 BlBL.

3658 425 3775 479 δοῦ

562 522 694 578 Pars
715 521 901 577 tertia.
920 522 987 578 Et
1005 524 1436 595 quandoquidem
1458 540 1558 596 ego
1580 527 1702 582 vivo
1724 529 1832 583 vita
1854 530 2066 595 animai,
2098 537 2148 596 Α
2174 529 2303 585 dum
2332 542 2663 602 reputarent.
2714 533 2814 589 Hic
2840 535 3058 605 quidem
3101 535 3259 606 lapis,
3304 552 3468 608 quem
3494 539 3777 608 reproba-

488 620 544 666 ct
570 627 689 666 sum
720 613 1017 684 castigatus
1046 613 1232 670 multis
1268 614 1721 683 tribulationibus,
1754 632 1854 674 nec
1879 627 2058 674 tamen

485 702 870 771 mortificatus,
901 720 1029 775 ergo
1070 720 1185 771 vos,
1224 705 1450 777 apostoli
1495 708 1686 774 sancti,
1727 716 1783 763 et
1821 706 1914 763 alii
1960 709 2060 763 mi-

483 794 643 849 nistri
686 803 885 851 sanctze
932 796 1203 863 Ecclesiae,
1236 816 1255 848 ι
1295 798 1501 867 aperite
1533 798 1664 853 mihi
1709 807 1915 869 portas,
1953 820 1971 853 ι
2004 800 2058 856 id

481 886 876 952 est,dissolvite
904 904 990 943 me
1012 905 1109 959 per
1133 902 1470 946 sacramenta
1500 891 1774 959 Ecclesiae,
1806 912 1824 944 ι
1851 902 1907 948 et
1931 907 2058 963 ape-

482 977 671 1032 riendo
716 986 928 1034 sanctas
974 978 1302 1051 Scripturas,
1350 997 1470 1052 quae
1498 983 1679 1038 omnia
1722 992 1848 1037 sunt
1886 990 2057 1053 porta:

485 1086 504 1118 ‹
531 1065 773 1136 iustitiae,
804 1089 823 1122 ι
844 1070 898 1125 id
922 1080 1020 1137 est,
1051 1088 1147 1143 per
1165 1088 1301 1143 quas
1322 1074 1484 1129 homo
1507 1074 1693 1145 plenas
1706 1073 2052 1144 iustificatio-

476 1173 574 1216 nes
599 1161 925 1231 assequitur.
974 1160 1122 1218 Bene
1163 1173 1449 1235 postquam
1498 1180 1557 1222 se
1597 1167 1808 1223 dixerat
1849 1169 2050 1237 vivere,

473 1250 608 1321 petit
635 1260 697 1307 ut
720 1254 1062 1321 dissolvatur,
1093 1257 1218 1328 quia
1265 1260 1627 1315 necessarium
1657 1269 1740 1317 est
1766 1263 2053 1335 unicuique

470 1342 615 1399 ﬁdeli
640 1354 699 1399 ut
725 1363 755 1400 a
782 1348 1045 1404 ministris
1067 1359 1265 1406 sancta:
1287 1352 1547 1409 Ecclesiae
1567 1354 1827 1422 solvatur,
1859 1357 1926 1412 ad
1949 1357 2052 1412 hoc

468 1444 530 1490 ut
570 1436 740 1506 possit
765 1440 1048 1508 pervenire
1076 1443 1143 1496 ad
1172 1444 1563 1500 aeternitatem:
1595 1447 1737 1516 quod
1767 1449 1926 1504 modo
1954 1464 2047 1504 co-

469 1526 799 1595 gnoscimus,
828 1528 955 1597 quia
983 1530 1240 1587 Dominus
1266 1532 1420 1589 Jesus
1460 1545 1743 1607 postquam
1785 1538 2047 1594 Lazarum

468 1617 784 1683 vivificavit,
814 1621 1070 1690 praecepit
1098 1624 1157 1676 ut
1195 1623 1494 1680 solveretur
1517 1625 1700 1696 (Joan.
1721 1630 1821 1699 χι).
1859 1648 1877 1680 α
1907 1629 2048 1699 Ape-

467 1706 592 1770 rite,
628 1728 647 1759 ι
690 1709 831 1776 dico,
864 1721 920 1767 et
950 1727 1050 1784 ego
1076 1732 1101 1793 5
1126 1706 1415 1787 ingressus
1460 1718 1512 1772 in
1561 1733 1655 1773 eas
1682 1737 1702 1770 ι
1743 1727 1961 1789 portas,
1992 1721 2045 1776 id

466 1807 572 1864 cst,
595 1800 704 1871 iam
750 1801 1029 1860 absolutus
1059 1813 1114 1860 et
1146 1806 1506 1877 iustificatus,
1546 1827 1564 1859 ‹
1601 1808 1900 1865 conﬁtebor
1940 1810 2046 1865 Do-

2167 632 2359 677 verunt
2385 624 2731 691 aedificantes,
2769 644 2788 678 ι
2831 626 3006 684 factus
3045 637 3130 686 est
3166 630 3223 684 in
3261 640 3425 701 caput
3468 632 3716 703 anguli:
3756 654 3773 683 ι

2166 710 2220 764 id
2245 720 2347 777 est,
2397 713 2536 769 sicut
2564 714 2835 785 angularis
2862 716 2999 788 lapis
3027 719 3162 776 duos
3190 721 3475 793 coniungit
3498 723 3775 792 parietes,

2165 798 2239 853 ita
2263 799 2510 857 Christus
2531 803 2666 859 duos
2706 804 2984 878 coniungit
3006 808 3258 879 populos,
3289 808 3514 867 Judaeos
3552 821 3618 867 et
3644 828 3775 884 gem

2166 900 2275 960 tes,
2334 893 2389 948 in
2428 895 2671 950 eamdem
2718 896 2899 953 ﬁdem.
2951 898 3087 955 Cum
3124 900 3278 969 dicit,
3313 922 3334 956 ι
3378 904 3447 958 in-
3472 914 3655 975 caput
3682 922 3775 961 an-

2162 986 2293 1056 guli,
2330 1005 2350 1038 »
2404 995 2560 1043 notat
2604 986 2880 1044 Christum
2912 1005 3035 1047 esse
3080 1008 3297 1049 omnem
3325 998 3772 1053 consummatio-

2162 1092 2287 1133 nem
2325 1079 2497 1134 nostri
2528 1079 2741 1136 :ediflcii
2775 1090 2831 1135 et
2852 1081 3145 1153 religionis,
3180 1086 3334 1156 quasi
3365 1086 3511 1158 lapis
3550 1091 3765 1158 positus

2161 1167 2217 1224 in
2237 1172 2702 1227 consummatione
2728 1173 2929 1244 anguli.

2230 1256 2362 1314 Dico
2405 1259 2637 1330 lapidem
2670 1261 3017 1334 reprobatum
3063 1279 3186 1321 esse
3230 1264 3441 1322 factum
3490 1268 3555 1323 in
3606 1280 3763 1340 caput

2159 1348 2362 1420 anguli,
2390 1357 2446 1406 et
2490 1370 2509 1403 ‹
2539 1351 2705 1420 istud,
2742 1371 2762 1406 ι
2804 1352 2861 1409 id
2889 1363 2994 1421 est,
3031 1354 3167 1426 lapis
3203 1357 3306 1413 iste
3342 1359 3434 1415 vel
3473 1360 3610 1416 haec
3656 1363 3761 1419 talis

2158 1436 2467 1506 coniunctio
2485 1441 2807 1512 populorum
2843 1443 2991 1500 facta
3016 1460 3116 1516 per
3142 1446 3375 1519 lapidem
3410 1450 3602 1516 illum,
3638 1471 3661 1507 ι
3691 1464 3758 1510 est

2157 1526 2360 1584 factum
2390 1545 2423 1585 a
2456 1531 2703 1598 Domino,
2741 1552 2759 1586 ι
2803 1534 2961 1604 quasi
2986 1535 3167 1592 nullus
3194 1537 3333 1594 alius
3362 1551 3567 1611 posset
3593 1542 3754 1600 facere

2155 1620 2462 1691 huiusmodi
2499 1622 2792 1690 hominem,
2818 1626 2909 1694 qui
2933 1641 3001 1681 ex
3023 1626 3238 1698 virgine
3265 1631 3548 1696 nascitur,
3587 1642 3641 1687 et
3663 1634 3746 1688 im-

2155 1725 2374 1767 munem
2404 1728 2464 1769 se
2497 1715 2735 1771 custodit
2764 1717 2834 1773 ab
2869 1718 3018 1774 omni
3049 1718 3217 1787 malo,
3256 1729 3314 1776 et
3339 1720 3452 1777 alia
3477 1723 3646 1778 multa
3669 1726 3740 1779 fa-

2155 1802 2229 1859 cit
2271 1804 2541 1873 miranda,
2585 1814 2641 1862 et
2667 1808 2789 1866 ideo
2813 1811 3050 1880 speciale
3084 1828 3222 1882 opus
3249 1813 3460 1872 dicitur
3485 1834 3504 1871 :
3546 1827 3593 1872 et
3619 1833 3727 1875 coa-

463 1890 634 1957 mino,
676 1912 693 1942 ι
746 1892 798 1946 id
845 1902 950 1960 est,
1000 1895 1230 1951 laudabo
1256 1898 1586 1953 Dominum:
1621 1906 1675 1953 et
1712 1912 1815 1970 ego
1856 1899 1913 1955 in
1948 1899 2047 1957 has
2075 1895 2357 1975 Bjunptio
2412 1901 2733 1970 populorum
2782 1905 3019 1974 speciale
3074 1922 3210 1977 opus
3247 1906 3345 1965 Dei
3406 1906 3546 1977 fuit,
3603 1930 3619 1963 ι
3645 1922 3729 1968 eti

460 1993 648 2053 portas
692 1986 1408 2067 introductusaperveniam
1451 1992 1518 2046 ad
1564 1990 1836 2047 Christum
1868 1993 2050 2049 Domi-

462 2092 615 2141 num,
652 2078 747 2147 qui
769 2087 854 2133 est
882 2094 1006 2134 vera
1040 2090 1215 2151 porta,
1240 2083 1589 2140 introducens
1619 2083 1922 2142 conformes
1942 2087 2047 2143 sibi

461 2170 531 2224 ad
555 2169 720 2224 vitam
750 2179 1010 2226 aeternam
1043 2191 1056 2227 :
1090 2182 1144 2229 et
1174 2175 1324 2244 quasi
1350 2175 1463 2246 iam
1505 2186 1830 2247 praesentem
1854 2178 2046 2235 videns

459 2261 635 2330 ipsum
666 2262 960 2331 Christum,
985 2265 1115 2321 dicit
1156 2267 1224 2324 de
1259 2268 1377 2339 ipso
1404 2289 1417 2324 :
1456 2289 1474 2321 ι
1504 2270 1631 2328 Haec
1661 2292 1681 2324 ι
1716 2280 1802 2328 est
1831 2291 1850 2324 ι
1887 2282 2044 2343 porta

456 2353 692 2421 Domini,
720 2356 773 2412 id
799 2366 901 2421 est,
929 2372 1026 2426 per
1056 2375 1219 2430 quam
1242 2361 1351 2415 itur
1371 2363 1439 2418 ad
1460 2364 1750 2420 Dominum
1770 2384 1784 2421 :
1801 2381 1902 2421 nec
1926 2369 2044 2437 qui-

458 2462 671 2519 cunque
708 2466 807 2521 per
834 2466 951 2506 eam
997 2453 1296 2523 intrabunt,
1331 2457 1423 2513 sed
1460 2477 1481 2509 (
1519 2458 1649 2529 iusti
1679 2460 1959 2517 intrabunt
1988 2462 2044 2517 in

457 2556 604 2608 eam,
640 2560 660 2594 ι
695 2543 865 2607 idest,
882 2559 980 2614 per
1009 2559 1129 2600 eam
1160 2557 1374 2616 portam
1405 2549 1683 2604 intrabunt
1710 2549 1767 2605 in
1800 2552 2043 2621 requiem

453 2642 732 2689 aeternam.
780 2633 877 2691 Vel
924 2636 1081 2692 aliter
1122 2656 1135 2692 :
1175 2638 1619 2710 Quandoquidem
1668 2642 2041 2701 tribulationes

454 2737 651 2782 vestrae
677 2743 785 2782 non
815 2737 940 2782 sunt
972 2730 1104 2786 mihi
1133 2731 1316 2797 morti,
1358 2732 1450 2787 sed
1480 2733 1843 2805 castigationi,
1875 2734 2041 2806 igitur

451 2831 550 2872 vos
576 2826 953 2887 persecutores
974 2821 1177 2891 aperite
1212 2823 1347 2878 mihi
1380 2834 1566 2895 portas
1584 2826 1826 2897 iustitiae,
1853 2827 1906 2882 id
1932 2837 2035 2894 est,

451 2920 753 2978 prteparate
797 2912 929 2966 mibi
974 2913 1366 2981 tribulationes,
1408 2932 1528 2985 qua:
1557 2931 1644 2971 me
1687 2917 1943 2974 inducent
1982 2920 2038 2975 in

452 3001 838 3071 perfectionem
860 3004 1083 3073 iustitiae
1117 3025 1129 3059 :
1173 3017 1228 3063 et
1269 3024 1370 3079 ego
1397 3010 1673 3080 ingressus
1703 3013 1759 3067 in
1793 3029 1886 3068 eas
1913 3029 2039 3085 por-

453 3101 559 3158 tas,
585 3111 692 3149 non
719 3100 1088 3165 murmurabo,
1114 3102 1210 3156 sed
1241 3103 1544 3159 confitebor
1571 3106 1818 3174 Domino,
1848 3109 1903 3164 id
1928 3116 2034 3177 est,

454 3185 687 3241 laudabo
754 3188 1061 3246 Dominum.
1123 3192 1192 3247 Et
1231 3209 1397 3265 quare
1432 3196 1487 3251 in
1535 3197 1878 3255 tribulatione
1920 3202 2035 3258 lau-

2152 1990 2297 2046 istud
2315 2006 2451 2062 opus
2474 1993 2569 2050 Dei
2602 2013 2621 2045 (
2657 2004 2743 2051 est
2767 1996 3015 2053 mirabile
3056 2000 3111 2054 in
3156 2000 3329 2057 oculis
3366 2004 3591 2059 nostris
3624 2024 3643 2055 ι
3670 2005 3735 2058 in-

2152 2081 2482 2137 terioribus:
2523 2085 2651 2154 quia
2696 2087 2743 2141 si
2796 2088 3143 2146 attendamus
3184 2092 3330 2162 quod
3378 2093 3538 2150 Deus
3569 2095 3731 2150 Filia:

2148 2188 2249 2244 pro
2277 2182 2462 2230 nostra
2508 2175 2829 2235 liberatione
2876 2179 3007 2236 fecit
3056 2183 3352 2252 incarnari,
3388 2187 3569 2241 etiam
3594 2188 3727 2243 morti

2149 2263 2313 2328 dedit,
2348 2279 2477 2322 vere
2517 2267 2823 2324 mirabilem
2861 2269 3220 2353 intelligimus
3253 2274 3347 2331 Dei
3372 2279 3731 2347 operationem

2147 2365 2203 2412 et
2231 2358 2551 2415 bonitatem.

2216 2449 2350 2505 Dico
2381 2470 2401 2502 ‹
2433 2467 2461 2505 a
2490 2452 2720 2510 Domino
2755 2454 2979 2522 factum,
3017 2476 3037 2509 ι
3065 2465 3123 2514 et
3152 2477 3171 2511 ι
3205 2461 3325 2516 haec
3351 2460 3478 2517 dies
3515 2481 3537 2515 ι
3576 2462 3628 2518 in
3652 2481 3732 2533 qua

2145 2550 2308 2598 natus
2334 2553 2417 2600 est
2444 2543 2694 2603 Christus
2731 2557 2787 2604 et
2835 2548 3050 2606 factus:
3096 2552 3182 2607 vel
3228 2553 3282 2607 in
3312 2569 3428 2624 qua
3478 2554 3625 2612 facta
3666 2568 3728 2611 est

2142 2633 2404 2703 praedicta
2426 2634 2735 2706 coniunctio
2763 2640 3100 2710 populorum,
3140 2642 3350 2698 scilicet
3382 2653 3607 2716 tempus
3631 2664 3728 2717 gr:-

2144 2725 2254 2790 tiae,
2283 2734 2370 2782 est
2395 2729 2512 2785 dies
2565 2750 2584 2782 (
2618 2746 2781 2803 quam
2808 2733 2936 2789 fecit
2962 2734 3245 2794 Dominus.
3286 2757 3307 2790 ι
3363 2737 3532 2796 Licet
3570 2741 3728 2796 Domi-

2142 2832 2246 2872 nus
2269 2833 2461 2875 omnes
2488 2819 2708 2879 fecisset
2735 2824 2868 2889 dies,
2902 2833 3082 2881 tamen
3129 2828 3330 2884 dicitur
3355 2829 3509 2887 hanc
3538 2835 3719 2904 specia-

2142 2906 2270 2963 liter
2312 2906 2545 2978 fecisse,
2578 2912 2705 2983 quia
2758 2914 2815 2969 in
2865 2915 2968 2971 hoc
3012 2924 3254 2988 tempore
3299 2922 3619 2991 specialiter
3644 2940 3723 2978 nos

2141 2996 2486 3066 illuminavit,
2521 3010 2577 3057 et
2602 3002 2858 3060 cordibus
2888 3009 3089 3064 nostris
3116 3008 3293 3066 lucem
3339 3027 3458 3068 suae
3496 3017 3731 3087 cognitio.

2140 3090 2229 3145 nis
2259 3090 2496 3148 infudit:
2543 3101 2601 3150 et
2629 3095 2751 3151 ideo
2791 3116 2812 3149 ι
2843 3099 3181 3156 exsultemus
3215 3121 3234 3154 ι
3294 3108 3596 3161 secundum
3629 3124 3730 3163 cor-

2140 3198 2266 3255 pus,
2309 3203 2329 3237 ‹
2364 3196 2420 3243 et
2445 3186 2692 3244 laetemur
2736 3191 2790 3245 in
2821 3207 2883 3247 ea
2921 3211 2939 3243 ι
2997 3195 3300 3251 secundum
3354 3201 3629 3255 animam:
3681 3203 3726 3254 in

452 3277 627 3333 dabo?
647 3278 783 3347 Quia
806 3283 921 3338 haec
942 3282 1041 3338 fuit
1061 3295 1219 3355 porta
1234 3287 1448 3343 Domini
1467 3292 1638 3346 nostri
1657 3291 1786 3348 Jesu
1807 3292 2030 3361 Christi,

2150 3278 2331 3333 eadem
2366 3279 2662 3350 gaudentes
2685 3296 2784 3353 per
2808 3283 3103 3353 puritatem
3131 3297 3337 3345 nostra
3361 3291 3706 3355 conscienti-r3,

448 3368 574 3438 quia
598 3383 698 3437 per
719 3371 915 3427 multas
941 3373 1318 3432 tribulationes
1347 3378 1605 3434 Dominus
1628 3379 1783 3438 Jesus
1807 3382 2035 3440 intravit

445 3460 502 3514 in
523 3458 755 3530 gloriam
784 3460 999 3522 Patris:
1024 3471 1078 3518 et
1099 3466 1225 3535 quia
1249 3476 1332 3522 est
1366 3489 1384 3521 ι
1414 3477 1568 3538 porta
1598 3471 1834 3539 Domini,
1858 3494 1878 3528 ι
1911 3476 2034 3533 ideo

451 3571 469 3602 ι
481 3550 617 3621 iusti
631 3553 910 3609 intrabunt
930 3555 982 3609 in
997 3571 1138 3624 eam,
1151 3558 1234 3613 rid
1255 3567 1357 3625 est,
1376 3560 1525 3631 siqui
1539 3561 1723 3618 volunt
1740 3564 1859 3622 fieri
1872 3565 2031 3637 justi,

442 3660 553 3703 non
579 3645 783 3718 fugiant
810 3649 1120 3717 passionem
1154 3666 1254 3722 pro
1279 3653 1496 3710 nomine
1522 3652 1651 3711 Jesu
1681 3655 1880 3715 Christi
1907 3677 2031 3718 cum

445 3755 580 3811 opus
604 3739 784 3797 fuerit.

518 3850 536 3883 ς
572 3830 850 3905 Ingressus
876 3835 1177 3895 confitebor
1201 3840 1459 3909 Domino,
1494 3864 1513 3897 ι
1540 3852 1597 3899 et
1624 3844 1766 3912 ideo,
1798 3859 1833 3902 ο
1864 3864 1883 3899 ‹
1915 3845 2029 3909 Do-

442 3926 609 3991 mine,
640 3927 939 3983 coufitebor
969 3930 1085 3996 tibi,
1112 3932 1368 4001 quoniam
1414 3935 1686 3991 exaudisti
1712 3952 1820 4003 me,
1859 3956 1878 3990 ι
1910 3953 2031 4008 per-

442 4018 687 4074 ducendo
716 4035 804 4075 me
828 4022 897 4075 ad
916 4030 1149 4090 portam,
1175 4040 1296 4093 qua:
1314 4033 1399 4079 est
1423 4025 1703 4095 Christus;
1730 4048 1749 4081 ι
1778 4039 1832 4085 et
1854 4029 2032 4088 factus

441 4126 501 4165 es
530 4109 695 4177 mihi,
730 4130 749 4161 ι
776 4127 876 4180 per
914 4122 1249 4182 assumptam
1294 4114 1710 4188 humanitatem,
1741 4140 1759 4173 ι
1798 4122 1855 4176 in
1888 4122 2032 4179 salu-

443 4210 574 4267 tem,
613 4222 631 4254 ι
667 4203 719 4257 id
755 4213 839 4259 est
867 4206 1062 4261 animae
1089 4206 1528 4266 viviﬁcationem.

518 4312 535 4341 ι
573 4291 849 4362 Lapidem.
895 4315 914 4345 ι
949 4295 1284 4354 Determinat
1329 4301 1451 4371 quis
1479 4302 1550 4357 sit
1586 4301 1763 4362 factus
1786 4308 1842 4362 in
1887 4309 2030 4366 salu-

442 4391 573 4449 tem,
604 4383 856 4441 Christus
902 4384 1129 4456 s'cilicet,
1159 4399 1379 4462 propter
1408 4394 1732 4452 soliditatem
1777 4399 1917 4471 lapis
1945 4418 2027 4457 re-

438 4476 715 4546 probatus.
772 4477 840 4531 Et
868 4479 1105 4548 quibus?
1150 4480 1352 4540 Judmis
1392 4486 1601 4543 scilicet
1652 4499 1706 4544 et
1753 4495 2026 4563 gentibus,

435 4568 527 4637 qui
550 4582 649 4638 per
673 4568 949 4629 Christum
996 4571 1229 4644 lapidem
1256 4578 1571 4646 angularem
1596 4582 1650 4637 in
1674 4599 1838 4639 unam
1862 4586 2023 4644 fidem

2138 3386 2236 3427 nos
2274 3386 2396 3428 esse
2419 3373 2727 3445 redemptos
2756 3374 2810 3429 in
2835 3375 2939 3432 hac
2968 3376 3073 3432 die.

2204 3484 2335 3543 Dico
2394 3505 2413 3538 ι
2447 3486 2799 3555 exsultemus,
2860 3490 2935 3545 ita
2978 3490 3274 3550 dicentes:
3317 3515 3338 3548 ι
3393 3497 3436 3554 0
3474 3497 3711 3562 Domine,

2134 3576 2344 3632 salvum
2372 3592 2460 3633 nte
2471 3577 2580 3644 fac,
2612 3597 2632 3631 ι
2666 3578 2722 3634 id
2747 3587 2852 3647 est,
2876 3579 2963 3637 fac
2988 3598 3077 3638 me
3101 3586 3422 3658 participem
3448 3588 3606 3658 huius
3632 3591 3717 3645 sal‘

2134 3666 2364 3723 vationis
2392 3683 2555 3738 quam
2586 3669 2788 3724 mundo
2836 3671 3086 3739 attulisti,
3142 3693 3163 3728 ι
3198 3675 3244 3733 0
3299 3677 3560 3748 Domine,
3593 3682 3718 3738 [nne

2133 3773 2474 3842 prosperare,
2506 3779 2526 3814 ι
2561 3760 2769 3818 scilicet
2791 3772 2981 3822 contra
3008 3766 3258 3827 miserias
3279 3788 3407 3842 quas
3440 3774 3535 3827 hic
3558 3778 3727 3829 susti-

2131 3832 2320 3916 nuisti,
2373 3850 2460 3907 fac
2498 3866 2587 3908 me
2636 3855 2961 3927 quandoque
3005 3860 3191 3916 vestiri
3217 3832 3615 3917 immortalitate
3656 3874 3718 3918 et

2133 3942 2589 4012 impassibilitate.

2203 4033 2408 4091 Deinde
2451 4051 2578 4107 pars
2602 4048 2819 4110 quarta.
2845 4041 2925 4097 Ac
2948 4042 2995 4099 si
3023 4043 3230 4101 diceret
3261 4063 3274 4101 :
3310 4045 3442 4114 Quia
3463 4044 3730 4105 Christus

2132 4123 2309 4181 factus
2339 4134 2421 4182 est
2447 4127 2502 4181 in
2530 4136 2696 4199 caput
2722 4132 2923 4203 anguli,
2953 4147 3082 4206 ergo
3104 4151 3205 4193 vos
3228 4137 3317 4193 alii
3350 4158 3369 4190 ε
3401 4140 3722 4196 constituite

2131 4219 2278 4275 diem
2310 4221 2608 4277 solemnem
2637 4242 2650 4277 :
2686 4244 2705 4277 ι
2745 4233 2802 4280 et
2830 4226 2899 4281 ad
2923 4227 3028 4285 hoc
3045 4231 3340 4301 prtemissze
3367 4241 3495 4289 sunt
3511 4249 3721 4298 causa;

2131 4310 2287 4381 quasi
2343 4313 2416 4367 ita
2447 4313 2695 4370 diceret:
2750 4314 2874 4372 ldeo
2921 4318 3129 4376 debetis
3178 4323 3225 4379 ei
3261 4323 3406 4379 diem
3434 4323 3726 4381 solemnem

2131 4403 2487 4470 constituere,
2517 4406 2644 4475 quia
2672 4406 2787 4476 ipse
2820 4427 2841 4460 ‹
2878 4408 2970 4478 qui
2998 4412 3151 4469 venit
3182 4432 3201 4466 ς
3237 4415 3291 4470 in
3319 4415 3611 4479 mundum,
3642 4435 3725 4471 no-

2132 4503 2243 4548 stra
2272 4493 2544 4551 calceatus
2568 4497 2924 4568 humanitate,
2957 4511 3042 4557 est
3086 4523 3105 4554 ι
3136 4505 3479 4574 benedictus,
3523 4528 3544 4560 ι
3577 4510 3631 4565 id
3654 4519 3723 4563 est

2131 4586 2275 4640 omni
2306 4586 2638 4655 perfectione
2666 4590 2926 4647 virtutum
2950 4592 3163 4664 plenus.
3191 4617 3210 4650 ι
3238 4598 3400 4653 Venit
3422 4620 3440 4652 ι
3470 4601 3604 4657 dico
3629 4619 3722 4657 non

435 4669 490 4716 et
518 4662 915 4719 institutionem
956 4640 1374 4739 coniunguntur.
1408 4671 1755 4734 Continuatio
1776 4690 1795 4730 :
1821 4679 2023 4738 Factus
2047 4640 2102 4700 Β
2127 4676 2195 4730 ad
2243 4677 2634 4747 vaIIil'endam
2672 4680 2901 4752 gloriam
2937 4640 3093 4741 8:13"!
3115 4727 3132 4753 9
3182 4688 3325 4745 Sic“t
3353 4689 3724 4749 ADIiChﬁSlBS

436 4762 521 4809 est
548 4754 604 4808 in
651 4755 878 4809 salutem
902 4796 918 4822 ,
970 4756 1171 4815 Judzeis
1200 4761 1407 4818 scilicet
1442 4773 1497 4820 et
1524 4768 1795 4837 gentibus,
1845 4779 1900 4826 et
1933 4773 2023 4829 hic

434 4855 520 4901 est
549 4847 683 4917 lapis
717 4847 837 4914 ille,
894 4869 913 4900 ι
950 4865 1109 4921 quem
1137 4851 1389 4923 lapidem,
1429 4877 1449 4908 ι
1508 4858 1562 4913 id
1608 4868 1692 4915 est
1718 4861 2018 4933 Christum,

433 4942 524 5011 qui
563 4941 760 4997 dicitur
804 4942 943 5013 lapis
995 4955 1217 5015 propter
1266 4949 1636 5009 soliditatem:
1679 4970 1839 5026 quem
1864 4958 2021 5016 Chri-

433 5040 576 5087 stum
603 5052 622 5084 ‹
648 5033 1001 5102 mdificantes,
1028 5055 1047 5088 ι
1076 5037 1127 5091 id
1156 5047 1256 5105 est,
1279 5039 1472 5111 Judaei,
1497 5046 1589 5116 qui
1617 5048 1871 5107 dicuntur
1890 5053 2019 5109 tedi-

432 5126 658 5182 flcautes
693 5130 817 5196 quia
855 5129 912 5184 in
954 5131 1263 5189 carnalibus
1290 5136 1648 5197 observantiis
1667 5143 2014 5202 :edilicaban-

433 5227 543 5285 tur,
573 5217 780 5273 scilicet
808 5221 1085 5279 abstinere
1110 5238 1141 5276 a
1165 5224 1308 5279 malo
1334 5234 1389 5281 et
1422 5230 1627 5286 servire
1647 5232 1758 5289 Deo
1782 5253 1795 5288 :
1826 5251 2017 5307 quam-

429 5310 514 5367 vis
540 5326 649 5367 non
673 5323 1110 5369 consummarent
1138 5331 1302 5386 opus,
1349 5329 1407 5373 ut
1450 5323 1678 5391 perfecti
1703 5326 2013 5386 inveniren-

433 5410 537 5467 tur,
588 5402 692 5457 nisi
719 5402 795 5458 illi
822 5405 914 5473 qui
944 5404 1219 5464 Christum
1266 5408 1683 5484 Redemptorem
1729 5434 2014 5492 cxspecta~

430 5493 580 5559 bant,
606 5496 701 5551 sed
727 5498 879 5565 quasi
917 5501 1103 5569 pueri,
1135 5504 1227 5573 qui
1254 5506 1408 5576 quasi
1443 5523 1541 5579 per
1559 5510 1846 5569 blanditias
1878 5517 2011 5572 edu-

430 5592 641 5652 cantur,
666 5586 838 5644 donec
864 5590 966 5660 ipsi
998 5595 1182 5663 gravia
1224 5598 1497 5656 sustinere
1517 5603 1725 5670 possint
1758 5613 1813 5660 et
1840 5606 2012 5679 legem

430 5674 525 5731 Dei
551 5676 880 5750 adimplere:
928 5684 1001 5739 ita
1028 5684 1194 5742 Judaai
1241 5706 1339 5761 per
1363 5692 1477 5748 haec
1506 5696 1819 5764 temporalia
1844 5674 2010 5757 bene-

431 5767 553 5823 ﬁcia
576 5770 993 5841 :edificabantur,
1035 5779 1205 5835 donec
1245 5782 1349 5851 ipsi
1390 5784 1679 5854 aliquando
1721 5804 2012 5861 cognosce-

434 5867 553 5914 rent
582 5862 887 5929 veritatem,
921 5876 975 5922 et
999 5868 1119 5925 ideo
1144 5885 1243 5938 pro
1277 5872 1404 5928 solis
1434 5876 1744 5936 caelestibus
1769 5884 2008 5939 servien-

2125 4769 2305 4839 faciet,
2337 4775 2435 4830 sed
2468 4795 2488 4827 ‹
2530 4775 2583 4831 in
2613 4778 2833 4834 nomine
2870 4780 3082 4836 Domini
3112 4800 3133 4834 ι
3166 4782 3507 4854 amplianda.

2196 4862 2238 4917 A
2267 4879 2378 4933 quo
2407 4864 2690 4923 benedicto
2720 4868 2918 4926 fuimus
2946 4871 3213 4931 benedicti
3239 4915 3255 4941 ,
3285 4883 3340 4930 et
3367 4891 3472 4932 nos
3510 4897 3535 4931 ς
3573 4879 3727 4934 bene.

2122 4955 2359 5013 diximus
2390 4960 2543 5016 vobis
2589 4964 2655 5018 de
2692 4965 2853 5020 domo
2887 4967 3120 5024 Domini.
3156 4990 3176 5022 ι
3229 4970 3333 5039 Qui
3381 4975 3542 5032 enim
3583 4987 3726 5033 extra

2121 5048 2342 5102 domum
2395 5059 2543 5116 sunt,
2586 5051 2642 5106 id
2692 5063 2773 5108 est
2820 5054 3137 5123 Ecclesiam,
3192 5076 3300 5116 non
3331 5061 3551 5121 habent
3584 5078 3732 5139 puteo

2124 5143 2318 5192 statem
2352 5138 2731 5197 benediceudi.
2770 5143 2901 5200 Dico
2948 5163 3047 5207 nos
3075 5147 3482 5221 benediximus,
3537 5138 3603 5213 et
3637 5175 3731 5214 no-

2120 5226 2208 5283 bis
2261 5228 2706 5287 benedicentibus
2770 5254 2788 5287 ‹
2838 5235 2978 5292 Deus
3030 5239 3289 5297 Dominus
3336 5262 3357 5295 ι
3417 5245 3732 5307 benedixit.

2130 5335 2149 5369 ‹
2185 5326 2241 5374 et
2272 5338 2291 5372 ›
2323 5334 2422 5390 per
2449 5336 2603 5377 suam
2626 5323 3055 5383 benedictionem
3085 5350 3103 5381 ‹
3136 5331 3311 5388 illuxit
3335 5335 3501 5391 nobis
3529 5358 3554 5390 ι
3588 5355 3734 5394 com«

2124 5409 2363 5464 muniter
2396 5411 2699 5479 nobiscum,
2732 5414 2786 5469 id
2816 5425 2919 5483 est,
2966 5420 3216 5476 tenebras
3242 5437 3273 5477 a
3299 5425 3456 5480 nobis
3490 5426 3734 5501 fugavit,

2122 5506 2179 5553 et
2219 5514 2406 5555 veram
2453 5500 2907 5561 illuminationem
2960 5510 3213 5565 cordibus
3244 5514 3448 5570 nostris
3494 5500 3732 5575 infudit.

2120 5588 2459 5646 Credendum
2500 5594 2660 5650 nobis
2703 5604 2788 5651 est
2822 5599 2965 5668 quod
2994 5598 3245 5658 Christus
3284 5605 3569 5664 ministris
3623 5613 3737 5666 suis

2121 5681 2258 5737 hanc
2289 5691 2613 5753 potestatem
2641 5686 2805 5756 dedit,
2838 5697 2897 5744 ut
2923 5705 3058 5760 quos
3087 5693 3190 5763 ipsi
3233 5695 3605 5770 benedicunt,
3638 5721 3734 5760 sua

2118 5772 2227 5829 sint
2253 5776 2417 5830 etiam
2450 5777 2824 5836 benedictione
2857 5783 3148 5839 benedicti.

2188 5888 2255 5942 Et
2284 5890 2408 5960 quia
2435 5892 2566 5947 estis
2587 5894 2874 5962 benedicti,
2903 5910 3031 5969 ergo
3066 5916 3083 5951 ‹
3117 5900 3426 5973 constituite
3452 5903 3623 5964 diem
3648 5925 3731 5969 so-
