3898 6460
443 465 548 521 693

897 457 1254 516 HAYMONIS
1290 458 1768 517 HALBERSTAT.
1809 458 2022 517 EPISC.
2064 457 2214 517 OPP.
2256 458 2436 517 PARS
2474 460 2516 517 l.
2556 492 2624 502 -—
2661 461 3013 518 COMMENT.
3054 462 3226 519 BIBL.

3597 468 3701 522 604

445 575 710 633 ciendum,
767 587 893 628 cum
957 573 1086 628 dicit
1126 590 1139 625 :
1195 590 1216 625 ε
1263 571 1464 644 Diliges
1509 571 1816 642 proximum
1864 579 2014 626 tuum
2041 570 2093 635 Α
2118 569 2295 624 ticula:
2317 570 2453 625 bene
2471 571 2857 639 praescribitur,
2876 573 3003 641 quia
3023 572 3113 629 hic
3134 574 3392 629 docemur
3419 578 3705 645 quomodo

443 669 586 726 sicut
617 666 847 735 teipsum
891 663 1104 735 (Matth.
1154 663 1312 735 xm).
1355 683 1375 716 ι
1421 663 1545 729 Vel,
1593 664 1716 720 ideo
1764 662 2017 719 dicuntur

449 779 469 812 ι
506 759 836 823 testimonia,
873 776 892 809 ι
926 756 1050 826 quia
1093 765 1271 813 certos
1314 772 1415 812 nos
1452 756 1659 815 iaciunt
1701 756 1768 813 de
1816 763 2015 815 aeterno

440 853 608 909 bono.
637 853 715 907 ita
740 852 860 907 dico
889 858 1193 907 scrutantes
1220 852 1409 909 beatos
1450 849 1591 915 ﬁeri,
1622 850 1668 905 si
1706 856 2017 909 scrutentur

442 959 509 1001 ea
536 960 645 999 non
675 951 896 1013 propter
920 941 1139 1011 aliquod
1167 943 1511 999 commodum
1548 942 1862 1012 temporale,
1878 941 2020 1005 sicut

442 1036 523 1092 illi
543 1037 635 1104 qui
659 1036 726 1090 ad
750 1035 853 1092 hoc
877 1033 1163 1089 addiscunt
1185 1034 1356 1104 legem
1390 1034 1506 1098 Dei,
1534 1041 1595 1088 ut
1621 1034 1688 1088 ab
1717 1034 1838 1089 aliis
1856 1047 2018 1103 pecu~

440 1126 587 1181 niam
613 1125 843 1195 legenda
872 1124 971 1190 eis,
997 1125 1299 1195 accipiant,
1332 1124 1425 1181 sed
1449 1125 1542 1195 qui
1570 1126 1860 1187 scrutando
1884 1140 2017 1195 prte-

443 1224 626 1287 cepta,
672 1233 691 1267 ι
722 1214 1015 1287 exquirunt
1043 1228 1168 1271 eum
1204 1233 1224 1266 ι
1258 1215 1426 1273 Deum
1474 1232 1491 1275 ς
1535 1215 1588 1269 in
1620 1223 1731 1277 toto
1774 1215 1954 1272 corde.
1994 1232 2014 1269 ι

441 1304 666 1362 Summa
693 1306 937 1363 breviter
964 1305 1090 1361 talis
1112 1313 1197 1361 est
1220 1323 1235 1360 :
1258 1305 1337 1361 llli
1367 1314 1491 1367 sunt
1514 1307 1655 1363 beati
1681 1308 1777 1377 qui
1800 1308 1855 1373 in
1883 1323 2020 1378 prae-

439 1397 612 1467 wptis
643 1396 738 1452 Dei
766 1396 1021 1455 omnibus
1042 1396 1246 1455 viribus
1275 1398 1389 1455 suis
1412 1398 1511 1461 Dei
1546 1398 1881 1463 voluntatem
1932 1398 2019 1465 in.—

439 1488 681 1556 quirunt.

510 1578 593 1633 illi
615 1578 708 1648 qui
745 1577 1025 1640 ambulant
1055 1579 1109 1635 in
1138 1578 1257 1650 lege
1282 1570 1507 1641 Domini,
1534 1590 1658 1637 sunt
1688 1581 1871 1648 beati,
1894 1582 2023 1652 quia

441 1666 519 1721 illi
550 1686 569 1721 ‹
598 1668 691 1736 qui
714 1676 1016 1737 operantur
1037 1669 1400 1738 iniquitatem,
1448 1691 1467 1724 ι
1503 1671 1709 1727 scilicet
1744 1673 2019 1741 maculati,

447 1780 466 1813 ι
501 1776 614 1817 non
634 1760 1040 1823 ambulaverunt
1066 1762 1121 1819 in
1150 1762 1255 1817 viis
1299 1761 1436 1831 eius,
1471 1784 1488 1815 ι
1527 1765 1581 1820 id
1627 1773 1710 1821 est
1736 1765 2022 1837 praeceptis

441 1852 575 1922 eius.
609 1852 703 1911 Vel
732 1853 849 1908 vias
870 1868 1154 1929 possumus
1185 1863 1401 1913 sanctos
1432 1856 1680 1925 accipere
1699 1897 1714 1922 ,
1750 1871 1846 1928 per
1890 1873 2021 1926 quo-

2116 658 2363 718 homines
2386 662 2452 716 de
2485 662 2823 728 confusione,
2875 662 3084 719 scilicet
3110 664 3176 719 de
3201 666 3367 735 priori
3406 666 3555 731 vita,
3583 670 3703 722 edu-

2117 760 2309 811 cantur
2343 760 2400 808 et
2424 754 2490 808 ad
2515 768 2697 808 veram
2726 754 2891 810 vitam
2932 765 3335 813 convertantur.

2186 843 2389 903 Littera
2440 846 2510 905 ad.
2561 847 2683 902 hoc.
2736 845 3083 907 Continuatio
3117 867 3131 902 :
3166 850 3295 906 Dico
3337 869 3356 902 ι
3394 852 3703 909 custodian

2110 936 2529 1009 iustiﬁcationes
2559 945 2701 1003 tuas,
2737 957 2757 1001 ι
2790 937 2914 994 ideo
2939 938 3147 997 scilicet
3171 941 3297 1009 quia
3320 957 3422 1012 per
3450 942 3704 1012 ipij

2117 1030 2466 1085 stiﬁcationes
2494 1038 2656 1090 erunt
2683 1038 2944 1085 correctae
2974 1031 3083 1087 vim
3106 1046 3272 1096 meae;
3299 1040 3353 1089 et
3380 1033 3491 1088 hoc
3522 1024 3702 1095 melius

2116 1123 2352 1179 ostendit
2381 1120 2633 1185 faciendo
2664 1121 3148 1191 interrogationem
3171 1133 3228 1178 et
3269 1125 3700 1194 responsionem,

2117 1230 2241 1271 cum
2271 1214 2438 1271 dicit:
2475 1232 2495 1273 ι
2535 1214 2597 1268 ln
2631 1230 2743 1284 quo,
2765 1216 2987 1286 corrigit
3017 1216 3437 1283 adtdescentior,
3478 1238 3507 1272 ι
3545 1219 3603 1277 id
3631 1230 3701 1283 at

2118 1307 2335 1365 stultior
2360 1316 2413 1363 et
2435 1309 2658 1378 pronior
2685 1309 2756 1369 ad
2774 1309 3130 1385 peccandum,
3172 1328 3191 1363 ι
3223 1309 3366 1369 viam
3389 1326 3584 1378 suam,
3611 1336 3627 1365 ι
3654 1314 3701 1372 id

2116 1406 2199 1454 est
2249 1399 2617 1468 operationem
2657 1414 2807 1454 suam
2854 1407 2910 1454 et
2953 1402 3404 1457 consuetudinem
3452 1404 3698 1474 nequitia

2119 1504 2250 1555 sua,
2275 1490 2329 1544 in
2367 1504 2472 1559 qua
2495 1488 2804 1557 consuevit;
2836 1492 2989 1560 ponit
3034 1494 3321 1559 exctecatis
3365 1492 3695 1563 auditoribus

2118 1597 2215 1653 per
2253 1581 2732 1651 interrogationem
2776 1582 3203 1654 responsionem,
3231 1599 3359 1640 cum
3396 1584 3579 1639 dicit:
3609 1588 3693 1641 «in

2119 1674 2468 1730 custodiendo
2493 1688 2776 1729 sermones
2809 1673 2966 1731 tuos?
3002 1694 3020 1726 ›
3044 1675 3172 1746 quia
3205 1675 3397 1753 implet
3422 1676 3567 1731 bene
3584 1693 3685 1747 ope-

2122 1764 2294 1819 rando
2320 1773 2590 1833 praeccpta
2615 1761 2861 1829 tua.Vel,
2897 1782 2915 1815 ‹
2936 1763 3358 1831 adolescentior,
3391 1785 3417 1819 ι
3443 1766 3505 1820 id
3525 1774 3676 1835 estpo-

2120 1855 2276 1925 pulus
2302 1856 2605 1921 innovatus,
2633 1865 2689 1911 et
2713 1855 3025 1919 adolescens
3056 1856 3266 1923 tactus;
3320 1858 3377 1911 in
3412 1858 3675 1931 quomi-

442 1961 561 2002 rum
578 1946 951 2029 imitationem
976 1962 1262 2016 possumus
1289 1948 1357 2005 ad
1386 1949 1669 2004 Dominum
1710 1950 2010 2019 pervenire.
2043 1939 2094 2000 Β
2120 1949 2197 2020 git
2218 1948 2358 2004 viam
2397 1964 2573 2015 suam,
2602 1945 2657 2007 id
2687 1958 2789 2015 est,
2817 1963 2915 2019 per
2946 1949 3076 2021 quid
3107 1958 3191 2006 est
3211 1951 3286 2005 ita
3315 1949 3684 2017 innovatum:

514 2037 646 2093 Dico
689 2036 778 2095 lex
805 2036 935 2095 facit
962 2038 1198 2104 beatum,
1227 2048 1280 2093 et
1308 2039 1392 2095 lex
1428 2039 1517 2105 illa
1539 2041 1886 2103 custodienda
1914 2051 2021 2107 εει,

445 2129 575 2201 quia
607 2148 624 2182 ι
663 2138 741 2196 tu,
770 2148 793 2185 ι
822 2130 1071 2196 Domine,
1105 2150 1122 2182 t
1154 2133 1696 2194 mandasticustodiri
1729 2153 1751 2188 ι
1789 2151 1910 2193 eam
1938 2136 2018 2193 le-

444 2238 597 2295 gem;
628 2224 734 2281 hac
763 2231 848 2283 est
874 2223 1017 2293 quod
1058 2224 1228 2283 dicit:
1266 2244 1284 2278 ι
1319 2227 1571 2285 mandata
1631 2236 1719 2282 tua
1766 2229 1949 2296 nimis,
1996 2247 2019 2291 ι

448 2312 505 2368 id
536 2320 641 2378 est,
678 2313 814 2371 adeo
841 2321 903 2369 ut
928 2329 1034 2371 non
1068 2322 1291 2384 propter
1327 2315 1575 2373 timorem
1604 2318 1907 2375 dimittatur
1926 2318 2023 2373 ali-

441 2406 567 2476 quid
600 2407 1004 2472 incustoditum,
1034 2409 1311 2469 mandavit
1337 2409 1480 2465 Dens
1529 2411 1786 2473 custodiri
1839 2411 2017 2484 legem

441 2512 594 2553 suam
637 2514 734 2569 per
769 2501 1076 2570 prophetas,
1107 2509 1164 2556 et
1192 2502 1486 2571 apostolos,
1532 2511 1586 2558 ει
1628 2502 1762 2565 alios
1804 2512 2020 2561 sanctos

439 2590 604 2645 viros.

508 2680 579 2735 Et
600 2680 1037 2751 quandoquidem
1056 2680 1142 2737 lex
1173 2690 1264 2737 tua
1291 2681 1506 2741 beatum
1531 2681 1679 2748 facit,
1705 2691 1761 2740 et
1806 2693 1886 2750 tu,
1916 2683 2019 2741 Do-

438 2772 604 2838 mine,
631 2770 790 2838 iubes
820 2785 943 2826 eam
971 2771 1254 2839 custodiri,
1277 2787 1430 2844 ergo,
1454 2773 1698 2843 Domine,
1741 2794 1759 2831 ‹
1813 2774 2018 2841 utinam

440 2864 746 2934 dirigantur
770 2863 870 2918 vite
896 2878 1049 2930 mere,
1082 2883 1100 2916 ι
1137 2864 1187 2918 id
1227 2874 1311 2919 est
1331 2866 1672 2935 operationcs
1718 2881 1872 2930 mete,
1903 2884 1920 2917 ι
1951 2867 2021 2922 ad

437 2954 816 3013 custodiendas
834 2953 1252 3023 iustiﬁcationes
1278 2965 1420 3021 tuas,
1445 2976 1463 3009 ›
1486 2956 1540 3010 id
1564 2965 1648 3011 est
1669 2958 2020 3013 cteremonias

438 3043 560 3098 illas
573 3059 691 3112 qua:
706 3044 1007 3115 iustificam
1037 3047 1309 3113 hominem
1335 3047 1688 3118 spiritualitcr
1711 3049 2015 3105 intellectae.

512 3132 758 3197 Ostendit
805 3136 1077 3206 quomodo
1123 3138 1331 3207 possint
1372 3139 1471 3195 viae
1511 3139 1689 3211 dirigi,
1723 3140 1947 3207 scilicet,
1974 3143 2022 3201 si

439 3232 568 3281 ante
611 3224 796 3285 oculos
846 3240 1060 3296 semper
1085 3228 1346 3291 habemus
1397 3230 1655 3287 mandata
1690 3232 1806 3287 Dei.
1836 3232 2019 3295 Conti-

436 3315 623 3369 nuatio
653 3332 665 3369 :
699 3313 829 3371 Dico
875 3334 895 3368 ι
936 3316 1038 3381 via:
1072 3317 1393 3391 dirigantur,
1422 3336 1541 3392 quae
1561 3323 1664 3377 viae
1687 3323 2016 3396 diriguntur,
2048 3304 2094 3367 (ἶ

442 3425 461 3460 ι
490 3423 609 3469 cum
627 3421 953 3479 perspexero
973 3410 1027 3477 in
1054 3411 1303 3481 omnibus
1335 3414 1602 3481 mandatis
1624 3416 1751 3483 tuis,
1785 3436 1803 3479 ι
1836 3418 1891 3483 id
1914 3429 2018 3486 est,

437 3516 537 3573 per
553 3502 656 3557 hoc
679 3503 777 3565 viae
789 3512 1014 3574 possunt
1035 3505 1217 3579 dirigi,
1231 3507 1279 3571 si
1297 3522 1507 3581 semper
1529 3509 1757 3573 habeam
1769 3513 2019 3581 mandata

436 3608 533 3663 tua
554 3612 665 3666 pra:
687 3597 859 3661 oculis
882 3616 894 3652 :
922 3606 1014 3657 ett
1035 3607 1163 3663 tunc
1183 3619 1203 3655 ι
1227 3616 1351 3661 cum
1374 3602 1478 3677 hoc
1500 3600 1703 3670 fecero,
1734 3620 1869 3659 «non
1887 3620 2014 3662 con-

434 3687 632 3753 ftilltittt'
665 3713 682 3753 ᾳ
710 3704 811 3760 pro.
831 3692 1065 3764 peccatis
1096 3692 1252 3758 meis,
1286 3694 1429 3762 quod
1454 3694 1773 3752 confusibile
1817 3697 2022 3768 aliquid

434 3780 655 3848 faciam,
668 3796 739 3839 ne
756 3782 822 3839 de
844 3798 931 3839 me
952 3784 1161 3843 dicatur
1178 3800 1192 3849 ς
1216 3785 1346 3842 «Hic
1364 3786 1525 3845 homo
1542 3788 1707 3859 coepit
1726 3789 2015 3858 :ediﬁcare,

434 3884 620 3935 etnon
647 3876 823 3946 potuit
851 3892 1248 3939 consummare.
1272 3900 1290 3932 ι

504 3965 637 4027 Dico
670 3984 690 4017 ι
736 3982 847 4023 non
893 3967 1215 4034 confundar,
1243 3955 1265 4023 ἰ
1298 3971 1391 4029 sed
1434 3972 1615 4041 potius
1665 3974 2018 4037 tconﬁtebor

434 4056 552 4124 tibi,
591 4075 609 4109 ι
640 4057 695 4112 id
723 4066 838 4123 est,
865 4058 1099 4117 laudabo
1125 4068 1179 4115 te
1209 4078 1228 4117 ι
1259 4061 1315 4116 ἰιι
1338 4062 1635 4119 directione
1682 4065 1881 4130 cordis,
1919 4086 1935 4117 ι
1964 4068 2016 4122 id

434 4158 540 4215 εει,
564 4149 617 4204 in
647 4149 857 4205 directo
887 4150 1050 4211 corde
1074 4160 1287 4217 memet
1310 4151 1599 4223 iustiﬁcata
1620 4169 1650 4208 a
1682 4164 1762 4210 te:
1791 4172 1895 4213 non
1931 4174 2015 4212 ar-

432 4252 690 4315 roganter
713 4244 767 4299 in
796 4243 957 4301 corde
986 4260 1108 4301 meo
1137 4244 1341 4315 aliquid
1366 4247 1489 4302 novi
1522 4247 1756 4314 invenio,
1782 4249 1874 4309 sed
1903 4268 1920 4301 ‹
1961 4251 2014 4305 in

432 4350 498 4390 eo
519 4336 663 4405 quod
686 4336 847 4391 didici
876 4356 895 4389 ι
926 4351 955 4392 a
997 4335 1202 4407 Spiritu
1248 4344 1437 4392 sancto
1476 4338 1608 4393 mihi
1669 4339 1894 4395 interius
1939 4341 2015 4396 lo-

433 4426 749 4495 quente,vel
770 4442 802 4481 a
822 4427 1024 4484 sanctis
1050 4426 1302 4491 Patribus
1327 4447 1345 4485 ς
1368 4425 1572 4496 iudicia
1591 4427 1817 4501 iustitiae
1840 4439 1966 4497 tum,
1988 4450 2009 4489 ι

432 4516 637 4575 scilicet
657 4515 887 4587 judicia,
915 4516 1113 4587 quibus
1142 4517 1254 4587 ipse
1285 4518 1386 4573 bos
1414 4518 1664 4584 damnat,
1691 4519 1790 4573 hos
1809 4516 2009 4586 iustiﬁ-

434 4617 522 4663 cat
554 4624 566 4659 :
595 4621 714 4675 quae,
752 4606 934 4661 omnia
976 4606 1089 4676 ipse
1116 4606 1333 4664 facitex
1363 4624 1459 4665 sua
1498 4609 1727 4681 iustitia,
1779 4609 1905 4666 licet
1943 4612 2011 4667 ab

433 4695 684 4751 omnibus
708 4696 810 4750 hoc
840 4698 1136 4768 ignoretur.

506 4784 635 4839 Dico
670 4804 686 4843 ι
719 4785 1016 4843 conﬁtebor
1058 4808 1105 4853 ι,
1132 4797 1185 4844 ει
1213 4789 1268 4845 in
1292 4791 1599 4849 obedientia
1634 4802 1724 4850 tua
1753 4809 2010 4865 perseve-

435 4878 597 4943 rabo;
644 4878 826 4936 ethoc
858 4888 940 4937 est
967 4894 982 4934 :
1016 4899 1032 4932 ι
1059 4879 1472 4951 iustiﬁcationes
1492 4895 1613 4941 tuas
1632 4888 1952 4953 custodiam,
1984 4908 2001 4941 ι

433 4967 489 5031 id
512 4978 614 5035 est,
638 4968 694 5037 in
718 4970 963 5039 custodia
992 4973 1366 5029 mandatorum
1404 4983 1636 5041 tuorum,
1663 4993 1784 5049 qum
1806 4976 2003 5047 justiﬁ-

432 5070 557 5123 cant
609 5062 909 5129 hominem,
939 5066 1266 5135 permanebo
1301 5076 1400 5123 :et
1444 5076 1501 5123 ut
1538 5070 1740 5141 possim
1794 5085 2007 5142 perma-

433 5167 563 5209 nere
594 5162 648 5213 et
688 5155 983 5220 custodire,
1011 5172 1044 5212 ο
1071 5157 1318 5224 Domine,
1346 5177 1364 5209 ι
1391 5175 1495 5215 non
1532 5177 1618 5216 me
1664 5162 2009 5233 derelinquas

431 5262 847 5319 usquequaque,
896 5270 915 5303 ι
962 5250 1015 5305 id
1073 5259 1172 5313 est,
1226 5251 1279 5305 in
1332 5252 1435 5315 alia
1466 5264 1637 5324 parte.
1686 5255 1813 5312 Ideo
1852 5257 2005 5325 dicit,

436 5358 455 5392 ι
501 5354 908 5411 usquequaque,
951 5360 971 5393 ι
1010 5343 1137 5414 quia
1176 5342 1323 5399 videt
1371 5345 1642 5402 diabolum
1674 5364 1886 5417 semper
1913 5363 2009 5418 pa-

431 5438 607 5485 ratum
639 5432 986 5499 subintroire,
1044 5451 1074 5493 a
1127 5449 1449 5513 quacunque
1495 5449 1646 5511 parte
1697 5439 1840 5501 Deus
1881 5442 2009 5495 sub-

431 5524 659 5581 traxerit
680 5527 913 5597 gratiam
941 5543 1113 5584 suam.

1139 5674 1287 5727 Beth.

464 5764 469 5773 ’
506 5811 526 5847 t
561 5794 621 5851 In
657 5812 764 5870 quo
789 5800 1033 5871 corrigit.
1077 5820 1093 5854 ι
1128 5801 1264 5858 Huic
1310 5802 1589 5877 particulae
1638 5803 2009 5875 przescribitur

430 5889 650 5969 Detinet
671 5895 1059 5971 interpretatur
1083 5897 1342 5971 confusio.
1375 5897 1505 5977 Quae
1526 5897 1704 5955 littera
1737 5898 1864 5955 huic
1891 5914 2008 5972 par-

2123 2042 2475 2099 custodiendo
2503 2058 2788 2101 sermones
2814 2043 2971 2100 tuos?

2191 2133 2255 2187 Et
2292 2134 2418 2204 quia
2446 2134 2501 2188 in
2513 2135 2762 2195 custodia
2784 2150 3095 2191 sermonum
3122 2142 3205 2190 εει
3235 2137 3519 2197 correctio
3539 2152 3685 2208 prava

2120 2224 2478 2297 operationis,
2500 2225 2620 2280 ideo
2646 2245 2664 2277 ‹
2694 2226 2964 2295 exquisivi
2987 2234 3061 2293 te,
3098 2244 3117 2278 ι
3160 2226 3214 2281 id
3234 2235 3341 2291 est,
3369 2226 3683 2298 legentium

2120 2304 2426 2384 adimplevi,
2456 2315 2550 2369 sed
2573 2324 2793 2385 propter
2829 2316 2993 2382 aliud,
3019 2315 3317 2371 scilicet'ut
3350 2318 3597 2388 cognitio
3627 2318 3683 2372 uti

2120 2404 2176 2460 in
2199 2421 2284 2461 me
2312 2406 2782 2475 multiplicaretur,
2810 2417 2864 2465 et
2893 2409 2998 2464 hoc
3038 2427 3056 2460 ι
3085 2408 3141 2462 in
3165 2416 3278 2464 toto
3303 2410 3479 2464 corde
3515 2426 3640 2476 meo,
3665 2430 3679 2463 ι

2125 2494 2180 2549 id
2205 2503 2312 2560 est,
2350 2497 2495 2566 quod
2534 2496 2677 2550 nulla
2705 2498 2885 2553 cordis
2905 2497 3166 2569 particula
3197 2500 3421 2555 vacabit
3452 2499 3524 2554 ab
3545 2501 3683 2570 inqui-

2120 2584 2317 2640 sitione
2346 2585 2443 2651 tui,
2462 2593 2516 2640 et
2536 2582 2679 2654 ideo,
2707 2587 2952 2656 Domine,
2980 2608 2999 2641 ι
3033 2605 3102 2644 ηε
3130 2589 3363 2660 repellas
3389 2606 3486 2646 me
3507 2607 3539 2646 a
3560 2608 3682 2647 man-

2120 2673 2262 2728 datis
2294 2676 2421 2742 tuis,
2470 2695 2489 2730 »
2521 2677 2616 2732 sed
2646 2679 2828 2749 potius
2880 2680 2935 2734 in
2987 2680 3120 2749 ipsis
3166 2681 3516 2738 voluntatem
3571 2692 3681 2739 tuan

2120 2765 2254 2825 mihi
2285 2769 2452 2839 aperi.

2193 2858 2323 2915 Dico
2347 2861 2632 2930 exquisivi,
2661 2871 2717 2925 et
2738 2863 2957 2919 inventa
2979 2863 3238 2919 abscondi
3261 2873 3316 2920 et
3332 2866 3674 2935 pronuntiavi,

2121 2957 2175 3002 et
2228 2951 2523 3008 delectatus
2573 2969 2713 3019 sum,
2761 2963 2815 3007 et
2868 2954 3184 3020 exercebor,
3231 2963 3287 3009 et
3322 2956 3680 3027 considerabo,

2121 3043 2444 3111 meditabor,
2476 3062 2581 3102 non
2616 3046 2906 3102 obliviscar
2940 3066 2952 3101 :
2992 3056 3049 3102 et
3090 3063 3188 3119 per
3230 3048 3350 3105 haec
3404 3051 3579 3105 omnia
3606 3066 3683 3105 no-

2122 3142 2305 3191 tantur
2323 3139 2474 3195 exire
2499 3141 2564 3195 de
2586 3138 2922 3206 confusione,
2970 3148 3025 3197 et
3070 3141 3228 3197 valde
3283 3142 3514 3212 perfecti
3561 3158 3681 3206 esse,

2123 3229 2265 3284 sicut
2303 3232 2356 3285 in
2384 3247 2709 3303 unoquoque
2745 3234 3027 3289 octonario
3056 3234 3218 3290 debet
3265 3236 3494 3292 inveniri
3523 3235 3678 3307 perfe-

2127 3322 2258 3375 ctio.
2286 3320 2489 3378 Littera
2520 3325 2601 3380 sic
2637 3324 2835 3397 legitur
2860 3343 2873 3379 :
2902 3344 2921 3376 ί
2948 3325 3006 3380 ln
3030 3327 3192 3381 corde
3220 3344 3366 3394 meo,
3392 3349 3410 3381 ι
3443 3331 3491 3384 id
3512 3340 3597 3394 est,
3620 3330 3670 3382 in

2125 3414 2385 3467 memoria
2414 3430 2530 3470 mea
2564 3434 2582 3466 ‹
2616 3415 2873 3471 abscondi
2917 3415 3128 3486 eloquia
3154 3427 3276 3485 tua,
3314 3440 3337 3473 ι
3366 3422 3516 3485 idest,
3538 3434 3662 3489 prte—

2125 3512 2280 3573 cepta
2306 3516 2422 3573 tua,
2439 3506 2724 3578 diligenter
2741 3509 3019 3569 memoriae
3031 3512 3439 3577 commendavi;
3465 3512 3548 3567 sed
3565 3510 3679 3580 plus

2124 3604 2279 3655 notat
2296 3612 2419 3653 cum
2450 3598 2614 3664 dicit,
2646 3617 2666 3655 ι
2701 3600 2983 3666 abscondi,
3013 3621 3031 3654 ι
3060 3602 3274 3659 scilicet
3300 3604 3439 3677 quod
3465 3619 3563 3661 non
3588 3618 3677 3657 ma

2123 3688 2402 3756 nifestarct
2430 3706 2491 3746 ea
2538 3691 2797 3758 inimicis,
2835 3693 2974 3757 sicut
3030 3693 3230 3751 dicitur
3264 3714 3276 3750 :
3310 3715 3330 3751 ι
3363 3695 3532 3751 Nolite
3571 3710 3684 3751 san-

2122 3788 2264 3845 ctum
2288 3783 2415 3847 dare
2437 3784 2681 3849 canibus,
2706 3799 2882 3854 neque
2908 3780 3233 3857 margaritas
3277 3799 3517 3858 spargere
3562 3794 3690 3840 ante

2121 3887 2317 3942 porcos
2344 3873 2555 3945 (Matth.
2588 3875 2719 3947 vti);
2776 3895 2795 3928 ι
2849 3875 2968 3930 ideo
2998 3877 3275 3941 abscondi,
3301 3894 3320 3926 ι
3348 3884 3401 3930 ut
3421 3890 3523 3929 non
3549 3889 3689 3943 pec.

2121 3978 2241 4018 cem
2269 3963 2364 4019 tibi
2406 3983 2424 4015 ι
2468 3965 2560 4034 qui
2589 3964 2912 4037 prohibuisti
2940 3977 3213 4041 [ar-“ncepta
3244 3975 3326 4021 tua
3369 3965 3480 4020 dari
3527 3966 3691 4019 cani-

2120 4053 2239 4108 bus.
2784 4086 2789 4090 -

2191 4142 2301 4212 ligo
2324 4144 2689 4213 abscondi,et,
2712 4163 2745 4202 ο
2775 4166 2793 4199 ‹
2822 4146 3074 4213 Domine,
3101 4148 3236 4204 doce
3265 4164 3351 4203 me
3382 4169 3399 4201 ι
3435 4156 3557 4202 actu
3583 4147 3694 4219 ipso

2125 4253 2142 4284 ‹
2167 4232 2585 4302 iustiﬁcationes
2620 4248 2756 4303 tuas,
2805 4259 2822 4290 ι
2852 4240 2903 4293 id
2933 4252 3034 4306 est,
3076 4240 3162 4295 fac
3193 4257 3280 4296 me
3326 4242 3538 4311 operari
3565 4241 3695 4295 sicut

2117 4327 2341 4397 exigunt
2366 4336 2452 4385 tua
2482 4344 2768 4401 praecepta,
2795 4347 2916 4403 qua:
2934 4333 3237 4402 iustiﬁcant
3258 4334 3552 4388 hominem.
3588 4333 3691 4397 Vel,

2117 4417 2251 4479 doce
2293 4434 2379 4474 me
2429 4420 2514 4473 cui
2572 4421 2796 4476 debeam
2842 4423 3084 4477 revelare
3145 4435 3414 4495 praecepta
3460 4434 3578 4491 tua,
3618 4426 3691 4479 cui

2115 4524 2243 4564 non.
2274 4510 2399 4565 ldeo
2425 4528 2540 4569 sum
2566 4527 2729 4567 ausus
2766 4524 2949 4584 petere
2972 4524 3031 4569 ut
3058 4514 3277 4583 doceas,
3304 4517 3429 4588 quia
3473 4526 3531 4569 tu
3578 4538 3595 4567 ι
3643 4531 3694 4570 es

2116 4605 2449 4674 benedictus,
2473 4628 2489 4659 ›
2525 4608 2578 4662 id
2600 4617 2701 4675 εει,
2720 4608 2968 4665 laudatus
2994 4610 3118 4676 tuis,
3141 4621 3196 4669 et
3213 4612 3479 4681 benignus
3498 4611 3624 4675 tuis,
3649 4610 3693 4665 id

2040 4677 2091 4739 Β
2114 4707 2196 4756 εει
2221 4702 2482 4757 exhibens
2511 4702 2615 4756 tuis
2636 4703 2894 4772 quidquid
2917 4718 3052 4773 opus
3078 4712 3179 4761 est.

2191 4792 2430 4849 inimicis
2457 4794 2736 4856 abscondi,
2764 4795 2954 4851 amicis
2980 4809 3111 4850 vero
3143 4814 3161 4845 ι
3197 4794 3551 4866 pronuntiavi
3593 4810 3696 4849 om-

2111 4882 2199 4937 nia
2220 4881 2427 4949 iudicia
2451 4884 2563 4938 oris
2590 4885 2687 4951 tui,
2721 4904 2739 4937 ι
2771 4885 2825 4939 id
2850 4894 2954 4952 est,
2976 4901 3097 4956 quae
3124 4902 3221 4958 per
3252 4902 3315 4942 os
3340 4897 3494 4941 tuum
3521 4886 3597 4953 ,id
3624 4896 3697 4941 est

2108 4973 2300 5029 Filium
2327 4983 2493 5039 tuum,
2515 4976 2725 5034 locutus
2744 4992 2803 5033 es
2832 4993 2846 5030 :
2878 4993 2981 5032 non
3008 4979 3152 5048 quod
3179 4978 3361 5035 omnia
3389 4978 3597 5047 iudicia
3613 4978 3697 5033 Dei

2108 5063 2305 5135 aliquis
2332 5066 2684 5135 pronuntiare
2714 5078 2918 5138 posset,
2948 5069 3042 5123 sed
3070 5084 3413 5139 quzecunque
3455 5085 3698 5140 pronuno

2113 5156 2259 5211 tiabo
2283 5156 2487 5227 iudicia
2515 5156 2605 5212 Dei
2632 5167 2774 5212 sunt.
2807 5157 3015 5215 iudicia
3061 5161 3151 5217 hic
3197 5162 3398 5232 accipit
3440 5161 3701 5234 quidquid

2112 5249 2254 5304 Deus
2306 5250 2514 5304 occulto
2562 5249 2767 5319 iudicio
2829 5254 2980 5322 agit:
3032 5252 3195 5308 veluti
3241 5254 3385 5325 quod
3437 5255 3701 5324 quosdam

2113 5339 2352 5405 damnat,
2382 5341 2641 5410 quosdam
2672 5339 2823 5412 eligit
2846 5351 2902 5396 et
2921 5343 3182 5415 iustiﬁcat
3210 5362 3222 5397 :
3255 5330 3439 5398 ethoc
3468 5362 3488 5394 ‹
3526 5344 3583 5398 in
3632 5344 3707 5396 la-

2110 5430 2217 5485 biis
2239 5432 2393 5495 meis,
2431 5451 2448 5482 »
2486 5432 2536 5486 id
2564 5440 2666 5497 est,
2699 5434 3145 5489 convenientibus
3171 5450 3304 5489 mea:
3343 5435 3661 5505 operationi
3692 5452 3704 5487 :

2112 5525 2239 5594 quia
2267 5527 2409 5596 quod
2446 5541 2540 5580 ore
2563 5526 2748 5593 doceo,
2780 5528 2881 5595 hoc
2909 5544 3073 5598 opere
3096 5528 3381 5599 adimpleo.

2118 5682 2121 5683 ν
2184 5617 2314 5672 Dico
2347 5638 2363 5669 ί
2385 5618 2662 5685 abscondi,
2687 5639 2703 5670 ι
2723 5630 2777 5674 ει
2808 5641 2825 5670 ι
2848 5622 3212 5692 pronuntiavi,
3236 5640 3254 5672 ι
3274 5630 3330 5675 ει
3348 5621 3714 5695 propterha'c

2116 5728 2133 5759 ι
2167 5709 2464 5766 delectatus
2498 5727 2613 5767 sum
2645 5713 2699 5768 in
2728 5713 2812 5768 via
2855 5714 3285 5768 testimoniorum
3313 5720 3561 5780 tuorum,
3601 5733 3622 5765 ι
3664 5713 3716 5767 id

2111 5815 2213 5870 εει,
2265 5807 2441 5861 eundo
2490 5808 2543 5862 in
2581 5808 2893 5865 testimonia
2918 5819 3008 5865 tua
3045 5810 3405 5882 adimplenda,
3441 5830 3459 5863 ι
3493 5813 3655 5867 sicut
3692 5830 3710 5861 ι

2113 5898 2307 5982 aliquis
2337 5900 2570 5959 carnalis
2591 5902 2949 5959 delectaretur
2979 5923 2998 5955 ‹
3043 5904 3097 5960 in
3120 5904 3369 5959 omnibus
3412 5904 3655 5971 divitiis,
3694 5923 3713 5957 ι
