3898 6480
369 494 503 570 ,δεῖ

862 483 1215 541 HAYMONIS
1250 479 1727 537 HALBERSTAT.
1772 478 1983 533 EPISC.
2026 479 2174 535 OPP.
2219 475 2396 531 PARS
2436 475 2476 528 1.
2514 505 2582 514 --
2617 473 2967 527 COMMENT.
3010 469 3176 526 BIBL.

3571 474 3681 532 608

402 611 560 665 ducta
587 615 670 662 εει
695 607 749 660 in
771 605 1002 676 lapsum,
1025 604 1165 668 ideo,
1189 618 1222 658 o
1247 603 1494 666 Domine,
1521 621 1538 652 ‹
1569 599 1784 656 viviﬁca
1806 614 1910 662 me,
1949 617 1967 651 ι
1999 599 2052 659 Α
2077 603 2338 651 strantem
2367 596 2446 648 eis
2470 600 2675 647 statuat
2702 611 2713 644 :
2745 600 2800 646 et
2829 591 2949 646 ideo
2983 592 3119 645 bene
3139 590 3522 658 praescribitur
3549 590 3679 646 huic

399 700 588 766 idest,
625 699 849 754 restitue
877 697 1009 752 mihi
1041 694 1375 760 facultatem,
1404 709 1473 748 ne
1521 693 1699 747 anima
1752 707 1975 746 consen-

401 792 501 848 tiat
526 791 740 860 corpori
770 805 785 843 :
814 789 990 844 ethoc
1011 788 1096 843 fac
1127 807 1146 839 ι
1181 787 1475 843 secundum
1501 784 1724 840 verbum
1753 793 1926 849 tuum,
1951 803 1970 837 ι

401 883 460 941 id
485 891 589 950 εει,
613 883 906 939 secundum
931 881 1349 952 promissionem
1375 885 1524 932 tuam
1557 896 1568 931 :
1599 877 1724 947 quia
1741 883 1801 930 tu
1825 874 1980 930 insti-

403 977 576 1042 tuisti,
605 982 665 1030 ut
690 995 708 1026 ‹
743 975 833 1044 qui
855 972 1037 1043 justus
1067 981 1171 1040 est,
1189 971 1520 1042 justillcetur
1552 970 1728 1025 adhuc
1773 967 1976 1039 (Apoc.

402 1083 517 1124 xm
538 1068 581 1136 ).
618 1086 638 1118 ι

473 1159 624 1215 Licet
662 1166 841 1212 autem
867 1156 1178 1227 pavimento
1199 1153 1506 1218 adhaeserit,
1539 1160 1718 1207 tamen
1741 1166 1847 1206 non
1886 1151 1983 1206 de-

400 1255 497 1311 bes
535 1267 621 1307 me
651 1251 939 1322 repudiare
959 1290 973 1315 ,
1002 1248 1129 1318 quia
1169 1247 1267 1303 tibi
1298 1253 1521 1317 peccata
1553 1259 1671 1298 mea
1701 1242 1935 1298 revelavi
1963 1258 1977 1295 :

401 1340 458 1401 et
480 1345 583 1400 hoc
616 1353 742 1398 est:
779 1361 798 1393 ι
835 1341 951 1396 vias
977 1355 1142 1403 meas,
1178 1358 1196 1390 ι
1242 1339 1293 1393 id
1341 1346 1425 1393 est
1467 1345 1691 1408 peccata
1738 1350 1879 1401 mea,
1925 1334 1983 1389 in

400 1435 597 1507 quibus
641 1435 988 1498 incesseram,
1037 1430 1344 1487 conﬁtendo
1403 1447 1422 1480 ι
1485 1414 1759 1482 enuntiavi
1797 1447 1814 1478 ι
1861 1427 1981 1517 tibi,

409 1543 430 1578 ι
461 1532 516 1580 ει
536 1544 554 1577 ι
586 1532 643 1577 ιιι
664 1542 681 1573 ι
703 1522 970 1577 exaudisti
995 1536 1101 1586 me,
1131 1540 1148 1572 ι
1181 1521 1354 1585 idest,
1383 1525 1604 1590 peccata
1626 1517 1942 1572 condonasti
1967 1535 1981 1572 :

401 1626 457 1674 et
485 1618 610 1687 quia
625 1617 740 1686 jam
763 1630 850 1669 me
874 1610 1356 1679 exaudisti,dando
1377 1611 1588 1665 veniam
1616 1617 1982 1679 peccatorum,

402 1707 545 1774 ideo,
577 1721 610 1760 ο
650 1705 904 1770 Domine,
938 1725 956 1756 ‹
989 1705 1121 1759 doce
1149 1719 1234 1758 me
1257 1701 1671 1771 justiﬁcationes
1705 1709 1845 1765 tuas,
1884 1717 1902 1751 ι
1932 1698 1987 1754 id

405 1807 507 1862 εει,
541 1798 628 1853 fac
653 1813 741 1852 me
768 1797 982 1867 operari
1010 1795 1305 1851 secundum
1326 1803 1597 1863 praecepta
1627 1801 1734 1846 tua.

475 1889 544 1944 Et
571 1897 854 1960 postquam
881 1904 968 1943 me
993 1887 1243 1953 docueris
1269 1886 1408 1942 bene
1435 1885 1669 1956 Operari,
1719 1902 1736 1935 ‹
1781 1883 1987 1938 instrue

2074 689 2236 758 parti,
2261 685 2360 753 He,
2392 701 2512 756 qum
2539 685 2714 739 littera
2740 684 3130 753 interpretatur
3154 700 3284 749 esse,
3313 682 3447 753 quia
3473 683 3534 736 in
3564 683 3680 756 lege

2076 776 2276 831 Christi
2321 775 2591 830 invenitur
2615 788 2802 827 verum
2840 787 2982 837 esse,
3029 781 3085 826 et
3128 772 3237 826 vita
3265 772 3475 827 anima:
3505 772 3682 826 refor-

2077 876 2258 923 matur
2286 883 2298 918 :
2338 873 2394 921 et
2417 865 2630 919 videtur
2657 877 2760 916 vox
2788 862 3004 917 illorum
3057 877 3175 917 esse
3218 863 3310 932 qui
3341 873 3679 933 praesentem

2081 961 2364 1016 adventum
2388 957 2590 1013 Christi
2632 958 3017 1026 exspectabant
3041 997 3057 1022 ,
3083 965 3139 1012 et
3172 972 3369 1029 magno
3398 958 3680 1013 desiderio

2079 1053 2426 1123 exoptabant.
2473 1049 2620 1105 Ordo
2649 1064 2866 1119 quoque
2889 1049 3064 1104 bonus
3089 1057 3193 1114 est,
3225 1049 3352 1118 quia
3376 1059 3677 1118 postquam

2081 1147 2316 1203 ostendit
2336 1161 2395 1200 se
2418 1158 2760 1208 conversum,
2793 1151 2850 1197 et
2868 1142 3066 1196 amotis
3096 1142 3432 1213 indigentiis,
3469 1144 3570 1198 Dei
3595 1142 3676 1197 be-

2081 1237 2292 1294 neﬁciis
2338 1235 2626 1306 repletum,
2687 1241 2876 1288 contra
2901 1233 3253 1288 necessitates
3279 1248 3421 1303 quas
3485 1249 3673 1304 corpus

2083 1329 2426 1400 importabat,
2453 1327 2688 1384 ostendit
2708 1325 3083 1380 conﬁrmatum
3105 1340 3186 1390 se,
3215 1334 3272 1379 et
3299 1326 3444 1395 petit
3471 1326 3579 1380 sibi
3611 1327 3673 1380 le-

2083 1436 2203 1492 getn
2233 1419 2368 1483 dari,
2400 1419 2452 1473 id
2471 1426 2578 1484 est,
2628 1417 2802 1488 ipsum
2829 1415 3125 1482 Christum,
3165 1431 3329 1486 quem
3354 1417 3516 1471 videt
3542 1418 3672 1471 solli-

2085 1515 2316 1569 cientem
2346 1513 2414 1566 ad
2441 1525 2658 1566 omnem
2679 1509 3144 1580 justiﬁcationem.

2154 1603 2532 1661 Continuatio:
2581 1601 2702 1656 Dixi
2730 1601 2838 1655 noli
2865 1616 2953 1656 me
2976 1600 3331 1665 confundere,
3383 1603 3487 1655 sed
3512 1605 3664 1671 potius

2094 1716 2112 1749 ί
2147 1710 2286 1766 pone
2308 1694 2441 1749 mihi
2471 1694 2664 1765 legem,
2703 1692 2945 1755 Domine,
2983 1712 3001 1744 ι
3036 1693 3178 1747 hanc
3205 1693 3449 1758 scilicet,
3493 1713 3512 1744 ι
3545 1695 3656 1748 viam

2081 1787 2529 1861 justiﬁcationum
2553 1793 2785 1848 tuarum,
2825 1803 2843 1836 ›
2879 1783 2933 1838 id
2956 1791 3040 1838 est
3077 1785 3251 1853 ipsum
3275 1783 3550 1839 Christum
3575 1788 3646 1854 qui

2088 1891 2172 1939 est
2196 1881 2284 1935 via
2315 1894 2411 1951 per
2436 1893 2600 1948 quam
2621 1876 2986 1948 justiﬁcantur
3026 1876 3232 1932 ﬁdeles.
3271 1875 3428 1932 Pone
3451 1879 3655 1932 mibile-

405 1994 491 2034 me
519 1981 656 2035 viam
672 1979 1121 2048 justiﬁeationum
1154 1987 1393 2042 tuarum,
1415 1995 1432 2028 ι
1455 1977 1508 2032 id
1534 1975 1707 2041 est,da
1730 1975 1863 2029 mihi
1890 1988 1986 2029 ve-
2013 1959 2063 2019 Β
2090 1991 2231 2046 gem,
2257 1982 2316 2028 ut
2355 1972 2422 2028 ad
2457 1972 2814 2026 imitationem
2859 1971 3026 2040 ipsius
3063 1971 3231 2024 vitam
3261 1986 3449 2025 meam
3487 1975 3660 2042 possim

405 2087 524 2126 rum
550 2072 878 2127 intellectum
903 2073 954 2125 in
978 2071 1264 2142 praeceptis
1295 2071 1429 2134 tuis;
1471 2089 1489 2120 ‹
1521 2077 1576 2123 ει
1601 2087 1619 2119 ι
1648 2082 1745 2138 ego
1782 2067 1862 2122 sic
1903 2067 1987 2122 in-

402 2171 662 2228 structus,
714 2182 732 2214 ‹
783 2163 1075 2218 exercebor
1123 2182 1142 2214 ›
1189 2160 1469 2230 multiplici
1510 2159 1823 2229 operatione
1875 2176 1894 2208 ι
1930 2156 1986 2211 in

408 2254 748 2309 mirabilibus
770 2254 894 2321 tuis,
933 2273 951 2305 ι
978 2253 1032 2307 id
1054 2261 1155 2319 est,
1182 2253 1235 2306 in
1258 2249 1627 2322 spiritualibus
1653 2246 1913 2318 operibus
1932 2254 1990 2302 et

403 2347 611 2418 gratiis,
639 2361 737 2416 per
761 2345 961 2417 ﬁguras
988 2345 1182 2399 veteris
1204 2343 1337 2415 legis
1367 2341 1672 2397 intellectis.

473 2441 592 2494 Alia
615 2440 910 2496 necessitas
936 2439 1204 2509 corporis,
1236 2452 1336 2507 pro
1384 2451 1491 2506 qua
1532 2434 1830 2490 timendum
1873 2432 1988 2489 exi-

404 2532 589 2589 stimat
612 2531 784 2586 ﬁdelis
809 2530 902 2600 qui
925 2530 1180 2599 loquitur.
1208 2527 1557 2584 Continuatio
1582 2545 1595 2580 :
1620 2526 1752 2580 Dico
1786 2543 1804 2575 ‹
1834 2539 1988 2580 exer—

402 2625 584 2687 cebor,
625 2644 642 2675 ι
676 2622 770 2678 sed
793 2624 1112 2694 quandoque
1159 2642 1176 2672 ‹
1214 2620 1392 2674 anima
1434 2634 1554 2672 mea
1601 2617 1932 2684 dormitavit,
1963 2637 1981 2670 ι

407 2717 461 2773 id
489 2725 594 2782 est,
620 2715 1013 2785 aliquantulum
1041 2715 1191 2785 pigra
1217 2713 1339 2778 fuit,
1366 2720 1420 2766 et
1448 2712 1550 2766 hoc
1577 2731 1594 2760 ι
1626 2727 1737 2780 pne
1760 2709 1921 2766 tzedio
1963 2730 1994 2788 ι⁹

400 2809 515 2880 jam
559 2808 796 2863 divinum
843 2808 1069 2863 verbum
1116 2807 1332 2862 fastidio
1374 2806 1628 2868 habebat,
1657 2805 1751 2859 sed
1782 2814 1856 2870 tu,
1886 2804 1990 2860 Do-

407 2901 574 2966 mine,
617 2918 635 2951 ι
671 2899 930 2954 conﬁrma
955 2912 1042 2952 me
1075 2917 1094 2951 ι
1130 2914 1197 2952 ne
1224 2897 1479 2966 deinceps
1516 2897 1569 2950 in
1599 2897 1814 2950 taedium
1850 2897 1989 2952 inci-

405 2990 528 3043 dam
565 3007 577 3043 :
613 2989 871 3044 conﬁrma
897 2989 1017 3044 dico
1045 3008 1062 3040 ι
1094 2989 1147 3042 ἱιι
1175 2989 1353 3042 verbis
1382 2988 1510 3052 tuis,
1535 3006 1552 3038 ›
1583 2987 1635 3041 id
1665 2994 1777 3053 est,
1805 2987 1992 3057 imple-

408 3081 556 3134 tione
576 3081 972 3135 mandatorum.
998 3078 1130 3134 Cum
1161 3079 1311 3143 dicit,
1345 3096 1362 3127 ι
1402 3077 1733 3138 dormitavit,
1781 3096 1803 3131 ι
1842 3086 1993 3132 notat

411 3187 535 3226 eum
559 3171 727 3226 levius
748 3185 1024 3241 peccasse,
1061 3185 1223 3240 quam
1266 3169 1488 3234 diceret,
1519 3169 1790 3223 dormivit.

487 3281 505 3312 ι
538 3261 806 3316 Conﬁrma
843 3281 861 3312 ι
899 3262 1036 3326 dico,
1062 3270 1116 3317 et
1154 3268 1211 3315 ut
1237 3261 1438 3332 possim
1493 3260 1844 3316 conﬁrmatus
1874 3275 1990 3330 per-

2091 2065 2323 2134 dirigere
2353 2079 2366 2117 :
2418 2077 2557 2131 pone
2583 2061 2704 2116 dico
2751 2060 2956 2129 legem,
2995 2079 3013 2111 ι
3041 2069 3096 2115 ει
3128 2079 3146 2111 ι
3201 2075 3302 2131 ego
3345 2079 3365 2111 ι
3401 2063 3661 2130 exquiram

2088 2172 2228 2220 eam,
2276 2175 2294 2206 ι
2329 2153 2501 2223 legem
2533 2152 2756 2217 scilicet,
2811 2160 2871 2206 ut
2918 2152 2970 2206 in
2998 2167 3062 2207 ea
3112 2153 3316 2223 possim
3346 2153 3661 2208 voluntatem

2087 2250 2185 2306 Dei
2214 2247 2495 2303 invenire:
2546 2253 2603 2300 et
2630 2245 2734 2299 hoc
2779 2259 2887 2300 non
2937 2245 3006 2300 ad
3034 2246 3222 2300 horam
3249 2287 3264 2311 ,
3319 2247 3421 2302 sed
3487 2266 3509 2298 α
3547 2263 3662 2302 sem.

2088 2357 2204 2411 per.
2240 2360 2258 2391 ι

2160 2431 2290 2486 Dico
2320 2450 2338 2481 ‹
2366 2428 2648 2498 exquiram
2671 2426 2841 2498 legem
2871 2445 2884 2481 :
2916 2446 2935 2478 ι
2966 2436 3022 2482 ει
3049 2438 3111 2483 ιιι
3132 2431 3335 2498 possim
3366 2432 3663 2502 exquirere,

2096 2546 2115 2580 ι
2150 2526 2217 2580 da
2249 2526 2381 2580 mihi
2411 2523 2770 2589 intellectum,
2819 2531 2873 2577 et
2907 2542 2925 2574 ι
2963 2538 3062 2594 per
3098 2525 3198 2580 hoc
3237 2543 3257 2576 ι
3292 2529 3586 2580 scrutabor
3609 2528 3664 2581 le-

2091 2639 2211 2698 gem
2289 2631 2433 2676 tuam
2461 2661 2476 2686 ,
2515 2628 2571 2675 et
2603 2637 2622 2669 ι
2683 2617 2998 2688 inquisitam
3058 2638 3078 2670 ι
3117 2620 3424 2674 custodiam
3490 2621 3658 2675 illam.

2093 2713 2433 2784 adimplendo
2461 2724 2663 2782 opere:
2710 2710 3012 2764 custodiam
3059 2711 3178 2766 dico
3219 2731 3235 2762 ι
3270 2713 3327 2765 in
3355 2722 3484 2767 toto
3528 2714 3664 2767 corde

2092 2823 2213 2863 meo
2242 2826 2260 2858 ›
2296 2805 2422 2875 quia
2447 2819 2637 2860 omnes
2660 2803 2805 2858 vires
2829 2816 3050 2871 ponam,
3091 2809 3148 2855 ut
3190 2803 3400 2873 possim
3434 2803 3661 2858 mandata

2092 2897 2402 2969 adimplere.

2165 2991 2294 3045 Dico
2340 3009 2356 3042 ι
2391 2989 2724 3054 custodiam,
2761 3009 2779 3041 ι
2835 2998 2892 3044 ει
2926 2997 2987 3043 ιιι
3009 2988 3286 3044 custodire
3313 2989 3549 3054 valeam,
3593 3005 3661 3044 me

2093 3069 2326 3154 positum
2375 3102 2392 3134 ι
2423 3084 2477 3138 in
2507 3084 2700 3139 semita
2729 3083 3110 3138 mandatorum
3141 3091 3388 3148 tuorum,
3425 3103 3443 3134 ι
3501 3083 3548 3138 id
3573 3094 3658 3144 est,

2095 3176 2149 3229 in
2183 3176 2481 3231 imitatione
2510 3174 2736 3239 Christi,
2791 3175 2881 3245 qui
2909 3184 2992 3230 est
3033 3174 3225 3229 semita
3264 3184 3439 3240 recta,
3475 3176 3657 3230 scilicet

2095 3278 2388 3341 etangusta
2417 3270 2501 3324 via
2527 3287 2538 3321 :
2577 3287 2594 3320 ι
2621 3269 2813 3334 deduc,
2847 3290 2864 3322 ι
2895 3269 2946 3323 id
2975 3277 3078 3334 cst,
3100 3268 3184 3323 fac
3213 3284 3432 3339 semper
3457 3284 3647 3339 promo-

413 3369 656 3419 manel‘e,
689 3372 706 3404 ι
738 3354 882 3408 Viam
908 3353 1229 3422 iniquitatis,
1264 3372 1280 3404 ι
1315 3352 1366 3406 id
1385 3351 1778 3418 εδιάἱθῦοιιιῐη,
1803 3354 1991 3422 quiest
2020 3334 2064 3395 (ἶ
2096 3362 2208 3417 veri
2234 3362 2299 3416 ad
2322 3359 2524 3417 Christi
2553 3359 2816 3428 majorem
2851 3360 3234 3424 imitationem,
3265 3381 3280 3411 ‹
3315 3361 3434 3431 quia
3459 3363 3595 3430 ipsam
3617 3380 3632 3408 ι

411 3448 499 3502 via
523 3447 698 3502 omnis
725 3446 1042 3516 iniquitatis,
1073 3463 1092 3496 ι
1125 3459 1314 3500 amove
1339 3461 1368 3500 a
1395 3459 1482 3500 me
1515 3463 1534 3497 ι
1566 3460 1634 3499 ne
1659 3446 1832 3515 possit
1856 3446 1988 3500 mihi

412 3540 726 3612 praevalere,
757 3547 812 3594 et
837 3541 892 3594 in
931 3539 1146 3594 taedium
1168 3539 1552 3603 retrudere,oet
1574 3538 1629 3592 in
1661 3538 1876 3609 aliquod
1912 3540 1991 3594 vi-

413 3635 545 3689 tium
560 3649 806 3705 mergere
832 3653 844 3686 :
870 3651 889 3685 ι
923 3633 1068 3688 etde
1094 3634 1210 3704 lege
1234 3644 1321 3688 tua
1348 3635 1606 3688 miserere
1626 3635 1754 3700 mei,
1787 3653 1806 3686 ›
1835 3634 1889 3690 id
1910 3644 1992 3691 est

407 3742 506 3801 per
536 3727 965 3783 misericordiam
994 3727 1060 3781 da
1092 3727 1225 3782 mihi
1269 3726 1494 3798 implere
1520 3743 1641 3797 qua:
1671 3728 1992 3798 praecipiun-

407 3828 497 3878 tur
525 3821 576 3876 in
601 3820 716 3893 lege
747 3829 857 3875 tua.

478 3912 547 3966 Et
574 3913 738 3968 debes
765 3929 795 3967 a
826 3928 913 3968 me
940 3913 1083 3966 viam
1112 3911 1414 3981 iniquitatis
1436 3927 1711 3978 amovere,
1746 3913 1870 3982 quia
1895 3929 1991 3984 ego

411 4020 434 4059 ι
466 4004 601 4074 elegi
630 4004 775 4058 viam
816 4004 1080 4070 veritatis,
1117 4022 1137 4055 ›
1164 4003 1218 4057 id
1243 4011 1348 4067 est,
1377 4001 1653 4058 Christum
1686 4005 1909 4070 imitari,
1939 4015 1993 4061 et

407 4097 580 4169 legem
605 4097 720 4165 ejus
739 4097 927 4165 sequi:
958 4104 1014 4150 et
1045 4116 1061 4146 ‹
1093 4111 1200 4150 non
1230 4110 1347 4150 sum
1372 4095 1572 4151 oblitus
1593 4095 1796 4164 judicia
1826 4105 1937 4163 tua,
1969 4117 1984 4149 ι

409 4189 504 4244 sed
536 4201 751 4256 semper
787 4201 850 4240 ea
882 4200 1093 4241 mecum
1123 4185 1372 4240 tractavi.

485 4299 503 4332 ι
541 4279 659 4335 Νοιι
692 4294 810 4334 sum
838 4277 1252 4349 oblitusjudicia
1288 4287 1401 4347 tua,
1434 4281 1528 4335 sed
1555 4281 1731 4352 potius
1765 4301 1782 4334 ι
1816 4282 1994 4339 adhae-

411 4372 458 4428 si
495 4390 515 4424 ι
549 4371 676 4441 quia
703 4370 891 4426 ﬁrmus
929 4379 984 4426 et
1021 4371 1228 4426 stabilis
1253 4371 1352 4438 fui,
1391 4392 1407 4423 ι
1446 4374 1768 4430 testimoniis
1798 4377 1926 4442 tuis,
1966 4397 1984 4430 ›

410 4464 464 4518 id
493 4471 577 4519 est
604 4463 886 4534 praeceptis
920 4463 1046 4528 tuis,
1085 4464 1280 4534 quibus
1301 4464 1632 4521 voluntatem
1661 4475 1806 4521 tuam
1832 4475 1995 4536 testa-

409 4557 484 4612 ris
511 4575 524 4610 :
556 4564 612 4610 et
645 4556 787 4622 ideo,
835 4574 853 4607 ι
883 4572 917 4611 o
948 4556 1192 4622 Domine,
1237 4557 1346 4612 noli
1374 4573 1461 4613 me
1487 4558 1835 4625 confundere,
1875 4580 1893 4612 ι
1938 4560 1991 4615 id

406 4658 512 4714 est,
543 4646 918 4703 confusibilem
950 4647 1191 4713 reddere,
1227 4649 1320 4703 sed
1352 4648 1436 4703 fac
1481 4665 1568 4704 me
1613 4664 1992 4706 consummare

405 4755 528 4812 quae
556 4738 772 4808 incwpi,
812 4752 881 4792 ne
909 4737 1119 4793 dicatur
1154 4739 1218 4794 de
1259 4754 1388 4793 me:
1429 4758 1446 4790 ι
1476 4739 1575 4794 llic
1626 4741 1786 4795 homo
1828 4742 1993 4811 coepit

407 4828 699 4895 aediﬁcare,
715 4836 770 4883 et
794 4843 902 4883 non
923 4828 1098 4898 potuit
1119 4843 1514 4884 consummare.
1539 4849 1556 4881 ι

478 4921 596 4978 Non
643 4929 851 4976 tantum
901 4919 1102 4975 adhaesi
1142 4921 1464 4976 testimoniis
1494 4922 1633 4988 tuis,
1679 4922 1776 4977 sed
1823 4923 1988 4979 etiam

412 5034 431 5070 ι
462 5015 710 5083 cucurri,
743 5033 762 5068 ι
817 5014 870 5070 id
915 5022 1017 5079 est,
1054 5014 1299 5084 expedite
1329 5022 1582 5084 cperatus
1631 5030 1752 5070 sum
1785 5035 1802 5068 ι
1844 5017 1985 5072 viam

407 5109 784 5166 mandatorum
834 5115 1087 5172 tuorum,
1125 5125 1142 5157 ι
1190 5106 1242 5159 id
1295 5115 1377 5160 est
1422 5106 1674 5163 mandata
1711 5116 1822 5174 tua,
1867 5125 1986 5180 quae

406 5212 533 5258 sunt
553 5203 642 5257 via
667 5201 734 5257 ad
759 5200 965 5255 vitam:
995 5208 1052 5255 et
1076 5199 1180 5254 hoc
1210 5199 1350 5262 ideo,
1372 5217 1389 5250 ι
1413 5215 1556 5266 cum,
1587 5221 1606 5252 ι
1642 5201 1695 5256 id
1722 5211 1825 5268 est,
1857 5205 1982 5277 quia

413 5316 431 5349 ι
463 5296 704 5352 dilatasti
727 5310 823 5351 cor
851 5309 1050 5360 meum,
1087 5313 1106 5345 ι
1154 5293 1208 5347 id
1244 5301 1349 5358 εει,
1392 5295 1659 5364 ampliasti
1698 5297 1985 5364 charitate,

406 5392 684 5462 patientia,
726 5390 1156 5461 longanimitate,
1186 5397 1242 5444 et
1272 5387 1536 5445 similibus
1563 5390 1875 5449 virtutibus.

1151 5530 1245 5583 He.

484 5682 502 5715 ‹
535 5662 730 5734 Legem
759 5677 917 5733 pone.
951 5682 970 5715 ›
1001 5661 1062 5717 ln
1099 5662 1204 5718 hoc
1227 5661 1506 5718 octonario
1529 5661 1666 5732 petit
1698 5661 1870 5719 ﬁdelis
1902 5663 1990 5720 ille

411 5754 500 5823 qui
552 5753 806 5825 loquitur,
832 5765 890 5808 ut
932 5752 1181 5809 Christus
1225 5754 1404 5808 veniat
1432 5767 1529 5822 per
1572 5768 1769 5807 novam
1819 5753 1988 5823 legem

410 5858 580 5908 suam,
635 5844 840 5899 scilicet
867 5858 975 5899 non
1007 5844 1182 5900 solum
1211 5858 1307 5915 per
1338 5852 1626 5916 praecepta,
1683 5843 1775 5900 sed
1798 5853 1854 5900 et
1893 5860 1990 5916 per

411 5933 640 6004 gratiam
656 5933 992 6003 adjutricem,
1021 5944 1074 5990 et
1100 5951 1320 5991 sensum
1347 5944 1737 6006 przeceptorum
1769 5937 1989 5992 demon-

2094 3452 2344 3507 semitam
2398 3471 2417 3503 ‹
2449 3451 2616 3517 volui,
2655 3471 2672 3503 ι
2707 3452 2759 3506 id
2791 3459 2892 3515 est,
2933 3452 3106 3522 ipsum
3157 3451 3428 3508 Christum
3457 3460 3642 3522 propter

2093 3559 2242 3598 suam
2272 3543 2548 3614 propriam
2579 3544 2899 3615 dignitatem
2934 3543 3114 3598 dilexi.
3166 3544 3268 3600 Vel
3307 3546 3543 3600 semitam
3579 3559 3657 3598 ae-

2094 3634 2359 3704 cipiamus
2385 3635 2619 3690 arctiora
2640 3635 2914 3699 mandata,
2931 3635 3052 3704 quia
3077 3654 3093 3686 ι
3119 3635 3176 3690 in
3190 3637 3547 3692 custodiendis
3569 3637 3660 3690 illis

2093 3735 2175 3780 est
2207 3726 2490 3783 retributio
2513 3727 2701 3782 multa.
2743 3747 2762 3780 ι

2165 3818 2230 3872 Ει
2268 3827 2326 3873 ιιι
2349 3819 2551 3888 possim
2574 3818 2730 3885 velle,
2764 3827 2821 3874 tu
2847 3838 2866 3871 ι
2904 3820 3125 3888 inclina,
3163 3841 3181 3874 ι
3227 3823 3280 3877 id
3301 3831 3396 3887 est,
3438 3823 3668 3876 humilia

2101 3925 2118 3958 ι
2155 3924 2249 3963 cor
2273 3923 2454 3963 meum
2483 3910 2536 3963 in
2559 3910 2868 3966 testimonia
2893 3919 2987 3966 tua
3014 3931 3034 3964 ι
3070 3911 3382 3983 complenda,
3417 3931 3434 3963 ι
3466 3921 3518 3968 ει
3547 3928 3659 3968 non

2094 3999 2149 4053 in
2179 3999 2484 4064 avaritiam,
2519 4019 2538 4053 ι
2568 3999 2623 4054 id
2652 4007 2755 4066 est,
2787 4009 2846 4055 ut
2871 4016 2977 4056 non
3009 4002 3288 4057 observem
3311 4002 3554 4056 mandata
3573 4011 3670 4057 tua

2093 4098 2312 4162 propter
2341 4090 2556 4161 aliquod
2589 4099 2863 4146 terrenum
2890 4094 3253 4148 commodum.

2166 4183 2318 4249 Dico,
2344 4199 2449 4236 non
2476 4183 2701 4239 inclines
2729 4185 2785 4239 in
2813 4187 3115 4252 avaritiam,
3145 4189 3237 4243 sed
3249 4189 3428 4258 potius
3458 4209 3475 4240 ‹
3501 4201 3674 4244 averte

2094 4274 2278 4329 oculos
2301 4288 2448 4328 meos
2479 4293 2496 4326 ι
2550 4275 2855 4340 interiores,
2915 4297 2932 4328 ι
2971 4293 3040 4332 ηε
3068 4279 3289 4334 videant
3314 4282 3625 4345 vanitatem,
3655 4303 3670 4331 ι

2096 4369 2150 4423 id
2181 4377 2280 4433 est,
2315 4385 2384 4424 ne
2405 4369 2740 4426 delectentur
2767 4371 2822 4426 in
2851 4372 2935 4427 his
2967 4374 3223 4438 terrenis,
3255 4391 3376 4444 qua:
3407 4391 3542 4429 \ana
3566 4387 3678 4431 sunt

2095 4471 2151 4518 et
2173 4463 2395 4528 caduca,
2422 4463 2518 4519 sed
2539 4464 2743 4534 potius,
2798 4483 2818 4516 ι
2857 4465 2912 4519 in
2941 4466 3027 4519 via
3053 4475 3142 4520 tua
3173 4467 3384 4522 viviﬁca
3425 4484 3533 4532 me,
3582 4489 3596 4519 ι
3633 4469 3676 4522 id

2095 4566 2198 4624 est,
2231 4556 2473 4614 conferta
2507 4557 2735 4612 liberum
2766 4559 3072 4625 arbitrium,
3103 4569 3158 4615 et
3183 4575 3442 4631 spernere
3469 4562 3556 4618 fac
3580 4572 3676 4618 ter-

2096 4664 2227 4705 rena
2256 4657 2310 4704 et
2346 4664 2530 4704 amare
2551 4649 2811 4705 coelestia.

2168 4739 2365 4794 Avertc
2393 4738 2595 4805 oculos,
2630 4738 2829 4794 inclina
2877 4755 2992 4805 cor,
3025 4749 3155 4806 etc.,
3217 4759 3235 4792 ‹
3267 4751 3322 4796 ει
3350 4751 3557 4809 statue,
3591 4765 3607 4795 ι
3637 4744 3681 4798 id

2098 4843 2202 4898 est,
2236 4834 2428 4888 stabile
2453 4833 2536 4888 fac
2563 4853 2580 4884 ι
2619 4833 2892 4903 eloquium
2927 4843 3095 4900 tuum,
3122 4853 3140 4884 ι
3164 4834 3218 4889 id
3245 4845 3348 4900 est,
3384 4835 3469 4890 fac
3506 4848 3568 4892 ut
3590 4849 3682 4892 sla-

2097 4924 2276 4979 biliter
2326 4924 2580 4994 impleam
2632 4939 2695 4978 ea
2753 4940 2873 4994 quae
2920 4925 3206 4996 praecipis:
3262 4926 3351 4981 fac
3400 4929 3538 4983 mihi
3578 4930 3684 4984 dico

2101 5035 2120 5068 ‹
2168 5031 2326 5073 servo
2362 5027 2453 5072 tuo
2487 5037 2504 5068 ι
2567 5026 2622 5073 ει
2650 5019 2771 5074 ideo
2819 5034 2938 5075 sum
2967 5019 3162 5092 dignus
3205 5029 3265 5075 ut
3298 5023 3417 5077 haec
3445 5024 3585 5078 mihi
3613 5022 3684 5078 fa-

2094 5111 2244 5165 cias:
2299 5119 2355 5166 et
2382 5109 2563 5166 hocin
2617 5111 2810 5168 timore
2835 5122 2950 5179 tuo,
2979 5131 2998 5164 ι
3044 5112 3097 5168 id
3130 5123 3243 5179 est,
3291 5129 3393 5185 per
3415 5115 3527 5171 hoc
3555 5115 3688 5186 quod

2094 5216 2194 5271 ego
2219 5201 2383 5256 timeo
2411 5209 2463 5255 te
2487 5199 2744 5271 judicem,
2769 5211 2823 5258 et
2863 5210 2914 5258 te
2943 5202 3123 5274 diligo.
3169 5202 3273 5270 Qui
3303 5205 3450 5260 enim
3480 5207 3566 5262 sic
3588 5207 3687 5262 De-

2096 5292 2299 5346 minum
2327 5292 2538 5356 timent,
2576 5291 2829 5347 mandata
2855 5293 2971 5363 ejus
2994 5293 3310 5364 adimplent.

2167 5383 2354 5439 Statue
2381 5383 2744 5454 eloquium,et
2773 5404 2791 5436 ι
2826 5394 3063 5455 amputa,
3094 5406 3111 5437 ι
3143 5387 3196 5441 id
3221 5396 3326 5452 est,
3353 5388 3510 5444 aufer
3544 5410 3565 5443 ι
3596 5405 3690 5462 op-

2094 5474 2369 5545 probrium
2390 5491 2590 5541 meum,
2607 5475 2749 5546 quod
2761 5477 3067 5548 suspicatus
3087 5493 3226 5545 sum,
3256 5499 3274 5530 »
3295 5480 3346 5535 id
3361 5489 3462 5544 est,
3492 5498 3693 5554 oppro-

2093 5570 2273 5625 brium
2320 5570 2720 5639 suspicationis.
2780 5570 2988 5641 Saapius
3031 5573 3176 5626 enim
3227 5573 3281 5627 in
3321 5575 3694 5644 suspicatione

2089 5663 2345 5732 deceptus
2375 5678 2518 5728 sum,
2547 5664 2868 5735 suspicando
2893 5681 3016 5721 eum
3037 5666 3237 5722 bonum
3269 5669 3361 5738 qui
3388 5669 3571 5726 malus
3589 5681 3694 5734 est,

2090 5765 2144 5814 et
2174 5772 2205 5812 e
2230 5770 2494 5811 converso
2527 5773 2539 5811 ε
2593 5757 2714 5813 ideo
2751 5759 2872 5815 dico
2916 5777 2934 5811 ι
2969 5769 3209 5830 amputa,
3247 5779 3266 5812 ι
3302 5761 3431 5831 quia
3459 5763 3565 5818 etsi
3596 5779 3694 5834 ego

2089 5849 2370 5906 veritatem
2407 5864 2513 5902 non
2540 5850 2738 5920 possim
2762 5865 3110 5921 cognoscere,
3146 5860 3323 5906 tamen
3350 5851 3529 5921 placet
3556 5838 3692 5907 mihi

2092 5941 2294 5995 veritas
2323 5957 2336 5993 :
2366 5947 2420 5994 ει
2451 5939 2551 5995 hoc
2581 5950 2663 5995 est
2689 5957 2702 5994 :
2755 5959 2773 5992 ‹
2807 5941 2934 6010 quia
2957 5939 3160 6011 judicia
3197 5950 3307 6006 tua,
3347 5961 3364 5994 ι
3405 5943 3461 5997 id
3487 5953 3600 6008 est,
3627 5957 3692 5996 ea
