3898 6472
172 432 288 490 609

1341 429 1775 489 EXPLANATIO
1813 428 1880 485 IN
1919 427 2258 487 PSALMOS.

3324 425 3430 484 610

171 561 515 617 quzecunque
557 554 614 602 tu
655 547 894 618 disponis
942 546 1152 601 occulto
1177 545 1378 616 judicio
1423 554 1514 601 tuo
1569 565 1587 597 ι
1625 553 1750 600 sunt
1776 549 1828 608 Α
1922 546 2073 612 Dico,
2106 563 2126 596 ε
2157 560 2223 600 ne
2250 541 2484 608 auferas,
2513 559 2531 592 ι
2562 548 2618 595 ει
2640 559 2658 594 ι
2681 547 2902 610 accepto
2928 539 3044 610 ipso
3065 538 3278 596 Christo
3299 542 3430 597 mihi

165 636 436 706 jucunda,
476 658 493 689 ι
541 638 593 693 id
622 647 725 704 est,
756 652 966 692 amoena
997 644 1122 692 sunt
1145 637 1276 692 mihi
1305 636 1510 707 ﬂagella
1557 651 1675 706 quae
1696 642 1754 689 tu

172 731 317 785 mihi
340 731 406 786 ad
437 731 824 786 correctionem
858 730 1120 786 immittis.

252 820 394 885 Dixi,
426 838 447 873 ι
477 829 698 890 amputa
722 821 1095 891 opprobrium,
1132 840 1149 873 ι
1182 819 1371 886 deduc,
1422 827 1478 874 et
1503 835 1756 890 quaecun-

167 924 287 979 que
331 911 494 982 petivi
543 912 628 967 fac
662 931 674 965 :
732 921 789 967 et
815 927 941 968 ecce
967 912 1225 982 quidquid
1255 911 1422 982 petivi
1464 911 1673 965 habeo:
1703 917 1760 964 et

168 998 284 1055 hoc
302 1009 388 1056 est
413 1016 427 1054 :
465 1021 482 1052 ‹
515 1016 642 1057 ecce
666 1002 944 1071 concupivi
973 1002 1224 1056 mandata
1250 1009 1341 1055 tua
1372 1019 1392 1051 ι
1425 999 1753 1069 adimplere:

168 1101 231 1146 et
284 1094 376 1163 qui
413 1094 491 1148 sic
525 1094 669 1165 cupit
703 1109 925 1149 securus
955 1109 1076 1149 esse
1103 1101 1299 1163 potest,
1346 1093 1470 1162 quia
1496 1090 1759 1147 obtinebit

169 1184 323 1252 quod
360 1186 528 1255 petit:
584 1185 704 1240 dico
729 1185 1008 1255 concupivi
1036 1225 1051 1250 ,
1082 1194 1138 1240 et
1163 1185 1228 1239 de
1250 1184 1477 1253 reliquo,
1510 1183 1757 1247 Domine,

173 1290 196 1324 ε
229 1273 442 1330 viviﬁca
466 1289 572 1342 me,
609 1295 628 1326 ι
661 1275 714 1330 id
741 1283 840 1340 est,
865 1274 952 1329 fac
979 1289 1064 1330 me
1093 1289 1438 1346 perseverare
1466 1274 1518 1328 in
1534 1272 1756 1328 manda-

169 1361 248 1416 tis
282 1363 387 1417 tuis
417 1381 430 1417 :
461 1379 547 1418 me
569 1363 688 1418 dico
712 1363 945 1434 positum
973 1383 991 1415 ι
1020 1363 1074 1418 in
1099 1365 1354 1434 aequitate
1376 1372 1487 1429 tua,
1524 1382 1543 1415 ι
1578 1363 1758 1428 idest,

167 1464 425 1524 agentem
473 1457 768 1512 secundum
809 1458 1063 1514 mandata
1091 1465 1204 1526 tua,
1253 1473 1372 1527 quae
1404 1457 1571 1513 solam
1597 1457 1761 1527 aequi-

167 1549 342 1599 tatem
363 1546 696 1616 praecipiunt.

884 1628 1005 1679 Van.

252 1753 269 1782 ι
301 1730 370 1787 Ει
397 1734 594 1788 veniat.
635 1753 654 1787 ι
689 1734 747 1789 lu
775 1735 876 1789 hac
901 1741 1055 1804 parte
1097 1734 1234 1804 petit
1270 1732 1442 1790 fidelis
1469 1734 1560 1803 qui
1591 1733 1762 1804 loqui-

169 1832 286 1892 tur,
319 1827 408 1896 qui
429 1825 540 1895 jam
583 1827 636 1880 in
673 1827 905 1880 adventu
953 1825 1150 1881 Christi
1183 1825 1351 1896 ipsius
1378 1825 1552 1897 legem
1582 1839 1761 1880 susce-

1855 633 1909 688 in
1942 634 2274 705 praesidium,
2305 652 2323 686 ‹
2365 631 2663 688 custodiam
2701 630 2874 702 legem
2910 639 3054 686 tuam
3104 645 3338 701 semper,
3377 633 3431 688 id
3517 625 3551 664 ί’

1855 736 1960 794 εει,
2000 747 2020 780 ‹
2055 729 2112 782 ἱη
2137 725 2393 782 saeculum
2437 735 2494 780 et
2546 725 2601 780 in
2644 725 2899 780 saaculum
2929 723 3128 780 saeculi.
3167 744 3186 777 ι
3234 724 3432 796 Legem

1853 815 1950 872 Dei
1977 818 2033 872 in
2061 817 2164 891 hac
2191 816 2303 871 vita
2346 815 2618 880 custodit,
2670 815 2761 884 qui
2807 814 3112 883 proximum
3141 812 3334 885 diligit,
3379 821 3436 868 et

1854 923 1955 979 pro
1973 907 2212 963 inimicis
2237 914 2377 971 orat,
2409 913 2462 959 et
2485 905 2700 960 similia.
2731 906 2787 960 ln
2812 905 2917 960 alio
2939 904 3136 960 saaculo
3160 904 3433 960 custodie-

1857 1015 1977 1056 mus
2014 1000 2206 1072 legem,
2262 1015 2424 1068 quam
2461 1015 2604 1054 nunc
2637 999 2838 1054 habent
2886 999 3081 1069 angeli,
3129 999 3254 1069 quia
3285 1007 3432 1062 tunc,

1858 1099 1918 1144 ut
1946 1091 2106 1147 modo
2132 1088 2326 1161 angeli,
2379 1089 2738 1144 communiter
2771 1089 3106 1144 laudabimus
3151 1087 3351 1156 Deum,
3381 1096 3437 1144 et

1859 1175 2023 1229 etiam
2048 1175 2244 1232 fratres
2267 1185 2496 1237 nostros.
2512 1177 2793 1249 diligemus
2813 1219 2828 1245 ,
2854 1179 2994 1234 sicut
3014 1179 3212 1234 dicitur
3239 1197 3252 1232 :
3290 1179 3434 1235 Cha-

1860 1267 1995 1323 ritas
2021 1283 2292 1338 nunquam
2332 1269 2544 1324 excidet
2578 1268 2628 1340 (Ι
2656 1268 2778 1323 Cor.
2810 1273 2958 1340 vui).

1931 1357 2046 1429 Ego
2070 1358 2188 1415 dico
2213 1379 2231 1411 ι
2263 1359 2580 1426 custodiam,
2618 1367 2674 1415 et
2714 1359 2876 1414 etiam
2895 1360 3010 1430 jam
3033 1363 3316 1418 custodivi.
3337 1362 3438 1420 Hic

1861 1462 2083 1510 notatse
2103 1457 2374 1526 accepisse
2397 1456 2525 1513 illud
2538 1458 2680 1528 quod
2701 1460 2918 1528 petebat
2943 1459 3208 1530 superius,
3233 1460 3440 1516 scilicet

1863 1546 2149 1602 adventum
2187 1548 2387 1604 Christi
2417 1549 2715 1604 custodiam
2750 1569 2768 1600 ι
2804 1567 2816 1601 :
2850 1558 2905 1604 et
2929 1549 3032 1604 hoc
3055 1559 3174 1605 est:
3207 1571 3225 1602 ι
3254 1552 3440 1606 ambu-

1863 1636 2042 1692 labam
2096 1659 2115 1691 ›
2149 1640 2213 1694 de
2260 1640 2460 1695 virtute
2516 1640 2572 1695 in
2625 1641 2914 1708 virtutem,
2956 1651 3177 1712 accepto
3223 1641 3440 1698 Christo

1862 1729 2098 1800 hospite,
2131 1730 2406 1786 existensr
2430 1730 2828 1798 inlatitudine,»
2848 1732 2902 1787 id
2925 1733 3096 1797 est,in
3131 1732 3441 1803 multiplici-

1866 1830 1979 1878 tate
2003 1823 2284 1879 charitatis
2311 1832 2368 1879 et
2381 1824 2616 1879 scientiae
2642 1843 2654 1878 :
2686 1824 2968 1880 latitudine
2991 1826 3132 1892 dico,
3164 1827 3284 1882 ideo
3309 1826 3443 1882 mihi

167 1921 272 1990 pit,
316 1930 373 1974 ut
422 1921 534 1991 ipse
563 1920 810 1976 Christus
841 1921 911 1975 sit
939 1921 990 1976 ei
1027 1930 1214 1976 contra
1245 1920 1545 1984 haereticos,
1599 1927 1759 1988 atque
1786 1913 1835 1972 B
1863 1914 2019 1981 data,
2075 1933 2093 1966 ‹
2121 1915 2247 1985 quia
2274 1911 2526 1970 mandat‘a
2561 1925 2652 1970 tua
2681 1915 2966 1984 exquisivi.
3016 1936 3034 1967 ι

172 2020 366 2064 contra
393 2019 764 2081 persecutores
810 2011 1116 2080 praesidium
1143 2050 1158 2075 ,
1206 2009 1298 2078 qui
1341 2010 1522 2064 statim
1552 2008 1605 2061 in
1635 2007 1756 2062 illos

171 2104 480 2174 insurgunt,
513 2103 602 2174 qui
637 2103 808 2173 legem
844 2102 1043 2158 Christi
1070 2102 1374 2171 recipiunt:
1408 2109 1462 2156 et
1486 2101 1605 2155 ideo
1633 2100 1758 2154 huic

167 2200 455 2253 octOnario
500 2199 638 2254 bene
667 2197 1031 2268 praescribitur
1077 2193 1226 2260 Vau,
1269 2195 1410 2264 quod
1439 2194 1757 2262 interpreta-

172 2298 266 2344 tur
313 2291 440 2360 ipse,
492 2306 588 2361 per
612 2289 754 2358 quod
780 2289 1052 2344 Christum
1102 2287 1377 2359 egregium
1431 2283 1756 2353 adjutorium

167 2383 536 2455 intelligimus,
583 2399 742 2453 quem
773 2383 875 2437 iste
900 2384 953 2437 in
980 2384 1084 2438 hoc
1108 2381 1386 2437 octonario
1407 2378 1643 2449 postulat
1666 2376 1758 2431 ad-

154 2472 178 2543 j
192 2492 223 2528 u
233 2485 420 2530 torem.

244 2570 626 2625 Continuatio:
661 2568 884 2623 Vivifica
919 2580 1007 2622 me
1039 2567 1159 2623 dico
1186 2606 1200 2632 ,
1256 2584 1274 2617 ι
1303 2574 1357 2619 ει
1382 2563 1565 2618 veniat
1599 2577 1760 2632 super

165 2680 279 2729 inc,
317 2686 334 2716 ι
369 2664 422 2719 id
449 2672 551 2729 est,
602 2664 676 2718 ita
707 2670 766 2718 ut
795 2663 867 2718 sit
895 2670 1072 2731 caput.
1110 2659 1230 2727 Vel,
1259 2675 1423 2730 super
1452 2674 1558 2722 me,
1593 2657 1645 2711 id
1676 2665 1760 2712 est

166 2754 239 2810 de
269 2755 579 2811 cwlestibus
605 2756 846 2820 veniens,
877 2773 895 2804 ι
924 2753 1294 2808 misericordia
1316 2761 1426 2817 tua,
1456 2750 1700 2815 Domine,
1736 2767 1754 2799 ι

168 2858 229 2900 ει
273 2862 432 2916 quam
468 2846 706 2916 postulet
733 2845 1182 2910 misericordiam,
1233 2843 1575 2907 determinat,
1611 2840 1757 2896 scili-

169 2948 281 3003 cet,
316 2957 334 2988 ι
357 2938 592 2993 salutare
621 2946 794 3003 tuum,
825 2957 843 2988 ›
862 2937 916 2992 id
946 2946 1051 2998 est.
1073 2935 1238 2990 Filius
1265 2944 1384 2988 tuus
1410 2934 1501 3003 qui
1531 2933 1760 2988 salutem

169 3029 302 3083 facit
323 3028 592 3094 omnibus,
620 3027 711 3096 qui
733 3027 802 3082 sit
827 3026 958 3080 mihi
983 3033 1171 3081 contra
1191 3025 1598 3095 impugnatores
1627 3037 1762 3091 prae-

170 3119 391 3173 sidium.
425 3117 545 3183 Vel,
577 3138 595 3169 ι
627 3117 920 3172 secundum
950 3116 1223 3186 eloquium
1251 3123 1440 3170 tuum»
1476 3113 1677 3178 veniat,
1705 3110 1759 3165 id

169 3221 276 3276 est,
311 3211 540 3266 instruat
564 3226 650 3264 me
675 3211 740 3265 de
775 3211 890 3280 lege
919 3220 1028 3284 tua.

1933 2026 1951 2058 ι
1987 2007 2341 2077 Respondebo
2380 2007 2831 2079 exprobrantibus
2878 2007 3011 2062 mihi
3041 2007 3287 2076 verbum,
3325 2029 3344 2061 ι
3388 2019 3444 2066 ει

1856 2100 2022 2154 etiam
2069 2098 2362 2168 respondi;
2392 2107 2446 2154 et
2496 2099 2600 2154 hoc
2629 2108 2712 2154 est
2766 2117 2783 2150 ι
2813 2106 2868 2153 ει
2914 2099 3194 2168 loquebar,
3225 2120 3244 2152 ι
3280 2099 3330 2155 id
3361 2110 3445 2156 est

1858 2192 2067 2246 locutus
2100 2205 2254 2260 sum,
2282 2191 2486 2260 positus
2527 2209 2545 2241 ι
2580 2191 2633 2245 in
2660 2191 2985 2246 testimoniis
3030 2193 3154 2258 tuis,
3190 2213 3208 2244 ι
3255 2193 3310 2248 id
3359 2202 3442 2248 est

1856 2285 2142 2354 praeceptis
2167 2284 2270 2338 tuis
2310 2300 2323 2336 :
2355 2298 2456 2337 nec
2486 2292 2693 2337 tantum
2714 2285 2769 2338 in
2792 2290 3079 2354 conspectu
3107 2287 3311 2357 populi,
3344 2289 3436 2343 sed

1863 2393 1881 2425 ι
1919 2374 1971 2427 in
1999 2380 2287 2442 conspectu
2310 2387 2513 2444 regum,
2547 2392 2566 2423 ι
2607 2373 2660 2426 id
2707 2382 2791 2427 est
2818 2374 3121 2442 principum
3146 2377 3444 2431 mundano-

1858 2481 2001 2530 rum,
2053 2463 2354 2534 pradicans
2383 2463 2606 2519 verbum
2661 2463 2756 2518 Dei
2789 2480 2803 2530 ;
2859 2484 2879 2516 ‹
2915 2475 2969 2520 ει
3012 2481 3118 2520 non
3149 2465 3443 2521 confunde-

1858 2559 1975 2622 bar,
2005 2557 2060 2612 id
2088 2565 2194 2622 est,
2225 2573 2334 2612 non
2364 2556 2749 2612 erubescebam
2793 2572 2893 2626 pro
2937 2559 3190 2614 seandalo
3239 2560 3437 2615 crucis.

1859 2647 1976 2715 Vel,
2040 2667 2058 2700 ι
2089 2663 2196 2703 non
2229 2647 2618 2714 confundebar,
2651 2668 2668 2700 ι
2724 2650 2866 2718 quod
2919 2665 3020 2722 ego
3062 2651 3313 2708 cederem
3340 2653 3442 2718 eis,

1862 2740 1946 2795 vel
1969 2741 2134 2796 etiam
2166 2749 2400 2796 tacerem
2420 2755 2521 2810 pro
2547 2741 2646 2795 eis.

1939 2854 1958 2888 ε
1992 2836 2276 2907 Loquebar
2329 2844 2383 2891 et
2415 2836 2716 2892 meditabar
2754 2837 2809 2892 in
2852 2837 3124 2894 mandatis
3156 2839 3281 2905 tuis,
3326 2859 3345 2892 ι
3387 2838 3440 2894 id

1861 2937 1966 2996 est,
1995 2930 2297 3001 ceg'itabam
2333 2928 2646 2998 frequenter
2679 2931 2948 3000 quomodo
2989 2945 3054 2986 ea
3094 2931 3438 3000 complerem,

1861 3021 1918 3077 in
1948 3036 2056 3092 quo
2079 3029 2299 3076 notatur
2324 3021 2709 3092 contemplatio
2744 3039 2756 3076 :
2795 3031 2851 3077 et
2891 3022 2994 3077 hoc
3028 3037 3136 3077 non
3179 3022 3443 3078 faciebam

1862 3124 2105 3180 coactus,
2138 3112 2234 3170 sed
2273 3114 2400 3184 quia
2432 3131 2452 3167 ‹
2481 3113 2640 3169 dilexi
2669 3133 2687 3165 ι
2722 3128 2787 3169 ea
2817 3114 3092 3179 mandata,
3132 3115 3254 3170 ideo
3293 3130 3440 3170 com-

1861 3207 2024 3278 plevi.

247 3324 266 3355 ‹
299 3304 366 3358 Ει
393 3324 412 3356 ›
447 3304 492 3358 si
514 3303 589 3358 ita
616 3304 794 3358 veniet
814 3279 846 3367 ,ί
866 3280 992 3356 tunc
1029 3319 1046 3351 ι
1085 3299 1425 3369 respondebo
1447 3295 1695 3360 verbum,
1733 3312 1752 3344 ι
1786 3279 1830 3342 C
1938 3301 2006 3354 Et
2033 3315 2140 3356 non
2168 3309 2377 3355 tantum
2419 3300 2742 3367 meditabar,
2773 3301 2867 3355 sed
2901 3299 3066 3354 etiam
3097 3315 3262 3370 opere
3291 3315 3444 3356 com-

169 3395 380 3453 scilicet
408 3396 576 3450 filium
607 3404 756 3449 tuum
779 3435 795 3461 ,
831 3413 850 3444 ‹
884 3390 1334 3462 exprobrantibus
1362 3387 1498 3442 mihi
1529 3406 1547 3439 ι
1584 3386 1761 3456 ipsum

170 3487 362 3551 filium,
390 3484 598 3539 scilicet
611 3484 657 3538 si
682 3481 874 3552 aliquis
886 3479 1296 3550 exprobraverit
1319 3477 1468 3541 mihi,
1487 3476 1762 3532 Christum

170 3593 281 3632 non
304 3575 500 3629 Filium
523 3575 638 3640 Dei,
653 3574 747 3628 sed
771 3572 944 3628 solum
970 3571 1242 3627 hominem
1267 3569 1605 3632 crucifixum,
1629 3575 1760 3631 etc.,

171 3665 457 3721 ostendam
483 3665 532 3720 ei
559 3680 655 3735 per
687 3664 925 3719 rationes
961 3662 1159 3717 Filium
1185 3659 1282 3716 Dei
1312 3675 1434 3715 eum
1463 3659 1660 3724 fuisse,
1710 3668 1765 3712 et

173 3767 502 3813 coazternum
533 3775 546 3810 :
595 3766 650 3811 et
676 3756 796 3811 ideo
819 3755 897 3810 sic
942 3753 1300 3822 respondebo,
1333 3767 1440 3806 non
1470 3749 1613 3820 quod
1635 3765 1764 3805 con-

173 3848 338 3902 fidam
388 3847 441 3900 in
493 3846 696 3900 viribus
727 3846 881 3911 meis,
927 3845 1024 3900 sed
1074 3863 1091 3894 ι
1126 3844 1252 3914 quia
1302 3843 1513 3912 speravi
1558 3842 1614 3896 in
1650 3857 1763 3897 ser—

180 3936 436 3992 monibus
465 3936 593 4002 tuis,
634 3955 653 3988 ι
686 3935 778 4006 qui
819 3943 944 3989 sunt
971 3932 1104 3989 mihi
1128 3934 1267 3988 bona
1298 3948 1472 3998 arma,
1503 3932 1595 4002 qui
1620 3932 1760 3986 dixi-

171 4029 279 4084 sti:
330 4046 349 4080 t
387 4026 520 4084 Cum
548 4028 808 4084 steteritis
843 4035 969 4082 ante
999 4040 1152 4098 reges
1180 4034 1236 4081 et
1260 4025 1538 4096 praesides,
1595 4025 1762 4081 nolite

170 4123 536 4194 praemeditari
562 4123 692 4192 quid
729 4120 1139 4191 respondeatis:
1176 4119 1392 4173 dabitur
1433 4119 1577 4174 enim
1607 4117 1760 4172 vobis

170 4215 227 4269 in
255 4215 345 4270 illa
367 4217 501 4270 hora
528 4215 655 4284 quid
677 4213 974 4284 loquamini
1000 4211 1217 4280 (Matth.
1255 4210 1346 4283 x),
1383 4231 1401 4263 ›
1437 4221 1493 4266 ει
1518 4211 1714 4268 iterum
1743 4229 1755 4264 :

177 4328 195 4357 ‹
228 4308 379 4363 Dabo
404 4307 558 4362 vobis
584 4322 645 4361 os
669 4317 723 4361 et
751 4305 1071 4374 sapientiam
1103 4303 1253 4375 (Luc.
1287 4303 1421 4375 xxi).

245 4395 446 4452 Contra
473 4397 754 4452 hatreticos
781 4395 1118 4464 respondebo
1144 4411 1157 4447 :
1187 4401 1242 4449 et
1264 4434 1279 4458 ,
1311 4410 1344 4449 ο
1372 4394 1616 4460 Domine,
1643 4410 1760 4464 pro-

172 4487 296 4544 vide
341 4505 409 4544 ne
455 4504 554 4559 per
600 4487 977 4543 tribulationes
1024 4486 1303 4542 auferatur
1355 4487 1486 4540 mihi
1538 4488 1762 4541 verbum

174 4587 348 4646 tuum,
374 4589 431 4635 et
454 4581 559 4636 hoc
603 4589 687 4635 est
721 4599 732 4633 :
767 4600 786 4631 ι
823 4589 876 4635 ει
905 4595 972 4635 ηε
1002 4578 1218 4634 auferas
1262 4578 1329 4634 de
1356 4593 1450 4633 ore
1475 4594 1614 4642 meo,
1656 4599 1674 4631 ›
1708 4579 1760 4634 id

174 4678 282 4735 est,
311 4685 379 4725 ne
425 4670 706 4740 permittas
736 4668 934 4723 auferri
963 4683 1061 4738 per
1092 4667 1499 4734 tribulationes,
1543 4667 1628 4722 vel
1664 4683 1761 4737 per

175 4762 482 4827 blanditias,
527 4782 544 4814 ι
573 4763 799 4818 verbum
823 4761 1089 4826 veritatis,
1113 4781 1130 4813 ι
1163 4761 1215 4815 id
1236 4769 1319 4814 est
1340 4759 1759 4829 praedicationis,

173 4862 234 4909 ut
271 4855 672 4925 ego‘nunquam
693 4853 882 4910 sileam
909 4853 1051 4923 apud
1079 4854 1297 4922 quosvis
1323 4853 1760 4923 prtedicationem

176 4947 342 5003 divini
369 4948 521 5003 verbi
554 4967 566 5002 :
614 4961 714 5001 nec
763 4946 831 5000 ad
860 4946 1048 5000 horam
1084 4945 1368 5014 permittas
1400 4942 1604 5000 auferri
1637 4960 1762 5015 pro-

174 5051 299 5111 pter
337 5041 737 5097 tribulationem
765 5041 904 5094 sicut
929 5038 1104 5094 fecisti
1133 5037 1328 5102 Petro,
1355 5039 1446 5108 qui
1481 5039 1548 5094 ad
1572 5053 1760 5094 vocem

176 5134 383 5189 ancillae
410 5133 689 5188 veritatem
721 5131 937 5202 negavit
982 5129 1196 5202 (Matth.
1230 5146 1384 5198 xxvi;
1424 5130 1595 5184 Marc.
1623 5147 1714 5186 xiv
1740 5149 1757 5201 ,

177 5226 308 5283 Luc.
341 5245 451 5283 χχιι
481 5245 497 5294 ;
523 5227 684 5282 Joan.
722 5227 878 5296 xvm)
908 5244 920 5279 :
952 5240 1054 5280 nec
1081 5225 1365 5295 permittas
1405 5245 1421 5276 ι
1457 5240 1764 5295 usquequa-

178 5337 306 5391 que,
335 5342 354 5374 ι
389 5321 441 5376 id
478 5327 578 5383 est,
605 5319 751 5373 omni
775 5319 958 5383 modo,
981 5318 1126 5372 omni
1152 5326 1392 5388 tempore
1422 5335 1434 5369 ε
1462 5331 1562 5373 nec
1601 5319 1762 5375 debes

181 5413 418 5478 auferre,
451 5432 470 5463 ι
506 5411 630 5481 quia
666 5429 686 5462 ι
723 5424 826 5479 ego
853 5428 873 5460 ι
903 5410 958 5464 in
978 5408 1195 5477 judiciis
1224 5409 1353 5474 tuis,
1379 5430 1397 5461 ι
1425 5409 1571 5464 idest
1591 5409 1645 5466 in
1675 5411 1764 5466 tri--

178 5503 541 5560 bulationibus
570 5517 704 5572 quas
729 5501 861 5556 mihi
905 5518 1002 5571 per
1036 5500 1237 5569 judicia
1270 5509 1356 5556 tua
1391 5501 1578 5567 infers,
1611 5522 1630 5553 ‹
1664 5519 1758 5558 su-

181 5595 510 5665 pcrsperavi,
543 5613 560 5643 »
582 5593 748 5659 idest,
782 5591 1039 5660 majorem
1064 5592 1298 5647 fructum
1331 5593 1571 5663 speravi,
1595 5610 1759 5665 quam

184 5688 352 5758 possit
374 5688 549 5759 aliqua
581 5686 891 5756 temporalis
919 5684 1190 5740 tribulatio
1235 5687 1530 5755 promereri
1559 5703 1572 5740 :
1607 5685 1763 5742 Unde

185 5783 505 5852 Apostolus:
563 5801 580 5832 ι
612 5780 725 5835 Non
761 5789 887 5835 sunt
940 5778 1216 5848 condigna:
1271 5779 1551 5848 passiones
1599 5779 1760 5850 hujus

187 5877 442 5949 temporis
470 5877 534 5931 ad
565 5876 793 5931 futuram
826 5874 1049 5944 gloriam
1081 5871 1258 5943 (Rom.
1289 5873 1429 5942 vni).
1468 5893 1486 5926 ι

1865 3392 2035 3462 plevi;
2060 3400 2113 3445 et
2135 3393 2238 3447 hoc
2259 3393 2424 3446 dicit:
2459 3411 2477 3441 ι
2516 3401 2572 3446 ει
2591 3392 2764 3446 levavi
2788 3406 2977 3446 manus
3001 3407 3170 3458 meas,
3206 3411 3225 3444 ›
3248 3392 3304 3446 id
3333 3401 3440 3458 est,

1865 3483 2211 3552 Operationes
2240 3497 2390 3537 meas
2421 3481 2589 3537 extuli
2640 3500 2657 3532 ι
2695 3482 2762 3537 ad
2801 3482 3054 3537 mandata
3100 3490 3191 3537 tua
3230 3502 3250 3536 ι
3299 3497 3448 3538 com-

1864 3575 2081 3646 plenda,
2113 3593 2130 3625 ‹
2162 3591 2284 3644 quae
2307 3574 2492 3638 dilexi,
2527 3595 2543 3624 ι
2575 3575 2732 3643 quasi
2753 3575 2896 3644 quod
2923 3574 3090 3629 verbo
3115 3574 3293 3642 docui,
3318 3588 3447 3644 ope-

1866 3683 1926 3722 re
1962 3665 2261 3735 complevi:
2288 3673 2344 3719 et
2371 3664 2461 3719 hic
2496 3672 2716 3718 notatur
2755 3665 2867 3718 vita
2909 3665 3106 3719 activa.
3141 3667 3273 3721 Dico
3307 3684 3326 3716 ‹
3365 3666 3445 3721 le-

1868 3759 2013 3825 vavi,
2045 3779 2063 3811 ι
2098 3767 2152 3812 et
2178 3752 2328 3812 hanc
2347 3757 2721 3827 operationem
2750 3766 3162 3825 perseveranter
3188 3757 3446 3827 implevi;

1865 3860 1919 3905 et
1947 3851 2052 3905 hoc
2089 3848 2254 3904 dicit:
2288 3867 2305 3900 ι
2341 3847 2637 3903 exercebor
2667 3848 2723 3902 in
2747 3845 3227 3915 justiﬁeationibus
3257 3846 3386 3914 tuis,
3420 3866 3440 3899 ι

1864 3941 1918 3996 id
1940 3948 2046 4008 est,
2079 3939 2306 3997 studebo
2325 3948 2387 3995 ut
2409 3955 2504 3995 eas
2525 3939 2642 3994 sine
2671 3938 2820 3994 omni
2841 3937 3097 3995 dilatione
3119 3939 3320 4010 possim
3347 3938 3448 3993 im-

1863 4031 2032 4102 plere.

2589 4101 2726 4152 Zain.

1939 4236 1959 4268 ‹
2000 4216 2207 4274 Memor
2235 4227 2372 4274 esto.
2405 4238 2424 4270 ι
2463 4216 2648 4273 Justus
2691 4218 2783 4288 qui
2829 4217 3001 4291 legem
3029 4217 3232 4275 Christi
3261 4235 3445 4276 susce-

1861 4308 1963 4379 pit,
1989 4317 2045 4362 et
2075 4309 2238 4363 etiam
2265 4309 2439 4379 ipsum
2470 4308 2749 4365 Christum
2785 4308 3086 4378 adjutorem
3119 4320 3306 4367 contra
3340 4313 3448 4367 lue-

1863 4401 2061 4456 reticos
2109 4411 2164 4455 et
2210 4409 2606 4470 persecutores,
2645 4402 2758 4471 jam
2799 4418 2898 4472 per
2940 4403 3042 4458 hoc
3090 4419 3239 4474 spem
3287 4405 3452 4461 habet

1864 4489 2053 4545 aeterni
2079 4490 2228 4544 boni.
2262 4488 2397 4545 Orat
2438 4491 2492 4544 in
2535 4491 2637 4544 hoc
2680 4491 2958 4548 octonario
2996 4493 3061 4547 de
3087 4493 3446 4564 completione

1865 4582 2009 4637 illius
2036 4583 2172 4652 spei,
2201 4590 2255 4637 et
2294 4582 2415 4638 ideo
2447 4583 2584 4637 bene
2611 4583 2984 4653 praescribitur
3019 4585 3144 4640 huic
3169 4585 3446 4654 particular

1865 4677 2020 4744 Zain,
2044 4677 2187 4747 quod
2209 4676 2594 4746 interpretatur
2613 4676 2804 4741 ductw,
2825 4676 2909 4729 vel
2934 4677 3054 4741 huc,
3077 4677 3203 4746 quia
3228 4691 3325 4746 per
3345 4677 3447 4732 hoc

1865 4780 2160 4841 utrumque
2195 4768 2564 4839 intelligimus,
2591 4782 2688 4824 nos
2721 4783 2830 4824 non
2870 4769 3072 4825 habere
3109 4769 3200 4824 hic
3232 4784 3450 4826 manen-

1829 4881 1837 4890 ’
1867 4873 1975 4919 tem
1999 4862 2292 4918 civitatem.

1937 4954 2284 5011 Continuatio
2332 4968 2345 5005 :
2391 4951 2739 5019 Exercebar,
2783 4953 2910 5025 quia
2965 4962 3024 5009 tu
3073 4954 3265 5009 dedisti
3311 4954 3444 5008 mihi

1868 5061 2018 5117 spem
2044 5046 2101 5100 in
2131 5044 2298 5098 verbo
2327 5049 2439 5106 tuo,
2484 5041 2537 5096 id
2573 5050 2679 5109 est,
2711 5042 2764 5097 in
2803 5043 3164 5113 promissione
3205 5050 3319 5108 tua,
3351 5044 3443 5113 qui

1870 5139 2054 5194 dixisti
2086 5156 2100 5191 :
2129 5156 2148 5189 ‹
2178 5136 2280 5206 Qui
2308 5137 2550 5206 sequitur
2578 5151 2685 5204 me,
2707 5153 2816 5192 non
2836 5135 3075 5192 ambulat
3104 5137 3157 5190 in
3182 5137 3440 5204 tenebris,

1869 5231 1964 5288 sed
1987 5229 2209 5286 habebit
2229 5228 2408 5284 lumen
2430 5228 2554 5284 vita:
2585 5227 2764 5300 (Joan.
2789 5228 2930 5299 vm).
2964 5247 2982 5280 ι
3011 5228 3078 5283 Ει
3110 5229 3256 5286 illius
3282 5249 3300 5280 ι
3329 5245 3446 5285 ver-

1866 5325 1924 5381 bi
1954 5323 2031 5378 tui
2058 5331 2176 5378 esto
2213 5337 2424 5377 memor
2455 5335 2612 5377 servo
2646 5331 2760 5387 tuo,
2797 5339 2816 5372 ι
2848 5321 2902 5375 id
2945 5329 3049 5388 est,
3085 5323 3152 5377 ad
3183 5323 3442 5378 honorem

1869 5415 2011 5471 servi
2034 5415 2130 5480 tui,
2161 5413 2480 5483 complendo
2521 5429 2639 5482 quae
2673 5412 2991 5482 promisisti,
3024 5414 3114 5485 qui
3143 5415 3342 5470 oblitus
3363 5414 3445 5470 vi-

1868 5509 2014 5564 deris
2058 5506 2293 5577 quandiu
2339 5507 2594 5562 distulisti
2642 5524 2661 5556 ‹
2703 5506 2757 5559 in
2805 5520 2910 5575 quo
2941 5527 2959 5559 ι
2991 5508 3156 5564 verbo
3201 5527 3222 5560 ‹
3250 5508 3442 5564 dedisti

1867 5598 2000 5654 mihi
2029 5614 2181 5669 spem
2216 5618 2233 5650 ι
2270 5597 2456 5653 aeterni
2485 5597 2631 5652 boni.

1938 5690 2091 5756 Quod
2127 5707 2146 5739 ί
2186 5691 2302 5745 haec
2330 5708 2349 5741 ι
2381 5703 2504 5758 spes
2535 5705 2554 5738 ι
2583 5688 2854 5743 consolata
2885 5697 2968 5743 est
3018 5705 3102 5744 me
3145 5690 3198 5745 in
3229 5690 3444 5745 humili-

1871 5791 1978 5836 tate
2011 5797 2151 5848 mea,
2186 5802 2202 5830 ι
2238 5781 2291 5836 id
2316 5788 2419 5845 est,
2450 5781 2501 5834 in
2531 5779 2829 5848 dejectione
2849 5781 3008 5850 primi
3031 5785 3289 5853 parentis.
3309 5784 3444 5855 Spes

1871 5874 2108 5944 quidem,
2133 5872 2199 5928 de
2231 5890 2336 5942 qua
2374 5872 2462 5928 hic
2498 5873 2631 5943 agit,
2665 5882 2918 5944 operatur
2949 5873 3001 5931 in
3037 5877 3189 5933 nobis
3234 5877 3442 5950 patiens
