3898 6476
479 465 578 523 6M

937 462 1292 521 HAYMONIS
1331 461 1811 518 HALBERSTAT.
1851 453 2066 518 EPISC.
2107 453 2259 516 ΟΡΡ.
2300 459 2481 516 PARS
2517 461 2560 516 l.
2593 491 2663 500 —-
2699 459 3056 517 COMMENT.
3099 463 3264 518 BIBL.

3661 467 3782 523 6L9.

481 577 612 635 tiam
649 585 838 636 contra
877 577 1122 644 adversa,
1164 587 1217 635 et
1263 578 1634 656 probationem
1685 577 1740 632 in
1783 577 2043 660 adversis.
2075 587 2123 646 Α
2151 573 2243 633 hic
2276 577 2447 634 ﬁdelis
2475 579 2582 650 :qui
2623 579 2858 651 loquitur
2887 585 3123 640 ostendit
3157 601 3414 656 magnum
3449 603 3626 644 suum
3675 607 3778 662 pa-

479 667 576 726 V'el
610 670 668 726 in
703 667 812 726 hoc
843 689 861 722 ί
892 671 1166 726 consolata
1195 678 1280 725 est
1310 685 1396 724 me
1425 669 1478 725 in
1513 665 1816 725 humilitate
1845 673 1987 736 mea,
2021 692 2040 723 ι

479 762 534 818 id
575 769 684 829 est,
715 761 770 816 in
813 751 1266 828 tribulationibus,
1293 762 1416 832 quia
1463 771 1684 834 propter
1715 749 1862 832 spem
1903 759 2049 816 illam

479 854 856 911 tribulationcs
887 853 1062 908 illatas
1086 853 1335 909 sustinui.
1365 873 1382 906 ‹
1417 847 1703 910 Consolata
1743 863 1825 908 est
1853 874 1873 906 ›
1907 853 2045 920 dico,

485 964 504 998 ι
543 945 668 1016 quia
703 945 974 1014 eloquium
1019 953 1188 1010 tuum,
1223 965 1241 997 ι
1295 945 1348 998 id
1392 953 1475 999 est
1519 947 1830 1000 mandatum
1873 937 2048 1010 tuum,

483 1055 502 1089 ε
533 1033 825 1091 viviﬁcavit
860 1049 969 1102 me,
1009 1055 1028 1090 ›
1065 1033 1118 1090 id
1148 1043 1249 1101 est,
1281 1035 1425 1090 dedit
1461 1033 1594 1090 mihi
1623 1038 1786 1090 vitam
1833 1037 2045 1090 animze.

477 1125 580 1200 Qui
601 1129 743 1184 enim
773 1127 1071 1184 viviﬁcatur
1097 1127 1370 1200 implendo
1402 1130 1654 1182 mandata
1681 1127 1798 1193 Dei,
1829 1143 2050 1184 securus

473 1236 570 1291 per
599 1221 702 1275 hoc
726 1219 793 1274 de
817 1229 1016 1276 :eterno
1042 1219 1207 1287 bono,
1229 1219 1470 1292 jucunde
1497 1220 1744 1276 miserias
1769 1211 1928 1289 hujus
1957 1234 2052 1274 ste-

475 1311 578 1366 culi
605 1310 860 1367 sustinet.

543 1399 686 1456 Bene
736 1401 856 1458 dico
901 1389 1044 1472 quod
1097 1419 1114 1450 ‹
1159 1399 1430 1468 eloquium
1479 1408 1629 1454 tuum
1671 1393 1982 1466 vivificavit,
2025 1417 2044 1452 ›

473 1493 598 1564 quia
641 1509 762 1549 cum
791 1491 997 1548 inimici
1038 1491 1320 1554 instarent,
1352 1506 1452 1559 ego
1480 1506 1586 1545 non
1623 1477 1827 1554 defeci;
1868 1499 1923 1544 et
1943 1485 2053 1544 hoc

473 1595 602 1642 est:
645 1605 661 1638 ι
705 1583 923 1655 superbi
945 1584 1127 1654 inique
1153 1583 1405 1654 agebant,
1437 1603 1454 1634 ι
1496 1581 1720 1648 scilicet,
1762 1581 1896 1637 mihi
1936 1583 2055 1637 sine

473 1693 634 1734 causa
659 1675 797 1732 mala
821 1675 1116 1740 inferendo,
1148 1696 1164 1727 ‹
1197 1689 1604 1746 usquequaque,
1629 1695 1647 1727 ι
1678 1673 1731 1730 id
1758 1683 1862 1739 est,
1880 1661 2054 1729 omni-

473 1771 575 1824 bus
603 1769 780 1824 modis
813 1763 1005 1838 quibus
1043 1767 1328 1840 poterant;
1358 1783 1456 1838 ego
1492 1786 1509 1817 ί
1543 1775 1720 1822 autem
1753 1783 1860 1822 non
1892 1763 2054 1822 decli-

472 1859 594 1914 navi
617 1875 646 1914 a
675 1857 794 1928 lege
817 1869 930 1924 tua,
959 1877 978 1912 ι
1007 1855 1062 1912 id
1084 1867 1186 1924 est,
1213 1855 1359 1912 nullo
1381 1855 1542 1912 modo
1565 1874 1663 1928 pro
1685 1857 1765 1912 eis
1789 1857 2014 1912 cessavi.

2151 683 2336 726 vorem
2367 680 2420 726 et
2449 669 2886 740 sollicitudinem,
2920 675 3131 732 scilicet
3170 692 3228 732 se
3273 679 3512 734 multum
3543 681 3770 736 sollicia

2153 769 2264 814 tum
2297 761 2572 830 inquirere
2597 771 2654 816 et
2675 762 2920 820 laborare
2945 769 3214 836 quomodo
3236 770 3304 824 ad
3323 786 3442 826 rem
3471 781 3768 841 speratam

2149 854 2320 922 possit
2345 855 2647 924 pervenire.
2677 853 2810 912 Nota
2839 858 2964 927 quia
2987 867 3157 930 pavor
3181 869 3263 916 est
3287 861 3476 916 cordis
3515 864 3768 932 trepida-

2152 945 2246 1012 tio,
2271 962 2374 1000 non
2407 947 2730 1016 proveniens
2754 965 2820 1004 ex
2844 948 3180 1006 fortitudine.

2222 1035 2570 1092 Continuatio
2611 1055 2624 1092 :
2663 1037 2788 1094 ldeo
2831 1041 3096 1110 exquisivi
3137 1039 3578 1109 justiﬁcationes
3617 1053 3758 1108 tuas,

2152 1125 2298 1198 quia,
2332 1143 2364 1182 ο
2393 1145 2410 1177 ί
2439 1125 2664 1184 Domine
2699 1149 2716 1180 ›
2747 1138 2802 1184 ιιι
2829 1147 2888 1186 es
2916 1149 2934 1181 ε
2969 1131 3146 1202 portio
3173 1147 3312 1195 mea,
3335 1152 3355 1183 ι
3383 1133 3628 1196 scilicet.
3657 1151 3756 1190 non

2153 1211 2288 1286 elegi
2315 1215 2445 1269 mihi
2479 1217 2532 1269 in
2561 1225 2770 1286 partem
2799 1215 3014 1284 aurum,
3037 1219 3121 1274 vel
3150 1219 3352 1289 aliquid
3379 1221 3750 1287 mundanum,

2153 1305 2246 1359 sed
2294 1313 2347 1359 te
2387 1306 2580 1372 solum,
2615 1307 2706 1378 qui
2745 1323 2803 1364 es
2839 1325 2969 1364 vera
2997 1309 3082 1364 via
3127 1311 3195 1364 ad
3229 1297 3678 1367 beatitudinem:
3705 1323 3752 1366 et

2153 1393 2279 1466 quia
2316 1403 2367 1448 te
2397 1396 2454 1448 in
2478 1403 2688 1464 partem
2720 1397 2877 1468 elegi,
2904 1398 3023 1456 ideo
3058 1417 3076 1448 ι
3109 1385 3295 1465 dixi,»
3339 1400 3524 1466 idest,
3559 1402 3746 1456 deliis:-

2155 1485 2268 1538 ravi
2302 1483 2442 1555 apud
2480 1501 2564 1540 me
2595 1487 2788 1555 ipsum,
2833 1508 2850 1538 ι
2896 1485 3168 1544 custodire
3199 1479 3376 1560 legem
3419 1501 3606 1556 tuam,
3637 1515 3658 1545 ι
3701 1493 3742 1548 id

2159 1585 2264 1640 est,
2295 1577 2439 1644 quod
2459 1592 2560 1648 ego
2583 1579 2886 1632 custodiam
2913 1579 3084 1650 legem
3119 1591 3266 1635 tuam
3293 1584 3646 1653 complenda.

2225 1669 2333 1724 Nec
2365 1679 2572 1726 tantum
2602 1663 2733 1736 dixi,
2767 1673 2860 1727 sed
2889 1673 3054 1727 etiam
3093 1694 3112 1724 ι
3147 1675 3482 1746 deprecatus
3517 1693 3632 1730 sum
3663 1679 3730 1732 fa-

2155 1761 2290 1816 ciem
2321 1769 2465 1814 tuam
2496 1781 2515 1814 ›
2543 1763 2662 1815 dari
2685 1763 2839 1828 mihi,
2867 1773 2922 1818 ut
2945 1763 3266 1836 praesentem
3295 1776 3345 1822 te
3369 1767 3576 1822 videam
3599 1769 3720 1826 facie

2157 1851 2222 1904 ad
2255 1851 2450 1906 faciem
2477 1849 2526 1918 (Ι
2557 1851 2680 1906 Cor.
2709 1853 2851 1924 xui),
2877 1863 2930 1908 et
2966 1871 3288 1924 cognoscam
3321 1858 3474 1912 sicut
3505 1863 3716 1930 cognitus

539 1949 608 2004 Et
630 1964 797 2018 quare
821 1963 928 2004 non
951 1948 1249 2002 declinavi?
1278 1947 1436 2016 Quia,
1461 1963 1494 2003 ο
1525 1967 1543 1999 ‹
1575 1947 1820 2013 Domine,
1845 1962 2054 2002 memor
2081 1959 2127 2018 Β
2157 1957 2274 1996 sum
2309 1960 2320 1994 :
2350 1951 2403 1996 et
2441 1943 2543 1996 hoc
2581 1957 2687 1996 non
2730 1943 2922 2012 parum
2965 1959 3082 1998 sum
3125 1946 3479 2016 deprecatus,
3511 1949 3608 2004 sed
3639 1969 3656 1999 ι
3679 1951 3728 2003 in

467 2039 546 2096 fui
568 2042 895 2112 judiciorum
927 2051 1138 2097 tuorum
1173 2063 1190 2094 ›
1225 2039 1491 2096 factorum
1527 2061 1544 2092 ‹
1584 2059 1614 2096 a
1647 2040 1860 2104 saeculo,
1896 2061 1914 2093 ›
1946 2041 2052 2096 sci-

469 2133 612 2200 licet,
645 2133 980 2190 consideravi
1015 2133 1156 2204 quod
1187 2133 1328 2188 Deus
1365 2149 1394 2186 a
1426 2131 1601 2202 primo
1619 2133 1766 2202 justo
1801 2131 2052 2187 obedien-

473 2234 554 2281 tes
575 2234 902 2292 remunerat,
921 2223 1251 2296 negligentes
1275 2223 1511 2280 damnat.
1539 2223 1655 2290 Vel,
1689 2243 1704 2274 ι
1722 2223 2050 2294 judiciorum

473 2331 502 2370 a
531 2315 745 2382 saeculo,
779 2333 797 2367 ι
825 2305 1029 2370 scilicet
1055 2315 1194 2386 quod
1221 2332 1252 2370 a
1279 2315 1491 2380 smculo,
1519 2315 1572 2370 id
1607 2323 1692 2369 est
1722 2317 1864 2384 quod
1885 2331 1914 2369 a
1937 2317 2050 2386 pri-

469 2424 556 2462 mo
575 2406 744 2476 justo,
774 2408 897 2478 quia
926 2423 956 2462 a
980 2407 1139 2462 domo
1165 2401 1258 2462 Dei
1285 2405 1550 2475 judicium
1579 2406 1785 2476 incipit,
1805 2407 2050 2478 justeju-

469 2496 617 2552 dicas
644 2497 763 2554 illos
789 2497 1054 2564 laborare,
1083 2513 1220 2568 quos
1249 2498 1302 2551 in
1331 2495 1435 2552 alio
1467 2491 1766 2552 sreculo‘vis
1795 2511 2046 2552 remune-

469 2603 610 2644 rare.
643 2587 796 2645 Unde
820 2589 1016 2645 dicitur
1041 2607 1055 2644 :
1085 2607 1103 2638 ι
1135 2585 1396 2658 Flagellat
1433 2587 1576 2642 Deus
1617 2603 1832 2642 omnem
1875 2586 2047 2644 filium

467 2693 626 2748 quem
655 2679 846 2749 recipit
877 2675 1030 2751 (Heli.
1067 2677 1188 2750 xu).
1220 2698 1238 2730 i
1269 2679 1335 2732 Et
1359 2667 1614 2732 Salomon
1645 2696 1655 2732 :
1683 2675 1784 2746 Qui
1807 2693 1914 2732 non
1943 2679 2048 2732 erit

468 2771 522 2826 in
555 2787 780 2827 numero
805 2770 1214 2842 ﬂagellatorum,
1244 2769 1542 2839 CXClplch‘
1588 2769 1654 2824 de
1701 2769 1861 2823 donio
1903 2769 2046 2822 ﬁlio-

469 2875 584 2915 rum
627 2879 641 2915 :
694 2881 710 2912 ι
757 2869 812 2916 et
855 2877 874 2913 ι
917 2861 1041 2930 quia
1097 2861 1224 2914 talia
1259 2859 1486 2931 cognovi
1528 2867 1618 2913 tua
1653 2873 1773 2914 esse
1816 2857 2042 2928 judicia,

467 2953 586 3008 ideo
619 2971 636 3003 ι
670 2952 978 3008 consolatus
1005 2959 1122 3006 sum
1155 2965 1174 3002 ι
1207 2951 1262 3005 in
1289 2949 1729 3006 tribulationibus
1751 2950 1909 3006 meis.

542 3063 560 3094 ι
599 3041 920 3098 Consola'tus
961 3051 1078 3096 sum
1117 3061 1134 3093 ι
1179 3041 1244 3095 de
1281 3049 1394 3106 me,
1426 3039 1518 3094 sed
1563 3041 1626 3094 de
1663 3037 2044 3110 peccatoribus

467 3133 641 3200 dolui;
668 3141 722 3187 et
743 3133 850 3188 hoc
876 3141 996 3187 est:
1021 3143 1048 3182 ³(
1084 3129 1338 3196 defectio,
1369 3149 1388 3182 ›
1413 3131 1470 3185 id
1497 3139 1602 3194 est,
1633 3127 1870 3196 afflictio,
1905 3149 1922 3182 ι
1963 3139 2044 3184 te-

465 3226 583 3280 nuit
613 3240 720 3292 me,
757 3245 774 3278 ι
804 3223 1020 3279 afﬂictio
1042 3231 1096 3277 et
1121 3221 1270 3278 dolor
1295 3222 1439 3288 dico,
1471 3221 1653 3275 habita
1681 3240 1698 3271 ι
1730 3236 1828 3291 pro
1855 3233 2043 3290 pecca-

2154 2043 2266 2090 toto
2297 2033 2456 2090 corde
2487 2050 2628 2100 meo,
2660 2051 2679 2086 ι
2711 2035 2762 2089 id
2792 2044 2895 2104 est,
2923 2035 2976 2090 in
3005 2046 3214 2091 tantmn
3246 2040 3392 2108 quod
3437 2055 3538 2095 cor
3577 2057 3724 2094 meum

2153 2135 2372 2181 vacaret
2411 2127 2479 2182 ab
2519 2125 2771 2182 omnibus
2804 2127 2952 2194 aliis,
2990 2137 3044 2184 et
3079 2133 3224 2184 ttiam
3263 2130 3472 2186 faciem
3509 2131 3718 2187 obtinere

2151 2221 2420 2290 quaereret
2445 2237 2456 2273 :
2482 2227 2537 2274 et
2557 2229 2616 2272 ut
2630 2235 2725 2290 ego
2749 2211 2814 2274 ad
2839 2219 2987 2274 illam
3003 2220 3199 2276 faciem
3215 2223 3424 2292 possim
3441 2225 3718 2294 perveniri,

2157 2331 2173 2364 ι
2217 2313 2476 2368 miserere
2523 2312 2650 2378 mei,
2687 2332 2704 2364 ι
2741 2313 2796 2367 id
2837 2323 2942 2380 est,
2969 2329 3068 2385 per
3115 2315 3564 2371 misericordiam
3609 2329 3720 2371 tum

2151 2403 2394 2459 condona
2449 2404 2582 2458 mihi
2630 2413 2874 2474 peccata,
2923 2414 2978 2460 et
3024 2407 3212 2462 confer
3251 2409 3386 2463 mihi
3435 2410 3718 2480 Spiritusne;

2148 2497 2375 2568 gratias,
2405 2513 2424 2546 ι
2463 2499 2758 2552 secundum
2797 2497 3068 2568 eloquium
3113 2507 3284 2566 tuum,
3327 2519 3346 2552 ι
3396 2500 3460 2554 id
3509 2511 3596 2555 est
3629 2517 3722 2572 pro-

2149 2589 2438 2644 missiones
2465 2597 2607 2644 tuas.

2219 2679 2288 2734 Et
2317 2689 2377 2735 ut
2403 2682 2653 2736 ostendat
2685 2695 2744 2736 se
2783 2682 3004 2754 dignum
3039 2685 3126 2738 cui
3163 2683 3288 2753 j'ure
3311 2683 3408 2739 ﬁat
3441 2685 3720 2742 miSeric-ar-

2149 2772 2511 2838 dia,os‘tendit
2540 2787 2598 2827 se
2627 2779 2947 2828 converSmn
2976 2789 3006 2828 a
3031 2783 3287 2844 perversa
3311 2775 3422 2840 via,
3443 2783 3560 2831 'non
3588 2793 3646 2834 ex
3665 2779 3716 2831 le-

2148 2863 2342 2929 vitate,
2397 2865 2490 2918 sed
2535 2877 2732 2936 magna
2785 2865 3129 2935 cogitatione.
3173 2867 3536 2924 Coatinuatio
3569 2870 3716 2934 :ldee,

2147 2963 2361 3025 precor,
2391 2957 2668 3022 miserere,
2694 2957 2817 3025 quia
2841 2976 2860 3008 ‹
2881 2958 3014 3023 vias,
3038 2977 3057 3010 ι
3089 2959 3141 3012 id
3163 2969 3249 3012 est
3267 2975 3460 3028 opera,
3487 2969 3514 3012 ἢ
3543 2971 3712 3020 meas,»

2148 3047 2203 3102 id
2233 3056 2338 3114 est,
2373 3065 2493 3118 qua:
2519 3047 2814 3103 secundum
2851 3059 2940 3103 me
2966 3065 3084 3122 ago,
3111 3055 3232 3120 quae
3263 3067 3486 3126 semper
3523 3059 3638 3108 sunt
3675 3053 3716 3106 in

2145 3141 2404 3208 peccatis,
2417 3160 2434 3190 ‹
2446 3141 2697 3211 cogitavi,
2713 3163 2729 3191 ι
2741 3143 2792 3196 id
2806 3151 2910 3210 est,
2925 3143 3166 3214 diligenti
3182 3146 3396 3200 ratione
3409 3147 3714 3218 inquisiri,et

2147 3230 2319 3285 malas
2341 3233 2660 3300 cognovi,et
2686 3233 2808 3288 ideo
2829 3253 2846 3284 ι
2876 3235 3114 3288 converti
3129 3237 3299 3305 pedes
3319 3253 3490 3302 meos,
3521 3259 3540 3289 ι
3565 3239 3615 3292 id
3643 3245 3714 3292 est

467 3317 704 3374 toribus:
735 3331 754 3369 ›
777 3319 888 3372 non
916 3315 1040 3387 quia
1069 3315 1201 3369 mihi
1225 3313 1370 3368 mala
1395 3311 1768 3378 inferentibus,
1795 3315 1889 3368 sed
1913 3315 2037 3384 quia

2152 3323 2455 3380 alfectiones
2475 3341 2645 3390 meas,
2679 3345 2696 3377 ι
2735 3327 2789 3380 in
2823 3327 3127 3383 testimonia
3171 3335 3264 3383 tua
3301 3351 3318 3380 ι
3357 3329 3654 3400 complenda.

469 3427 486 3459 ε
519 3407 1016 3477 derelinqucn'tibus
1043 3405 1217 3476 legem
1245 3413 1413 3460 tuam.
1447 3423 1468 3457 ι

535 3501 640 3556 Pro
663 3501 767 3556 illis
789 3497 1126 3564 deﬁ'ci'ebam,
1151 3501 1245 3554 sed
1273 3507 1387 3553 uta
1415 3513 1503 3553 me
1519 3513 1684 3554 omne
1705 3499 1922 3554 taedium
1949 3511 2044 3553 au-

465 3594 682 3659 ferrem,
727 3593 1012 3648 cantabam
1059 3591 1290 3647 Domino
1337 3591 1574 3661 psalmos
1613 3599 1667 3646 et
1711 3591 1942 3662 hymnos
1983 3591 2042 3645 in

465 3689 624 3744 corde
673 3693 823 3754 meo;
849 3697 903 3742 et
937 3687 1045 3742 lt‘Oc
1074 3693 1156 3740 est
1189 3704 1200 3738 :
1233 3685 1484 3740 existenti
1515 3703 1532 3736 σ
1565 3685 1618 3738 in
1645 3683 1764 3740 loco
1791 3683 2038 3755 peregri-

463 3779 697 3834 natiOnis
721 3783 854 3834 mete
872 3797 917 3846 ,ι
935 3779 992 3833 in
1019 3779 1122 3832 hac
1147 3778 1283 3844 vita,
1305 3781 1410 3847 q'ua
1433 3793 1519 3831 me
1545 3777 1893 3847 peregrinum
1921 3789 2042 3831 esse

463 3879 731 3942 cognosco
758 3912 773 3938 ,
824 3883 842 3922 ι
895 3877 1051 3925 erant
1099 3869 1234 3924 mihi
1285 3869 1580 3924 cantabiles
1625 3867 2040 3939 justiﬂcat’rones

463 3969 587 4032 ture,
619 3985 638 4018 ›
667 3959 722 4020 id
752 3973 836 4020 est
863 3963 1054 4034 psalmi
1080 3973 1136 4018 et
1163 3965 1370 4034 hymni,
1403 3963 1500 4034 'qt'li
1527 3964 1806 4018 hominem
1841 3963 2039 4032 justiﬁ-

463 4065 587 4111 cant
632 4069 768 4124 pure
815 4061 1147 4117 cantantem,
1189 4053 1346 4122 juxta
1389 4051 1520 4106 illud
1563 4051 1807 4120 Apostoli
1844 4071 1856 4106 :
1901 4069 1928 4103 *ι
1977 4051 2040 4106 In

465 4147 678 4218 hymnis
702 4153 756 4198 et
787 4143 1026 4213 psalmis,
1055 4151 1109 4196 et
1149 4127 1374 4195 canticis
1405 4141 1793 4212 spiritualibus,
1823 4142 1878 4196 in
1919 4157 2038 4214 gra-

468 4237 536 4290 tia
565 4243 844 4290 cantantes
877 4234 929 4287 in
959 4233 1210 4287 cordibus
1238 4232 1434 4287 vestris
1461 4231 1571 4287 Deo
1603 4229 1739 4303 (Col.
1765 4231 1874 4304 in).
1905 4251 1923 4283 ι

533 4329 657 4383 ideo
699 4325 1114 4396 iustiﬁcationes
1161 4325 1381 4380 fuerunt
1417 4325 1750 4391 cantahilcs,
1783 4325 1952 4395 quia,
2003 4341 2037 4381 ο

469 4439 486 4470 ‹
529 4417 773 4482 Domine,
793 4417 850 4470 "in
877 4427 1054 4482 nocw,
1083 4435 1103 4468 ι
1135 4415 1185 4470 id
1213 4425 1316 4482 est,
1349 4415 1402 4470 in
1425 4425 1667 4486 tempore
1705 4415 2038 4487 persecutio~

461 4511 564 4576 nis,
591 4527 608 4561 ι
625 4511 704 4564 fni
725 4513 933 4564 'memor
951 4508 1186 4564 nominis
1205 4507 1306 4573 tui,
1331 4527 1348 4560 ›
1375 4505 1429 4562 id
1455 4515 1556 4574 est,
1574 4507 1802 4578 cognovi
1833 4515 1885 4563 te
1913 4515 2035 4563 esse

463 4607 769 4668 Dominum,
791 4617 879 4657 me
913 4615 1148 4666 servum,
1175 4609 1230 4655 et
1264 4601 1470 4671 justum
1518 4615 1638 4655 esse
1675 4599 1820 4670 quod
1855 4600 2036 4654 Domi-

2241 3417 2376 3472 Dico
2429 3435 2447 3468 t
2509 3419 2784 3484 'co'nvc'rti,
2843 3425 2866 3472 'i
2924 3420 3002 3474 sic
3054 3421 3198 3490 quod
3254 3421 3458 3476 etiamsi
3505 3419 3699 3473 veniant

2146 3507 2308 3574 mala,
2337 3530 2355 3561 ‹
2391 3513 2614 3580 paratus
2653 3525 2771 3565 sum
2805 3509 2863 3565 ut
2893 3509 3194 3566 custodiam
3243 3513 3498 3568 mandata
3521 3523 3648 3574 tua;
3685 3532 3701 3560 ν

2145 3601 2241 3658 sed
2264 3601 2390 3674 quia
2417 3603 2638 3672 paratus
2665 3619 2808 3670 sum,
2833 3603 2953 3659 ideo
2977 3611 3099 3659 cum
3127 3605 3270 3660 mala
3304 3607 3544 3672 veniant,
3575 3624 3592 3656 ι
3623 3621 3702 3659 non

2151 3707 2271 3749 sum
2295 3691 2571 3750 turbatus.
2597 3717 2616 3747 μ

2213 3783 2417 3841 Contra
2463 3787 2592 3857 quid
2633 3787 2896 3858 paratus?
2924 3785 3124 3842 Contra
3169 3799 3376 3860 peccata
3429 3789 3510 3842 vel
3553 3789 3718 3842 tribu-

2147 3877 2399 3945 lationes,
2435 3894 2553 3948 quae
2600 3895 2685 3933 me
2731 3879 2968 3948 undique
3007 3879 3472 3944 circumvallantes,
3523 3879 3720 3932 volunt

2142 3969 2470 4042 illaqucare;
2502 3981 2557 4027 et
2582 3967 2686 4027 hoc
2725 3979 2810 4026 est
2839 3971 2983 4042 quod
3009 3971 3141 4027 dicit
3169 3992 3182 4026 :
3217 3990 3234 4022 ι
3253 3969 3426 4025 Funes
3455 3979 3720 4039 peccato-

2143 4079 2285 4128 rum,
2321 4084 2340 4115 »
2381 4061 2436 4117 id
2463 4071 2547 4116 est
2593 4063 2844 4134 peccata,
2875 4059 3084 4117 scilicet
3112 4061 3475 4134 suggestiones
3517 4061 3716 4126 carnis,

2141 4171 2260 4224 qua:
2289 4164 2413 4210 sunt
2453 4155 2611 4211 funes
2657 4157 2855 4225 quibus
2899 4151 3100 4227 ligatur
3141 4163 3420 4228 peccator,
3459 4171 3526 4209 ne
3561 4155 3718 4224 possit

2139 4245 2434 4300 extendere
2475 4261 2533 4300 se
2578 4243 2644 4299 ad
2691 4245 2865 4299 bonos
2897 4256 3049 4301 actus
3088 4265 3099 4298 :
3135 4227 3412 4299 illi.funes
3443 4263 3460 4296 ι
3491 4253 3716 4298 suntme

2140 4340 2512 4410 circumplexi,
2545 4361 2562 4392 ι
2590 4341 2716 4410 quia
2743 4339 3081 4395 circumdant
3105 4356 3170 4394 ex
3201 4339 3351 4393 omni
3383 4347 3568 4408 parte,
3597 4359 3610 4386 ι
3635 4343 3710 4390 et:

2139 4439 2318 4487 tamen
2348 4451 2365 4482 ι
2401 4429 2576 4503 legem
2619 4441 2765 4486 tuam
2795 4429 2902 4486 non
2929 4447 3046 4486 sum
3077 4429 3300 4494 oblitus,
3337 4451 3354 4482 ι
3389 4431 3484 4484 sed
3523 4445 3715 4498 semper

2137 4537 2258 4576 eam
2305 4523 2361 4576 in
2415 4531 2596 4577 mente
2639 4523 2822 4576 habui.
2869 4521 3030 4577 Unde
3088 4519 3380 4591 Apostolus
3427 4539 3440 4574 :
3497 4541 3518 4570 ι
3573 4521 3715 4574 Video

2137 4611 2298 4665 aliam
2329 4611 2502 4681 legem
2534 4611 2586 4664 in
2617 4615 2797 4665 mente
2829 4627 2970 4676 mea,
2995 4619 3384 4683 repugnantem
3413 4609 3520 4680 legi
3561 4609 3716 4663 carnis

463 4711 562 4751 nus
595 4695 861 4764 corrigat;
898 4711 915 4745 ι
947 4701 1008 4748 'et
1043 4713 1060 4744 ι
1099 4693 1216 4748 ideo
1249 4707 1269 4743 ι
1306 4693 1572 4747 custodivi
1595 4691 1770 4764 legem
1803 4701 1971 4758 tuam,
2005 4713 2026 4745 ι

2152 4719 2271 4758 Luem
2305 4701 2477 4774 (Ront.
2505 4703 2623 4773 vn).
2668 4725 2685 4754 ι
2723 4701 2816 4758 Vel
2847 4701 3003 4757 funes
3033 4707 3325 4774 possumus
3347 4702 3540 4758 dicere
3571 4703 3716 4756 tribu-

465 4791 515 4844 id
548 4798 646 4852 est,
679 4789 989 4858 patientiam
1002 4784 1148 4852 Jesu,
1175 4799 1292 4854 qua:
1319 4785 1374 4840 in
1403 4785 1520 4856 lege
1545 4785 1877 4855 praecipitur.
1897 4803 1920 4838 ι

532 4881 599 4934 Ει
627 4899 643 4931 ι
676 4879 789 4932 haec
808 4897 826 4928 ι
859 4892 987 4942 nox,
1011 4875 1064 4930 id
1084 4875 1493 4940 est,tribulatio,
1523 4893 1542 4924 ι
1571 4874 1712 4929 facta
1737 4885 1820 4930 est
1847 4874 1976 4929 mihi
2001 4891 2027 4928 τ

461 4949 566 5024 non
595 4965 1008 5039 procommisso
1043 4975 1185 5030 meo,
1210 4963 1306 5019 sed
1334 4983 1352 5016 ι
1387 4964 1512 5034 quia
1537 4963 1804 5034 exquisivi
1827 4963 2029 5034 justiﬁ-

463 5062 701 5116 cationes
731 5067 850 5112 tuas
886 5075 903 5106 ι
941 5069 1034 5110 eas
1067 5053 1296 5124 implere
1336 5054 1670 5109 desiderans.
1707 5052 1844 5108 Nota
1889 5053 2034 5123 quod

465 5175 482 5204 1
525 5154 637 5207 haec
671 5171 690 5201 ›
723 5165 830 5204 non
855 5155 1036 5220 potest
1075 5147 1264 5202 referri
1301 5147 1366 5202 ad
1415 5147 1586 5218 legem
1637 5149 1742 5202 hoc
1789 5149 1842 5202 in
1879 5147 2026 5214 Iloco,

461 5247 608 5317 quia,
647 5251 880 5299 testante
907 5241 1228 5313 Augustino,
1263 5241 1316 5294 in
1341 5239 1525 5294 Grseca
1551 5239 1908 5296 translatione
1947 5253 2034 5296 est

461 5340 542 5393 lex
567 5333 848 5391 masculini
876 5332 1089 5403 generis
1115 5329 1296 5384 εἱειπά
1329 5343 1456 5384 vero
1483 5339 1777 5400 pronomen
1805 5349 1826 5381 ί
1863 5332 1976 5386 haec
2003 5349 2024 5382 ο

459 5427 565 5486 illic
603 5430 835 5485 habetur
877 5424 1123 5480 feminini
1167 5437 1180 5477 :
1223 5437 1395 5493 quare
1435 5435 1562 5493 ergo
1603 5425 1914 5479 necessario
1960 5423 2029 5477 ad

463 5543 480 5576 ι
519 5539 624 5578 nox
659 5543 678 5575 ι
713 5519 1006 5576 secundum
1033 5519 1136 5572 hoc
1163 5516 1305 5586 quod
1335 5515 1606 5587 signiﬁcat
1632 5517 2028 5587 peregrinatio-

456 5633 597 5682 nem,
625 5613 872 5670 refertur.

1158 5677 1306 5731 Heth.

532 5819 549 5846 ι
591 5799 774 5852 Portio
797 5811 935 5860 mea,
959 5794 1203 5848 Domine.
1233 5813 1251 5844 ι
1279 5793 1405 5848 Haec
1427 5793 1606 5848 littera
1637 5793 2024 5863 interpretatur

457 5905 635 5964 putor,
663 5904 780 5956 quae
821 5888 954 5942 bene
993 5885 1360 5954 priests-ibitur
1395 5885 1518 5939 huic
1561 5889 1861 5954 octonario,
1897 5891 2022 5958 quia

2139 4795 2403 4860 lationes,
2443 4795 2640 4863 quibus
2683 4795 3042 4866 illaqueantur
3082 4795 3367 4858 homines;
3419 4813 3436 4844 ι
3475 4803 3713 4866 peccato-

2141 4901 2280 4951 rum,
2315 4903 2332 4936 ι
2371 4885 2542 4950 idest,
2571 4899 2706 4953 quos
2739 4885 2894 4940 funes
2921 4889 3231 4956 peccatores
3259 4885 3592 4941 immittunt.

2211 4973 2339 5030 Dico
2366 4995 2382 5026 ι
2411 4983 2516 5028 non
2540 4989 2656 5029 sum
2684 4975 2901 5042 oblitus,
2936 4997 2952 5026 ι
2985 4975 3074 5030 sed
3105 4977 3285 5045 potius
3313 4995 3332 5028 ι
3363 4978 3550 5032 media
3581 4985 3714 5031 nocte

2137 5069 2420 5140 surgebam
2455 5061 2520 5122 ad
2559 5069 2924 5124 confitendum
2961 5067 3079 5124 tibi.
3111 5088 3128 5119 ι
3161 5067 3242 5122 Ad
3279 5067 3526 5124 litteram
3559 5069 3714 5124 :Sur-

2140 5167 2270 5232 gunt
2314 5162 2457 5215 enim
2509 5161 2742 5232 religiosi
2793 5161 2896 5216 viri
2957 5162 3008 5214 in
3066 5167 3224 5215 nocte
3275 5161 3342 5215 ad
3391 5161 3715 5217 laudandum

2136 5253 2328 5318 Deum,
2351 5255 2420 5306 e‘x
2449 5252 2550 5306 hoc
2577 5251 2694 5306 loco
2721 5250 2981 5320 facientes
3013 5249 3115 5304 sibi
3145 5249 3477 5321 exemplum,
3511 5263 3570 5307 et
3605 5251 3716 5321 quia

2133 5341 2311 5397 media
2343 5350 2498 5396 nocte
2533 5341 2809 5412 percussis
2839 5339 3140 5412 Egyptiis,
3173 5339 3426 5395 liberavit
3465 5341 3718 5396 Dominus

2132 5431 2387 5502 populum
2418 5445 2572 5486 suum
2608 5431 2804 5502 (Exod.
2833 5430 2976 5501 run).
3005 5429 3158 5497 Item,
3177 5431 3310 5500 'qoia
3337 5431 3524 5486 media
3571 5441 3720 5486 nocte

2133 5535 2515 5596 processerunt
2563 5526 2801 5595 virgines
2853 5525 2956 5579 illa:
3006 5526 3222 5580 obviam
3265 5539 3467 5595 sptnso
3503 5523 3717 5595 (Matth.

2135 5613 2284 5690 xxv).
2317 5619 2449 5672 Item
2480 5621 2603 5687 quia
2644 5619 2822 5672 med-ia
2866 5627 3026 5674 nocte
3067 5617 3284 5682 dicitur,
3313 5617 3458 5686 quod
3487 5617 3724 5671 surrexit

2133 5711 2395 5766 Dominus
2449 5709 2666 5780 (Matth.
2717 5709 2933 5783 ntuli).
2981 5711 3114 5764 ltem
3160 5709 3282 5780 quia
3335 5711 3518 5764 media
3569 5721 3724 5764 nocte

2133 5813 2394 5857 venturus
2427 5811 2510 5856 est
2529 5799 2796 5870 judicare,
2819 5793 2960 5870 quod
2990 5809 3169 5855 tamen
3201 5801 3438 5870 ignotum
3468 5801 3561 5854 est
3593 5819 3608 5853 :
3633 5797 3724 5852 sed

2133 5895 2297 5948 etiam
2335 5909 2398 5948 ex
2437 5894 2617 5948 verbis
2653 5893 2930 5965 Evangelii
2977 5893 3308 5962 perpendimt
3350 5891 3606 5962 quidam,
3635 5891 3722 5944 ubi
