3898 6528
887 445 1242 505 HAYMONIS
1285 436 1764 498 HALBERSTAT.
1807 431 2024 491 EPISC.
2065 431 2218 489 OPP.
2261 427 2446 486 PARS
2489 426 2530 482 Ι.
2566 421 3018 482 ——COMMENT.
3058 417 3232 475 BlBL.
3625 412 3758 469 616

2829 537 2980 601 Caph.

2192 679 2211 712 ι
2241 658 2448 715 Defecit
2469 657 2526 712 in
2549 655 2793 711 salutari.
2827 673 2846 706 ι
2881 653 2941 708 ln
2970 653 3076 708 hoc
3095 648 3377 707 octonario
3406 642 3753 700 ostenditur

2119 751 2292 808 fidelis
2333 751 2425 820 qui
2467 749 2726 820 loquitur,
2771 746 2882 816 jam
2937 743 3112 799 fessus
3157 742 3315 813 longa
3363 737 3602 800 militia,
3647 750 3753 788 cu—

2120 844 2273 914 piens
2302 841 2521 898 dissolvi
2564 850 2619 896 et
2654 839 2934 910 quiescere
2959 853 3082 892 cum
3112 835 3353 898 Christo,
3384 845 3493 886 nec
3545 839 3747 882 tamen

2124 934 2303 988 adhuc
2327 947 2590 988 recusans
2608 931 2850 986 laborem
2881 942 2895 981 :
2923 939 2978 982 et
3004 927 3123 981 ideo
3153 926 3291 980 bene
3315 923 3367 978 ei
3395 921 3564 990 Caph
3592 934 3748 988 pne-

2123 1025 2399 1091 scribitur,
2429 1024 2573 1094 quod
2619 1024 3010 1092 interpretatur
3052 1020 3380 1072 incurvatus.
3439 1012 3746 1082 Congruus

2124 1117 2259 1174 ordo
2287 1117 2522 1183 videtur,
2553 1123 2614 1170 ut
2641 1115 2737 1185 qui
2759 1112 3028 1183 jucundas
3057 1109 3246 1166 habuit
3291 1106 3622 1179 passiones,
3675 1104 3743 1157 le-

2127 1227 2248 1283 gem
2277 1210 2372 1265 Dei
2402 1209 2637 1265 obtinuit
2661 1206 2775 1280 jugi
2805 1205 3180 1270 metﬁtatione,
3211 1212 3273 1256 ut
3294 1200 3417 1279 jam
3445 1200 3742 1270 quiescere

2129 1310 2184 1357 et
2206 1301 2530 1372 principium
2560 1297 2809 1354 naturale
2834 1297 3080 1353 obtinere
3105 1294 3400 1350 desideret.

2199 1391 2552 1448 Continuatio
2579 1409 2591 1443 :
2623 1389 2750 1444 Ideo
2793 1396 2920 1458 opto
2949 1395 3009 1441 ut
3045 1385 3265 1441 veniant
3315 1383 3460 1438 mihi
3511 1383 3737 1437 misera-

2134 1483 2310 1539 tiones
2337 1491 2464 1546 tuae,
2486 1489 2541 1536 et
2560 1480 2740 1535 vivam
2766 1489 2970 1535 aeterna
2990 1479 3122 1544 vita,
3145 1477 3273 1547 quia
3301 1495 3323 1528 α
3353 1476 3547 1530 anima
3569 1490 3694 1529 mea
3713 1495 3728 1526 ι

2133 1591 2244 1646 pm
2275 1574 2546 1630 desiderio
2581 1573 2689 1628 mei
2728 1571 2983 1642 principii
3016 1589 3034 1620 ‹
3068 1567 3267 1625 defecit
3309 1587 3331 1620 ι
3365 1568 3442 1623 ab
3489 1568 3642 1622 omni
3655 1567 3734 1637 jnv

2135 1665 2412 1722 cunditate
2459 1664 2730 1735 praesenti,
2759 1661 2938 1717 eundo
2971 1680 2989 1711 ι
3022 1661 3076 1714 in
3123 1668 3275 1714 tuum
3329 1657 3597 1722 salutare,
3632 1676 3649 1708 ι
3681 1658 3726 1710 Η

451 1757 580 1812 dent
613 1769 700 1809 me
726 1750 1105 1814 illuminatum,
1135 1756 1189 1802 et
1216 1747 1283 1800 de
1330 1753 1614 1814 peccatore
1651 1739 2030 1809 justiﬁcatum,
2137 1767 2242 1825 est,
2271 1757 2470 1813 Filium
2497 1763 2646 1812 tuum
2677 1770 2691 1808 ε
2726 1754 2954 1818 scilicet,
3004 1752 3127 1806 ideo
3152 1750 3439 1821 vii-mendo
3490 1749 3588 1803 hx
3619 1759 3722 1802 ια,

449 1856 506 1905 εί
526 1846 654 1902 fac“
680 1845 980 1900 ίωίίδίοτθδ
1008 1840 1355 1894 Ῑίειδδυηωνο
2022 1920 2030 1922 _
2143 1868 2291 1919 rena,
2322 1860 2383 1906 ut
2413 1851 2723 1922 perveniam
2746 1849 2814 1904 ad
2847 1847 3230 1911 aeternitatem,
3255 1861 3429 1916 quam
3460 1844 3567 1914 jam
3589 1845 3713 1898 obti-

523 1940 648 1995 ldeo
675 1945 798 2008 peto
820 1943 881 1990 ut
908 1935 1003 1990 des
1024 1930 1380 1993 intellectum,
1408 1942 1516 1998 quo
1537 1924 1807 1997 possimus
1835 1920 2036 1976 reverti
2068 1924 2113 1983 Β
2142 1954 2233 1998 ne,
2278 1920 2463 1998 nosula
2502 1949 2696 1995 natura
2732 1940 2786 1993 in
2818 1939 3045 1994 Domino
3094 1946 3284 1991 nostro
3312 1935 3454 1990 Jesu
3485 1953 3499 1987 ε
3539 1953 3558 1984 (
3589 1944 3638 1987 ἃ
3675 1935 3720 1985 .m

434 459 540 516 615

432 567 686 626 mandata
716 571 832 630 tua,
871 581 889 614 ι
916 561 973 617 id
1019 567 1117 624 est,
1169 555 1463 626 intelligam
1510 559 1564 607 et
1593 549 1876 620 impleam;
1917 560 2015 615 per
2041 549 2096 611 Α

431 675 552 730 quae
583 663 854 728 praecepta
874 651 1086 708 tandem
1108 656 1297 719 potero
1325 643 1502 699 redire
1526 641 1592 696 ad
1622 637 2010 711 perfectionem

433 752 541 807 mei
571 747 847 822 principii.

505 821 632 898 Ideo
652 840 816 895 debes
838 834 1141 892 illuminare
1163 829 1509 892 intellectum,
1527 825 1653 896 quia
1670 844 1688 876 ι
1709 823 1802 894 qui
1826 821 2018 876 timent

438 945 512 1002 te,
545 954 564 988 ι
593 933 647 989 id
669 940 749 987 est
770 920 1407 992 sanctiviri,ﬁdelcstui,
1438 937 1456 970 ‹
1492 916 1751 972 videbunt
1775 929 1861 969 me
1893 932 1912 965 ›
1941 911 2020 967 sic

436 997 819 1084 illuminatum,
854 1036 873 1070 ι
901 1026 956 1072 ει
993 1036 1012 1070 ι
1042 1016 1166 1070 inde
1199 1033 1215 1064 σ
1244 1013 1570 1067 laetabuntur
1608 1028 1626 1060 ι
1660 1015 1715 1062 ει
1740 1007 1866 1061 item
1895 997 2021 1076 pro-

436 1123 558 1184 pter
584 1113 686 1166 hoc
731 1109 893 1164 debes
949 1107 1079 1161 dare
1119 1102 1471 1166 intellectum,
1503 1119 1522 1148 σ
1558 1098 1685 1170 quia
1727 1116 1748 1150 ι
1781 1112 1881 1167 ego
1922 1115 1938 1146 ι
1967 1094 2022 1148 in

439 1205 625 1270 verbo,
661 1220 681 1253 ι
712 1201 767 1256 id
792 1208 897 1265 est,
940 1199 995 1253 in
1019 1196 1162 1251 Filio
1197 1213 1215 1246 ι
1247 1204 1360 1261 tuo,
1385 1189 1787 1262 supersperavi,
1822 1188 1875 1242 id
1920 1193 2023 1252 est,

440 1296 614 1368 magis
643 1309 675 1348 a
704 1292 842 1348 Filio
871 1298 964 1345 tuo
1005 1286 1215 1358 speravi
1253 1287 1477 1349 bonum,
1510 1298 1674 1352 quam
1705 1294 1885 1335 meum
1910 1294 2024 1332 me-

441 1391 607 1446 ritum
633 1393 816 1459 posset
843 1380 1161 1454 promereri.
1196 1378 1314 1443 Vel,
1345 1377 1397 1431 in
1437 1376 1599 1430 verba
1625 1383 1737 1440 tua,
1771 1373 1824 1428 id
1845 1380 1948 1437 est,
1973 1371 2026 1424 in

441 1480 751 1553 impletione
772 1477 1059 1532 verborum
1077 1481 1287 1527 tuorum
1312 1466 1708 1538 supersperavi.
1722 1463 1836 1528 Vel,
1860 1465 1906 1537 si
1927 1464 2031 1517 hoc

444 1574 621 1628 fructu
646 1577 774 1642 peto
803 1577 863 1621 ut
886 1566 982 1621 des
1010 1563 1143 1618 mihi
1182 1562 1535 1623 intellectum,
1561 1555 1810 1639 quiaqui
1842 1555 2032 1608 timent

450 1677 504 1722 te
531 1665 690 1720 modo
730 1660 912 1718 servili
944 1659 1154 1723 timore,
1186 1655 1447 1710 videbunt
1485 1667 1594 1716 me,
1637 1635 1824 1713 idest,
1855 1657 2031 1701 atten-

456 2035 524 2090 ad
551 2041 796 2089 nostrum
819 2026 1164 2099 principium,
1198 2022 1323 2092 quia
1367 2033 1632 2091 cognosco
1655 2026 1838 2086 patres
1859 2023 1914 2069 et
1943 2028 2040 2068 nos

462 2125 602 2180 filios
641 2138 738 2193 per
785 2116 1206 2174 inohedientiam
1253 2114 1319 2168 ab
1359 2111 1449 2166 illa
1497 2110 1757 2181 dignitate
1805 2108 2043 2178 dejectos

460 2234 581 2273 esse
613 2235 625 2270 :
659 2226 714 2270 ct
737 2217 838 2270 hoc
865 2220 968 2278 est,
997 2228 1030 2266 ο
1065 2231 1082 2260 ι
1115 2207 1358 2272 Domine,
1401 2225 1418 2258 ι
1453 2221 1550 2275 ego
1573 2202 1796 2274 cognovi
1821 2201 1946 2271 quia
1964 2199 2046 2268 ju-

460 2311 600 2365 dicia
632 2319 744 2372 tua,
783 2328 800 2358 ι
835 2306 1060 2370 scilicet,
1087 2301 1229 2371 quod
1255 2299 1459 2370 primos
1483 2306 1736 2369 parentes
1756 2291 2047 2364 passibiles

458 2410 514 2458 et
537 2396 872 2454 immortales
900 2392 1076 2449 fecisti
1121 2401 1176 2446 et
1203 2389 1436 2444 miseria:
1475 2386 1738 2450 subditos,
1769 2391 1896 2438 sunt
1930 2401 1948 2432 ‹
1978 2396 2048 2435 ae-

461 2493 660 2564 quitas,
700 2509 718 2540 ›
771 2489 826 2544 id
849 2495 934 2542 est
977 2487 1124 2556 juste
1170 2485 1315 2539 facta
1344 2501 1355 2536 :
1390 2502 1406 2534 ‹
1445 2490 1500 2536 ει
1534 2502 1551 2534 ιι
1587 2481 1752 2535 etiam
1787 2498 1804 2530 ι
1837 2491 1925 2530 me
1949 2476 2048 2530 hu-

460 2583 702 2649 miliasti,
739 2601 757 2634 ι
791 2580 847 2635 id
883 2585 982 2642 est,
1012 2578 1065 2632 in
1115 2576 1232 2632 istis
1275 2574 1509 2629 miseriis
1546 2570 1804 2634 atllixisti,
1851 2576 1906 2623 et
1950 2567 2052 2620 hoc

473 2695 490 2726 ι
525 2675 582 2729 in
604 2673 836 2727 veritate
862 2678 976 2734 tua,
1016 2689 1034 2720 ι
1071 2668 1123 2722 id
1147 2675 1250 2732 est,
1272 2676 1360 2720 tuo
1385 2662 1769 2736 justojudicio.

535 2766 640 2821 Per
665 2763 807 2820 istud
831 2760 1094 2833 judicium
1126 2773 1314 2814 sumus
1353 2758 1403 2809 in
1434 2753 1689 2819 miseriis,
1726 2751 1822 2807 sed
1865 2759 2054 2806 contra

466 2857 586 2913 illas
620 2853 870 2911 miserias
907 2872 925 2904 ‹
961 2854 1054 2905 liat
1087 2847 1460 2904 misericordia
1493 2855 1581 2900 tua
1615 2865 1634 2898 ι
1671 2844 1802 2898 mihi
1837 2863 1854 2893 ‹
1899 2856 2056 2896 servo

468 2960 582 3016 tuo,
613 2957 674 3003 ut
713 2945 1020 3003 consoletur
1075 2957 1161 2998 me
1194 2962 1213 2995 ›
1252 2941 1306 2995 in
1364 2939 1598 2994 miseriis
1630 2957 1641 2991 :
1676 2949 1731 2994 et
1785 2938 1887 2993 hoc
1932 2944 2058 3006 peto

471 3062 489 3092 ι
521 3038 812 3096 secundum
859 3033 1132 3105 eloquium
1158 3041 1331 3097 tuum,
1367 3050 1384 3080 ι
1421 3030 1476 3084 id
1516 3039 1616 3094 est,
1670 3027 2060 3098 promissioncs

468 3140 618 3196 tuas,
648 3127 743 3198 qui
787 3125 970 3181 dixisti
1000 3143 1012 3178 :
1041 3121 1430 3180 Convertimini
1475 3122 1542 3175 ad
1582 3135 1690 3185 me,
1741 3128 1798 3173 et
1842 3134 1942 3189 ego
1969 3132 2060 3171 rc-

471 3231 657 3279 vertar
700 3220 768 3276 ad
791 3235 914 3276 vos.
953 3219 1022 3274 Et
1062 3217 1229 3272 alibi:
1273 3237 1290 3268 ‹
1333 3217 1561 3271 Viduam
1594 3214 1709 3283 ejus
1735 3212 2062 3270 benedicens

475 3315 815 3381 benedicam,
861 3327 1124 3385 pauperes
1170 3309 1286 3380 ejus
1338 3309 1594 3366 saturabo
1623 3307 1853 3379 panibus
1881 3302 2058 3376 (Psal.

473 3409 682 3484 cum).
720 3429 739 3462 ι
775 3407 1005 3464 Viduam
1031 3404 1284 3475 intelligit
1314 3402 1634 3459 Ecclesiam.

543 3503 668 3558 Fiat
691 3498 1064 3556 misericordia
1097 3497 1165 3550 ad
1207 3495 1596 3551 consolandum
1647 3494 1787 3548 inter
1817 3491 1981 3555 mala,
2009 3499 2066 3546 et

478 3599 643 3653 etiam
691 3594 873 3650 veniat
924 3589 1336 3655 misericordia,
1386 3604 1505 3658 quae
1556 3587 1686 3642 facit
1734 3601 1835 3641 nos
1881 3585 2065 3640 vivere

480 3701 681 3748 acterna
705 3689 845 3756 vita;
897 3689 1131 3748 hocest
1161 3699 1176 3738 :
1207 3702 1226 3735 ‹
1260 3683 1484 3738 veniant
1530 3682 1665 3737 mihi
1690 3679 2068 3735 miserationes

481 3795 608 3851 tua},
639 3804 657 3837 ι
690 3783 746 3838 id
768 3791 852 3838 est
889 3781 1112 3836 eil‘ectus
1141 3777 1244 3849 piae
1272 3774 1572 3831 affectionis
1597 3783 1651 3829 et
1680 3771 2070 3828 misericordia:

485 3887 608 3942 tua),
644 3895 664 3928 ι
693 3883 749 3931 ει
780 3895 799 3928 ι
832 3890 932 3946 per
975 3873 1148 3943 ipsam
1192 3891 1213 3922 ‹
1245 3870 1425 3925 vivam
1461 3887 1478 3920 ι
1507 3875 1711 3922 aeterna
1756 3866 1888 3931 vita,
1913 3865 2072 3920 redu-

486 3979 603 4026 ctus
629 3969 699 4025 ad
726 3967 1046 4039 dignitatem
1074 3964 1180 4019 mei
1207 3961 1485 4032 principii,
1514 3980 1531 4011 ι
1567 3959 1694 4028 quia
1721 3958 1808 4012 lex
1834 3966 1926 4012 tua
1957 3972 2069 4012 ine-

487 4061 680 4117 ditatio
707 4073 830 4114 mea
863 4066 966 4125 ,εει
999 4077 1019 4108 ι
1052 4056 1107 4112 id
1141 4064 1244 4120 est,
1277 4068 1492 4124 semper
1533 4053 1768 4107 meditor
1803 4051 1868 4105 de
1889 4049 2075 4120 imple-

490 4151 638 4209 tione
669 4159 774 4205 tua:
801 4149 956 4219 legis.

565 4243 693 4298 Mihi
719 4242 938 4297 veniant
955 4239 1350 4304 miserationes,
1374 4258 1393 4290 ‹
1424 4239 1642 4310 superbi
1671 4259 1689 4291 ι
1716 4246 1897 4293 autem
1916 4255 1934 4290 ‹
1957 4251 2080 4292 con-

491 4333 806 4399 fundantur,
843 4352 862 4386 ι
897 4332 953 4388 id
978 4340 1084 4397 est,
1105 4330 1545 4387 erubescentiam
1580 4331 1816 4386 habeant
1862 4330 1928 4385 de
1954 4344 2081 4400 pec-

496 4426 634 4482 catis
682 4425 815 4493 suis,
851 4444 871 4478 ι
913 4424 1040 4495 quia
1089 4423 1429 4492 iniquitatem
1478 4423 1534 4477 in
1563 4438 1650 4478 me
1697 4420 1947 4477 fecerunt
1979 4439 2000 4472 ι
2028 4427 2085 4475 ει

495 4518 601 4575 hoc
624 4537 643 4568 ι
674 4517 870 4589 injuste
897 4537 916 4570 ι
934 4517 1048 4572 sine
1075 4516 1366 4600 commisso
1387 4529 1531 4582 meo,
1551 4533 1571 4566 ι
1594 4529 1694 4586 ego
1724 4522 1907 4568 autem
1928 4527 2083 4566 excr-

2090 3287 2135 3349 C
2166 3238 2372 3308 queris.
2405 3235 2524 3302 Vel,
2569 3253 2586 3285 ‹
2621 3233 2894 3303 eloquium
2928 3241 3100 3297 tuum,

2169 3339 2310 3349 λήμη-
2347 3347 2356 3349 _
2403 3348 2408 3349 ,
2464 3326 2598 3349 ---Αἰ
2631 3345 2645 3349 _
2687 3324 2802 3349 ᾹΣΛΑ
2850 3343 2865 3349 -
2901 3324 3100 3349 ,κοιλ-...οη

2142 2034 2370 2089 verbum
2419 2041 2594 2097 tuum,
2631 2050 2650 2082 ι
2688 2030 2862 2101 ipsum
2892 2028 3109 2090 Filium,
3156 2040 3318 2096 quem
3352 2033 3494 2078 ante
3542 2024 3719 2076 vocavit

2145 2126 2398 2189 salutare,
2447 2144 2464 2176 ι
2501 2122 2898 2195 supersperavi,
2936 2141 2955 2174 ι
2985 2121 3167 2186 idest,
3217 2118 3500 2188 majorem
3550 2130 3714 2169 merce

2147 2219 2269 2274 dem
2297 2232 2432 2272 mea:
2457 2216 2664 2270 militiae
2683 2215 3028 2270 obtenturum
3060 2227 3146 2266 me
3173 2208 3406 2274 credidi,
3436 2223 3611 2278 quam
3632 2223 3719 2275 pes—

2149 2320 2233 2366 set
2282 2311 2553 2364 humanus
2603 2310 2767 2363 homo
2813 2305 3134 2377 promereri.
3194 2303 3354 2359 Unde
3409 2299 3718 2371 Apostolus:

2157 2422 2174 2454 ‹
2207 2401 2325 2456 Νοιι
2365 2408 2492 2456 sunt
2530 2398 2811 2469 condignae
2839 2396 3117 2468 passiones
3143 2392 3308 2462 hujus
3359 2391 3652 2461 temporis,
3676 2390 3719 2442 ad

2152 2496 2392 2552 futuram
2436 2493 2665 2565 gloriam
2721 2506 2841 2560 quae
2885 2487 3214 2544 revelabitur
3263 2486 3323 2540 in
3375 2483 3549 2539 nobis
3584 2481 3723 2553 (Res.

2152 2589 2297 2660 νιιι).
2333 2609 2352 2640 ι

2225 2681 2420 2736 Anima
2466 2678 2666 2734 defecit
2700 2675 2768 2731 ab
2810 2673 2959 2730 omni
3007 2673 3246 2744 appetitu
3299 2677 3724 2730 terrenoruum:

2159 2775 2324 2830 etiam
2353 2792 2372 2824 ‹
2402 2772 2544 2828 oculi
2573 2770 2677 2826 mei
2704 2789 2722 2821 ι
2757 2768 3068 2832 interiores,
3091 2767 3300 2821 scilicet
3325 2765 3477 2820 ratio
3516 2764 3649 2820 bene
3683 2762 3724 2813 ξι

2161 2865 2440 2930 luminata,
2471 2883 2490 2914 ‹
2521 2862 2833 2919 defecerunt
2873 2881 2891 2912 ι
2926 2859 2993 2914 ab
3029 2859 3177 2914 omni
3218 2857 3658 2913 consideratione
3689 2862 3726 2906 et

2163 2957 2518 3012 delectatione
2573 2964 2936 3019 terrenorum,
2991 2953 3278 3008 tendentes
3310 2970 3330 3002 ‹
3366 2951 3427 3004 in
3484 2949 3726 3019 eloquium

2166 3059 2338 3115 tuum,
2380 3068 2397 3101 ι
2431 3049 2485 3104 id
2515 3059 2619 3112 est,
2667 3048 2734 3103 ad
2765 3046 3108 3101 intuitionem
3143 3043 3222 3098 tui
3265 3042 3501 3112 eloquii,
3557 3040 3728 3096 scilicet

2165 3144 2286 3200 Filii
2321 3143 2417 3208 tui,
2451 3158 2558 3212 quo
2607 3150 2660 3196 tu
2702 3141 3038 3196 voluntatem
3077 3145 3230 3192 tuam
3256 3136 3508 3192 ostendis
3545 3146 3600 3191 et
3643 3132 3729 3186 clo-

3137 3250 3157 3282 ι
3183 3230 3239 3284 id
3288 3237 3397 3295 est,
3429 3236 3726 3297 praeceptum

2168 3339 2317 3384 tuum
2346 3347 2358 3382 :
2393 3348 2412 3379 ‹
2458 3326 2601 3384 oculi
2630 3345 2649 3378 ι
2684 3324 2806 3379 dico
2847 3343 2865 3376 ι
2899 3324 3158 3385 dicentes,
3196 3340 3216 3372 ι
3243 3319 3301 3374 id
3331 3329 3440 3385 est,
3465 3326 3725 3374 tractantes

2167 3422 2308 3492 apud
2333 3437 2411 3486 se,
2442 3440 2462 3472 ι
2496 3419 2717 3490 quando
2746 3414 3114 3472 consolaheris
3143 3427 3254 3476 me,
3280 3431 3301 3463 ι
3321 3411 3378 3466 id
3405 3421 3492 3474 est,
3526 3406 3716 3478 quando

2167 3514 2430 3586 perduces
2451 3526 2538 3567 me
2559 3512 2626 3568 ad
2655 3519 2900 3580 optatum
2926 3507 3277 3579 principium,
3309 3516 3374 3562 ut
3399 3520 3518 3561 cum
3531 3501 3726 3558 Christo

2163 3605 2275 3676 jam
2309 3604 2669 3674 requiescam.

2242 3698 2366 3752 Ideo
2397 3712 2532 3767 opus
2553 3704 2638 3751 est
2667 3693 2799 3750 mihi
2823 3692 3217 3758 consolatione,
3248 3691 3374 3762 quia
3398 3690 3488 3745 hic
3513 3687 3639 3744 mali
3660 3700 3730 3757 per

2172 3792 2340 3849 multa
2385 3789 2593 3861 ﬂagella
2632 3803 2719 3843 me
2764 3787 2954 3843 volunt
2980 3802 3012 3841 a
3041 3787 3183 3842 bono
3231 3785 3529 3848 retrahere;
3561 3790 3619 3836 et
3653 3779 3741 3834 hoc

2175 3883 2349 3940 dicit:
2390 3901 2409 3932 ι
2453 3880 2579 3952 quia
2624 3880 2801 3935 factus
2845 3895 2964 3935 sum
3009 3879 3153 3934 sicut
3197 3885 3303 3932 uter
3342 3876 3395 3928 in
3435 3873 3684 3942 pruina:
3726 3889 3745 3919 ι

2175 3989 2497 4045 comparans
2525 3988 2584 4028 se
2610 3973 2742 4038 utri,
2774 3971 2917 4041 quod
2943 3979 3030 4028 est
3067 3971 3271 4026 corium
3295 3966 3488 4022 mortui
3533 3964 3749 4019 anima-

2175 4067 2262 4133 lis,
2294 4065 2470 4121 innuit
2496 4080 2648 4120 suam
2686 4063 3183 4128 mortiﬁcationem,
3212 4060 3412 4117 scilicet
3434 4056 3586 4128 quod
3628 4055 3748 4126 jeju-

2177 4158 2358 4212 nando
2381 4164 2437 4210 et
2457 4154 2754 4226 vigilando,
2788 4161 2842 4209 et
2870 4153 2991 4208 aliis
3018 4152 3286 4208 similibus
3319 4150 3515 4215 modis,
3546 4163 3745 4204 carnem

2179 4264 2335 4305 suam
2359 4246 2653 4304 mortificet
2685 4265 2698 4300 :
2727 4255 2783 4301 et
2808 4247 2949 4301 sicut
2984 4252 3108 4298 uter
3131 4245 3269 4299 bene
3305 4243 3505 4298 retinet
3534 4239 3745 4296 infusum

2182 4339 2468 4409 liquorem,
2497 4338 2572 4392 ita
2598 4339 2716 4408 ipse
2744 4338 2882 4392 bene
2921 4334 3191 4390 custodiet
3226 4332 3461 4388 infusam
3492 4331 3599 4386 sibi
3635 4344 3744 4400 prr-

2184 4433 2535 4497 dicationem,
2563 4439 2619 4486 et
2643 4446 2675 4485 a
2701 4429 2813 4484 Deo
2842 4427 3189 4482 commissam
3220 4444 3233 4478 :
3266 4431 3323 4480 et
3362 4423 3510 4479 sicut
3540 4432 3659 4478 uter
3679 4435 3746 4490 po-

2187 4525 2323 4582 situs
2349 4523 2403 4578 in
2430 4522 2624 4594 pruina
2671 4518 3013 4577 contrahitur
3058 4528 3114 4572 et
3155 4516 3414 4579 siccatur,
3447 4523 3512 4568 ut
3558 4513 3663 4582 jam
3704 4511 3748 4563 li-

497 4613 681 4712 ξῖθδίξιί
717 4610 826 4712 [Μ
872 4617 979 4676 θεῖν
1025 4609 1324 4665 θιθνεθδοτ
1355 4626 1373 4660 ί
1408 4608 1465 4663 in
1490 4607 1764 4670 mandalis
1794 4606 1902 4662 ῑυίε
1935 4625 1954 4658 ³
1991 4605 2086 4659 ad‘
2111 4652 2164 4712 Β
2190 4631 2415 4687 quorem
2441 4613 2788 4670 commissum
2818 4623 3143 4668 conservare
3174 4624 3280 4662 non
3310 4609 3508 4678 possit,
3552 4608 3626 4662 ita
3653 4604 3749 4658 tide-

501 4703 809 4775 implendis.

574 4793 986 4851 Confundantur
1013 4793 1252 4864 superbi,
1281 4800 1338 4848 et
1365 4808 1464 4864 per
1486 4791 1593 4847 hoc
1615 4791 1749 4846 fiant
1779 4809 1799 4843 ι
1836 4791 2090 4846 timentes

507 4895 562 4942 te
596 4905 614 4938 ι
647 4895 701 4940 ει
731 4884 1065 4954 inquirentes
1106 4883 1417 4938 testimonia
1457 4895 1567 4948 tua,
1599 4893 1655 4939 et
1691 4883 1769 4938 sic
1814 4901 1831 4933 ι
1862 4896 2090 4936 convcr-

509 4987 693 5034 tantur
732 4977 884 5044 mihi,
923 4996 942 5029 ι
972 4977 1076 5032 hoc
1121 4985 1224 5042 est,
1256 4985 1643 5032 convertantur
1689 4975 1779 5038 ita,
1809 4974 1954 5045 quod
1983 4974 2092 5028 sint

508 5071 711 5128 similes
737 5069 866 5124 mihi
901 5087 914 5122 :
951 5088 969 5122 ι
997 5079 1052 5124 ει
1077 5070 1167 5140 qui
1194 5052 1463 5128 noverunt
1491 5070 1798 5126 testimonia
1827 5053 1919 5123 tua
1952 5088 1970 5119 ι
1997 5082 2091 5123 co-

2191 4711 2260 4765 lis
2289 4709 2394 4765 iste
2430 4707 2638 4778 positus
2683 4706 2830 4760 inter
2872 4703 3064 4769 malos,
3109 4702 3314 4773 frigore
3351 4698 3686 4754 inﬁdelitatis
3714 4703 3752 4748 et

2195 4803 2368 4873 turpis
2393 4801 2518 4856 vitm
2539 4798 2767 4854 maculis
2787 4796 3061 4860 astrictos,
3092 4793 3278 4848 multis
3309 4789 3754 4864 persecutionibus

2195 4895 2407 4966 cogitur
2452 4892 2724 4948 dimittere
2751 4898 2806 4946 et
2844 4888 3072 4944 fundere
3095 4886 3364 4956 liquorem
3411 4883 3593 4939 divini
3642 4879 3757 4937 redii

2195 4987 2297 5042 sibi
2329 4985 2603 5041 commissi
2636 5002 2648 5038 :
2674 4992 2729 5039 et
2755 4983 2882 5038 licet
2910 4981 2987 5036 ita
3015 4980 3120 5036 sim
3147 4979 3324 5034 factus
3350 4996 3367 5028 ι
3401 4977 3554 5032 sicut
3591 4986 3699 5030 uter
3722 4972 3758 5023 in

2197 5078 2429 5148 pruina,
2470 5096 2488 5127 ›
2549 5084 2730 5130 tamen
2790 5094 2808 5124 ‹
2855 5070 3276 5141 justiﬁcationes
3329 5078 3494 5132 tuas,
3550 5087 3571 5120 ι
3622 5065 3672 5120 id
3704 5069 3764 5114 est

2199 5175 2466 5239 praecepta
2511 5173 2620 5231 tua,
2663 5164 2856 5234 quibus
2902 5162 3150 5216 homines
3191 5157 3593 5228 justiﬁcantur,
3627 5174 3645 5206 ‹
3683 5166 3764 5208 non

2203 5275 2322 5315 sum
2359 5257 2580 5324 oblitus,
2619 5275 2638 5307 ι
2673 5254 2803 5326 quin
2837 5267 3049 5323 semper
3076 5265 3141 5307 ea
3169 5249 3507 5307 custodirem
3534 5256 3594 5303 et
3629 5243 3768 5300 adim-

2206 5351 2432 5422 plerem.

2280 5445 2347 5500 Et
2389 5441 2851 5513 quandoquidem,
2894 5453 2927 5494 0
2969 5436 3217 5500 Domine,
3260 5447 3381 5488 sum
3429 5431 3616 5486 factus
3661 5426 3774 5482 sicut

2207 5544 2346 5599 uter,
2379 5548 2508 5604 ergo
2539 5551 2558 5582 ‹
2591 5539 2722 5602 quot
2758 5536 2884 5584 sunt
2906 5528 3023 5583 dies
3045 5525 3188 5581 servi
3219 5523 3315 5589 tui,
3351 5541 3370 5574 ι
3403 5521 3463 5576 id
3491 5529 3601 5585 est,
3625 5530 3771 5588 quan-

2209 5628 2299 5684 diu
2326 5625 2501 5697 patiar
2527 5639 2627 5694 ego
2664 5623 2797 5678 istas
2820 5618 3103 5677 miserias?
3126 5616 3181 5670 id
3201 5624 3304 5680 est,
3331 5633 3352 5666 ‹
3381 5612 3607 5684 quando
3635 5606 3777 5663 facies

2204 5715 2502 5790 judicium?
2533 5734 2550 5765 ι
2574 5714 2779 5770 scilicet
2801 5711 3224 5783 separationem,
3245 5707 3389 5779 quod
3405 5705 3519 5776 jam
3546 5719 3653 5758 non
3675 5711 3776 5770 pos-

2212 5811 2321 5867 sint
2365 5807 2497 5864 mihi
2542 5821 2758 5873 nocere,
2795 5825 2810 5856 ι
2849 5805 2915 5859 de
2943 5799 3396 5874 persequentibus
3446 5811 3534 5852 me
3566 5814 3585 5848 ι
3619 5791 3704 5863 qui
3733 5786 3780 5840 in

2214 5904 2316 5960 hac
2342 5902 2450 5957 vita
2475 5899 2632 5956 nobis
2660 5908 2785 5956 sunt
2807 5896 3086 5953 commixti
3107 5905 3161 5951 et
3191 5890 3586 5950 cohabitantes.

510 5163 771 5235 gnitione,
802 5161 929 5218 licet
957 5177 1066 5218 non
1110 5162 1277 5216 etiam
1321 5161 1667 5233 cogitatione,
1710 5167 2096 5216 convertantur

517 5256 672 5311 mihi.

586 5348 721 5405 Dico
751 5349 972 5404 veniant
997 5346 1374 5404 miserationes
1413 5357 1472 5402 ut
1514 5347 1715 5414 vivam,
1738 5357 1794 5405 et
1818 5356 1879 5403 ut
1919 5348 2105 5404 vivere

518 5441 739 5511 possim,
782 5459 800 5491 ‹
838 5441 933 5495 liat
982 5455 1078 5495 cor
1125 5456 1325 5505 meum,
1365 5459 1383 5491 ι
1428 5441 1673 5506 Domine,
1727 5460 1744 5492 ι
1794 5441 2107 5496 immacula-

523 5541 636 5589 tum
664 5555 682 5586 ι
717 5550 814 5605 per
836 5533 1208 5589 remissionem
1237 5541 1584 5604 peccatorum
1622 5551 1638 5582 ι
1677 5532 1731 5586 in
1755 5533 2101 5601 justificatio-

523 5626 686 5682 nibus
730 5626 856 5695 tuis,
889 5645 908 5678 ›
949 5625 1002 5680 id
1023 5635 1128 5691 est,
1159 5642 1179 5676 ι
1211 5633 1272 5679 ιιι
1305 5645 1323 5678 ›
1373 5641 1469 5696 per
1508 5624 1872 5694 impletionem
1904 5637 2105 5693 prtece-

525 5729 739 5794 ptorum
773 5740 791 5773 ι
825 5736 928 5777 non
957 5718 1258 5776 confundar
1291 5739 1308 5770 ι
1345 5736 1465 5782 cum
1493 5717 1693 5788 impiis,
1721 5717 1935 5786 quando
1964 5717 2106 5772 dice-

533 5822 619 5867 tur
652 5813 733 5869 cis
763 5828 777 5868 :
811 5832 830 5865 ι
866 5811 1134 5868 Discedite
1160 5828 1191 5867 a
1222 5827 1329 5879 me,
1360 5810 1654 5876 maledicti,
1693 5831 1709 5863 ι
1747 5817 1852 5866 etc.
1889 5807 2104 5881 (Matth.

533 5907 683 5978 Xxv).
