3898 6466
119 344 225 402 617

1283 343 1721 401 EXPLANATIO
1756 346 1824 401 IN
1859 348 2196 408 PSALMOS.

3254 357 3358 414 618

186 457 255 515 Et
271 472 408 529 opus
431 467 517 515 est
544 467 605 514 ut
625 460 796 515 facias
820 456 1104 527 judicium,
1144 455 1272 527 quia
1307 476 1325 507 ι
1363 457 1533 526 iniqui
1564 474 1689 512 nar-
1715 465 1766 526 Α
1796 480 1814 511 ι
1847 464 2103 532 quoniam
2142 466 2324 522 omnia
2368 469 2609 525 serviunt
2638 469 2736 527 tibi
2770 486 2789 523 ›
2824 470 2879 526 in
2906 484 3014 542 quo
3041 481 3263 543 apparet
3304 483 3358 529 te

114 556 375 604 raverunt
402 548 532 603 mihi
578 547 933 603 fabulationes
963 563 975 599 :
1008 565 1026 597 ι
1057 546 1111 600 in
1147 546 1248 600 hoc
1286 546 1690 615 comprehendit

112 658 305 700 omnes
356 643 595 697 rationes
618 642 814 711 quibus
838 641 1077 697 haeretici
1122 648 1179 695 et
1215 640 1303 694 alii
1333 640 1458 695 mali
1502 640 1689 695 volunt

104 734 315 805 justum
351 735 573 791 reddere
606 736 921 805 participem
948 736 1355 805 perversitatis:
1388 755 1405 787 ι
1439 736 1533 791 sed
1567 754 1586 787 ›
1622 750 1688 789 ea

118 845 138 877 ι
172 840 279 880 non
315 843 333 875 ι
359 824 577 880 fuerunt
623 825 757 880 mihi
801 824 1121 895 complacita
1152 843 1171 877 ι
1206 834 1267 881 ιιι
1304 825 1391 880 lex
1435 833 1527 880 tua
1560 843 1581 876 ι
1606 832 1690 880 est

110 915 268 971 mihi.

180 1006 305 1063 Ideo
329 1007 454 1078 quia
484 1025 504 1059 ι
535 1008 717 1064 omnia
741 1008 994 1064 mandata
1016 1016 1108 1063 tua
1143 1028 1162 1061 ι
1197 1018 1322 1065 sunt
1351 1028 1369 1061 ι
1402 1009 1625 1075 veritas,
1662 1027 1681 1061 ι

109 1097 169 1153 id
186 1106 288 1162 est,
314 1114 344 1152 a
367 1113 454 1153 me
473 1114 604 1154 vera
627 1114 750 1155 esse
776 1099 1151 1169 comprobata,
1180 1115 1304 1155 cum
1325 1099 1467 1155 dicta
1498 1102 1688 1154 ebrum

107 1190 468 1247 tabulationes
500 1190 729 1247 habeam
757 1206 773 1246 :
798 1201 853 1248 et
903 1207 1027 1247 cum
1054 1208 1161 1247 non
1202 1191 1412 1263 possint
1442 1206 1570 1262 erga
1600 1206 1689 1248 me

107 1280 530 1339 fabulationihus
568 1283 681 1338 suis
716 1282 995 1354 proficere,
1030 1284 1130 1352 ipsi
1165 1302 1184 1334 ι
1219 1282 1394 1353 iniqui
1437 1291 1567 1338 sunt
1600 1297 1689 1338 me

102 1374 379 1443 persecuti
417 1394 436 1427 ι
465 1374 632 1430 multa
655 1375 794 1430 mala
816 1375 1118 1439 inferendo,
1148 1384 1209 1430 ut
1244 1375 1434 1431 saltem
1459 1391 1557 1447 per
1583 1376 1689 1432 hoc

103 1478 196 1519 me
226 1480 335 1519 suae
353 1466 615 1521 voluntati
641 1466 1133 1538 subjicerent;sed,
1162 1477 1220 1523 tu
1248 1467 1495 1534 Domine,
1533 1486 1551 1520 ι
1592 1467 1688 1522 ad-

103 1566 234 1621 luva
270 1569 377 1610 me.
404 1574 424 1607 ι

176 1646 245 1701 Et
269 1661 405 1718 Opus
433 1656 518 1704 est
564 1654 626 1705 ut
669 1646 913 1717 adiuves,
940 1648 1069 1719 quia
1100 1668 1118 1701 ι
1150 1663 1239 1703 me
1282 1663 1689 1704 consummave-

104 1754 235 1793 runt
271 1739 325 1793 in
357 1748 523 1805 terra,
560 1759 579 1793 ι
617 1740 671 1797 id
709 1750 793 1796 est
831 1740 1072 1811 perfecte
1100 1741 1450 1797 reddiderunt
1494 1757 1581 1797 me
1630 1741 1685 1796 in

1788 570 1908 610 esse
1929 557 2534 627 omnipotentissimum.

1860 646 1939 701 Tu
1965 648 2086 703 talis
2116 665 2174 704 es
2196 651 2288 719 qui
2330 652 2471 707 diem
2500 653 2575 707 ita
2613 654 2897 720 ordiuasti,
2932 662 3130 709 terram
3169 655 3360 711 statui-

1788 738 1881 802 sti,
1920 747 1974 792 et
1999 739 2082 793 lex
2111 748 2203 794 tua
2232 741 2353 797 talis
2378 752 2485 809 est,
2517 762 2535 795 ι
2565 746 2705 814 quod
2736 746 2838 801 nisi
2871 746 2982 815 ipsa
3016 746 3101 800 lex
3134 755 3222 800 tua
3247 761 3361 801 me-

1788 831 1976 887 ditatio
2019 847 2137 887 mea
2166 842 2330 900 esset,
2370 852 2388 886 )
2415 837 2643 905 perirem
2677 838 2731 892 in
2763 838 3135 907 persecutione
3181 837 3361 891 inimi-

1788 938 1975 978 corum
2001 941 2020 975 ι
2041 930 2189 989 tunc,
2212 944 2229 977 ι
2259 924 2313 979 id
2340 933 2443 991 est,
2466 928 2680 996 quando
2707 927 2908 983 inimici
2940 936 3358 998 persequuntur,

1795 1031 1815 1065 ι
1837 1014 2100 1083 perissem
2122 1015 2177 1069 in
2197 1015 2499 1072 humilitate
2526 1032 2645 1072 mea
2675 1017 2830 1080 forte,
2866 1038 2885 1071 ›
2910 1019 3030 1075 ideo
3054 1018 3183 1074 dicit
3205 1002 3360 1089 quasi

1786 1118 1885 1174 per
1912 1104 2140 1160 liberum
2187 1106 2470 1161 arbitrium
2513 1121 2671 1163 suum
2718 1123 2776 1166 se
2806 1110 3006 1166 habere
3033 1110 3157 1176 hoc,
3195 1117 3255 1164 ut
3279 1109 3361 1165 eis

1788 1196 2025 1263 cederet,
2048 1197 2133 1252 vel
2155 1212 2261 1253 non
2282 1199 2516 1254 cederet.

1863 1305 1881 1337 ι
1930 1287 1989 1342 In
2038 1297 2319 1343 aeternum.
2357 1307 2376 1342 ι
2430 1288 2732 1346 Ρτιειηίεςίδ
2783 1292 3101 1361 quibusdam
3160 1291 3361 1357 causis,

1787 1392 1957 1446 quare
1983 1377 2176 1433 debeat
2220 1380 2329 1434 Deo
2361 1381 2586 1446 servire,
2614 1382 2847 1437 ostendit
2886 1398 2944 1438 se
2973 1399 3067 1438 cor
3087 1384 3362 1438 servitutis

1788 1470 2009 1526 habere.
2035 1470 2380 1528 Continuatio
2406 1491 2419 1527 :
2449 1473 2585 1540 Quia
2616 1474 2961 1529 meditatione
2988 1483 3093 1528 tuae
3126 1474 3256 1545 legis
3277 1490 3364 1529 me

1787 1577 1818 1615 a
1847 1561 2149 1632 perditione
2178 1561 2442 1629 liberasti,
2466 1572 2520 1619 et
2539 1573 2731 1620 caetera
2751 1565 3005 1634 praedicta
3026 1563 3221 1629 fecisti,
3244 1564 3365 1620 ideo

1794 1673 1812 1706 ι
1852 1669 1959 1708 non
2010 1654 2301 1710 obliviscar
2336 1654 2751 1725 iustificationes
2792 1665 2910 1711 tuas
2941 1656 2993 1710 in
3022 1664 3305 1720 aeternum,
3339 1672 3360 1706 ι

1792 1743 1846 1798 id
1872 1752 1954 1798 est
1984 1758 2081 1813 per
2111 1753 2276 1799 totam
2298 1746 2463 1799 vitam
2492 1760 2684 1807 meam,
2717 1764 2735 1797 ι
2768 1746 2893 1816 quia
2919 1745 2973 1800 in
3000 1745 3130 1815 ipsis
3170 1742 3366 1814 justiﬂ«

102 1850 347 1890 amorem
378 1843 740 1903 terrenorum,
764 1837 905 1893 sicut
931 1838 1033 1909 ipsi
1060 1838 1312 1893 volebant
1341 1858 1354 1892 :
1380 1840 1452 1894 ita
1482 1848 1681 1907 tamen,
1713 1834 1761 1893 Β
1788 1834 2091 1889 calionibus
2122 1834 2406 1889 viviﬁcasti
2460 1850 2570 1901 me,
2611 1854 2629 1887 ›
2668 1836 2946 1891 liberanda
3001 1851 3034 1890 a
3080 1832 3368 1891 conformi-

100 1928 254 1995 quod
288 1946 305 1977 ι
340 1927 501 1997 paulo
539 1928 740 1992 minus,
778 1948 798 1981 ι
832 1929 885 1983 id
910 1936 993 1983 est
1012 1944 1202 1999 parum
1225 1929 1398 1985 defuit
1440 1930 1571 2000 quin
1595 1946 1683 1987 me

101 2019 164 2070 in
192 2032 431 2073 amorem
459 2026 797 2075 terrenarum
818 2019 1171 2075 involverent.
1201 2020 1320 2086 Vel,
1353 2021 1407 2075 in
1437 2028 1602 2087 terra,
1630 2020 1684 2075 id

99 2114 193 2161 est
221 2107 274 2161 in
299 2108 399 2163 hae
424 2108 535 2163 vita
563 2109 724 2178 paulo
753 2109 932 2165 minus
961 2118 1492 2175 consummaverunt,
1522 2109 1574 2163 id
1602 2116 1688 2164 est

1788 1931 1899 1979 tate
1924 1923 2211 1990 malorum,
2244 1931 2299 1978 et
2336 1924 2665 1979 conferendo
2692 1924 2941 1979 virtutes.

1856 2015 1925 2069 Et
1979 2014 2109 2084 quid
2166 2030 2263 2085 per
2298 2014 2546 2086 singula?
2575 2034 2593 2067 ι
2631 2015 2779 2071 Tuus
2828 2032 2945 2071 sum
2992 2030 3111 2087 ego,
3148 2036 3165 2066 ι
3204 2017 3255 2071 id
3284 2025 3370 2073 est

1788 2107 2035 2163 serviens
2065 2105 2161 2161 tibi
2188 2122 2286 2177 per
2318 2107 2525 2173 omnia,
2550 2114 2606 2162 et
2632 2107 2758 2163 ideo
2784 2125 2802 2158 ι
2839 2107 3044 2163 salvum
3075 2122 3161 2162 me
3189 2107 3295 2173 fac,
3342 2127 3361 2160 ι

97 2198 223 2253 fere
254 2198 649 2256 interfecerunt
696 2217 803 2269 me,
841 2221 859 2254 ι
896 2217 996 2274 ego
1039 2210 1221 2259 autem
1266 2218 1373 2258 non
1423 2203 1687 2273 dereliqui
1785 2197 2132 2269 perducendo
2154 2197 2222 2251 ad
2242 2198 2624 2263 azternitatem,
2646 2198 3367 2268 «quoniamjustificationes

97 2291 359 2344 mandata
384 2301 495 2345 tua.
520 2311 539 2344 ι

176 2378 298 2435 Non
312 2381 571 2451 dereliqui
595 2381 851 2437 mandata
877 2392 991 2447 tua,
1012 2391 1067 2437 et
1082 2383 1220 2448 ideo,
1252 2383 1500 2451 Domine,
1516 2383 1583 2439 de
1609 2383 1689 2439 fu-

100 2479 230 2527 turo
264 2488 282 2521 ι
322 2470 535 2527 vivifiea
572 2486 679 2539 me,
718 2490 737 2523 ι
772 2472 829 2527 id
871 2481 957 2527 est
1004 2472 1091 2527 fac
1129 2488 1216 2528 me
1241 2488 1589 2542 perseverare
1634 2474 1690 2528 in

100 2563 376 2618 mandatis
401 2564 508 2619 tuis
534 2579 549 2618 :
577 2579 752 2635 neque
781 2563 885 2622 hoc
928 2573 1053 2635 peto
1088 2563 1323 2620 confisus
1366 2565 1503 2620 meis
1528 2564 1693 2619 meri-

101 2656 201 2721 tis,
223 2656 318 2711 sed
352 2673 371 2707 ι
401 2656 695 2711 secundum
716 2656 1144 2712 misericordiam
1168 2664 1313 2710 tuam
1345 2673 1357 2709 :
1392 2664 1483 2710 tet
1513 2656 1592 2711 sic
1615 2655 1692 2709 vi-

100 2746 378 2813 vificatus,
415 2765 434 2798 ι
470 2745 774 2802 custodiam
804 2746 1113 2802 testimonia
1140 2746 1253 2802 oris
1276 2746 1372 2812 tui,
1412 2766 1433 2799 ›
1461 2747 1690 2814 scilicet,

99 2846 379 2909 praecepta
403 2836 738 2908 evangelica.

798 2980 1003 3032 Lamed.

183 3131 202 3162 ι
237 3110 298 3166 In.
319 3120 603 3175 aeternum,
642 3107 889 3164 Domine.
933 3125 952 3159 ι
985 3106 1042 3161 ln
1074 3108 1177 3162 hoc
1204 3106 1482 3163 octonario
1512 3114 1695 3161 osten-

1788 2298 1912 2345 tuas
1966 2289 2232 2359 exquisivi
2286 2308 2307 2341 ι
2365 2289 2435 2344 ad
2512 2290 2923 2360 intelligendum
2970 2300 3026 2346 et
3087 2291 3367 2361 complen-

1793 2380 1943 2435 dum.

1863 2471 1930 2525 Et
1954 2484 2177 2526 necesse
2201 2478 2285 2525 est
2302 2478 2363 2524 ut
2387 2469 2580 2536 salves,
2599 2470 2726 2541 quia
2761 2488 2778 2522 ι
2800 2478 3113 2540 peccatores
3148 2484 3373 2540 exspec-

1793 2570 2045 2619 taverunt
2071 2577 2179 2628 me,
2210 2581 2228 2613 ι
2262 2562 2470 2617 scilicet
2504 2570 2867 2632 opportunum
2904 2570 3136 2632 tempus,
3163 2568 3218 2615 et
3259 2559 3372 2614 ido-

1792 2668 1926 2708 neas
1964 2652 2311 2722 deceptiones
2354 2651 2663 2721 quaerendo,
2697 2651 2765 2706 ad
2792 2650 2893 2706 hoc
2924 2670 2942 2702 ι
2981 2659 3040 2705 ιιι
3066 2665 3152 2705 me
3178 2647 3373 2720 perde-

1795 2752 1949 2810 rent;
1988 2762 2007 2796 ι
2050 2741 2145 2798 sed
2183 2750 2365 2797 tamen
2396 2757 2496 2812 ego
2538 2759 2557 2793 ι
2595 2740 2834 2797 intellexi
2872 2741 3179 2797 testimonia
3226 2749 3316 2795 tua
3351 2758 3369 2791 ν

1792 2852 1891 2907 per
1914 2834 2061 2905 quod
2083 2841 2272 2890 contra
2300 2834 2585 2889 haereticos
2612 2848 2699 2889 me
2728 2833 2954 2888 munivi.

1864 2923 1931 2978 Et
1974 2924 2029 2978 in
2082 2923 2214 2993 ipsis
2270 2924 2597 2978 testimoniis
2642 2923 2952 2988 intellectis,
2980 2923 3186 2979 scilicet
3218 2940 3235 2973 ι
3263 2922 3376 2977 vidi

1793 3012 1957 3069 finem
1984 3014 2161 3068 omnis
2190 3013 2674 3068 consummationis
2700 3031 2720 3064 ι
2744 3014 3025 3075 virtutum.
3059 3013 3262 3068 scilicet
3287 3029 3377 3067 co-

1796 3109 1958 3180 gnovi
1984 3108 2345 3163 aeternitatem
2372 3122 2495 3162 esse
2518 3106 2705 3172 finem,
2728 3107 2795 3161 ad
2827 3122 2987 3175 quam
3030 3107 3379 3176 perveniatur

103 3210 253 3267 ditur
276 3207 418 3278 quod
440 3206 619 3277 justus
640 3204 751 3270 ille,
766 3203 858 3274 qui
880 3202 1037 3258 modo
1057 3202 1296 3258 ostendit
1324 3217 1381 3256 se
1407 3200 1686 3267 afflictum,
1717 3194 1764 3259 C
1795 3214 1863 3255 ex
1890 3198 2223 3270 perfectione
2247 3198 2531 3263 virtutum,
2556 3206 2611 3253 et
2648 3197 2767 3253 ideo
2791 3198 3142 3252 «mandatum
3179 3208 3326 3252 tuum
3354 3218 3371 3248 ι

103 3314 233 3355 cum
263 3295 513 3367 intelligit
534 3293 703 3349 Deum
732 3293 967 3347 nondum
996 3290 1134 3346 velle
1159 3291 1458 3361 perducere
1501 3290 1570 3343 ad
1612 3306 1698 3346 re-

105 3388 294 3458 quiem
320 3392 585 3453 Optatam,
611 3398 721 3436 non
749 3390 987 3445 recusat,
1007 3380 1099 3433 sed
1120 3394 1180 3433 se
1201 3379 1269 3432 ad
1304 3378 1516 3433 labores
1545 3380 1683 3434 susti

102 3478 316 3533 nendos
341 3475 433 3528 hic
464 3481 713 3542 paratum
749 3470 983 3525 ostendit
1016 3488 1027 3522 :
1062 3477 1117 3523 et
1161 3468 1281 3525 ideo
1314 3468 1704 3538 praescribitur.

102 3567 238 3622 huic
260 3562 541 3619 octonario
577 3560 801 3626 Lamed,
833 3558 975 3629 quod
1001 3559 1392 3630 interpretatur
1420 3576 1510 3613 cor
1540 3559 1700 3614 servi-

110 3654 260 3708 tutis.

181 3743 527 3801 Continuatio
559 3742 724 3799 :ldeo
751 3741 888 3798 bene
934 3742 1103 3798 debeo
1147 3742 1419 3798 custodire
1449 3741 1699 3797 testimo-

106 3838 199 3892 nia
240 3836 616 3903 tua,Domine,
642 3836 767 3907 quia
800 3854 820 3889 ι
840 3836 1078 3892 Verbum
1112 3844 1283 3901 tuum,
1309 3855 1327 3887 ι
1352 3836 1403 3891 id
1425 3846 1507 3892 est
1527 3835 1699 3892 Filius

107 3941 257 3995 tuus,
278 3948 297 3979 ι
327 3936 607 3999 permanet
626 3927 681 3983 in
703 3927 864 3994 caelo,
889 3946 908 3980 ι
936 3927 991 3983 id
1013 3934 1097 3983 est
1124 3927 1181 3983 in
1207 3927 1517 3983 etelestihus
1546 3942 1698 3983 crea-

107 4016 247 4073 turis
269 4025 324 4070 et
354 4036 374 4069 ι
406 4017 510 4073 hoc
557 4016 611 4071 in
640 4024 927 4072 aeternum.
962 4034 981 4071 ι
1020 4014 1119 4071 Vel
1150 4016 1272 4071 ideo
1310 4015 1470 4071 debet
1514 4024 1697 4072 custo-

108 4109 249 4173 dire,
277 4108 403 4177 quia
429 4108 593 4162 etiam
619 4106 794 4177 angeli
821 4107 1131 4163 custodiunt
1157 4125 1170 4161 :
1203 4115 1257 4163 et
1287 4107 1390 4162 hoc
1419 4114 1537 4163 est:
1561 4107 1697 4163 Ver-

107 4201 239 4255 bum
266 4207 437 4264 tuum,
462 4199 515 4254 id
540 4208 621 4255 est
646 4198 887 4269 impletio
908 4202 1283 4255 mandatorum
1314 4207 1549 4263 tuorum,
1570 4214 1694 4269 per-

107 4297 296 4345 manet
322 4290 377 4345 in
405 4288 562 4355 caelo,
588 4289 639 4345 id
678 4298 761 4345 est
792 4290 846 4343 in
879 4289 1105 4360 angelis,
1136 4290 1262 4360 quia
1312 4289 1408 4345 Dei
1438 4290 1692 4345 mandata

108 4396 325 4451 semper
349 4380 660 4450 adimplent,
689 4387 742 4433 et
767 4380 871 4436 hoc
900 4380 953 4433 in
980 4388 1263 4435 aeternum.

181 4472 251 4527 Et
286 4486 393 4527 non
417 4478 627 4526 tantum
652 4469 706 4525 in
736 4471 895 4537 caelo,
921 4472 1016 4527 sed
1043 4472 1207 4527 etiam
1236 4492 1253 4523 ι
1290 4472 1493 4527 veritas
1518 4480 1635 4539 tua,
1664 4490 1684 4526 ι

1800 3289 2055 3360 speciale,
2084 3290 2291 3345 scilicet
2323 3291 2389 3344 de
2428 3290 2715 3357 charitate,
2746 3290 2847 3345 fuit
2886 3292 3017 3345 mihi
3051 3310 3068 3341 ι
3106 3292 3265 3347 nimis
3302 3294 3381 3347 la-

1802 3389 1940 3447 tum,
1970 3400 1990 3433 ›
2026 3379 2081 3435 id
2114 3391 2199 3434 est
2232 3379 2481 3446 multum,
2509 3382 2637 3451 quia
2664 3389 2725 3435 ut
2748 3396 2963 3451 possem
2999 3384 3279 3451 pervenire
3308 3385 3379 3441 ad

1800 3469 2179 3533 aeternitatem,
2216 3470 2463 3525 dilatavit
2496 3486 2583 3525 me
2614 3486 2785 3541 usque
2814 3472 2881 3527 ad
2918 3472 3261 3528 inimicorum
3292 3475 3377 3529 di-

1800 3559 2110 3615 lectionem.
2140 3558 2237 3615 Vel
2266 3560 2423 3615 aliter
2454 3576 2469 3614 :
2509 3562 2563 3615 in
2599 3563 2869 3617 mandatis
2899 3580 3019 3633 quae
3055 3565 3235 3629 dilexi,
3267 3566 3378 3621 vidi

1801 3649 1965 3704 finem
2012 3650 2189 3704 omnis
2231 3651 2733 3717 consummationis,
2760 3652 2813 3705 id
2848 3660 2931 3706 est
2970 3654 3195 3721 cognovi
3234 3655 3377 3723 quod

1799 3738 1977 3794 omnis
1997 3738 2394 3793 consummatio
2433 3746 2489 3794 et
2525 3738 2787 3809 perfectio
2820 3740 3096 3794 saecularis
3131 3742 3292 3797 habet
3318 3742 3380 3797 fl-

1798 3843 1943 3894 nem,
1980 3826 2073 3883 sed
2106 3828 2419 3883 mandatum
2466 3836 2640 3893 tuum,
2666 3828 2720 3883 id
2751 3838 2833 3884 est
2864 3830 3153 3899 praeceptio
3194 3832 3379 3886 chari-

1796 3919 1945 3984 tatis,
1972 3926 2058 3973 est
2082 3918 2246 3973 nimis
2265 3918 2455 3983 latum,
2479 3919 2531 3973 id
2558 3927 2642 3973 est
2669 3918 2927 3974 dilatatur
2947 3935 3118 3990 usque
3149 3920 3200 3976 in
3225 3930 3381 3978 aeter-

1796 4023 1960 4074 num;
1984 4009 2126 4063 unde
2148 4008 2439 4079 Apostolus
2468 4025 2481 4063 :
2514 4007 2765 4067 Charitas
2794 4026 3071 4081 nunquam
3094 4013 3321 4069 excidet.

1873 4322 1894 4357 ι
1919 4305 2199 4372 Quomodo
2227 4306 2407 4362 dilexi.
2443 4325 2462 4360 ι
2499 4306 2558 4363 In
2610 4308 2714 4364 hoc
2758 4310 3036 4366 octonario
3078 4311 3380 4367 ostenditur

1796 4393 1886 4450 ille
1911 4394 2085 4450 fidelis
2111 4396 2204 4465 qui
2228 4396 2488 4467 loquitur,
2514 4397 2706 4452 intimo
2740 4413 2926 4452 amore
2965 4398 3138 4470 legem
3168 4401 3261 4455 Dei
3292 4401 3377 4456 di-

1796 4482 2051 4555 ligere,et
2080 4485 2200 4542 ideo
2243 4502 2407 4557 super
2427 4502 2615 4541 omnes
2636 4488 2884 4543 inimicos
2903 4498 3377 4561 quantumcunque

108 4562 165 4618 id
203 4570 287 4617 est
305 4560 474 4617 Filius
505 4568 651 4627 tuus,
672 4570 951 4632 permanet
988 4582 1004 4613 ι
1033 4562 1087 4616 in
1114 4563 1463 4633 generatione
1494 4582 1512 4614 ι
1542 4563 1689 4634 prio-

1807 4547 2010 4632 astutos
2048 4590 2106 4632 se
2153 4577 2206 4631 in
2259 4547 2375 4648 lege
2416 4578 2630 4648 Domini
2676 4547 3005 4635 intellectum
3052 4547 3379 4643 habere,.et

108 4669 232 4707 rum
271 4653 563 4723 justorum,
601 4671 619 4704 ι
651 4660 706 4706 et
750 4652 1151 4723 generationem
1187 4672 1205 4705 ι
1235 4652 1504 4723 justorum
1557 4652 1694 4708 Novi

110 4744 463 4801 Testamenti.
487 4742 607 4810 Vel,
632 4743 855 4809 veritas,
886 4745 937 4799 id
965 4752 1070 4811 est,
1090 4744 1204 4815 ipsa
1230 4743 1313 4799 lex
1339 4752 1453 4810 tua,
1478 4760 1696 4814 perma-

110 4846 204 4893 net
232 4853 263 4892 a
298 4837 644 4909 generatione
685 4836 739 4891 in
782 4838 1202 4909 generationem,
1246 4836 1300 4891 id
1325 4844 1409 4892 est
1437 4852 1467 4890 a
1497 4838 1694 4907 princi-

107 4930 202 5001 pio
232 4944 400 4999 usque
423 4928 491 4983 ad
533 4929 694 4982 finem
721 4927 905 4983 mundi
936 4948 949 4981 :
982 4929 1120 4984 sicut
1148 4929 1201 4983 in
1241 4928 1375 4984 Abel
1410 4938 1465 4984 et
1493 4930 1545 4984 in
1574 4930 1696 4985 aliis

108 5022 316 5079 sanctis
370 5020 504 5076 viris
535 5037 555 5071 ι
593 5019 848 5085 fundasti,
881 5038 900 5071 ι
936 5020 989 5075 id
1038 5028 1141 5087 est,
1178 5020 1427 5075 stabilem
1468 5020 1695 5090 posuisti

116 5133 134 5164 ι
166 5120 392 5177 terram,
425 5129 446 5164 ι
484 5109 539 5165 id
583 5118 666 5165 est
712 5109 1029 5175 Ecclesiam,
1065 5128 1081 5161 ι
1120 5120 1176 5165 et
1203 5119 1487 5179 permanet
1517 5130 1534 5161 ι
1567 5111 1694 5181 quia

109 5219 389 5276 nunquam
416 5203 523 5259 ulla
549 5203 748 5274 poterit
772 5218 992 5273 prorsus
1022 5202 1367 5259 tribulatione
1396 5203 1581 5259 deleri.

185 5298 253 5353 Et
278 5314 384 5352 non
432 5306 641 5352 tantum
688 5303 853 5361 terra,
888 5296 941 5351 id
969 5304 1071 5361 est,
1094 5295 1396 5351 communis
1452 5294 1692 5350 Ecclesia

112 5400 207 5445 tua
235 5388 585 5459 dispositione
631 5394 715 5441 est
743 5385 985 5452 fundata,
1016 5387 1110 5441 sed
1153 5387 1316 5441 etiam
1350 5403 1368 5437 ι
1398 5385 1535 5451 dies,
1579 5405 1598 5437 ι
1637 5383 1693 5440 id

114 5488 199 5535 est
241 5479 591 5549 sapientiores
621 5475 742 5540 viri,
773 5484 827 5530 et
852 5476 1169 5530 illustriores
1207 5476 1260 5529 in
1298 5474 1562 5540 Ecclesia,
1598 5475 1692 5545 qui

114 5574 249 5628 alios
293 5572 597 5626 illuminare
637 5579 881 5639 possunt,
915 5587 932 5617 ι
967 5576 1308 5638 perseverant
1351 5568 1693 5623 ordinatione

116 5677 210 5719 tua
234 5684 249 5714 ι
268 5674 453 5719 contra
477 5662 667 5717 fluctus
682 5660 888 5723 mundi,
904 5658 1037 5712 bene
1060 5660 1179 5713 dico
1199 5659 1339 5712 diem
1364 5668 1450 5713 tua
1466 5658 1693 5729 disposi-

119 5759 264 5815 tione
275 5769 643 5829 perseverare,
669 5760 870 5807 terram
892 5760 1071 5808 autem
1096 5751 1373 5807 fundatam
1397 5760 1689 5820 esse,etc.,

524 5848 802 5911 Parnm»
838 5843 1060 5914 CXVI.

1801 4666 1922 4723 ideo
1959 4642 2338 4739 praescribitur
2360 4642 2486 4724 huic
2528 4669 2667 4739 parti
2704 4669 2890 4735 Mem.,
2939 4670 2993 4725 id
3030 4677 3114 4726 est
3157 4642 3374 4732 viscera.

1799 4772 1897 4828 per
1921 4758 2065 4827 quod
2104 4774 2345 4815 amorem
2378 4760 2629 4815 intimum
2672 4760 3037 4830 intelligimus.
3068 4758 3213 4816 Ordo
3245 4775 3379 4831 quo-

1801 4861 1907 4915 que
1935 4848 2110 4903 bonus
2147 4856 2248 4903 est.
2291 4848 2584 4918 Postquam
2628 4850 2772 4904 enim
2814 4849 3007 4919 aliquis
3051 4857 3243 4905 nactus
3282 4866 3377 4905 cor

1803 4937 2100 5002 servitutis,
2122 4939 2166 4993 si
2191 4938 2437 4993 intimum
2461 4954 2698 4995 amorem
2720 4940 2975 4995 adhibeat
3000 4938 3125 5011 legi,
3156 4940 3225 4993 ad
3264 4955 3377 4994 ma-

1802 5041 1967 5096 gnum
1996 5026 2343 5097 perfectionis
2364 5030 2635 5084 cumulum
2660 5030 2958 5101 perveniet.

1873 5114 2218 5170 Continuatio
2243 5135 2255 5169 :
2282 5115 2589 5172 Mandatum
2627 5126 2776 5173 tuum
2799 5126 2883 5172 est
2916 5115 3076 5171 nimis
3110 5114 3297 5179 latum,
3322 5126 3379 5173 et

1805 5226 1823 5256 ι
1862 5205 2032 5277 legem
2079 5214 2225 5260 tuam
2259 5227 2277 5258 ι
2318 5207 2500 5272 dilexi,
2537 5216 2611 5273 et,
2642 5228 2661 5259 ι
2693 5207 2935 5269 Domine,
2978 5206 3246 5274 quomodo
3295 5206 3378 5259 di-

1799 5295 1944 5350 lexi?
1976 5315 1995 5348 ι
2026 5294 2191 5362 Quasi
2230 5312 2339 5353 non
2379 5313 2596 5368 possum
2637 5296 2923 5352 ostendere
2968 5306 3228 5365 quantum
3257 5294 3377 5349 dili—

1800 5402 1920 5458 gam
1956 5405 1968 5440 :
1996 5389 2234 5443 ostendit
2274 5396 2453 5443 tamen
2488 5387 2733 5457 quaedam
2763 5384 2964 5440 indicia
2994 5400 3105 5440 sua:
3136 5383 3377 5439 dilectio-

1799 5479 1905 5545 nis,
1934 5494 2054 5535 cnm
2082 5479 2214 5534 dicit
2240 5498 2253 5533 :
2287 5500 2303 5531 ι
2339 5478 2472 5534 Tota
2503 5480 2589 5533 die
2618 5476 2899 5532 meditatio
2924 5491 3043 5530 mea
3070 5484 3170 5531 est.
3206 5494 3225 5526 ι

1868 5569 1935 5623 Ει
1968 5570 2092 5640 quia
2120 5572 2199 5626 sic
2238 5571 2421 5635 dilexi,
2459 5570 2536 5625 sic
2569 5570 2620 5623 in
2662 5568 3008 5624 meditatione
3042 5568 3225 5632 habui,
3251 5568 3373 5622 ideo

1804 5677 1822 5711 ι
1858 5660 2030 5715 fecisti
2063 5678 2147 5717 me
2172 5662 2485 5732 prudentem
2523 5659 2777 5715 mandato
2802 5669 2893 5713 tuo
2927 5674 3091 5728 super
3122 5657 3371 5712 inimicos

1796 5768 1946 5810 meos
2006 5772 2026 5807 ι
2065 5754 2115 5809 id
2146 5764 2230 5810 est
2275 5755 2392 5825 plus
2423 5752 2663 5809 intellexi
2686 5752 2752 5807 de
2800 5750 2915 5822 lege
2945 5758 3037 5803 tua
3072 5765 3234 5821 quam
3263 5749 3368 5815 iulv

2951 5841 3033 5911 ρο
