3898 6502
503 406 608 462 619

962 394 1321 457 numerus
1360 386 1839 451 HALBERSTAT.
1881 381 2110 445 Episc.‘
2132 383 2288 444 opp.
2328 380 2512 441 mas
2541 378 2589 437 ι.
2610 361 2697 423 ’-
2720 376 3077 437 COMMENT.
3116 375 3288 433 BIBL.

502 517 631 574 mici
655 534 670 574 :
695 515 817 573 ideo
850 514 975 571 dico
1007 522 1171 583 super
1193 508 1463 573 inimicos,
1503 523 1522 556 ‹
1554 504 1682 575 quia
1715 522 1735 555 ι
1766 501 2081 556 mandatum
2106 505 2160 565 Α
2185 512 2343 553 nans.
2372 494 2590 564 Quanto
2629 480 2773 550 enim
2813 494 2996 565 potius
3043 500 3300 563 operatur
3345 490 3628 562 aliquis,
3678 497 3832 549 tanto

504 618 657 663 tuum
696 625 715 659 ι
752 614 834 662 est
860 605 995 660 mihi
1025 604 1083 658 in
1120 610 1397 664 aeternum,
1433 619 1451 651 ι
1488 598 1544 653 id
1576 604 1661 653 est
1695 594 1844 651 ducit
1883 607 1970 649 me
2012 592 2081 648 ad

494 700 889 764 aeternitatem,
912 695 1055 766 quod
1077 708 1183 748 non
1208 692 1340 747 facit
1363 690 1618 745 inimicis.

580 790 699 845 Non
732 796 940 844 tantum
983 799 1146 856 super
1190 781 1459 854 quoslibet
1492 778 1738 834 inimicos
1770 789 1857 832 me
1891 775 2083 831 fecisse

502 884 843 957 prudentem,
858 881 953 936 sed
978 880 1141 935 etiam
1167 896 1188 930 ι
1219 891 1380 946 super
1407 888 1597 930 omnes
1618 873 1872 928 docentes
1897 884 1987 925 me
2007 868 2085 923 in-

510 961 736 1040 t‘ellexi,»
760 973 814 1028 id
840 980 923 1027 est
935 985 1094 1041 super
1113 969 1321 1025 scribas
1340 974 1398 1023 et
1419 964 1715 1035 pharisaeos
1734 970 1789 1018 et
1820 959 2087 1031 quoslibet

507 1068 662 1131 alios,
684 1064 776 1135 qui
812 1077 898 1117 me
926 1071 1131 1117 sectam
1164 1059 1369 1115 erroris
1396 1056 1650 1111 volebant
1688 1056 1884 1110 docere
1918 1068 1934 1106 :
1964 1052 2085 1107 ideo

504 1160 583 1214 sic
614 1155 873 1221 intellexi,
905 1154 1030 1225 quia
1065 1152 1285 1209 assidue
1318 1149 1500 1221 cogito
1532 1148 1600 1202 de
1639 1146 1909 1201 mandatis
1932 1144 2080 1198 tuis:

504 1260 560 1307 et
605 1252 707 1305 hoc
752 1256 866 1313 est,
913 1266 931 1299 ι
971 1247 1095 1315 quia
1148 1242 1454 1299 testimonia
1506 1246 1596 1294 tua
1634 1234 1915 1293 meditatio
1963 1248 2085 1289 mea

498 1353 604 1400 est.
655 1363 674 1394 ι

572 1437 640 1491 Ει
659 1436 800 1490 inter
822 1439 1046 1487 caeteros
1066 1430 1317 1484 doctores
1345 1444 1364 1478 ί
1388 1423 1629 1480 intellexi
1654 1435 1819 1491 super
1847 1433 2026 1482 senes,
2060 1434 2079 1467 ι

505 1530 560 1584 id
586 1534 669 1583 est
694 1541 854 1597 super
880 1523 1212 1592 antiquiores
1245 1526 1299 1575 et
1327 1518 1551 1572 altiores
1579 1514 1873 1585 sapientes,
1900 1520 1955 1566 et
1982 1509 2086 1564 hoc

500 1621 647 1685 ideo,
678 1638 695 1670 ί
724 1619 848 1686 quia
874 1615 1129 1670 mandata
1154 1620 1245 1666 tua
1274 1606 1518 1680 quaesivi.
1554 1626 1572 1659 ι

584 1730 602 1761 ‹
623 1711 800 1780 Super
823 1721 977 1763 senes
1003 1704 1265 1769 intellexi,
1281 1722 1299 1753 ι
1314 1709 1370 1755 et
1387 1717 1406 1752 ι
1424 1696 1674 1769 prohibui
1698 1694 1867 1765 pedes
1880 1706 2080 1758 meosn

506 1799 562 1855 id
601 1809 686 1854 est
728 1796 1039 1853 aﬂ‘ectiones
1082 1801 1254 1859 meas,
1301 1809 1320 1843 ‹
1350 1792 1431 1846 ab‘
1463 1788 1609 1844 omni
1645 1787 1732 1841 via
1774 1784 1911 1840 mala
1942 1803 1959 1835 ι
1995 1797 2087 1838 eo-

2184 589 2359 660 magis
2409 588 2743 644 illuminatur
2795 586 3101 658 cognitione
3144 585 3261 641 Dei.
3289 583 3423 651 Vel,
3499 604 3525 635 ‹
3570 583 3825 643 Verbum

2185 692 2362 751 tuum,
2390 703 2410 737 ι
2455 684 2510 740 id
2558 690 2644 738 est
2684 680 2854 737 Filius
2896 692 3039 745 tuus,
3077 680 3254 735 factus
3292 680 3547 734 lucerna
3604 695 3716 751 per
3750 697 3821 736 as»

2185 785 2459 848 sumptam
2513 790 2752 831 carnem.
2807 771 2959 828 Sicut
3002 772 3151 827 enim
3185 774 3243 827 in
3284 771 3540 827 lucerna
3578 769 3819 827 habetur

2184 870 2368 927 lumen
2395 879 2452 924 et
2474 877 2636 933 testa,
2669 868 2741 921 ita
2789 867 2844 921 in
2887 865 3105 921 Christo
3153 864 3418 919 divinitas
3464 864 3686 919 lumen
3718 878 3808 931 est,

2186 963 2501 1020 humanitas
2526 960 2681 1032 quasi
2710 967 2849 1014 testa
2879 959 3165 1014 continens
3191 956 3381 1012 lumen
3417 978 3436 1011 :
3470 972 3621 1028 quae
3646 957 3810 1014 lucet.

2178 1052 2258 1111 'na
2292 1053 2561 1109 illuminat
2589 1052 2753 1122 pedes
2788 1064 2959 1115 meos,
2988 1048 3044 1103 id
3083 1055 3166 1104 est
3208 1058 3520 1118 promovet
3571 1049 3647 1103 ad
3692 1051 3802 1115 hoc,

2184 1157 2246 1205 ut
2273 1148 2474 1220 possim
2506 1145 2620 1217 jam
2649 1147 2787 1201 bene
2815 1143 2952 1199 velle
2976 1159 2990 1197 :
3022 1150 3077 1199 et
3120 1143 3263 1199 idem
3292 1143 3553 1198 verbum
3588 1152 3677 1198 est
3703 1144 3797 1199 fac-

2180 1249 2300 1298 tum
2346 1241 2529 1296 lumen
2580 1236 2785 1294 semitis
2831 1236 2987 1301 meis,
3021 1235 3075 1289 id
3121 1241 3207 1289 est
3244 1234 3471 1290 strictis
3522 1243 3587 1289 et
3632 1237 3793 1291 arduis

2187 1334 2446 1407 operibus
2477 1349 2490 1386 :
2524 1345 2630 1385 non
2667 1326 2800 1383 dicit
2839 1327 3082 1393 lucerna,
3125 1327 3219 1382 sed
3266 1345 3284 1378 ι
3331 1325 3542 1381 lumen
3578 1342 3596 1379 :
3634 1344 3652 1376 ›
3686 1327 3787 1395 quia

2188 1404 2392 1499 quanto
2433 1419 2655 1477 arctiori
2705 1418 2897 1475 semita
2954 1417 3068 1472 Deo
3121 1417 3340 1483 servit,
3392 1404 3581 1471 tanto
3639 1417 3781 1485 majus

2184 1518 2373 1573 lumen
2420 1517 2623 1582 habet,
2682 1520 2737 1569 et
2791 1511 3153 1582 cognitionem
3204 1512 3273 1567 de
3331 1510 3463 1583 ipsa
3512 1510 3777 1566 divinitate

2187 1610 2402 1680 recipit.

2258 1704 2327 1758 Et
2352 1703 2477 1775 quia
2502 1698 2749 1757 voluntas
2777 1711 2874 1767 per
2910 1703 2965 1752 te
2997 1695 3367 1761 illuminatur,
3400 1704 3464 1752 et
3501 1697 3556 1751 in
3586 1698 3769 1752 semitis

2187 1796 2371 1853 lumen
2398 1795 2627 1866 praebes,
2655 1789 2884 1854 scilicet,
2915 1789 3042 1859 quia
3077 1804 3145 1844 ex
3187 1796 3243 1843 te
3268 1804 3505 1844 omnem
3531 1790 3760 1844 habemus

501 1906 625 1946 rum
651 1909 665 1945 :
691 1889 758 1945 ad
783 1890 888 1945 hoc
910 1886 1182 1958 prohibui,
1219 1903 1237 1935 ‹
1272 1890 1330 1938 ιιι
1357 1903 1376 1935 ι
1403 1895 1567 1952 opere
1596 1898 1613 1931 ί
1642 1878 1943 1934 custOdiam
1962 1890 2084 1931 vel“
2115 1872 2163 1934 Β
2192 1886 2669 1948 illuminationem,
2700 1881 2819 1936 ideo
2857 1900 2875 1932 ι
2903 1879 3080 1949 juravi
3106 1889 3161 1935 et
3191 1880 3391 1944 statui,
3430 1899 3449 1933 ›
3489 1878 3544 1933 id
3574 1889 3649 1934 est
3677 1879 3759 1935 br-

506 1980 573 2034 ba
609 1989 716 2034 tua.
752 1999 770 2029 ι

582 2092 599 2122 ι
634 2069 967 2130 Custodiam,
1001 2087 1015 2120 I
1050 2076 1105 2122 et
1132 2085 1151 2118 ι
1184 2082 1290 2121 non
1316 2062 1579 2121 declinavi
1601 2076 1631 2115 a
1650 2058 1869 2129 judiciis
1900 2058 2028 2121 tuis,
2059 2077 2078 2110 ι

507 2164 632 2233 Quia
676 2164 748 2217 ita
795 2162 961 2217 etiam
1005 2158 1289 2223 custodivi,
1318 2155 1459 2227 quod
1496 2154 1552 2209 in
1587 2151 1734 2208 nullo
1758 2150 2027 2205 deviarem
2054 2160 2087 2202 a

505 2254 791 2327 praeceptis
829 2253 956 2308 tuis.
988 2251 1112 2306 Ideo
1153 2265 1259 2305 non
1298 2246 1583 2312 declinavi,
1616 2263 1635 2295 ι
1667 2242 1793 2314 quia
1825 2246 1883 2296 tu
1912 2241 2086 2311 legem

504 2346 730 2418 posuisti
753 2345 882 2400 mihi
912 2364 930 2396 ι
953 2355 1175 2414 quaeme
1189 2340 1464 2396 cohiberet
1479 2348 1832 2408 perseverare
1856 2333 1913 2387 in
1936 2346 2089 2386 man-

506 2442 648 2497 datis
674 2441 799 2496 tuis.

575 2531 705 2587 Dico
748 2530 1004 2597 intellexi,
1035 2538 1091 2586 et
1118 2527 1355 2600 implevi,
1394 2535 1451 2583 et
1498 2526 1619 2581 aliis
1656 2523 1996 2600 annuntiavi,
2032 2523 2088 2577 in

506 2641 612 2697 quo
630 2625 847 2680 fuerunt
876 2643 894 2675 ι
930 2623 1144 2693 eloquia
1179 2598 1270 2676 tua
1294 2639 1312 2672 ι
1344 2619 1520 2674 dulcia
1552 2636 1572 2669 ‹
1606 2598 1854 2673 faucibus
1875 2615 2031 2680 meis,
2064 2634 2082 2667 ι

416 2790 421 2791 ί
506 2725 562 2776 et
596 2738 613 2770 ‹
650 2732 813 2789 quam
854 2714 1051 2781 dulcia,
1084 2734 1102 2767 ι
1142 2713 1198 2767 id
1241 2718 1343 2777 est,
1370 2709 1581 2766 inﬁnite
1606 2707 1825 2763 fuerunt
1872 2705 2089 2763 dulcia:

506 2810 684 2867 dulcia
710 2810 832 2865 dico
866 2827 886 2861 ι
921 2821 1083 2878 super
1106 2804 1212 2860 mel
1250 2804 1334 2860 ori
1380 2816 1524 2869 meo,
1558 2799 1611 2857 id
1653 2807 1738 2856 est
1778 2796 1898 2871 plus
1927 2812 2090 2869 quam

506 2901 614 2957 mel
643 2901 714 2955 sit
741 2900 898 2956 dulce
926 2898 1059 2952 mihi
1086 2895 1344 2970 gustanti.

577 2991 803 3061 Eloquia
838 2990 1057 3045 fuerunt
1090 2989 1223 3043 mihi
1254 2986 1452 3053 dulcia,
1476 2993 1533 3040 et
1570 3004 1588 3035 ι
1616 2991 1905 3054 propterea
1944 2981 2091 3036 viam

506 3083 807 3153 iniquitatis
832 3082 977 3137 odivi
1010 3101 1027 3132 ι
1055 3081 1203 3134 illam
1230 3098 1249 3132 ι
1277 3093 1524 3145 omnem;
1556 3097 1575 3129 ›
1608 3084 1662 3132 et
1682 3077 1866 3130 uthoc
1890 3074 2092 3130 bonum

507 3175 887 3245 comprobetur
910 3214 926 3239 ,
987 3172 1223 3227 ostendit
1269 3169 1648 3225 auctoritatem
1698 3176 2091 3239 praeceptorum

508 3268 628 3335 Dei,
660 3283 783 3323 cum
817 3266 985 3322 dicit:
1019 3285 1036 3317 ι
1070 3281 1101 3319 a
1136 3263 1404 3319 mandatis
1440 3262 1568 3329 tuis,
1599 3281 1617 3312 ι
1644 3277 1677 3317 o
1708 3261 1955 3324 Domine,
1991 3260 2093 3314 hoc
2120 3233 2167 3299 θ

516 3380 534 3411 ι
568 3356 807 3413 intellexi
841 3376 860 3409 ι
895 3355 1038 3427 quod
1063 3355 1207 3410 viam
1243 3353 1546 3424 iniquitatis
1577 3351 1731 3408 odire
1765 3351 2018 3417 debeam,
2040 3356 2096 3404 et

510 3450 635 3506 ideo
659 3448 823 3504 odivi.

1232 3523 1363 3577 Nun.

588 3650 606 3683 ι
647 3631 888 3687 Lucerna
918 3629 1163 3701 pedibus.
1199 3647 1219 3682 ι
1256 3626 1318 3682 ln
1358 3628 1462 3683 hoc
1490 3626 1771 3683 octonario
1814 3626 1992 3699 agitur
2029 3627 2097 3684 de

508 3722 834 3788 humilitate,
860 3722 985 3792 quia
1010 3719 1247 3776 ostendit
1270 3734 1329 3775 se
1343 3718 1524 3788 justus
1545 3718 1637 3789 qui
1661 3718 1898 3789 loquitur
1925 3708 2007 3774 ex}
2037 3734 2096 3774 se

509 3812 646 3868 nihil
673 3811 893 3879 habere,
916 3811 1011 3867 sed
1054 3810 1236 3865 omnia
1271 3823 1303 3863 a
1338 3808 1466 3872 Deo,
1495 3807 1658 3863 etiam
1696 3807 1909 3862 initium
1940 3806 2097 3862 bona:

509 3904 857 3970 voluntatis;
879 3912 933 3959 et
981 3903 1103 3958 ideo
1159 3900 1530 3972 praescribitur
1573 3899 1892 3970 huicparti
1952 3897 2094 3965 Nun,

512 4000 656 4071 quod
691 4000 1076 4069 interpretatur
1107 3996 1318 4061 unicus,
1340 3994 1425 4049 vel
1453 4011 1672 4065 pascua,
1695 3992 1822 4065 quia
1868 4008 2008 4049 unus
2045 4002 2100 4049 et

511 4094 663 4150 solus
687 4097 771 4145 est
787 4088 956 4153 Deus,
982 4101 1012 4141 a
1035 4101 1142 4156 quo
1170 4084 1362 4155 recipit
1389 4083 1650 4155 quidquid
1676 4083 1804 4139 boni
1829 4084 2016 4151 habet,
2047 4093 2101 4140 et

513 4187 633 4257 ipse
660 4184 801 4238 idem
836 4181 886 4236 ei
910 4188 995 4235 est
1020 4193 1242 4249 pascua,
1265 4185 1320 4235 et
1338 4177 1498 4249 plena
1521 4176 1765 4233 refectio.
1796 4176 1942 4233 Ordo
1966 4192 2100 4247 quo-

517 4291 624 4347 que
660 4274 838 4327 bonus
871 4278 974 4326 est.
1005 4269 1305 4340 Postquam
1350 4269 1494 4325 enim
1534 4270 1771 4325 ostendit
1812 4286 1869 4326 se
1898 4270 2100 4325 habere

519 4381 615 4423 cor
638 4364 934 4431 servitutis,
955 4371 1011 4418 et
1036 4377 1135 4433 per
1160 4362 1408 4418 intimum
1440 4376 1682 4417 amorem
1708 4370 2017 4417 assecutum
2043 4377 2101 4417 se

518 4461 657 4531 legis
686 4458 1037 4522 intellectum,
1064 4456 1226 4509 etiam
1268 4469 1325 4509 se
1366 4469 1398 4508 a
1442 4448 1658 4524 judiciis
1683 4454 1778 4510 Dei
1806 4469 1915 4509 non
1938 4452 2101 4509 decli-

517 4566 672 4617 nare,
701 4559 756 4605 et
780 4550 923 4603 viam
947 4546 1251 4617 iniquitatis
1278 4547 1534 4602 habuisse
1561 4546 1687 4603 odio
1713 4565 1726 4600 :
1761 4547 1882 4602 haec
1915 4545 2101 4602 omnia

518 4657 628 4697 non
657 4640 782 4707 sibi,
813 4638 907 4694 sed
934 4637 1121 4710 gratia:
1150 4636 1249 4692 Dei
1280 4638 1545 4692 attribuit.

590 4731 939 4789 Continuatio
971 4749 983 4783 :
1012 4730 1188 4801 Super
1215 4744 1371 4785 senes
1403 4728 1666 4795 intellexi,
1697 4746 1727 4785 a
1747 4728 1965 4799 judiciis
2001 4745 2099 4785 au-

522 4831 635 4881 tem
672 4838 780 4877 non
820 4818 1103 4885 declinavi,
1134 4818 1276 4875 viam
1320 4819 1626 4890 iniquitatis
1669 4821 1794 4876 odio
1836 4820 2021 4887 habui,
2048 4827 2102 4875 et

518 4914 638 4974 haec
650 4913 828 4970 omnia
844 4926 951 4968 non
962 4910 1170 4967 viribus
1185 4912 1342 4978 meis,
1359 4913 1596 4984 sed-quia
1610 4919 1630 4966 ἀ
1644 4913 1879 4970 Verbum
1893 4922 2063 4981 tuum,
2077 4932 2095 4967 ι

521 5006 576 5062 id
603 5013 686 5061 est
710 5003 952 5060 divinum
982 5001 1314 5068 mandatum,
1338 5009 1421 5059 est
1449 5001 1653 5058 factum
1687 5023 1705 5056 ι
1733 5002 1973 5071 lucerna,
1998 5023 2018 5057 ι
2050 5003 2103 5059 id

523 5111 608 5157 est
638 5096 959 5154 illuminatio
1014 5111 1121 5167 qua
1150 5111 1369 5168 possum
1405 5097 1540 5153 mihi
1577 5114 1610 5155 a
1650 5099 1858 5170 laqueis
1906 5098 2104 5155 diaboli

525 5204 739 5257 cavere,
768 5204 906 5260 quos
950 5188 1084 5243 mihi
1131 5189 1355 5245 tendunt
1400 5190 1453 5245 in
1496 5191 1731 5248 tenebris
1768 5193 1929 5263 hujus
1959 5192 2099 5261 vite.

521 5278 772 5337 Lucerna
798 5281 919 5336 dico
950 5300 967 5332 (
986 5279 1236 5351 pedibus,
1257 5301 1274 5333 ›
1302 5280 1360 5336 id
1383 5290 1466 5337 est
1486 5281 1864 5341 'ali’eetionibus
1888 5305 1906 5337 ι
1926 5285 2061 5341 meis
2081 5304 2099 5337 ι

524 5382 581 5430 et
605 5371 993 5438 voluntatibus,
1019 5388 1118 5444 per
1144 5388 1280 5443 quas
1323 5374 1501 5429 anima
1542 5384 1727 5431 nostra
1751 5377 1863 5447 jam
1888 5376 2107 5432 incedat

528 5467 598 5523 ad
619 5466 757 5522 bene
783 5462 1136 5534 operandum,
1167 5463 1295 5535 quia
1328 5479 1429 5521 nec
1470 5464 1609 5522 bene
1633 5468 1767 5523 velle
1792 5483 2102 5538 possumus,

529 5553 636 5611 nisi
686 5552 859 5625 gratia
899 5550 996 5607 Dei
1037 5550 1423 5609 illuminemur.
1468 5551 1747 5610 Voluntati
1782 5564 1982 5613 nostra:
2020 5570 2106 5614 est

528 5644 756 5701 Verbum
784 5642 1028 5711 lucerna,
1058 5660 1076 5693 t
1110 5644 1317 5700 semitis
1349 5645 1504 5711 meis,
1529 5664 1548 5699 ι
1586 5645 1640 5701 id
1668 5652 1752 5702 est
1777 5647 2105 5709 arctioribus

532 5738 787 5812 cperibus
811 5737 971 5804 meis,
997 5737 1219 5793 verbum
1250 5747 1423 5807 tuum,
1459 5739 1667 5796 scilicet
1705 5741 1945 5797 divinum
1972 5758 2107 5813 pra:-

535 5840 771 5904 ceptum,
802 5838 885 5885 est
914 5829 1045 5885 mihi
1088 5848 1105 5882 ι
1139 5830 1337 5900 lumen,
1370 5851 1390 5884 ι
1418 5831 1472 5899 id
1517 5842 1599 5889 est
1639 5832 1877 5890 maxime
1916 5832 2110 5889 illumi-

2132 4591 2181 4652 Β

2190 1982 2352 2038 miter
2416 1974 2711 2035 deliberavi
2770 1990 2789 2023 ι
2846 1974 3121 2029 custodire
3162 1973 3377 2044 judicia
3434 1992 3454 2024 ι
3514 1988 3631 2042 qua
3666 1978 3761 2029 sust

2186 2074 2408 2150 justitize
2436 2081 2559 2137 tuae,
2581 2071 2637 2126 id
2669 2076 2772 2134 est,
2797 2083 2916 2141 quae
2946 2076 2999 2122 tu
3029 2066 3164 2122 facis
3192 2082 3295 2137 per
3325 2075 3491 2121 tuam
3514 2067 3745 2137 justitiam

2189 2166 2436 2223 Custodit
2499 2164 2587 2219 ille
2635 2164 2871 2234 judicia,
2910 2161 3039 2232 quia
3101 2161 3146 2215 si
3176 2159 3388 2214 habeat
3448 2159 3747 2215 adversiuus

2190 2274 2298 2315 non
2340 2256 2633 2328 frangitur,
2656 2255 2750 2311 sed
2784 2254 2986 2325 judicio
3015 2251 3114 2307 Dei
3144 2251 3245 2306 sibi
3278 2252 3407 2306 dari
3446 2250 3748 2320 iutelligiLSi

2192 2358 2374 2407 autem
2403 2348 2817 2420 prosperitatem
2847 2346 3069 2411 habeat,
3096 2359 3203 2398 non
3235 2328 3558 2407 extollitur,
3595 2343 3675 2397 sed
3696 2358 3747 2395 se

2193 2443 2427 2498 cundum
2454 2440 2551 2495 Dei
2581 2438 2917 2496 voluntatem
2969 2435 3247 2507 dispensat
3280 2454 3293 2488 :
3330 2435 3468 2490 dico
3511 2435 3749 2495 custodire,

2184 2532 2365 2605 Juravi
2412 2532 2577 2588 etiam
2617 2530 2918 2594 custodire,
2952 2518 3006 2583 id
3047 2536 3129 2583 est
3172 2526 3315 2582 sicut
3348 2514 3675 2589 deliberavi,
3704 2525 3751 2577 ita

2194 2627 2462 2684 stabiliter
2485 2622 2775 2697 complevi.

2267 2717 2403 2786 Quia
2447 2717 2613 2772 statui
2656 2713 2957 2779 custodire,
2999 2711 3122 2768 ideo
3164 2731 3182 2764 ‹
3220 2727 3342 2767 sum
3386 2710 3743 2771 humiliatus,»

2192 2810 2249 2867 id
2276 2818 2358 2865 est
2394 2804 2622 2863 aiilictus
2656 2825 2675 2857 ι
2706 2817 3123 2875 usquequaque,
3159 2822 3177 2853 ι
3212 2802 3262 2857 id
3292 2810 3377 2856 est
3410 2817 3481 2855 ex
3510 2799 3647 2855 omni
3663 2813 3745 2868 par-

2195 2910 2251 2958 te
2287 2910 2341 2957 et
2366 2901 2512 2957 omni
2548 2914 2745 2970 genere
2778 2896 3104 2961 alllictionis,
3129 2894 3255 2964 quia
3288 2894 3570 2949 stabiliter
3602 2892 3746 2946 obser-

2195 2992 2390 3048 vabam
2418 2989 2626 3060 judicia
2668 2997 2725 3044 et
2764 2985 3074 3042 testimonia
3118 2992 3234 3039 tua.
3268 2983 3601 3038 Humiliatus
3635 2996 3743 3043 sum,

2197 3082 2312 3147 sed,
2348 3089 2405 3135 tu
2440 3100 2457 3132 ι
2495 3079 2741 3146 Domine,
2773 3075 2989 3132 viviﬁca
3019 3090 3108 3130 me
3142 3093 3160 3125 ι
3193 3089 3262 3130 ne
3287 3074 3482 3129 cedam
3511 3073 3747 3144 afﬂigenti-

2197 3176 2299 3232 bus
2333 3189 2423 3230 me
2459 3193 2477 3225 ‹
2512 3172 2809 3229 secundum
2844 3170 3072 3225 verbum
3113 3181 3293 3237 tuum,
3328 3188 3346 3221 ι
3386 3168 3445 3224 id
3479 3176 3557 3223 est
3592 3181 3747 3222 secun~

2200 3267 2327 3324 dum
2358 3265 2801 3338 promissionem.

2266 3357 2400 3415 Dico
2424 3355 2740 3412 humiliatus
2765 3370 2908 3420 sum,
2934 3363 2989 3409 et
3010 3354 3063 3409 in
3089 3353 3205 3424 ipsa
3226 3352 3578 3409 humiliationc
3591 3346 3746 3403 obtuli

2200 3451 2296 3508 tibi
2328 3449 2595 3508 sacriﬁcia
2627 3469 2645 3501 ι
2673 3449 2785 3504 oris
2814 3447 2943 3514 mei,
2982 3466 3001 3499 ι
3038 3448 3093 3502 id
3128 3457 3215 3503 est
3256 3446 3436 3503 laudes
3467 3459 3573 3514 qua:
3601 3450 3747 3496 erant

2190 3536 2314 3601 oris
2343 3541 2450 3597 mei
2484 3557 2496 3595 :
2528 3540 2655 3611 quia
2690 3539 2833 3609 quod
2867 3539 3112 3596 dicebam
3148 3552 3267 3605 ore,
3299 3534 3556 3608 complevi
3571 3547 3741 3606 opere:

2199 3644 2256 3690 et
2292 3635 2395 3689 hoc
2439 3652 2457 3685 ι
2491 3631 2813 3695 voluntarie,
2847 3650 2865 3682 ι
2902 3630 2957 3684 id
2991 3639 3077 3685 est
3113 3628 3258 3684 bona
3299 3629 3611 3691 intentione,
3642 3638 3731 3696 pura

2194 3725 2477 3804 voluntate
2505 3743 2517 3777 :
2542 3730 2599 3779 et
2638 3722 2764 3793 quia
2806 3722 2863 3778 in
2895 3720 3200 3776 humilitate
3237 3719 3532 3776 sacriﬁcavi
3568 3717 3685 3781 tibi,
3711 3722 3749 3769 et

2203 3814 2528 3880 voluntarie,
2554 3815 2697 3881 ideo,
2729 3829 2762 3868 ο
2787 3812 3038 3878 Domine,
3073 3830 3092 3863 ι
3128 3810 3442 3881 beneplacita
3472 3807 3565 3863 [ac
3594 3828 3615 3859 ι
3641 3804 3757 3861 mihi

2201 3918 2327 3965 vota
2354 3924 2497 3975 mea,
2533 3926 2551 3958 ‹
2586 3914 2641 3961 et
2661 3905 2862 3976 judicia
2886 3914 2977 3960 tua
3001 3904 3139 3962 doce
3166 3918 3259 3969 me,
3287 3921 3303 3952 ι
3339 3901 3394 3957 id
3419 3906 3502 3956 est
3546 3899 3644 3953 fac
3677 3912 3761 3954 as-

2203 4012 2453 4055 suescere
2477 4005 2531 4051 et
2559 4011 2723 4065 opere
2752 3994 3069 4065 adimplere.

2274 4089 2341 4144 Et
2372 4089 2493 4144 ideo
2529 4102 2667 4158 opus
2700 4096 2783 4143 est
2813 4094 2874 4141 ut
2902 4086 3122 4155 doceas,
3159 4106 3177 4139 ‹
3213 4084 3335 4157 quia
3367 4083 3551 4139 anima
3578 4097 3711 4148 mea,
3736 4097 3755 4134 ι

2205 4182 2260 4238 id
2306 4190 2388 4252 est
2432 4183 2544 4237 vita
2587 4180 2782 4236 animai
2820 4196 2956 4236 meae
3000 4200 3018 4232 ι
3057 4188 3142 4236 est
3182 4194 3395 4249 semper
3433 4177 3492 4232 in
3535 4177 3756 4233 manibus

2206 4275 2361 4342 meis,
2397 4294 2415 4327 ι
2446 4275 2500 4330 id
2527 4282 2612 4330 est
2634 4274 2890 4345 operibus
2932 4276 3067 4330 meis
3092 4293 3105 4328 :
3139 4275 3268 4346 quia
3294 4274 3338 4327 si
3371 4273 3618 4330 desinam
3649 4272 3753 4327 bene

2205 4368 2453 4440 operari,
2497 4367 2760 4447 morietur
2798 4369 2981 4423 anima
3010 4383 3150 4424 mea.
3185 4368 3231 4424 Λ
3274 4368 3629 4427 similitudine
3658 4366 3750 4422 boni

2206 4460 2394 4541 militis
2420 4461 2625 4516 dictum
2651 4468 2751 4528 est,
2776 4461 2869 4531 qui
2901 4460 3006 4517 sibi
3043 4461 3101 4516 in
3136 4460 3326 4532 praelia
3353 4460 3531 4516 vitam
3562 4457 3751 4531 proprii!

2206 4551 2457 4608 manibus
2499 4550 2739 4608 defendit
2768 4567 2785 4607 :
2821 4569 2841 4602 ι
2874 4558 2927 4606 et
2963 4571 2982 4603 ι
3020 4558 3080 4606 ιιι
3125 4551 3366 4623 animiam
3410 4558 3750 4607 meatum

2207 4642 2325 4698 dire
2354 4642 2579 4711 possim,
2622 4662 2639 4695 ι
2662 4643 2835 4713 legem
2872 4651 3022 4699 tuam
3066 4660 3175 4699 non
3226 4660 3344 4700 sum
3374 4644 3583 4707 oblmis
3614 4664 3631 4696 ι
3660 4642 3753 4713 qui!

2209 4740 2437 4788 tractem
2459 4748 2578 4788 eam
2602 4733 2955 4790 meditatione
2971 4741 3031 4790 et
3051 4733 3391 4807 impletione.

2280 4822 2413 4880 Dico
2443 4843 2463 4877 ι
2496 4840 2604 4880 non
2639 4839 2763 4879 sum
2798 4824 3019 4892 oblitus,
3047 4845 3067 4878 ι
3115 4832 3171 4880 et
3210 4833 3395 4880 tamen
3428 4844 3448 4878 ι
3479 4834 3755 4899 peccatores

2209 4921 2508 4995 posuerunt
2543 4913 2797 4984 laqueum
2840 4916 2973 4973 mihi
3013 4934 3033 4969 ι
3076 4931 3175 4987 per
3203 4932 3367 4987 quem
3403 4919 3756 4990 putabantur

2211 5003 2513 5075 impellere,
2548 5013 2609 5059 ut
2648 5004 2822 5077 legem
2852 5007 2949 5062 Dei
2983 5007 3171 5062 darem
3197 5007 3479 5065 oblivioni.
3522 5009 3757 5079 Laqueus:

2208 5097 2355 5161 dicit,
2390 5096 2557 5151 veluti
2594 5098 3205 5167 minas,‘,blandimenta,
3230 5114 3597 5170 quascunque
3628 5096 3758 5153 malas

2206 5190 2589 5273 persuasiones
2608 5199 2663 5247 et
2681 5192 3114 5262 persecutiones:
3138 5209 3157 5242 ‹
3185 5198 3240 5246 et
3260 5211 3279 5244 ι
3305 5187 3761 5264 licetipsiitamihi

2208 5282 2461 5354 laqueum
2499 5281 2804 5349 tenderent,
2835 5291 3016 5338 tamen
3065 5301 3086 5335 ι
3124 5282 3193 5338 de
3229 5283 3505 5339 mandatis
3552 5285 3655 5339 tuis
3680 5296 3763 5336 non

2209 5374 2383 5432 erravi
2432 5392 2451 5427 ι
2511 5373 2600 5430 vel
2641 5374 2783 5430 male
2837 5372 3219 5447 intelligendo,
3269 5372 3356 5431 vel
3413 5383 3617 5431 contra
3662 5385 3765 5443 ope-

2209 5467 2400 5525 rando.

2287 5578 2305 5611 ι
2330 5559 2448 5616 Non
2468 5558 2671 5626 erravi,
2692 5577 2712 5613 ι
2741 5559 2837 5616 sed
2853 5560 3033 5632 potius
3058 5576 3079 5611 ι
3098 5558 3363 5629 acquisivi
3380 5557 3440 5615 in
3458 5567 3766 5619 teter-num,»

2209 5653 2349 5710 bene
2375 5650 2681 5708 exercendo
2700 5652 2767 5708 ad
2793 5650 3140 5724 intelligenda
3165 5659 3223 5708 et
3249 5650 3579 5721 complenda
3603 5670 3621 5702 ι
3650 5647 3775 5704 testi-

2211 5742 2395 5799 monia
2433 5751 2566 5798 tua:
2596 5761 2615 5796 ι
2660 5760 2679 5794 ι
2711 5742 2973 5814 acquisivi
3008 5761 3027 5795 ι
3068 5741 3189 5799 dico
3227 5760 3246 5794 ‹
3287 5740 3634 5807 haereditate,
3671 5758 3689 5791 ι
3734 5734 3774 5789 id

2212 5841 2297 5892 est
2327 5833 2396 5891 ad
2423 5834 2830 5891 similitudinem
2858 5834 3217 5893 hereditaria:
3241 5833 3344 5901 rei,
3370 5831 3590 5888 scilicet
3629 5839 3687 5884 ut
3710 5828 3777 5881 ﬁr-

3729 374 3837 433 620
