3898 6466
124 374 223 432 621

1275 342 1718 408 ΕΧΡιΑΝΔΤιΟ
1750 343 1820 414 ω
1861 340 2197 400 PSALMOS.

3266 333 3375 392 622

125 495 289 552 miter
311 486 664 561 possiderem,
697 485 754 536 et
779 492 812 534 a
833 474 1079 550 patribus
1109 469 1248 527 meis
1274 476 1332 524 et
1353 466 1473 522 aliis
1495 462 1692 527 talibus
1713 469 1773 546 Α
1866 462 1997 527 Vos,
2027 480 2046 513 ‹
2081 459 2324 530 maligni,
2358 456 2643 523 declinate,
2681 475 2700 509 ι
2730 455 2827 511 sed
2863 462 2941 523 tu,
2968 453 3212 519 Domine,
3243 471 3264 508 ι
3287 469 3378 510 su-

126 556 470 657 reeiperem;
504 579 627 635 ideo
661 569 946 645 exquisivi,
979 587 998 620 ι
1029 566 1157 637 quia
1196 561 1486 620 exsultatio
1524 556 1703 616 cordis

127 655 411 744 mei—sunt,
441 695 460 728 ι
498 673 705 730 scilicet
729 674 1206 740 quantumcunque
1243 655 1491 720 tribuler,
1525 661 1705 708 tamen

127 789 254 834 cum
283 741 641 826 exsultatione
663 759 918 818 mandata
940 755 1036 812 Dei
1057 749 1381 822 adimplebo,
1397 759 1620 804 securus
1638 741 1708 798 de

128 863 587 927 remuneratione.
1109 889 1114 898 ι

203 959 342 1014 Dico
374 974 392 1007 ι
425 947 710 1022 exquisivi,
743 963 762 996 ›
792 944 897 999 hoc
919 939 1100 1004 modo,
1138 934 1345 992 scilicet
1373 926 1710 987 humiliando

126 1051 393 1121 meipsum
422 1015 526 1116 per
544 1039 725 1096 omnia
747 1037 898 1091 Deo:
941 1031 1066 1087 inde
1099 1037 1182 1085 est
1207 1026 1351 1097 quod
1373 1022 1536 1080 dicit:
1571 1037 1591 1071 ς
1625 1015 1712 1072 ln-

128 1141 327 1198 clinavi
356 1154 450 1194 cor
493 1148 696 1198 meum,
724 1149 743 1183 ι
779 1128 833 1184 id
877 1132 980 1190 est,
1025 1123 1362 1178 voluntatem
1408 1127 1584 1169 meam
1615 1125 1712 1181 per

127 1232 310 1290 omnia
339 1224 638 1288 humiliavi,
688 1237 708 1272 ι
736 1214 1113 1274 εὐμιξιοίεηᾱεε
1153 1205 1570 1279 iustiﬁcationes
1591 1209 1712 1256 tuas

127 1333 352 1399 propter
377 1316 790 1376 retributionem
820 1330 840 1362 ι
870 1309 1187 1364 duraturam
1217 1322 1235 1354 ι
1266 1302 1322 1355 in
1347 1307 1611 1355 aeternum
1636 1310 1652 1359 ;
1687 1311 1707 1345 ι

129 1384 272 1474 sicut
318 1413 447 1468 dicit
490 1410 679 1464 beatus
724 1402 1103 1470 Hieronymus,
1157 1393 1469 1450 ordinatura
1512 1399 1634 1441 esse
1659 1384 1715 1439 in

137 1507 399 1571 Hebraeo;
439 1512 724 1574 possumus
761 1502 939 1548 tamen
961 1489 1177 1543 dicere:
1220 1480 1532 1539 Custodiam
1553 1475 1714 1548 justi-

130 1598 414 1656 ﬁcationes
445 1603 568 1650 tuas
588 1591 642 1648 in
665 1597 949 1649 aeternum,
976 1581 1032 1637 id
1057 1587 1158 1643 est,
1186 1589 1283 1646 per
1307 1581 1479 1632 totum
1504 1577 1718 1638 tempus

129 1691 254 1748 vita:
276 1701 432 1745 meae.

811 1742 1038 1796 Samech.

1805 553 1951 622 scipe
1985 567 2072 606 me
2105 571 2125 604 ι
2182 552 2240 606 in
2284 550 2546 616 custodia,
2600 564 2668 606 ne
2706 547 2894 609 cedam
2933 547 3186 612 inimicis,
3234 564 3252 597 ι
3288 560 3377 602 se-

1805 643 2041 700 cundum
2063 641 2334 711 eloquium
2361 649 2535 707 tuum,
2557 661 2576 696 ι
2615 639 2669 694 id
2697 647 2780 694 est
2824 639 3114 694 secundum
3145 638 3378 709 promis-

1805 735 2034 792 sionem.
2065 733 2185 804 Vel,
2211 754 2230 786 ι
2262 735 2556 795 secundum
2602 733 2893 802 eloquium,
2925 749 2941 782 ι
2987 730 3041 785 id
3075 737 3179 794 est,
3207 737 3267 783 ut
3291 744 3384 784 se—

1807 843 1945 898 quar
1965 836 2234 899 praecepta
2264 835 2376 893 tua,
2403 825 2670 897 immendo
2699 839 2762 880 ea
2787 842 2800 876 :
2841 841 2858 873 ι
2888 829 2942 877 et
2973 840 2990 872 ›
3024 829 3152 874 tunc
3177 819 3385 873 utinam

1816 937 1840 972 ι
1863 919 2040 976 vivam
2067 941 2087 973 ι
2119 920 2176 974 in
2213 919 2414 984 anima,
2453 936 2471 969 ί
2502 927 2558 973 et
2588 937 2605 970 ι
2638 931 2758 972 cum
2799 923 3179 984 cxspectavero
3216 912 3385 967 vitam

1809 1024 2090 1079 aeternam,
2122 1031 2140 1063 (
2172 1027 2280 1065 non
2301 1009 2599 1066 confundas
2625 1023 2709 1062 me
2733 1008 2798 1062 ab
2832 1027 2849 1060 ι
2884 1007 2973 1061 illa
3005 1025 3024 1058 ι
3059 1021 3176 1062 mea
3201 1020 3389 1078 exspe-

1812 1107 2068 1172 ctatione,
2099 1123 2117 1158 ι
2153 1102 2248 1158 sed
2279 1103 2347 1158 da
2383 1100 2628 1156 obtinere
2650 1101 2791 1168 quod
2818 1116 2996 1170 spero.

1889 1217 1908 1250 ι
1931 1196 2046 1253 Non
2060 1194 2355 1251 confundas
2378 1214 2396 1246 ›
2427 1193 2566 1258 dico,
2593 1193 2686 1247 sed
2706 1193 2883 1260 potius
2913 1212 2931 1243 ι
2956 1193 3147 1264 adjuva
3168 1209 3254 1248 me
3277 1213 3294 1245 ›
3320 1193 3390 1249 ad

1814 1291 1950 1348 bene
1969 1289 2319 1360 operandum,
2349 1305 2368 1338 ι
2394 1294 2447 1342 et
2473 1306 2492 1338 ι
2545 1301 2639 1356 per
2678 1286 2781 1340 hoc
2810 1302 2828 1335 ι
2857 1285 3038 1341 salvus
3065 1301 3161 1342 ero
3186 1306 3207 1337 ›
3237 1294 3394 1342 aeter-

1814 1398 1884 1440 na
1927 1381 2246 1445 s’alvatione,
2276 1398 2294 1430 ι
2324 1386 2379 1433 et
2405 1399 2424 1430 ι
2465 1392 2561 1447 per
2585 1386 2736 1430 tuum
2775 1377 3120 1446 adjutorium,
3158 1377 3224 1432 ad
3267 1378 3390 1442 hoc,

1815 1483 1878 1534 ιιι
1918 1474 1987 1529 ad
2025 1473 2171 1528 illam
2209 1471 2409 1541 possim
2443 1468 2726 1539 pervenire
2770 1466 3145 1532 salvationem,
3177 1487 3195 1518 (
3225 1469 3395 1524 medi-

1818 1567 1976 1622 tabor
2017 1566 2071 1619 in
2098 1561 2572 1634 justiﬁcationibus
2603 1560 2710 1615 tuis
2747 1575 2980 1629 semper,
3016 1580 3034 1610 ι
3078 1559 3132 1614 id
3178 1567 3262 1614 est
3301 1575 3390 1616 as-

1818 1658 1992 1716 sidue.
2043 1655 2146 1723 Qui
2190 1654 2336 1709 enim
2363 1653 2656 1706 secundum
2688 1649 2860 1722 legem
2890 1650 2988 1710 Dei
3032 1633 3187 1717 vivit,
3237 1651 3399 1705 etiam

1819 1749 1950 1804 dum
1973 1747 2128 1812 vivit,
2156 1745 2245 1800 vel
2271 1744 2490 1810 dormit,
2513 1742 2598 1798 vel
2625 1742 2934 1810 manducat,
2962 1741 3016 1797 in
3050 1742 3170 1814 lege
3193 1741 3291 1799 Dei
3321 1742 3402 1798 di-

213 1891 232 1924 ‹
257 1871 496 1940 Iniquos.
528 1883 547 1917 ι
577 1863 636 1918 In
669 1861 774 1915 hoc
802 1853 1083 1913 octonario
1110 1847 1347 1906 ostendit
1395 1845 1596 1915 justus,
1625 1842 1720 1914 qui
1747 1832 1796 1894 Β
1821 1840 1965 1896 citur
1987 1837 2256 1893 meditari.

131 1965 294 2039 paulo
322 1935 448 2016 ante
501 1953 820 2012 ostendebat
872 1962 1026 2003 suam
1072 1942 1458 2004 humilitatem,
1496 1953 1556 1993 se
1604 1935 1720 2003 iam

135 2028 516 2114 conﬁrmatum
542 2048 642 2111 sic,
672 2042 815 2114 quod
835 2040 966 2094 velit
995 2036 1182 2105 fugere
1209 2031 1484 2088 consortia
1510 2028 1722 2096 iniquo-

135 2162 261 2202 rum
289 2163 302 2198 :
333 2153 387 2198 et
415 2140 536 2196 ideo
557 2138 694 2193 bene
724 2130 1092 2206 praescribitur
1114 2126 1239 2182 huic
1274 2123 1418 2193 parti
1462 2118 1721 2183 Samech,

135 2237 285 2310 quod
334 2235 722 2304 interpretatur
769 2225 1157 2296 ﬁrmamentum
1218 2216 1304 2270 vel
1351 2211 1675 2282 adjutorium
1702 2222 1722 2272 ,-

135 2302 296 2401 quasi
321 2302 562 2381 diceret:
602 2320 701 2374 Hic
742 2316 834 2372 ubi
862 2313 1000 2370 dicis
1047 2309 1192 2381 quod
1222 2307 1434 2376 iniquos
1479 2303 1602 2358 odio
1631 2302 1726 2355 ha-

139 2421 292 2486 beas,
321 2425 405 2473 est
435 2411 763 2469 audiendum
815 2415 868 2462 et
908 2420 1033 2461 cum
1061 2416 1256 2472 magna
1285 2414 1417 2454 cura
1446 2396 1728 2452 attenden-

143 2515 293 2576 dum,
326 2508 453 2581 quia
491 2519 686 2576 magna
715 2508 796 2557 est
826 2495 1036 2554 cautela
1069 2491 1372 2549 adhibenda
1401 2489 1470 2543 ad
1513 2486 1728 2555 iniquos

143 2601 470 2663 audiendos;
501 2575 812 2668 praecipitur
836 2589 982 2644 enim
1013 2587 1068 2640 in
1115 2579 1430 2653 Evangelio,
1457 2586 1518 2642 ut
1563 2575 1729 2629 etiam

143 2693 395 2752 inimicos
421 2688 705 2758 diligamus
733 2681 948 2754 (Matth.
976 2678 1053 2748 v).
1081 2674 1175 2730 Sic
1195 2688 1323 2744 ergo
1351 2678 1477 2726 sunt
1503 2668 1728 2737 diligen-

141 2785 224 2852 di,
257 2791 319 2838 ut
345 2757 607 2852 quidquid
649 2773 778 2830 mali
806 2771 961 2827 nobis
989 2767 1212 2830 faciant,
1251 2777 1356 2818 non
1388 2757 1728 2829 repercutia-

139 2889 288 2939 mus,
333 2871 430 2926 sed
456 2847 558 2939 pro
585 2866 665 2922 eis
687 2877 944 2926 oremus;
991 2853 1306 2926 ctquandiu
1340 2852 1396 2906 in
1442 2850 1520 2905 eis
1565 2847 1730 2917 proﬁ-

143 2982 274 3024 cere
327 2972 601 3035 putamus,
653 2958 834 3014 divina
881 2950 1246 3009 admonitione
1283 2945 1364 3002 eis
1391 2943 1729 2999 insistamus.

144 3059 206 3118 Si
235 3067 416 3115 autem
458 3056 513 3112 in
551 3055 632 3109 eis
661 3051 792 3106 nihil
843 3048 1107 3120 proﬁcere
1150 3040 1414 3105 valemus,
1456 3051 1557 3092 nec
1585 3034 1732 3099 salva

143 3153 404 3223 religione
444 3161 566 3203 cum
601 3145 679 3200 eis
710 3141 953 3198 habitare
982 3147 1290 3208 possumus,
1322 3130 1390 3185 ab
1435 3142 1624 3183 eorum
1653 3125 1733 3178 fa—

1896 1930 2021 1986 ldeo
2053 1948 2071 1980 (
2120 1926 2445 1990 meditabor,
2488 1945 2508 1977 ι
2565 1924 2691 1993 quia
2737 1922 2843 1980 hoc
2891 1903 3110 1980 attendo
3161 1924 3303 1993 quod
3345 1929 3404 1979 tu

1831 2041 1850 2076 ι
1878 2021 2128 2091 'sprevisti
2158 2033 2344 2088 omnes
2387 2016 2723 2073 discedentes
2770 2033 2800 2070 a
2834 2014 3054 2084 judiciis
3101 2017 3226 2082 tuis,
3275 2016 3405 2087 quia

1827 2113 2086 2184 cogitatio
2114 2127 2304 2167 eorum
2332 2119 2416 2166 est
2434 2108 2652 2178 injusta.
2675 2129 2694 2160 ι
2723 2106 2783 2163 Si
2816 2107 2958 2162 enim
2988 2108 3172 2162 dicant
3196 2122 3254 2162 se
3295 2106 3406 2162 fra-

1829 2205 2034 2276 gilitate
2058 2218 2301 2274 peccare,
2325 2202 2411 2256 vel
2431 2203 2597 2255 Deum
2628 2201 2730 2255 sibi
2751 2217 2847 2270 per
2871 2200 3300 2256 misericordiam
3328 2201 3408 2254 in—

1829 2295 2069 2367 dulgere,
2102 2293 2189 2348 vel
2216 2295 2332 2348 haec
2377 2300 2594 2347 terrena
2638 2308 2746 2346 non
2784 2307 2998 2362 curare,
3049 2308 3235 2348 eorum
3264 2293 3410 2363 cogi-

1830 2388 1964 2448 tatio
1988 2396 2072 2441 est
2092 2383 2308 2454 iniusta.

1903 2479 1972 2533 Et
1992 2494 2100 2533 non
2128 2485 2337 2532 tantum
2361 2474 2612 2546 sprevisti
2640 2483 2720 2540 tu,
2747 2474 2842 2542 sed
2881 2475 3045 2532 etiam
3069 2491 3170 2547 ego
3192 2478 3368 2548 sprevi
3395 2496 3409 2544 ;

1830 2573 2012 2628 ethoc
2039 2570 2171 2626 dicit
2193 2585 2208 2623 :
2240 2586 2260 2620 ι
2287 2583 2475 2624 omnes
2496 2576 2812 2638 peccatores
2839 2575 3012 2632 terrae,
3037 2589 3054 2620 ι
3085 2569 3292 2625 scilicet
3314 2586 3410 2640 pa-

1829 2679 2021 2737 ganos,
2059 2664 2152 2739 qui
2202 2662 2378 2734 legem
2416 2676 2524 2716 non
2566 2661 2768 2716 habent
2801 2661 3076 2730 scriptam,
3117 2682 3136 2715 ι
3172 2666 3416 2734 reputavi

1827 2755 2276 2826 praevaricantes,
2307 2772 2326 2806 ι
2378 2753 2572 2808 saltem
2612 2753 2877 2808 naturalis
2921 2753 3094 2824 legis:
3138 2765 3194 2810 et
3223 2755 3276 2811 in
3315 2756 3418 2814 hoc

1831 2854 1997 2917 auget
2017 2844 2291 2900 cumulum
2312 2843 2598 2910 malorum,
2631 2843 2725 2913 qui
2748 2852 2968 2913 propter
3003 2856 3181 2900 actum
3210 2849 3417 2916 peccati

1833 2939 2282 3011 praevaricatores
2331 2946 2457 2996 sunt
2495 2937 2757 2992 naturalis
2790 2937 2944 3008 legis,
2985 2939 3069 2992 vel
3105 2938 3416 3009 Scripturae,

1835 3032 1921 3088 vel
1941 3032 2222 3100 utriusque
2247 3047 2259 3083 :
2289 3038 2345 3084 et
2376 3028 2502 3098 quia
2541 3037 2855 3099 peccatores
2883 3029 2990 3084 vidi
3019 3045 3140 3086 esse
3169 3032 3422 3102 praevari—

1834 3130 2073 3187 catores,
2127 3139 2146 3173 ι
2187 3121 2307 3176 ideo
2334 3140 2353 3172 ι
2413 3136 2482 3175 ne
2529 3133 2703 3176 essem
2739 3121 3142 3189 praevaricator,
3203 3143 3222 3174 ι
3259 3123 3421 3179 dilexi

145 3193 458 3300 milibaritate
480 3246 535 3294 et
560 3234 892 3292 habitatione
920 3193 1160 3300 separari
1181 3224 1476 3280 debemus:
1505 3233 1605 3287 pro
1626 3231 1736 3286 quo
1761 3193 1808 3259 (ἶ
1839 3214 2151 3273 testimonia
2186 3221 2298 3267 tua.
2324 3233 2342 3264 ι

146 3334 314 3390 etiam
342 3342 554 3403 patrem
583 3337 638 3383 et
659 3339 884 3381 uxorem
905 3321 1213 3387 relinquere
1235 3313 1513 3373 debemus,
1539 3309 1585 3363 si
1613 3321 1739 3364 cum

149 3430 232 3485 eis
258 3425 576 3497 religionem
608 3416 975 3474 Christianam
1027 3420 1246 3464 servare
1291 3419 1399 3458 non
1428 3414 1738 3471 possumus,

153 3491 388 3583 scilicet,
413 3518 457 3572 si
481 3530 577 3586 per
601 3527 691 3567 eos
719 3509 787 3564 ad
811 3506 1076 3561 culturam
1103 3499 1392 3562 idolorum,
1425 3493 1511 3550 vel
1538 3491 1741 3562 aliquid

147 3615 333 3688 _simile
379 3607 737 3680 impellamur.
768 3599 916 3656 Nihil
949 3597 1093 3652 enim
1125 3593 1287 3648 alicui
1335 3589 1582 3661 proximo
1618 3601 1744 3642 con-

157 3713 244 3760 tra
276 3678 764 3760 Deumidebemus;
817 3691 960 3747 unde
1005 3685 1264 3741 Dominus
1291 3683 1355 3737 .in
1403 3678 1740 3750 Evangelio:

163 3817 184 3851 ‹
220 3795 322 3864 Qui
353 3799 498 3848 amat
523 3799 730 3861 patrem
762 3793 856 3840 aut
886 3790 1116 3838 matrem
1150 3778 1273 3849 plus
1303 3789 1468 3847 quam
1489 3788 1600 3839 me,
1635 3785 1743 3826 non

155 3899 244 3947 est
272 3905 358 3944 me
379 3888 590 3958 dignus.
624 3879 838 3955 (Matth.
867 3876 949 3947 x.)
979 3895 1002 3928 ι

234 3977 615 4037 Continuatio:
648 3969 1068 4029 Justiﬁcationes
1115 3960 1381 4020 custodivi
1407 3963 1627 4030 propter
1654 3969 1744 4011 re-

169 4074 524 4152 tributioqem
554 4085 568 4133 ;
598 4075 650 4123 et
671 4073 731 4121 ut
765 4064 832 4119 ad
859 4062 1003 4117 illam
1031 4058 1231 4130 possim
1254 4053 1553 4127 pervenire,
1595 4069 1614 4102 ι
1645 4049 1747 4104 ini-

159 4179 301 4238 quos
327 4147 451 4218 odio
489 4158 673 4223 habui,
702 4165 756 4212 et
781 4155 952 4225 legem
988 4158 1138 4206 tuam
1163 4147 1347 4203 dilexi.
1371 4163 1390 4196 ›

237 4256 306 4312 Et
333 4268 454 4309 cum
483 4251 697 4319 iniquos
719 4246 972 4308 devitem,
1017 4250 1070 4297 et
1098 4239 1401 4296 custodiam
1425 4236 1618 4306 legem,
1649 4251 1667 4284 ι
1691 4241 1748 4287 ιιι

164 4363 228 4405 es
249 4344 460 4416 adjutor
480 4356 630 4397 meus
660 4361 678 4392 ι
707 4342 774 4394 ad
794 4337 934 4393 bene
957 4331 1312 4405 operandam,
1342 4349 1361 4381 ι
1390 4337 1444 4385 et
1470 4335 1754 4396 susceptor

166 4452 348 4502 meus,
380 4454 399 4487 ›
430 4433 557 4504 quia
595 4447 694 4503 per
719 4427 923 4486 Christi
953 4431 1284 4494 assumptam
1334 4418 1750 4481 humanitatem,

168 4543 349 4585 meam
368 4524 596 4582 multum
619 4521 905 4579 exaltasti:
943 4536 962 4569 ι
994 4524 1051 4572 et
1077 4515 1134 4570 in
1165 4512 1402 4568 Verbum
1439 4518 1614 4574 tuum,
1650 4527 1668 4559 ι
1701 4505 1755 4561 id

172 4631 259 4678 est
303 4618 523 4684 Filium,
556 4615 640 4672 vel
679 4613 919 4670 divinum
948 4613 1276 4679 praeceptum
1301 4603 1445 4672 quod
1469 4599 1752 4669 complevi,

181 4732 202 4766 ‹
226 4709 622 4783 supersperavi,
653 4727 672 4761 ι
715 4705 770 4761 id
797 4712 880 4760 est
921 4701 1095 4772 majus
1140 4697 1412 4768 quoddam
1451 4708 1615 4764 quam
1643 4693 1759 4748 haec

175 4804 467 4880 praesentia
490 4810 691 4858 essent.
729 4800 845 4864 Vel,
883 4813 903 4848 ι
943 4791 1344 4866 supersperavi,
1383 4808 1401 4841 ι
1435 4787 1562 4859 quia
1591 4783 1759 4856 priori

179 4885 297 4969 Spei
334 4894 598 4966 majorem
632 4891 810 4948 addidi
837 4903 1006 4959 spem.

250 4989 468 5060 Iniquos
489 4986 614 5044 odio
643 4983 826 5048 habui,
854 4983 929 5036 ita
968 4979 1188 5035 dicens:
1216 4975 1262 5033 Ο
1282 4990 1378 5031 vos
1403 4973 1643 5044 maligni,
1674 4972 1766 5028 de-

181 5083 382 5141 clinate
404 5098 435 5137 a
458 5069 690 5136 me.Vel
715 5077 790 5132 ita
822 5073 1199 5131 continuatur:
1232 5069 1369 5138 Quia
1392 5069 1533 5123 Deus
1558 5074 1641 5122 est
1665 5065 1758 5120 ad—

178 5173 331 5246 jutor
357 5189 530 5239 meus,
557 5181 612 5227 et
659 5171 714 5226 in
745 5169 967 5224 verbum
999 5175 1152 5220 tuum
1201 5159 1603 5233 supersperavi,
1638 5156 1760 5213 ideo

185 5280 307 5331 vos,
347 5282 365 5315 ι
399 5262 641 5334 maligni,
689 5260 952 5315 declinate
1001 5272 1032 5311 a
1083 5269 1188 5318 me,
1221 5272 1240 5305 ›
1288 5251 1343 5307 id
1379 5259 1462 5306 est
1517 5256 1764 5320 separate

188 5370 290 5411 vos
317 5369 348 5409 a
368 5368 490 5409 meo
515 5349 805 5414 consortio,
858 5350 912 5404 in
944 5361 1173 5419 quorum
1210 5341 1500 5415 praesentia
1529 5338 1762 5396 divinam

191 5463 304 5506 non
332 5447 486 5502 valeo
508 5444 818 5514 religionem
857 5450 1071 5504 tenere;
1114 5457 1131 5489 ι
1164 5443 1220 5492 et
1238 5455 1256 5488 ι
1287 5442 1574 5506 postquam
1601 5429 1767 5486 decli-

192 5537 480 5606 naveritis,
533 5556 551 5589 (
603 5534 886 5592 scrutabor
931 5531 1186 5586 mandata
1223 5528 1319 5583 Dei
1363 5525 1470 5581 mei
1509 5544 1528 5578 ι
1579 5523 1766 5578 libere.

195 5631 342 5690 Dicit
364 5641 543 5688 autem
568 5628 852 5702 Apostolus
878 5626 944 5684 de
968 5625 1274 5694 iniquorum
1298 5618 1558 5675 vitatione
1577 5630 1594 5671 :
1613 5635 1631 5668 ι
1659 5616 1774 5671 lla:-

202 5725 431 5780 reticum
472 5723 745 5779 hominem
781 5727 904 5789 post
937 5717 1167 5787 primam
1192 5721 1248 5771 et
1276 5711 1568 5769 secundam
1592 5723 1776 5764 corre-

205 5816 442 5889 ptionem
478 5816 652 5872 devita
688 5811 813 5885 (Tit.
840 5810 942 5883 in).
969 5829 986 5861 ι

1919 3326 1938 3358 ι
1976 3305 2199 3374 Conﬁge
2221 3307 2416 3358 timore
2437 3311 2549 3358 tuo.
2574 3323 2592 3356 ι
2620 3302 2758 3369 Quia
2789 3305 2922 3360 vidit
2947 3305 3048 3360 iste
3072 3305 3250 3374 justus
3275 3322 3426 3364 eunt-

1839 3401 1967 3456 dem
1990 3398 2270 3453 inimicum
2305 3396 2407 3452 sibi
2437 3397 2702 3460 insidiari,
2732 3398 2823 3466 qui
2851 3398 2986 3454 alios
3025 3399 3259 3460 faciebat
3286 3418 3427 3471 pra:-

1839 3492 2181 3546 varicatores
2206 3505 2304 3560 per
2329 3489 2700 3559 suggestiones
2727 3489 2928 3555 carnis,
2975 3500 3226 3559 precatur
3257 3492 3428 3549 Deum

1845 3592 1909 3639 ut
1930 3584 2081 3638 illum
2105 3583 2387 3638 inimicum
2411 3581 2752 3650 comprimat.
2797 3581 3182 3638 Continuatio:
3228 3584 3430 3642 Pecca-

1849 3682 1995 3730 tores
2026 3672 2269 3742 reputavi
2296 3672 2740 3742 prmvaricantes,
2781 3681 2838 3726 et
2879 3687 2947 3726 ne
2980 3687 3080 3742 ego
3127 3674 3287 3728 etiam
3331 3676 3431 3729 sim

1846 3761 2254 3834 praevaricator,
2288 3780 2308 3812 ι
2337 3762 2546 3831 conlige
2570 3775 2785 3826 carnes,
2819 3780 2836 3812 ι
2875 3762 2927 3816 id
2971 3771 3056 3816 est
3083 3764 3435 3821 carnalitates

1847 3870 2002 3912 meas
2025 3872 2044 3905 ι
2073 3861 2164 3910 tuo
2193 3853 2405 3920 timore,
2433 3873 2452 3906 ι
2507 3851 2561 3906 id
2593 3860 2675 3908 est
2723 3852 2878 3908 clavo
2906 3853 3117 3908 timoris
3154 3855 3253 3910 tui.
3287 3855 3432 3922 Ideo,

1848 3963 2066 4020 precor,
2094 3947 2324 4017 conﬁge,
2367 3964 2385 3998 ‹
2415 3962 2445 4001 a
2492 3943 2712 4016 judiciis
2750 3946 2896 4002 enim
2951 3947 3056 4002 tuis
3112 3947 3284 4014 timui,
3319 3968 3338 4001 ι
3382 3948 3438 4006 id

1851 4039 2026 4097 estad
2073 4037 2565 4095 considerationem
2607 4036 2912 4093 futurorum
2949 4038 3276 4107 judiciorum
3321 4048 3440 4098 tuo-

1851 4148 1994 4188 rum.
2056 4150 2074 4183 ι
2110 4129 2333 4202 Conﬁge
2366 4149 2386 4181 ι
2446 4129 2600 4196 dicit,
2653 4131 2780 4199 quia
2833 4131 3041 4186 sciebat
3093 4133 3236 4201 quod
3284 4141 3440 4188 vetus

1851 4221 2015 4368 laomo
2042 4220 2298 4292 ﬁgeretur
2325 4219 2382 4275 in
2420 4233 2600 4284 cruce,
2642 4229 2696 4274 et
2723 4219 3088 4276 destrueretur
3112 4222 3167 4277 in
3188 4223 3440 4294 passione

1900 4311 2081 4366 hristi.

1900 4311 2081 4366 hristi.

2589 4379 2703 4430 Ain.

1936 4514 1956 4550 ι
1985 4493 2115 4550 Feci
2156 4493 2418 4564 judicium
2462 4501 2513 4548 et
2557 4491 2847 4562 justitiam.
2873 4511 2892 4544 ι
2923 4492 3046 4558 Αἰη,
3105 4495 3248 4564 quod
3275 4495 3440 4551 inter-

1859 4595 2126 4662 pretatur,
2155 4585 2359 4652 oculus,
2407 4585 2528 4641 ideo
2576 4585 2702 4639 huic
2727 4587 3006 4641 octonario
3044 4587 3440 4657 praescribitur,

1863 4681 1990 4752 quia
2017 4679 2103 4734 hic
2136 4678 2442 4734 ostenditur
2468 4677 2556 4732 ille
2597 4676 2777 4746 justus
2814 4678 3102 4746 quemdam
3139 4678 3338 4734 habere
3365 4680 3443 4734 in-

1863 4774 2122 4829 teriorem
2151 4772 2368 4826 oculum
2408 4772 2548 4825 bene
2589 4769 2966 4835 illuminatum,
3003 4771 3211 4828 scilicet
3255 4789 3444 4844 quam-

1865 4868 1987 4922 dam
2019 4865 2368 4936 sagacitatem
2413 4863 2482 4917 ad
2534 4863 2869 4932 repellendas
2905 4866 3203 4922 calumnias
3233 4867 3444 4936 iniquo-

1863 4977 2005 5027 rum,
2037 4968 2092 5015 et
2120 4959 2186 5014 ad
2212 4957 2386 5029 legem
2416 4955 2513 5011 Dei
2535 4954 2927 5011 defendendam
2949 4967 3140 5012 contra
3164 4971 3258 5012 eos
3282 4974 3296 5011 :
3325 4973 3444 5027 qua:

1863 5051 2131 5123 sagacitas
2154 5058 2210 5103 et
2238 5047 2385 5117 justo
2418 5047 2722 5102 necessaria
2767 5056 2904 5102 erat.
2950 5046 3075 5100 Mali
3122 5047 3264 5101 enim
3310 5063 3444 5117 quos

1865 5145 1990 5202 odio
2017 5141 2308 5205 habebant,
2338 5139 2536 5194 multas
2584 5139 2639 5194 in
2667 5153 2762 5195 eos
2789 5135 3085 5194 calumnias
3111 5146 3166 5192 et
3192 5138 3445 5194 crimina-

1863 5239 2042 5295 tiones
2077 5233 2402 5290 inferebant.

1940 5328 2284 5387 Continuatio
2309 5341 2324 5380 :
2357 5326 2492 5394 Quia
2521 5325 2711 5382 dilexit
2758 5323 3065 5379 tesﬁmonia
3089 5331 3201 5390 tua,
3230 5330 3282 5379 et
3311 5320 3448 5379 alios

1872 5420 2118 5494 reputavi
2144 5415 2604 5490 praevaricatores,
2628 5415 2750 5471 ideo
2781 5430 2798 5464 ι
2828 5427 2896 5467 ne
2923 5413 3104 5469 tradas
3125 5427 3209 5468 me
3238 5409 3445 5466 calum-

1840 5522 1842 5524 ’
1872 5515 2147 5574 niantibus
2170 5528 2278 5578 me,
2309 5531 2330 5564 ι
2385 5511 2440 5567 id
2463 5517 2566 5573 est,
2614 5522 2682 5563 ne
2717 5507 3001 5577 permittas
3033 5521 3120 5562 me
3164 5505 3450 5561 calumniis

1874 5623 2059 5668 eorum
2087 5605 2456 5670 succumbere,
2481 5616 2615 5672 quas
2639 5601 2838 5656 multas
2856 5599 2987 5655 mihi
3014 5598 3252 5655 inferunt
3276 5617 3290 5653 :
3324 5598 3450 5668 quia

1877 5699 2296 5774 praevaricantes
2324 5693 2586 5765 reputavi,
2614 5693 2777 5746 etiam
2806 5707 2892 5748 me
2917 5691 2982 5745 ab
3020 5690 3140 5744 aliis
3166 5687 3406 5760 separavi
3434 5703 3448 5743 :

1833 5806 1842 5811 ’
1883 5809 1982 5849 nec
2008 5792 2170 5848 debes
2224 5788 2457 5852 tradere,
2515 5785 2639 5856 quia
2669 5804 2695 5837 ’ί
2742 5783 2839 5840 feci
2887 5781 3172 5852 judicium,
3223 5801 3243 5835 ι
3278 5780 3332 5837 id
3373 5788 3459 5835 cst
