3898 6458
461 360 568 419 623

916 351 1275 411 HAYMONIS
1315 343 1794 405 HALBERSTAT.
1831 340 2046 398 EPISC.
2086 336 2238 395 OPP.
2279 333 2458 391 PARS
2494 334 2539 390 ι.
2577 360 2648 376 --
2683 327 3044 388 COMMENT.
3079 324 3249 381 ΒιΒιη

463 472 846 530 discretionem
884 469 1027 523 inter
1053 467 1252 520 bonum
1273 471 1330 516 et
1359 458 1621 524 malum,«
1647 455 2004 526 etjustitiam,
2027 470 2046 504 ι
2077 453 2130 515 Α
2154 451 2347 523 pbetas
2375 464 2391 504 :
2425 448 2547 504 talis
2589 445 2882 503 declaratio
2925 464 2943 496 ι
2982 441 3247 498 illuminat
3295 458 3313 492 ι
3366 441 3742 498 communiter

353 593 362 604 θ
463 565 588 634 quia
621 561 918 619 deserendo
945 559 1166 619 malum,
1196 561 1413 610 secutus
1436 566 1556 606 sum
1577 550 1800 604 bonum.

542 676 561 707 ι
599 654 677 711 Ne
723 653 906 708 tradas
949 646 1447 710 calumniantibus;
1483 662 1502 696 ι
1545 651 1599 698 et
1643 641 1690 697 si
1737 637 2053 709 impulerint

465 747 520 802 in
550 743 766 817 aliquod
795 741 1015 805 malum,
1042 746 1100 793 tu
1132 756 1150 789 ι
1181 736 1394 805 suscipe
1422 753 1440 787 ι
1468 749 1556 789 me
1581 751 1600 784 ι
1632 745 1850 787 servum
1897 737 2050 783 tuum

466 840 522 896 iu
562 839 762 896 bonum
789 857 808 890 ι
839 845 893 891 et
921 832 1244 904 quandoque
1268 828 1354 884 fac
1389 840 1606 884 cessare
1635 838 1824 879 omnes
1847 820 2051 876 calum-

467 933 589 988 nias
624 943 853 993 eorum;
900 934 957 981 et
1010 926 1114 979 hoc
1156 929 1278 977 est:
1318 939 1336 972 ι
1369 932 1476 974 non
1518 914 1917 973 calumnientur
1963 923 2054 965 me

468 1019 705 1091 superbi.
729 1038 747 1070 ι

538 1113 605 1168 Et
640 1111 803 1169 debes
830 1107 1123 1177 suscipere,
1146 1101 1273 1174 quia
1303 1119 1322 1152 ‹
1351 1099 1492 1156 oculi
1532 1097 1661 1163 mei,
1692 1114 1711 1148 ι
1744 1093 2049 1158 interiores,

471 1203 786 1260 defecerunt
827 1201 895 1255 ab
920 1197 1064 1254 omni
1109 1195 1349 1267 appetitu
1379 1201 1736 1253 terrenorum,
1768 1187 2051 1243 tendentes

475 1315 494 1347 ι
523 1295 575 1350 in
602 1294 838 1350 salutare
883 1301 1055 1352 tuum,
1087 1308 1106 1340 ι
1143 1287 1198 1340 id
1249 1293 1333 1340 est
1371 1283 1424 1336 in
1457 1280 1810 1337 salvationem
1856 1287 2003 1332 tuam
2033 1289 2048 1340 ;

476 1406 495 1436 ‹
523 1395 578 1441 et
607 1406 625 1438 ι
655 1393 714 1439 ιιι
738 1385 804 1438 ad
849 1381 979 1436 illud
1025 1377 1335 1450 perveniam
1369 1373 1623 1436 salutare,
1672 1370 1896 1425 tendunt
1935 1385 1952 1417 ι
1997 1366 2051 1420 in

471 1477 743 1546 eloquium
799 1472 1022 1544 iustitiae
1073 1478 1194 1533 tuae,
1230 1487 1250 1520 ι
1299 1466 1356 1521 id
1407 1475 1490 1520 est
1544 1464 1599 1518 in
1645 1473 1916 1532 pracepta
1960 1466 2052 1513 tua

471 1566 808 1636 complenda.

543 1657 678 1724 Quia
699 1655 840 1710 oculi
863 1651 1138 1715 deﬁciunt,
1166 1668 1185 1702 ‹
1207 1649 1291 1703 fac
1312 1663 1434 1704 cum
1457 1661 1616 1702 servo
1641 1653 1734 1701 tuo
1756 1641 2053 1706 secundum

470 1746 901 1803 misericordiam
930 1752 1102 1809 tuam,
1141 1761 1160 1794 ι
1204 1741 1306 1796 hoc
1354 1739 1563 1796 scilicet
1601 1737 1711 1803 fac,
1739 1755 1758 1788 ι
1792 1733 2055 1804 iustiﬁca-

474 1839 647 1893 tiones
672 1847 792 1892 tuas
816 1837 949 1892 doce
977 1849 1082 1889 me.
1107 1852 1126 1885 ι

427 1983 438 2006 λ
543 1932 685 1985 Bene
731 1948 749 1981 ι
783 1929 902 1983 dico
947 1941 1068 1982 cum
1114 1940 1272 1981 servo
1311 1931 1422 1988 tuo,
1453 1941 1472 1974 ι
1508 1919 1632 1989 quia
1669 1937 1689 1970 ι
1715 1932 1904 1973 servus
1931 1923 2056 1971 tuus

419 2013 447 2064 ἶ
473 2038 592 2078 sum
617 2038 737 2091 ego,
767 2041 785 2073 ι
811 2019 1070 2076 obediens
1095 2016 1192 2072 tibi
1215 2030 1313 2086 per
1333 2013 1555 2069 omnia:
1589 2011 1710 2066 ideo
1736 2027 1755 2060 ι
1785 2009 1852 2063 da
1878 2005 2010 2062 mihi
2031 2027 2049 2058 ι

473 2111 836 2165 illuminatum
866 2127 884 2160 ι
909 2107 1260 2170 intellectum,
1286 2113 1348 2158 ut
1372 2103 1540 2159 sciam
1567 2099 1877 2156 testimonia
1898 2106 2009 2163 tua,
2030 2115 2050 2150 ι

475 2204 783 2277 cognitione
808 2212 863 2256 et
894 2201 1230 2270 impletionc.

546 2295 614 2348 Et
641 2293 806 2348 debes
833 2291 1032 2354 facere,
1063 2289 1190 2358 quia
1215 2306 1234 2340 ι
1266 2296 1478 2358 tempus
1501 2304 1521 2339 ι
1556 2294 1643 2342 est
1667 2285 1772 2340 hoc
1799 2281 2052 2348 faciendi,

475 2383 721 2447 Domine,
750 2380 952 2437 scilicet
980 2387 1042 2434 ut
1086 2379 1181 2434 des
1223 2378 1356 2433 mihi
1404 2375 1731 2432 intellectum
1772 2375 1906 2447 legis
1931 2381 2055 2439 tuae,

474 2491 568 2547 per
598 2489 760 2545 quem
789 2488 908 2528 eam
953 2471 1159 2542 possim
1201 2469 1488 2526 defendere
1529 2477 1720 2524 contra
1751 2466 2055 2531 haereticos,

2153 559 2370 600 omnem
2410 541 2727 604 Eeelesiam,
2772 548 2830 594 et
2849 537 2917 592 ad
2949 535 3109 591 tidem
3133 534 3392 591 accedere
3420 531 3601 598 facit;
3640 552 3661 584 ι
3691 543 3745 592 α

2152 637 2482 693 intellectum
2529 656 2548 688 ›
2581 633 2955 692 excellentem.
2998 629 3214 700 qualem
3263 629 3472 684 habent
3517 628 3740 696 sapien-

2158 729 2326 784 tiores
2356 726 2630 792 Ecclesize,
2677 743 2696 776 ι
2722 725 2816 780 dat
2849 721 3113 794 parvulis,
3151 739 3170 772 ι
3200 719 3255 774 id
3280 728 3386 783 est,
3414 716 3739 784 humilibus,

2151 822 2244 894 qui
2261 820 2532 893 parvulos
2571 833 2630 873 se
2655 822 2927 887 reputant,
2950 821 3005 868 et
3031 811 3165 868 nihil
3191 811 3258 866 de
3296 826 3355 865 se
3376 818 3737 881 praesumunt,

2152 913 2248 970 sed
2273 921 2400 968 sunt
2437 909 2648 983 parvuli
2676 906 2900 970 malitia,
2935 904 3075 960 sicut
3099 900 3390 972 Apostolus
3430 900 3734 970 praecepit:

2158 1023 2179 1058 ‹
2212 1005 2396 1060 Estote
2424 1000 2633 1073 parvuli
2663 997 2885 1054 malitia.
2924 1015 2944 1048 ι
2979 994 3032 1066 (Ι
3062 993 3186 1050 Cor.
3215 991 3354 1062 xxv.)

2225 1095 2292 1150 Et
2317 1094 2443 1164 quia
2484 1092 2616 1148 solis
2642 1088 2884 1161 parvulis
2919 1087 3014 1141 dat
3057 1083 3415 1150 intellectum,
3469 1083 3607 1139 ideo
3650 1082 3737 1139 feci

2153 1202 2240 1243 me
2277 1184 2582 1256 parvulum,
2627 1181 2835 1238 scilicet
2879 1197 2898 1230 ι
2934 1177 3122 1248 aperui
3156 1191 3218 1232 os
3251 1190 3459 1241 meum,
3509 1194 3532 1224 ι
3563 1174 3622 1228 id
3649 1184 3732 1241 est

2154 1279 2422 1336 desideria
2451 1277 2632 1334 cordis
2671 1275 2778 1330 mei
2805 1271 3045 1327 dilatavi.
3079 1269 3183 1324 Per
3221 1283 3302 1333 os,
3346 1282 3448 1322 eor
3493 1266 3731 1337 intelligi-

2163 1387 2308 1437 mus,
2353 1370 2477 1439 quia
2501 1368 2613 1436 jam
2644 1364 2917 1422 desiderat
2955 1361 3101 1418 reﬁci
3149 1359 3417 1416 beneﬁcio
3457 1359 3727 1429 spirituali.

2159 1481 2178 1514 ‹
2205 1463 2271 1516 Et
2293 1460 2488 1516 attraxi
2521 1458 2779 1529 Spiritum
2809 1476 2826 1508 i
2856 1461 3126 1518 sanetum,
3150 1452 3362 1507 scilicet
3386 1466 3594 1505 auram
3618 1451 3730 1504 salu-

2153 1555 2332 1611 brem.
2361 1553 2453 1609 llle
2480 1552 2741 1624 Spiritum
2771 1548 3053 1618 acquirere
3088 1545 3316 1608 laborat,
3352 1553 3410 1599 et
3437 1544 3662 1615 dignum
3684 1561 3727 1599 se

2153 1647 2338 1712 efﬁcit,
2369 1647 2422 1700 in
2449 1661 2557 1716 quo
2583 1643 2792 1698 habitet
2815 1640 3051 1712 Spiritus
3078 1648 3322 1703 sanctus,
3358 1636 3460 1707 qui
3500 1639 3721 1690 mandata

2154 1737 2250 1791 Dei
2279 1736 2554 1791 custodire
2601 1733 2888 1788 desiderat.
2933 1729 3058 1785 Ideo
3098 1729 3306 1799 aperui,
3356 1727 3492 1782 ideo
3540 1727 3712 1790 attraxi,

2077 1803 2129 1866 Β
2157 1847 2177 1880 ι
2213 1829 2339 1899 quia
2372 1827 2624 1881 mandata
2648 1834 2740 1880 tua
2764 1822 3163 1886 desiderabam,
3197 1839 3215 1871 ι
3242 1819 3311 1874 ad
3338 1818 3705 1890 intelligw

2155 1930 2211 1977 et
2236 1919 2632 1990 complendum.

2227 2011 2295 2066 Et
2330 2011 2456 2080 quia
2492 2006 2816 2072 desideravi,
2841 2014 2896 2061 et
2918 2020 2982 2061 os
3007 2003 3214 2075 aperui,
3245 2003 3374 2058 ideo
3428 2020 3449 2053 ς
3491 2000 3712 2072 aspiceia

2157 2117 2244 2157 me
2279 2121 2299 2153 ι
2333 2101 2489 2156 oculo
2519 2099 2771 2171 pietatis,
2793 2096 2999 2153 scilicet
3019 2103 3079 2150 ut
3103 2094 3236 2150 mihi
3272 2092 3544 2150 conferas
3565 2091 3710 2160 aliquid

2155 2189 2314 2256 boni;
2351 2210 2370 2242 ι
2409 2199 2466 2246 et
2502 2189 2764 2244 miserere
2788 2187 2893 2243 mei
2928 2206 2947 2238 ›
2983 2185 3214 2242 delendo
3241 2184 3526 2248 maculas,
3559 2186 3602 2238 si
3624 2197 3712 2252 quas

2163 2288 2218 2343 in
2251 2303 2338 2343 me
2365 2287 2609 2353 invenis;
2646 2295 2702 2341 et
2732 2286 2838 2340 hoc
2874 2298 3068 2354 precor
3107 2303 3124 2334 ι
3167 2281 3475 2337 secundum
3498 2278 3713 2350 judiciu-

2157 2385 2490 2457 diligentium
2516 2399 2714 2438 nomen
2748 2393 2900 2436 tuum
2933 2397 2946 2434 :
2984 2399 3003 2431 ι
3031 2378 3086 2434 id
3107 2385 3192 2434 est
3231 2377 3380 2432 sicut
3405 2373 3713 2442 judicasmi-

2157 2477 2446 2533 serendum
2477 2473 2599 2529 aliis
2636 2472 2982 2544 diligentibus
3016 2483 3214 2524 nomen
3243 2475 3431 2532 tuum,
3465 2467 3551 2520 ita
3583 2465 3638 2518 de
3659 2477 3714 2517 me

474 2566 602 2636 quia
631 2565 706 2621 illi
741 2583 759 2616 ι
789 2564 1208 2634 dissipaverunt,
1245 2580 1266 2614 ι
1300 2561 1442 2617 male
1463 2559 1834 2631 intelligendo,
1860 2567 1917 2614 et
1943 2558 2055 2612 bte-
2153 2567 2356 2638 iudica,
2398 2566 2551 2622 Licet
2596 2565 2738 2620 Deus
2771 2562 2959 2618 ﬁdeles
3009 2575 3136 2618 suos
3181 2574 3282 2629 per
3317 2557 3714 2612 misericordia

473 2672 622 2712 reses
664 2655 983 2719 indueendo,
1029 2660 1086 2707 et
1137 2651 1349 2707 caeteris
1399 2651 1519 2705 aliis
1567 2648 1763 2715 modis,
1817 2666 1836 2699 ι
1885 2645 2051 2718 legem

2163 2659 2343 2714 visitet
2369 2665 2425 2714 et
2454 2656 2804 2720 misereatur,
2832 2662 3012 2708 tamen
3035 2650 3166 2706 dicit
3189 2668 3208 2701 ι
3241 2648 3552 2719 judicium,
3584 2667 3602 2699 ι
3629 2645 3715 2715 quia

475 2754 623 2801 luam
664 2764 682 2796 ι
719 2743 1132 2814 corrumpendo.
1185 2743 1277 2799 Vel
1300 2741 1398 2798 tibi
1427 2742 1656 2799 Domino
1697 2757 1833 2812 opus
1858 2749 1944 2797 est
1986 2737 2061 2794 fa-
2168 2749 2417 2818 intelligit
2460 2748 2514 2802 in
2552 2747 2656 2802 hac
2683 2746 2793 2801 vita
2822 2759 3040 2814 semper
3067 2741 3514 2798 misericordiam
3560 2736 3715 2811 judia'o

473 2835 750 2899 ciendi,ut
774 2835 869 2890 des
899 2833 1032 2889 mihi
1054 2833 1401 2898 intellectum,
1436 2833 1506 2889 ad
1528 2831 1895 2889 defensionem
1925 2829 2059 2902 legis
2161 2842 2258 2897 Dei
2287 2842 2629 2912 coniunctam
2680 2856 2693 2892 ε
2746 2837 2872 2907 quia
2909 2833 3129 2905 aliquod
3182 2831 3443 2887 meritum
3479 2830 3606 2886 ﬁdei
3642 2836 3715 2890 est.

475 2935 579 2980 tua:
605 2944 617 2978 :
642 2934 698 2980 et
721 2927 844 2995 quia
875 2925 965 2979 alii
991 2924 1386 2994 dissipaverunt
1429 2923 1600 2996 legem
1631 2933 1800 2988 tuam,
1829 2941 1849 2975 ‹
1887 2923 2009 2978 ideo
2033 2940 2054 2974 ι
2166 2949 2336 3006 quam
2365 2933 2507 2988 Deus
2533 2929 2710 3001 parcit
2737 2928 2808 2983 ei.

474 3033 575 3086 ego
596 3031 858 3072 accensus
886 3015 1005 3071 zelo
1036 3015 1153 3081 Dei,
1180 3035 1199 3067 ι
1229 3014 1391 3071 dilexi
1424 3016 1677 3070 mandata
1705 3022 1796 3070 tua
1823 3034 1842 3066 ι
1885 3014 1952 3069 ad
1973 3015 2061 3070 de-
2231 3023 2364 3078 Dico
2394 3041 2412 3074 σ
2445 3021 2627 3091 aspice
2659 3027 2715 3074 et
2741 3017 3025 3081 miserere,
3063 3031 3082 3065 ι
3111 3019 3166 3067 et
3195 3030 3215 3064 ε
3249 3025 3478 3082 gressus
3520 3022 3671 3070 meos,
3699 3024 3713 3055 ι

473 3107 800 3170 ﬁgendum
838 3121 926 3172 ea,
964 3123 984 3157 ς
1018 3119 1181 3174 super
1222 3119 1436 3170 aurum,
1467 3123 1486 3157 ι
1519 3105 1572 3160 id
1597 3112 1699 3172 est,
1739 3119 1902 3174 super
1943 3119 2059 3160 om-
2161 3115 2215 3170 id
2239 3123 2338 3177 est,
2371 3127 2538 3184 opera
2567 3125 2708 3175 mea,
2746 3128 2765 3160 ι
2798 3116 2853 3164 et
2877 3106 3071 3176 dirige,
3107 3123 3127 3155 ι
3172 3112 3235 3158 ιιι
3262 3102 3371 3158 sint
3400 3121 3422 3153 ‹
3457 3099 3716 3156 secundum

477 3223 600 3262 nem
622 3206 968 3277 cupiditatem
995 3195 1355 3274 possessionis
1379 3195 1674 3262 εκευιθνὶεν
1708 3214 1727 3247 ι
1759 3206 1814 3250 ει
1842 3213 1862 3247 ³
1894 3209 2058 3266 super
2084 3185 2129 3250 α
2165 3203 2441 3275 eloquium
2474 3211 2657 3267 tuum;
2693 3207 2748 3254 et
2786 3217 2806 3250 ι
2838 3213 2938 3268 per
2971 3196 3076 3250 hoc
3107 3212 3127 3245 ‹
3162 3208 3273 3248 non
3312 3192 3611 3246 dominetur
3632 3185 3717 3240 mei

459 3316 503 3351 -‹
539 3297 805 3369 t0pazion.
828 3315 848 3349 ι
879 3293 1146 3365 Topazius
1170 3292 1440 3363 pretiosus
1480 3287 1739 3360 lapiS‘ést,
1767 3287 1920 3360 cujus
1958 3302 2051 3342 na-

2163 3296 2330 3354 Dmnis
2367 3294 2656 3366 iniustitia,
2727 3311 2747 3343 ›
2797 3291 2850 3345 id
2896 3297 2981 3344 est
3029 3287 3176 3342 nulla
3232 3285 3512 3355 iniquitas,
3558 3284 3606 3336 it.
3644 3284 3717 3332 est

478 3398 603 3444 tura
659 3396 744 3444 est
785 3395 843 3442 ut
891 3401 1103 3457 semper
1134 3384 1371 3439 attrahat
1413 3383 1588 3438 visum
1633 3380 2051 3451 inspicientium,
2156 3396 2439 3467 pqL-catum
2486 3385 2629 3456 quod
2666 3384 2877 3440 habitat
2903 3381 2961 3437 in
2994 3389 3183 3437 ηοειιεο
3218 3393 3446 3449 corpore
3483 3369 3703 3433 mortali,

477 3495 579 3536 nec
601 3479 745 3536 oculi
774 3477 1172 3549 inspicientium
1201 3473 1319 3544 eius
1343 3482 1572 3545 possunt
1592 3473 1787 3528 intuitu
1817 3472 2004 3527 satiari
2037 3489 2050 3526 :

476 3585 576 3641 per
614 3570 757 3641 quod
802 3568 1152 3640 intelligimus
1177 3573 1358 3638 Lomne
1403 3565 1688 3636 pulchrum
1732 3565 1852 3620 visu
1897 3562 2055 3634 hujus

475 3661 681 3719 saeculi.

545 3751 613 3809 Et
661 3752 784 3824 quia
820 3771 840 3804 ι
883 3751 1043 3808 dilexi
1091 3752 1344 3808 mandata
1385 3759 1508 3817 tua,
1562 3757 1849 3821 propterea
1881 3767 1899 3800 ι
1945 3763 2054 3803 non

476 3843 552 3899 fui
587 3844 796 3900 otiosus
831 3844 898 3898 ab
949 3857 1134 3915 opere,
1180 3844 1274 3898 sed
1315 3860 1334 3893 ‹
1371 3842 1646 3913 dirigebar
1673 3861 1691 3892 ι
1738 3855 1951 3911 semper
1985 3838 2055 3894 ad

474 3939 656 3994 omnia
685 3936 935 3991 mandata
980 3945 1072 3989 tua
1119 3934 1410 4006 implenda,
1439 3943 1496 3991 et
1530 3933 1858 3996 eoontrario,
1894 3953 1912 3984 ‹
1940 3946 2056 3986 om-

475 4041 600 4082 nem
636 4027 779 4080 viam
811 4025 1049 4093 iniquam
1069 4024 1193 4079 odio
1240 4024 1401 4078 habui
1424 4043 1441 4074 i
1469 4024 1627 4093 juxta
1657 4022 2004 4092 Evangelium
2037 4037 2052 4074 :

481 4139 500 4169 ‹
520 4119 638 4174 Non
659 4117 884 4187 potestis
898 4117 1006 4171 Deo
1025 4116 1228 4170 servire
1239 4124 1294 4170 et
1313 4129 1655 4169 mammonae.
1679 4133 1696 4166 ι
1725 4113 1936 4185 (Matth.
1952 4113 2052 4186 vt.)

1197 4245 1324 4299 Phe.

555 4380 575 4413 ι
605 4359 872 4416 Mirabilia
907 4357 1216 4417 testimonia
1240 4368 1352 4416 tua.
1384 4379 1405 4415 ι
1448 4359 1586 4418 Huic
1610 4364 1892 4420 octonario
1916 4364 2057 4422 bene

479 4451 850 4523 prescribitur
878 4450 1007 4518 Phe,
1039 4453 1181 4522 quod
1225 4452 1609 4524 interpretatur
1647 4472 1814 4523 error,
1843 4457 1969 4526 quia
1999 4458 2054 4514 in

475 4542 578 4598 hac
616 4550 769 4612 parte
811 4541 983 4598 ﬁdelis
1023 4542 1114 4614 qui
1140 4543 1378 4614 loquitur
1405 4547 1641 4601 ostendit
1675 4563 1733 4603 se
1773 4548 1955 4605 dolere
1985 4551 2052 4607 de
2077 4533 2132 4594 Ῑ)

475 4646 664 4689 errore
691 4631 903 4688 illorum
943 4648 1078 4704 quos
1106 4648 1266 4705 supra
1310 4635 1519 4691 dixerat
1558 4636 1730 4707 legem
1760 4639 1855 4694 Dei
1884 4640 2048 4696 dissi-

473 4738 623 4794 pare,
648 4733 703 4779 et
724 4724 957 4780 ostendit
986 4725 1066 4780 eis
1093 4727 1476 4783 convenienter
1500 4727 1671 4800 legem
1697 4728 1911 4788 Domini
1941 4749 2049 4789 non

474 4815 860 4884 dissipandam,
890 4816 984 4872 sed
1011 4818 1319 4873 amandam.

544 4906 708 4974 Quasi
745 4907 948 4962 diceret
982 4926 996 4962 :
1038 4906 1153 4963 Non
1205 4910 1413 4967 debetis
1449 4913 1736 4984 dissipare,
1781 4915 1892 4971 imo
1933 4932 2051 4972 am-

472 4997 636 5068 plecti
679 5007 734 5054 et
766 4999 1057 5065 custodire,
1099 5001 1247 5070 quia,
1292 5018 1326 5057 ο
1374 5022 1392 5056 ι
1440 5004 1686 5072 Domine,
1738 5007 2047 5063 testimonia

474 5099 564 5143 tua
596 5108 615 5139 ι
651 5099 777 5145 sunt
810 5110 828 5141 ι
858 5091 1145 5157 mirabilia,
1184 5112 1202 5144 ι
1243 5093 1297 5147 id
1325 5103 1410 5149 est
1459 5095 1622 5168 digna
1667 5099 2044 5166 admiratione,

473 5181 598 5248 quia
653 5182 1030 5238 observatores
1069 5197 1196 5238 suos
1237 5184 1374 5240 tales
1419 5186 1653 5244 efﬁciunt
1686 5191 1830 5260 quod
1874 5205 2048 5247 caecos

473 5269 797 5338 illuminent,
823 5281 1065 5329 mortuos
1098 5275 1438 5342 resuscitent,
1469 5286 1526 5334 et
1559 5281 1865 5352 hujusmodi
1902 5281 2042 5350 alia;

475 5371 532 5418 et
552 5381 572 5416 σ
605 5363 726 5420 ideo
747 5373 985 5420 scrutata
1011 5375 1094 5422 est
1113 5381 1178 5423 ea
1207 5368 1390 5424 anima
1412 5386 1553 5427 mea.
1593 5391 1612 5426 ι

544 5466 737 5522 Anima
775 5477 1070 5534 scrutatur,
1095 5480 1151 5525 et
1176 5471 1312 5526 bene
1344 5481 1521 5544 potest
1544 5475 1611 5530 ad
1639 5475 2050 5547 intelligendum

474 5555 760 5624 proﬁcere,
786 5558 912 5627 quia
941 5576 960 5609 ‹
992 5559 1302 5627 declaratio,
1334 5583 1354 5617 ›
1383 5564 1434 5618 id
1457 5573 1542 5620 est
1573 5567 1861 5636 completio
1887 5585 1906 5618 ι
1940 5583 2052 5624 ser-

411 5665 414 5668 ’
474 5662 694 5706 ιιιοηιιιιι
720 5655 953 5715 tuorum,
993 5673 1012 5704 ι
1041 5653 1189 5708 velut
1216 5657 1478 5712 adventus
1504 5657 1706 5714 Christi
1728 5670 1783 5715 et
1805 5662 2050 5717 doctrina

474 5737 804 5846 evangeliea,
837 5756 957 5848 quae
1001 5742 1279 5819 declarant
1307 5755 1364 5804 et
1396 5749 1666 5822 complent
1702 5767 1889 5815 omnes
1927 5771 2052 5828 pro-

2149 3463 2262 3554 jam
2293 3497 2396 3537 non
2426 3487 2636 3550 regnet,
2669 3476 2724 3532 id
2767 3483 2853 3532 est
2890 3474 2944 3530 in
2989 3473 3146 3528 nobis
3194 3480 3260 3526 ut
3310 3470 3477 3524 valeat
3507 3478 3603 3520 nos
3619 3463 3715 3516 im-

2153 3552 2358 3644 pellere
2379 3573 2448 3627 ad
2479 3571 2692 3626 illicitos
2719 3579 2918 3630 metus,
2962 3564 3056 3621 sed
3093 3563 3278 3634 potius
3308 3562 3515 3616 ratione
3535 3552 3712 3644 illumi-

2154 3642 2302 3728 nata,
2359 3662 2532 3718 fomes
2583 3659 2790 3732 peccati
2832 3655 3264 3727 comprimatur;
3300 3653 3423 3707 ideo
3482 3649 3565 3703 sic
3614 3642 3711 3701 didi

2162 3777 2181 3809 ι
2214 3755 2360 3812 nulla
2385 3754 2713 3818 dominetur,
2752 3770 2771 3804 ι
2809 3750 2936 3821 quia
2960 3747 3212 3817 intelligit
3237 3753 3438 3800 tantum
3466 3740 3653 3796 valere
3671 3735 3726 3791 ad

2157 3848 2578 3911 damnationem,
2613 3846 2658 3900 si
2687 3859 2795 3899 una
2838 3841 3100 3914 iniustitia
3143 3836 3430 3893 dominetur
3459 3837 3735 3901 quantum

2157 3945 2203 3999 si
2223 3957 2411 3998 omnes
2436 3941 2798 3996 dominentur.

2226 4031 2359 4087 Dico
2389 4051 2406 4083 ι
2440 4044 2658 4101 gressus
2675 4028 2869 4098 dirige,
2902 4043 2920 4077 ι
2955 4038 3025 4079 ne
3048 4022 3346 4079 dominetur
3368 4015 3737 4087 injustitia,et

2157 4125 2319 4181 etiam
2360 4143 2378 4172 ι
2435 4122 2640 4177 redime
2691 4135 2778 4175 me
2816 4139 2834 4171 ι
2868 4132 2968 4190 per
3020 4117 3254 4186 pretium
3293 4107 3578 4181 sangﬁinis
3626 4106 3734 4164 Filii

2158 4218 2266 4282 tui;
2296 4214 2498 4269 redime
2529 4227 2614 4268 me
2645 4231 2662 4262 ι
2706 4227 2737 4266 a
2777 4208 3063 4265 calumniis
3102 4206 3406 4267 hominum,
3443 4222 3465 4253 ι
3498 4201 3558 4255 id
3586 4210 3666 4255 est
3706 4213 3730 4251 ι

2157 4302 2309 4360 falsis
2333 4302 2798 4359 criminationibus
2823 4309 2880 4356 et
2913 4297 3316 4354 inventionibus
3343 4293 3652 4365 hominum,
3679 4303 3733 4344 ne

2155 4395 2366 4466 possint
2387 4412 2473 4451 me
2501 4393 2842 4452 eonformare
2865 4406 2976 4448 suae
3010 4391 3287 4460 nequitiae,
3313 4407 3335 4440 ς
3374 4394 3437 4442 ut
3474 4405 3496 4438 ι
3536 4394 3660 4440 tunc
3687 4383 3735 4436 li-

2157 4490 2288 4546 bere
2319 4508 2340 4541 c
2371 4488 2672 4545 custodiam
2697 4486 2951 4542 mandata
2974 4493 3085 4550 tua,
3120 4502 3139 4534 ι
3172 4483 3264 4554 qui
3297 4479 3469 4536 modo
3492 4478 3736 4551 impedior

2155 4583 2340 4637 multis
2367 4580 2649 4638 calumniis
2676 4594 2885 4636 eorum.

2226 4675 2295 4730 Et
2331 4682 2393 4728 ut
2421 4673 2626 4744 possim
2656 4671 2931 4727 custodire
2977 4668 3231 4724 mandata
3288 4674 3410 4732 tua,
3451 4686 3474 4719 ι
3519 4664 3736 4723 illunis:

2155 4766 2350 4822 faciem
2382 4775 2548 4831 tuam,
2585 4784 2604 4816 ι
2639 4765 2691 4818 id
2723 4771 2807 4819 est
2860 4760 3205 4832 praesentiam
3232 4768 3388 4814 tuam
3423 4761 3572 4815 mihi
3597 4757 3740 4814 mani-

2156 4855 2351 4911 festam
2378 4854 2624 4919 ostende,
2659 4868 2765 4908 non
2800 4851 2938 4907 faeie
2984 4849 3180 4913 velata,
3218 4849 3368 4904 sicut
3410 4849 3636 4921 Moyses
3664 4845 3740 4901 Ju-

2156 4946 2300 5001 daeos
2329 4945 2557 5000 docebat
2585 4942 2785 5014 (Exod.
2829 4941 2936 5014 ιιι),
2977 4938 3291 5009 signiﬁcans
3315 4941 3544 4994 mentis
3581 4952 3742 4994 eorum

2151 5036 2418 5100 velamen,
2471 5035 2563 5105 qui
2595 5033 2930 5104 spiritualem
2960 5031 3262 5086 doctrinam
3297 5029 3629 5100 intelligere
3659 5043 3744 5082 non

2151 5131 2372 5196 possent
2397 5141 2409 5178 :
2441 5122 2692 5180 Christus
2720 5136 2852 5176 vero
2887 5121 3076 5176 doctor
3107 5128 3296 5175 noster
3322 5119 3646 5176 manifeste
3670 5119 3750 5171 do-

2152 5214 2265 5270 cuit
2289 5214 2596 5276 veritatem,
2625 5220 2680 5266 et
2708 5209 3072 5280 cognitionem
3098 5207 3194 5262 Dei
3230 5207 3503 5263 ﬁdelibus
3546 5210 3753 5263 intima-

2150 5305 2246 5360 vit.
2297 5304 2363 5358 Et
2405 5303 2545 5358 hanc
2577 5301 2794 5366 faciem,
2851 5301 2905 5356 id
2932 5309 3015 5356 est
3053 5298 3458 5370 cognitionem,
3524 5299 3759 5355 illnmina

2161 5414 2181 5448 ‹
2219 5409 2381 5465 super
2431 5413 2448 5444 ι
2483 5408 2570 5448 me
2607 5413 2626 5444 ‹
2662 5407 2878 5448 servum
2907 5399 3076 5456 tuum,
3111 5400 3168 5445 et
3200 5409 3218 5441 ι
3265 5405 3365 5458 per
3401 5390 3528 5446 hoc
3567 5411 3589 5443 ε
3640 5392 3760 5445 doce

2157 5501 2246 5542 me
2278 5505 2295 5537 ι
2329 5483 2600 5540 intellectu
2627 5492 2681 5539 et
2711 5482 3017 5553 impletionc
3054 5500 3072 5531 ι
3096 5479 3545 5551 justiﬁcationes
3576 5492 3716 5539 tuas.
3741 5500 3759 5533 ι

2227 5578 2294 5633 Et
2321 5579 2514 5648 dignus
2545 5592 2664 5631 sum
2695 5586 2751 5630 ut
2789 5575 3003 5638 doceas,
3034 5573 3160 5643 quia
3203 5571 3448 5626 multum
3496 5575 3672 5632 doleo
3708 5575 3766 5629 de

2155 5668 2382 5723 aliorum
2409 5682 2627 5730 errore;
2656 5675 2710 5720 et
2737 5667 2840 5721 hoc
2864 5665 2995 5720 dicit
3019 5682 3032 5717 :
3064 5683 3082 5715 ‹
3117 5663 3295 5718 exitus
3317 5678 3642 5732 aquarum,
3680 5688 3698 5718 ι
3719 5665 3767 5721 id

2153 5771 2256 5825 est,
2287 5759 2537 5828 copiosus
2565 5758 2720 5821 ﬂetus
2745 5759 3006 5824 exterius,
3032 5765 3090 5812 et
3118 5756 3316 5812 multos
3341 5755 3594 5816 dolores
3636 5761 3770 5826 inte-
