3898 6484
209 444 317 501 69.5

1361 427 1798 489 EXPLANATIO
1831 426 1901 484 IN
1935 424 2274 483 ΡεΑιιιοε.

3350 429 3455 485 636

205 558 345 624 rius,
365 574 388 610 ι
425 555 784 620 deduxerunt,
821 570 842 606 ι
873 551 930 607 id
963 558 1069 616 est,
1093 562 1203 604 non
1235 554 1445 602 tantum
1485 558 1593 598 una
1618 543 1774 607 hora,
1802 550 1856 610 Α
1879 538 1946 593 ad
1974 538 2154 594 omnia
2173 537 2507 606 sustinenda;
2538 547 2592 594 et
2619 538 2733 594 haec
2759 538 2938 594 omnia
2973 554 3081 594 non
3107 537 3460 598 feceruntme

201 647 301 704 sed
325 661 424 718 per
445 646 639 702 multos
659 645 776 702 dies
803 642 1058 698 fuderunt
1091 657 1111 692 ‹
1139 637 1278 694 oculi
1308 636 1416 691 mei
1450 655 1469 685 ι
1495 634 1778 689 interiores

199 747 260 795 et
279 738 594 806 exteriores,
625 755 645 789 ι
681 736 808 807 quia
833 749 942 791 non
961 732 1331 789 custodierunt
1355 728 1525 800 legem
1552 736 1720 782 tuam.
1750 744 1772 778 ι

911 873 1063 928 Sade.

277 1027 297 1061 ι
342 1005 526 1063 Justus
561 1021 643 1073 es,
689 1005 948 1076 Domine._
978 1022 999 1057 ι
1045 1001 1183 1059 Huic
1224 1002 1365 1057 bene
1408 995 1778 1070 praescribitur

199 1097 365 1164 Sade,
389 1097 532 1169 quod
563 1081 1282 1168 interpretatur‘comolatio,
1310 1091 1438 1161 quia
1459 1089 1638 1158 justus
1667 1088 1774 1154 ille,

199 1192 293 1262 qui
311 1191 471 1260 paulo
495 1199 622 1246 ante
639 1188 958 1246 ostendebat
983 1186 1166 1244 dolere
1187 1200 1246 1241 se
1277 1184 1542 1239 malorum
1570 1196 1772 1247 errore,

197 1283 291 1339 hic
305 1282 418 1351 jam
432 1283 668 1339 ostendit
686 1281 1108 1338 consolationem
1121 1277 1387 1346 duplicem
1413 1272 1690 1331 se'habere
1708 1289 1778 1328 ex

194 1371 345 1442 justo
366 1371 568 1442 judicio
595 1373 711 1427 Dei.
739 1371 872 1426 Cum
903 1372 1048 1424 enim
1073 1369 1168 1424 Dei
1190 1366 1396 1437 judicio
1423 1381 1484 1421 se
1513 1363 1778 1419 illumina-

199 1472 312 1516 tum
339 1462 602 1533 agnoscit,
629 1475 879 1532 magnam
909 1460 1073 1514 habet
1109 1456 1532 1514 consolationem
1562 1454 1630 1508 ad
1659 1469 1775 1508 ma-

196 1551 250 1606 la
274 1553 589 1607 sustinenda
609 1562 665 1607 et
691 1551 933 1608 caelestia
963 1549 1250 1620 speranda.
1286 1547 1416 1602 ltem
1440 1547 1570 1601 dum
1606 1543 1776 1600 malos

198 1643 340 1714 justo
387 1644 476 1698 Dei
497 1641 702 1712 judicio
727 1650 1027 1697 excaecatos
1065 1651 1120 1694 et
1157 1639 1475 1708 reprobatos
1505 1635 1774 1706 intelligit,

199 1735 254 1789 in
299 1735 500 1791 eisdem
532 1735 863 1798 consolatur,
897 1732 1199 1803 intelligens
1233 1747 1293 1786 se
1324 1746 1420 1802 per
1441 1745 1535 1784 eos
1574 1727 1779 1784 exami-

197 1828 434 1883 nandum
463 1837 521 1882 et
554 1826 1005 1896 exprobrandum.
1051 1824 1203 1891 Quod
1235 1822 1366 1878 facit
1396 1820 1590 1876 fornax
1618 1833 1774 1886 auro,

197 1919 328 1972 lima
357 1917 524 1984 ferro,
556 1917 681 1972 facit
711 1917 907 1986 impius
925 1916 1035 1985 pio.

209 2063 212 2066 .
270 2011 617 2066 Continuatio
660 2031 674 2066 ;
720 2010 990 2066 Hactenus
1021 2009 1185 2075 dolui,
1225 2016 1281 2063 et
1309 2006 1562 2062 fuderunt
1597 2004 1772 2075 lacry-

197 2118 318 2156 ruas
359 2102 503 2158 oculi
532 2101 657 2166 mei;
696 2101 789 2156 sed
811 2100 922 2169 jam
958 2117 1062 2156 non
1093 2099 1268 2163 doleo,
1308 2099 1401 2152 sed
1426 2097 1605 2167 potius
1639 2110 1772 2150 con-

195 2191 344 2247 solor
371 2192 424 2245 in
450 2193 572 2257 hoc,
597 2192 903 2256 attendens,
926 2191 1072 2260 quia,
1095 2204 1128 2244 o
1153 2211 1169 2239 ι
1205 2189 1450 2252 Domine,
1468 2185 1646 2254 justus
1659 2198 1719 2238 es
1745 2201 1772 2252 »ε

194 2282 252 2338 in
280 2293 496 2348 natura,
531 2301 548 2333 ι
589 2290 644 2337 ει
668 2292 875 2337 rectum
905 2281 1170 2352 judicium
1198 2288 1368 2344 tuum,
1408 2296 1428 2331 ι
1462 2279 1587 2348 quia
1625 2277 1772 2347 quod

192 2372 331 2427 alios
363 2373 519 2444 eligis
550 2382 604 2428 et
635 2372 924 2438 illuminas,
973 2373 1108 2427 alios
1149 2371 1408 2441 reprobas
1435 2378 1490 2426 et
1509 2383 1771 2435 exerceas,

193 2465 300 2520 hoc
330 2463 480 2533 justo
504 2463 710 2531 judicio
733 2462 887 2518 facis.
1022 2477 1025 2480 ·
1767 2513 1772 2522 ,

264 2556 322 2610 In
365 2556 468 2610 hoc
506 2564 729 2627 apparet
779 2556 921 2624 quod
969 2562 1178 2610 rectum
1209 2553 1280 2608 sit
1318 2551 1600 2622 judicium,
1644 2550 1773 2622 quia

194 2649 449 2703 mandata
480 2663 600 2717 quae
625 2647 777 2702 nobis
798 2645 1074 2717 proponis,
1107 2643 1241 2699 facis
1266 2659 1296 2697 a
1335 2644 1655 2714 quibusdam
1682 2656 1770 2696 re-

191 2740 299 2810 cipi
335 2747 390 2794 et
419 2755 449 2793 a
497 2739 817 2808 quibusdam
862 2734 1047 2805 rejici;
1093 2744 1150 2791 et
1207 2737 1308 2790 hoc
1348 2734 1478 2790 dicit
1509 2751 1522 2786 :
1557 2751 1576 2783 ‹
1613 2748 1771 2786 man-

193 2836 335 2892 dasti
363 2836 630 2907 justitiam
657 2835 961 2890 testimonia
991 2847 1104 2900 tua,
1139 2853 1155 2885 ι
1184 2843 1239 2887 ει
1270 2834 1370 2888 hoc
1401 2852 1419 2884 ‹
1451 2831 1634 2898 nimis,
1668 2850 1686 2882 ι
1719 2831 1773 2886 id

191 2938 278 2984 est
324 2928 498 2993 valde,
531 2928 738 2983 scilicet
767 2943 863 2998 per
890 2926 1130 2981 inﬁnitos
1161 2927 1366 2996 legatos
1399 2942 1414 2981 :
1454 2923 1771 2979 testimonia

192 3023 315 3080 dico
334 3021 622 3092 justitiam,
645 3021 700 3076 id
723 3030 828 3087 est,
851 3019 1019 3076 solam
1037 3020 1346 3090 atquitatem
1372 3016 1769 3087 praecipientia;

198 3132 217 3168 ι
251 3124 305 3170 ει
340 3115 618 3170 veritatem
671 3123 838 3180 tuam,
894 3132 914 3165 ι
950 3113 1003 3168 id
1031 3121 1116 3168 est
1149 3111 1397 3182 judicent
1438 3119 1493 3165 et
1550 3109 1775 3178 implent

193 3209 455 3279 quidquid
477 3207 818 3278 promittunt,
847 3215 904 3263 et
923 3206 1043 3262 ideo
1067 3205 1204 3262 bene
1229 3204 1488 3262 deberent
1508 3204 1576 3258 ab
1598 3202 1774 3258 omni-

193 3300 296 3355 bus
316 3300 504 3369 recipi.

267 3392 336 3446 Et
359 3392 486 3446 licet
516 3390 825 3446 testimonia
867 3397 956 3443 tua
985 3396 1041 3442 et
1069 3386 1216 3456 justa
1245 3393 1444 3450 essent,
1470 3393 1526 3439 et
1557 3399 1772 3440 omnem

191 3480 611 3551 promissionem
657 3476 1012 3546 complerent,
1044 3485 1223 3531 tamen
1271 3492 1290 3526 ι
1340 3474 1543 3529 inimici
1589 3475 1714 3538 mei,
1751 3493 1771 3526 ι

196 3573 292 3640 qui
325 3571 513 3624 volunt
540 3570 672 3624 mihi
702 3569 843 3624 mala
868 3571 996 3640 quia
1024 3585 1133 3626 non
1161 3585 1281 3624 sum
1309 3570 1388 3624 eis
1428 3570 1639 3637 similis,
1689 3569 1778 3626 illa

205 3681 224 3712 ι
260 3661 421 3716 verba
448 3670 537 3715 tua
572 3679 592 3714 ι
618 3662 914 3717 secundum
955 3661 1369 3731 completionem
1417 3679 1436 3713 ‹
1476 3672 1603 3717 ειιιιι
1642 3661 1780 3716 obli-

198 3755 261 3820 ti,
299 3775 318 3806 »
345 3741 463 3824 qua:
490 3755 627 3810 ratio
652 3755 935 3812 rationalis
960 3756 1040 3811 eis
1063 3755 1450 3826 persuadebat,
1491 3765 1548 3812 et
1571 3755 1780 3826 aliquo-

196 3862 317 3900 rum
348 3848 660 3916 praedicatio
700 3848 780 3903 eis
805 3847 1150 3903 intimaverat
1199 3866 1213 3902 :
1251 3858 1306 3904 et
1333 3849 1460 3920 quia
1486 3851 1602 3905 haec
1624 3851 1778 3906 obliti

194 3945 338 4002 sunt,
371 3938 491 3994 ideo
537 3957 556 3990 ί
601 3939 748 3994 zelus
779 3954 930 3994 meus
957 3959 976 3992 ι
1019 3956 1180 4010 quem
1208 3940 1370 3996 habui
1394 3956 1522 4013 erga
1562 3956 1656 3998 eos
1680 3957 1780 4013 pro

194 4039 505 4099 contemptu
530 4031 986 4098 testimoniorum,
1015 4051 1033 4084 ι
1066 4033 1197 4088 fecit
1224 4049 1311 4089 me
1335 4035 1635 4101 tabescere,
1671 4055 1691 4088 ι
1721 4034 1779 4092 id

193 4129 276 4174 est
305 4119 537 4176 deiicere
566 4131 621 4176 et
648 4123 912 4177 macerari
942 4124 994 4177 in
1021 4140 1266 4196 corpore.

269 4235 287 4267 ι
312 4215 641 4271 Testimonia
663 4227 752 4272 tua
774 4219 1114 4274 suntveritas
1129 4228 1185 4274 et
1197 4219 1431 4290 justitia,
1461 4242 1479 4274 ι
1515 4229 1569 4277 ει
1597 4221 1774 4292 ipsum

198 4328 216 4360 ι
253 4308 525 4378 eloquium
551 4319 701 4365 tuum
730 4330 749 4363 ›
775 4320 860 4366 εει
893 4333 910 4363 ι
942 4313 1169 4383 ignitum
1190 4315 1561 4382 vehementer,
1595 4336 1614 4369 ι
1649 4316 1776 4386 quia

192 4403 473 4457 comburet
502 4403 651 4468 vitia,
699 4405 1064 4475 accendetque
1112 4405 1386 4462 hominem
1425 4408 1493 4462 ad
1529 4423 1775 4464 amorem

196 4494 311 4559 Dei,
350 4514 370 4547 ι
405 4505 457 4550 ει
497 4511 684 4551 servus
712 4505 834 4552 tuus
869 4497 1058 4552 dilexit
1095 4497 1256 4562 illud,
1297 4519 1317 4552 ι
1352 4499 1560 4556 scilicet
1589 4515 1690 4573 ego
1719 4508 1775 4557 et

195 4585 303 4640 mei
325 4586 652 4642 consimiles.

1879 637 2126 700 paratum
2181 629 2435 686 recedere
2499 645 2530 684 a
2583 630 2854 684 mandatis
2912 629 3036 697 tuis,
3103 631 3196 686 sed
3245 646 3460 703 semper

1885 738 1904 772 ι
1923 718 2175 774 mandata
2201 728 2286 774 tua
2307 720 2582 775 meditatio
2608 735 2727 776 mea
2751 729 2854 776 est.
2876 741 2894 775 ›
2923 720 2990 775 Ει
3009 720 3136 792 quia
3151 720 3314 790 justis
3341 723 3458 779 haec

1877 811 2057 866 omnia
2083 825 2113 864 a
2153 810 2303 881 justo
2323 809 2526 878 judicio
2562 811 2656 869 Dei
2691 812 2817 881 {sibi
2870 812 2986 867 dari
3018 811 3287 884 intelligit,
3335 813 3459 873 ideo

1877 902 1934 958 in
1953 901 2202 957 omnibus
2223 903 2646 960 consolationem
2674 904 2776 960 sibi
2811 906 3026 976 accipit.

1944 993 2070 1050 ldeo
2095 994 2404 1050 testimonia
2435 1003 2524 1050 tua
2567 1004 2650 1052 est
2685 1012 2807 1053 mea
2839 998 3142 1064 meditatio,
3181 1000 3308 1070 quia
3338 1000 3456 1071 ipsa

1882 1105 1902 1139 ι
1939 1087 2247 1142 testimonia
2267 1095 2357 1141 tua
2385 1106 2406 1140 ›
2437 1096 2564 1142 ειιιιι
2597 1108 2617 1139 ι
2645 1090 2892 1159 aequitas,
2933 1111 2951 1142 ι
2981 1092 3034 1147 id
3059 1101 3160 1158 est,
3194 1094 3328 1148 nihil
3353 1094 3458 1150 ini-

1876 1192 2044 1248 quum
2069 1178 2153 1233 vel
2178 1178 2522 1234 inhonestum
2563 1181 2930 1250 praecipientia
2969 1193 3025 1237 et
3061 1183 3310 1239 ducentia
3344 1203 3362 1235 ι
3399 1185 3456 1240 in

1875 1277 2138 1324 aeternum
2169 1283 2183 1322 :
2219 1289 2237 1322 ι
2269 1277 2324 1324 ει
2349 1269 2469 1324 ideo
2501 1287 2520 1320 ε
2557 1270 2624 1324 da
2649 1273 2781 1326 mihi
2823 1272 3152 1328 intellectum
3191 1293 3209 1326 ι
3242 1289 3452 1342 eorum,

1877 1368 1936 1414 ut
1963 1361 2016 1415 in
2065 1359 2196 1430 ipsis
2243 1361 2668 1416 consolationem
2695 1363 2979 1434 accipiam,
3009 1382 3028 1415 ‹
3072 1372 3128 1420 ει
3161 1384 3180 1416 ι
3211 1381 3309 1436 per
3337 1368 3452 1435 ipsa

1876 1452 2148 1508 intellecta
2183 1472 2201 1506 ί
2235 1454 2434 1519 vivam,
2471 1473 2489 1505 ι
2521 1454 2574 1510 id
2598 1463 2681 1510 est
2708 1456 2777 1511 ad
2826 1465 3084 1512 aeternam
3126 1459 3290 1513 vitam
3332 1473 3456 1530 per-

1875 1544 2113 1599 veniam.

2588 1616 2734 1680 Coph.

1954 1741 1973 1775 (
2013 1722 2272 1779 Clamavi.
2321 1745 2341 1777 ι
2381 1724 2544 1795 Coph,
2585 1727 2638 1781 id
2692 1736 2776 1784 est
2815 1729 3102 1786 conclusio.
3157 1731 3257 1788 llic
3306 1733 3454 1788 enim

1875 1817 2053 1885 agitur
2079 1817 2144 1872 de
2169 1817 2326 1872 beato
2369 1818 2485 1872 viro
2511 1820 2578 1874 ab
2603 1819 2850 1876 hostibus
2879 1822 3298 1893 circumquaque
3323 1839 3456 1878 con-

1798 1953 1846 2012 Β
1876 1907 2026 1962 cluso
2053 1909 2308 1979 graviter,
2336 1910 2427 1978 qui
2455 1911 2672 1966 aliunde
2707 1913 2913 1967 nullum
2947 1915 3049 1968 sibi
3073 1929 3297 1985 sperans
3322 1917 3453 1972 sub-

1875 1999 2092 2066 sidium,
2116 1999 2408 2056 clamorem
2437 2017 2592 2057 suum
2615 2004 2797 2074 dirigit
2826 2007 2892 2060 ad
2926 2006 3114 2062 Deum.
3147 2008 3290 2064 Ordo
3317 2025 3454 2080 quo-

1874 2105 1979 2162 que
2013 2107 2304 2162 congruus,
2335 2093 2462 2164 quia
2487 2103 2608 2164 post
2645 2097 2949 2166 passionem
2988 2099 3192 2153 erroris
3236 2109 3455 2170 accepta

1874 2183 2261 2250 consolatione,
2290 2201 2412 2240 cum
2454 2201 2486 2240 a
2515 2186 2670 2243 malis
2697 2189 3086 2256 circumdatur,
3133 2189 3267 2245 nihil
3308 2190 3456 2246 aliud

1875 2282 2068 2340 restat,
2117 2275 2224 2330 nisi
2266 2284 2325 2329 ut
2383 2275 2674 2332 clamorem
2727 2293 2882 2333 suum
2921 2279 2988 2334 ad
3040 2280 3327 2335 Dominum
3382 2281 3458 2335 di-

1875 2363 2037 2434 rigat.

1886 2517 1890 2522 _
1947 2456 2296 2514 Continuatio
2329 2476 2341 2512 :
2374 2457 2509 2527 Quia
2555 2459 2825 2516 tribulatio
2859 2469 2914 2516 et
2951 2461 3199 2532 angustia
3245 2463 3458 2536 invenee

1874 2558 2001 2604 runt
2029 2565 2132 2614 me,
2167 2550 2288 2606 ideo
2322 2570 2340 2602 ι
2370 2552 2596 2606 clamavi
2635 2553 2687 2606 in
2732 2561 2844 2607 toto
2871 2554 3034 2608 corde
3060 2567 3212 2608 meo:
3245 2554 3455 2610 Exaudi

1875 2656 1983 2707 me,
2010 2642 2269 2710 Domine;
2305 2663 2324 2695 ι
2350 2653 2404 2699 ει
2425 2648 2678 2716 supponit
2706 2647 2772 2701 de
2799 2662 2906 2718 quo
2937 2646 3209 2713 clamavit,
3249 2649 3458 2706 scilicet

1873 2743 1934 2789 ut
1967 2753 1986 2786 ‹
2026 2734 2443 2804 justiticationes
2473 2746 2592 2794 tuas
2619 2741 2915 2809 requiram,
2949 2759 2967 2792 ι
2998 2741 3050 2796 id
3099 2751 3183 2796 est
3217 2742 3284 2796 da
3320 2742 3456 2798 mihi

1876 2827 2156 2896 requirere
2176 2828 2244 2882 ad
2268 2828 2641 2899 intelligendas
2665 2831 3082 2900 justilicationes
3111 2841 3250 2889 tuas.

1947 2916 2011 2970 Et
2055 2932 2162 2972 non
2209 2926 2422 2974 tantum
2462 2921 2694 2975 clamavi
2743 2929 2802 2975 ut
2831 2923 3124 2992 requiram,
3170 2926 3264 2978 sed
3288 2923 3456 2979 etiam

1874 3007 2101 3064 clamavi
2122 3018 2182 3064 ut
2202 3011 2296 3066 des
2317 3012 2590 3065 custodire
2608 3013 2896 3078 mandata;
2923 3021 2980 3068 et
3002 3014 3104 3070 hoc
3131 3023 3214 3070 est
3241 3033 3254 3069 :
3287 3033 3306 3067 ι
3333 3015 3457 3086 Cia:

1874 3101 2014 3155 mavi
2061 3101 2129 3154 ad
2169 3109 2238 3167 te,
2267 3110 2323 3157 et
2354 3121 2372 3153 ι
2411 3111 2465 3156 ιιι
2516 3122 2534 3154 ι
2574 3103 2784 3157 salvum
2811 3121 2897 3160 me
2917 3103 3027 3172 fac,
3064 3124 3084 3158 ›
3117 3107 3220 3162 hoc
3259 3121 3458 3179 genere

1875 3196 2206 3263 salvationis,
2233 3197 2441 3254 scilicet
2475 3218 2492 3250 ι
2545 3207 2604 3252 ιιι
2636 3200 2935 3254 custodiam
2989 3202 3241 3256 mandata
3286 3212 3397 3257 tua.
3429 3223 3451 3255 ι

1801 3310 1846 3372 C
1949 3289 2016 3342 Et
2039 3305 2145 3344 non
2179 3298 2388 3344 tantum
2427 3291 2678 3358 clamavi,
2727 3293 2821 3347 sed
2850 3294 3014 3348 etiam
3066 3314 3084 3347 ι
3139 3299 3374 3366 pnnveni
3426 3318 3447 3348 ι

1877 3382 2011 3436 alios
2045 3401 2062 3434 ι
2111 3384 2166 3437 in
2195 3384 2524 3449 maturitate,
2555 3403 2572 3435 ι
2601 3385 2726 3454 quia
2766 3401 2888 3440 cum
2916 3387 3007 3440 alii
3043 3388 3098 3442 in
3138 3387 3374 3458 perfecta
3400 3399 3459 3446 et

1876 3480 2088 3527 matura
2115 3481 2273 3528 relate
2304 3473 2369 3526 ad
2407 3483 2456 3528 te
2488 3475 2670 3529 venire
2695 3475 2924 3544 soleant,
2963 3492 3062 3549 ego
3096 3492 3229 3548 pucr
3255 3492 3310 3536 et
3351 3481 3453 3536 im-

1877 3575 2122 3622 maturus
2152 3568 2218 3622 ad
2245 3575 2296 3622 te
2319 3568 2587 3624 festinavi.
2637 3571 2754 3634 γει,
2809 3592 2825 3622 ι
2881 3574 3114 3642 praeveni
3141 3574 3196 3628 in
3228 3577 3453 3630 maturi-

1877 3665 2010 3725 tate,
2052 3678 2071 3710 ι
2101 3659 2155 3714 id
2197 3670 2282 3715 est
2320 3670 2445 3716 ante
2492 3664 2778 3718 adventum
2832 3675 3000 3731 tuum,
3065 3667 3273 3723 scilicet
3322 3681 3451 3725 ante

1879 3757 2092 3820 tempus
2119 3735 2467 3822 plenitudinis
2493 3764 2547 3809 et
2592 3756 2800 3824 gratiae,
2833 3757 2900 3811 ad
2938 3766 2990 3812 te
3029 3761 3444 3828 promerendum

1884 3861 1902 3892 ι
1937 3850 1993 3896 et
2011 3841 2258 3897 clamavi.
2296 3863 2316 3894 ι
2351 3844 2474 3899 ldeo
2514 3847 2750 3916 praeveni
2803 3855 2858 3902 et
2905 3846 3154 3914 clamavi,
3186 3867 3204 3901 ι
3245 3852 3371 3921 quia
3401 3853 3459 3907 in

1877 3933 2044 3986 verbo
2085 3942 2194 4000 tuo,
2233 3953 2252 3984 ι
2288 3933 2341 3988 id
2370 3943 2457 3991 est
2481 3946 2771 4008 pmecepto,
2805 3937 2887 3994 vel
2915 3937 3050 3995 Filio
3099 3949 3190 3996 tuo
3219 3959 3238 3993 ι
3270 3955 3459 4013 super-

1878 4023 2112 4092 speravi.
2143 4044 2163 4077 ι

1947 4116 2187 4172 Ρηενειιί
2222 4118 2277 4172 in
2330 4120 2662 4186 maturitate,
2700 4129 2754 4176 et
2781 4123 2946 4178 etiam
2980 4125 3213 4195 praeveni
3243 4125 3378 4183 alios
3401 4127 3459 4183 in

1878 4207 2067 4278 majori
2092 4210 2504 4276 illuminatione,
2528 4215 2652 4282 quia
2671 4217 2842 4286 magis
2863 4215 2937 4270 fui
2960 4217 3288 4275 illuminatus
3314 4219 3457 4287 aliis;

1877 4312 1935 4357 et
1985 4303 2090 4357 hoc
2130 4313 2213 4357 est
2245 4321 2258 4355 :
2296 4320 2314 4354 ι
2358 4303 2613 4370 diluculo,
2666 4325 2685 4357 ι
2723 4305 2775 4360 id
2809 4315 2892 4360 est
2936 4321 2967 4361 a
3013 4310 3280 4379 principio
3321 4327 3457 4368 mea:

1878 4399 2276 4465 conversionis;
2302 4414 2424 4454 cum
2456 4415 2642 4454 verum
2672 4400 2852 4456 lumen
2877 4403 3073 4473 recepi,
3097 4424 3114 4456 ε
3135 4406 3276 4482 oculi
3303 4408 3409 4462 mei
3429 4428 3450 4461 ι

1877 4492 2186 4558 interiores,
2216 4501 2271 4547 et
2298 4492 2613 4546 intuitiones
2649 4508 2781 4547 mea:
2803 4513 2820 4544 ι
2841 4509 3218 4563 pnevenerunt
3246 4519 3263 4551 ι
3297 4501 3470 4569 alios,-

1881 4585 2144 4642 tendendo
2173 4603 2194 4636 ι
2225 4581 2291 4638 ad
2315 4592 2367 4640 te
2394 4603 2412 4636 ›
2440 4595 2494 4638 ει
2518 4583 2586 4638 ad
2613 4585 2713 4639 hoc
2733 4600 3126 4658 praevenerunt,
3155 4611 3173 4642 ι
3197 4603 3256 4646 ιιι
3281 4594 3456 4648 medi-

265 4675 334 4730 Et
360 4676 486 4744 quia
510 4677 694 4743 dilexi,
717 4678 884 4734 ideot
919 4695 1039 4735 sum
1062 4682 1494 4740 adolescentulus
1513 4701 1637 4756 ego,
1671 4705 1691 4739 ι
1721 4663 1852 4743 id”
1881 4686 2027 4732 tarer
2087 4677 2300 4747 eloquia
2351 4686 2458 4732 luu-
2506 4697 2525 4730 ι
2565 4675 2659 4732 Vel
2711 4679 2756 4733 si
2821 4680 3083 4736 habeatur
3134 4683 3449 4751 diluculum.

194 4775 279 4819 est
309 4766 614 4834 innovatus,
661 4767 868 4824 scilicet
918 4782 1112 4827 exutus
1141 4781 1321 4828 vetere
1368 4775 1606 4842 homine,
1653 4792 1773 4832 sum

197 4859 321 4912 novi
368 4859 602 4914 hominis
641 4861 944 4917 membrum
989 4863 1213 4920 eﬂ‘ectus
1255 4884 1270 4923 :
1322 4886 1340 4918 ι
1383 4876 1437 4922 ει
1468 4887 1488 4921 ι
1524 4870 1649 4938 quia
1695 4871 1776 4926 sic

197 4963 317 5003 sum
340 4950 646 5016 innovatus,
675 4951 796 5008 ideo
818 4968 849 5007 a
873 4954 1030 5009 malis
1052 4971 1168 5010 sum
1203 4975 1220 5007 ι
1251 4968 1610 5028 contemptus,
1643 4980 1662 5012 ι
1695 4962 1772 5017 vi-

196 5039 261 5094 lis
293 5051 569 5110 reputatus
596 5050 651 5096 et
680 5045 963 5100 tormentis
992 5044 1250 5113 allectus;
1287 5057 1342 5102 et
1372 5057 1550 5104 tamen
1577 5071 1596 5102 c
1614 5050 1776 5121 justi-

197 5131 480 5189 ticationes
501 5143 620 5190 tuas
642 5149 750 5190 non
775 5151 892 5191 sum
915 5136 1115 5194 oblitus
1149 5159 1168 5192 ›
1191 5139 1320 5210 quin
1351 5155 1565 5212 semper
1597 5144 1772 5199 medi-

200 5233 347 5280 tarer
372 5237 426 5281 et
450 5229 795 5298 complerem.

270 5316 338 5370 Et
357 5317 492 5373 bene
513 5319 633 5373 dico
652 5320 920 5390 complere
945 5331 1002 5378 et
1024 5323 1336 5391 observare,
1360 5325 1486 5395 quia
1516 5325 1775 5396 "justitia

204 5418 292 5464 tua
325 5431 343 5462 ι
378 5427 538 5481 quam
569 5411 776 5467 confert
799 5417 1076 5471 exsecutio
1100 5429 1490 5489 praceptorum
1533 5429 1770 5490 tuorum,

201 5510 284 5556 est
318 5520 336 5552 ‹
374 5501 586 5570 justitia
618 5521 637 5554 ι
670 5503 872 5559 ducens
906 5505 1178 5561 hominem
1220 5526 1239 5559 ‹
1297 5509 1352 5563 in
1402 5518 1687 5579 aeternum,
1716 5519 1775 5568 et

203 5589 289 5648 lex
319 5601 407 5648 tua
433 5595 632 5651 veritas
663 5616 683 5649 ι
735 5605 840 5663 εει,
871 5597 925 5652 id
957 5606 1041 5652 est
1069 5599 1342 5670 complens
1370 5604 1776 5671 promissiones.

272 5682 620 5754 Contemptus
673 5703 823 5752 sum,
861 5687 1110 5758 inquam,
1149 5705 1250 5758 ego
1296 5702 1476 5749 autem
1522 5712 1626 5751 non
1660 5697 1782 5754 sub-

204 5773 347 5846 fugi;
378 5776 470 5830 sed
502 5778 850 5833 «tribulatio:
871 5781 1082 5850 corpori
1117 5781 1285 5849 illata,
1322 5795 1410 5840 «et
1446 5790 1717 5858 angustia,
1751 5809 1772 5842 ι

208 5871 258 5925 id
290 5880 372 5926 est
419 5872 664 5930 anxietas
692 5875 889 5930 mentis
924 5895 941 5927 ε
986 5877 1304 5934 invenerunt
1349 5895 1435 5936 me
1468 5901 1488 5936 ι
1527 5893 1780 5954 paratum

1877 4771 1930 4825 id
1951 4778 2036 4826 cst
2061 4779 2272 4838 tempus
2307 4770 2742 4835 resurrectionis,
2765 4785 3141 4842 praevenerunt
3167 4777 3306 4833 oculi
3323 4780 3453 4836 mei.

1946 4861 2014 4917 Et
2037 4863 2162 4933 quia
2191 4863 2414 4917 clamavi
2438 4871 2491 4917 et
2513 4864 2767 4932 praeveni,
2795 4885 2812 4914 ‹
2843 4866 2966 4920 audi
2992 4882 3176 4923 vocem
3206 4886 3402 4936 meam,
3429 4891 3450 4924 ι

1877 4972 1946 5011 ne
1971 4955 2190 5025 frangor
2235 4955 2578 5010 tribulatione
2603 4956 3037 5013 concludentium
3082 4978 3095 5014 :
3136 4971 3192 5016 ct
3218 4964 3319 5016 hoc
3348 4979 3456 5018 non

1877 5049 2171 5105 secundum
2193 5049 2385 5103 merita
2411 5063 2527 5104 mea
2554 5050 2723 5105 audeo
2749 5062 2955 5121 petere,
2978 5054 3072 5108 sed
3106 5073 3124 5104 ι
3161 5057 3462 5113 sectandum

1881 5151 2026 5194 tuam
2057 5139 2500 5205 misericordiam,
2534 5159 2552 5193 ι
2587 5157 2620 5197 o
2651 5161 2670 5194 ι
2694 5141 2940 5208 Domine,
2977 5142 3188 5198 viviﬁca
3215 5161 3302 5200 me
3335 5168 3355 5199 ι
3389 5166 3461 5206 ne

1878 5232 2081 5301 possim
2111 5229 2265 5285 malis
2285 5230 2588 5298 subsidere,
2615 5240 2670 5288 et
2699 5234 2862 5288 etiam
2885 5233 2940 5288 in
2958 5233 3252 5291 virtutibus
3275 5238 3459 5293 multi-

1878 5323 2017 5394 plica
2043 5338 2146 5387 me,
2171 5323 2338 5378 ethoc
2361 5321 2448 5377 fac
2479 5342 2498 5374 ‹
2528 5324 2818 5380 secundum
2833 5323 3097 5395 judicium
3128 5335 3299 5384 tuum.
3324 5349 3343 5380 ι
3363 5328 3457 5385 Ju-

1881 5415 2030 5471 dicas
2055 5415 2221 5482 enim,
2249 5424 2308 5470 ut
2341 5435 2359 5468 ‹
2395 5415 2486 5486 qui
2505 5413 2683 5484 justus
2712 5421 2815 5482 est,
2837 5415 3167 5486 justiticetur
3192 5417 3388 5476 adhuc.
3427 5442 3448 5474 ι

1881 5507 2064 5580 (Apoc.
2098 5508 2258 5581 xm.)

1954 5606 2023 5661 Et
2060 5622 2194 5678 Opus
2220 5616 2303 5663 est
2331 5617 2391 5664 ut
2411 5608 2674 5675 viviﬁces,
2705 5609 2832 5680 quia
2863 5628 2882 5663 ι
2913 5622 3302 5683 persequentes
3345 5631 3367 5668 ι
3399 5621 3457 5670 ει

1883 5700 2189 5756 occidentes
2215 5720 2232 5752 ι
2261 5715 2346 5756 me
2369 5701 2932 5772 appropinquaverunt
2953 5705 3242 5775 iniquitati,
3276 5728 3295 5760 ι
3326 5709 3455 5778 quia

1884 5806 1970 5847 me
1995 5790 2109 5846 fere
2136 5807 2247 5848 sua:
2273 5793 2525 5863 nequitia:
2565 5793 3059 5861 conformaverunt,
3089 5807 3146 5852 et
3174 5812 3292 5853 eam
3323 5801 3455 5855 mihi

1882 5893 2264 5956 persuaserunt
2296 5903 2309 5939 :
2344 5902 2362 5936 ι
2384 5901 2412 5940 a
2435 5884 2548 5955 lege
2573 5893 2752 5942 autem
2779 5895 2869 5942 tua
2887 5905 2907 5941 ι
2932 5887 3010 5944 sic
3030 5890 3236 5960 agendo
3262 5911 3282 5945 ι
3299 5891 3459 5960 longe
