3898 6498
426 442 541 501 ’02⁸1

895 433 1253 494 HAYMONIS
1288 422 1766 489 HALBERSTAT.
1807 419 2025 481 EPISC.
2068 418 2219 478 ῧΡΡ.
2259 416 2443 475 PARS
2477 416 2521 473 ι.
2557 444 2628 459 --
2656 411 3013 473 COMMENT.
3054 411 3225 469 BIBL.

433 555 563 621 facti
604 558 750 608 sunt.
788 570 809 605 ι
841 549 1054 619 Quanto
1096 548 1239 604 enim
1265 547 1387 617 quis
1422 541 1691 613 iniquitati
1723 538 2008 611 appropin-
2031 539 2088 601 Α
2117 550 2141 584 ι
2181 540 2238 587 et
2275 530 2535 587 tribulam
2561 541 2656 621 me
2682 547 2705 582 ι
2737 527 3072 621 verberando
3098 545 3112 591 ;
3143 544 3164 579 ι
3198 540 3233 581 a
3630 530 3720 582 tl-

438 656 588 720 quat,
616 654 673 703 et
698 644 910 701 diabolo
933 660 992 701 se
1020 642 1221 714 alligat,
1252 646 1403 696 tanto
1425 638 1599 709 magis
1618 650 1649 692 a
1676 636 1786 692 Deo
1810 633 2014 704 Deique

424 746 555 810 “iege
576 736 637 791 ﬁt
664 734 944 792 remotior.

496 829 627 900 ipse
670 825 1061 897 appropinquat
1112 820 1403 890 iniquitati,
1448 816 1543 874 sed
1583 834 1605 869 ι
1646 823 1723 883 tu,
1764 813 2011 882 Domine,

436 934 497 976 es
533 938 552 973 ›
590 920 720 974 mihi
749 937 768 970 ι
798 931 964 988 prope
993 935 1012 968 ι
1055 913 1122 969 ad
1148 911 1545 969 defendendum
1564 923 1652 964 me
1675 915 1862 964 contra
1885 920 2010 973 eos;

433 1018 491 1068 et
514 1011 617 1082 ipsi
640 1017 764 1065 sunt
785 1008 943 1079 longe
978 1021 1011 1060 a
1036 1006 1156 1076 lege
1184 1012 1315 1070 tua;
1358 1003 1491 1058 mihi
1521 1010 1698 1056 autem
1724 998 1901 1069 placet
1924 996 2014 1052 lex

432 1111 557 1169 tua;
588 1109 640 1158 et
660 1102 762 1156 hoc
788 1107 871 1156 est
895 1118 909 1152 :
943 1119 963 1150 ι
996 1107 1059 1153 et
1078 1112 1266 1152 omnes
1286 1094 1385 1151 viae
1417 1102 1522 1149 tuae
1553 1111 1574 1146 ι
1599 1099 1722 1148 sunt
1741 1090 1871 1147 mihi
1890 1109 1910 1142 ε
1928 1102 2016 1144 ve-

435 1196 592 1259 ritas,
633 1212 654 1247 »
679 1193 732 1249 id
755 1201 840 1247 est
875 1198 1147 1261 praecepta
1170 1204 1269 1259 per
1293 1201 1419 1258 qum
1442 1186 1507 1239 ad
1536 1184 1830 1239 Dominum
1856 1179 2013 1237 veni-—

436 1295 544 1352 tur,
570 1296 697 1342 vera
727 1284 991 1354 intelligo,
1020 1290 1077 1337 et
1107 1282 1161 1336 in
1193 1279 1337 1335 nullo
1359 1278 1618 1332 fallentia.

511 1402 530 1435 ι
552 1381 754 1437 Omnes
766 1379 867 1433 viae
892 1387 997 1432 tuae
1022 1384 1150 1432 sunt
1171 1375 1540 1441 mibivcritas,
1556 1391 1574 1423 υ
1592 1372 1759 1427 ethoc
1783 1388 1803 1423 α
1821 1383 2017 1441 cogno-

444 1479 491 1535 vi
519 1478 585 1535 de
625 1474 948 1534 testimoniis
982 1473 1110 1539 tuis,
1143 1492 1162 1525 ι
1225 1470 1430 1527 scilicet
1463 1488 1482 1519 ι
1525 1467 1651 1538 quia
1687 1486 1707 1520 ι
1738 1474 1794 1521 tu
1825 1484 1846 1519 ‹
1889 1463 2012 1519 fune

435 1570 574 1626 dasti
603 1584 686 1634 ea,
725 1587 745 1621 ι
780 1568 854 1622 ita
881 1574 941 1619 ut
981 1570 1164 1619 essent
1197 1582 1216 1614 ι
1252 1563 1308 1618 in
1340 1572 1619 1625 aeternum,
1657 1579 1676 1612 ι
1721 1558 1777 1614 id
1820 1564 1902 1612 est
1954 1563 2017 1612 ut

434 1662 792 1734 perducerent
816 1657 1062 1714 homines
1092 1656 1159 1711 ad
1190 1657 1578 1720 aeternitatem;
1605 1659 1661 1707 et
1687 1651 1791 1706 hoc
1816 1642 2015 1719 cogno-

436 1751 490 1807 vi
511 1751 579 1806 ab
612 1770 631 1802 ‹
662 1749 838 1815 initio,
876 1768 895 1801 ι
928 1748 995 1803 ab
1018 1742 1152 1802 Abel
1179 1755 1235 1801 et
1256 1745 1375 1801 aliis
1394 1744 1575 1816 iustis,
1603 1742 1658 1797 in
1686 1741 1881 1812 quibus
1903 1737 2015 1794 vidi

437 1845 709 1902 Christum
733 1845 993 1910 futurum,
1019 1848 1075 1897 et
1092 1840 1391 1897 Ecclesium
1419 1853 1572 1894 suam
1599 1831 2013 1893 incommutabié

430 1940 558 2001 liter
582 1941 951 1998 fundaturum.

1150 2036 1274 2107 Res.

510 2227 531 2261 ι
560 2206 699 2264 Vide
738 2203 1118 2261 humilitatem.
1145 2219 1164 2254 ι
1196 2198 1296 2256 ilic
1322 2203 1650 2270 praenotatur
1669 2193 1803 2262 Res,
1830 2193 1885 2250 id
1925 2198 2011 2249 est

433 2307 589 2370 caput
618 2312 637 2352 :
662 2297 751 2352 hic
789 2296 932 2350 enim
957 2295 1023 2349 de
1051 2291 1352 2349 humilitate
1381 2289 1575 2360 agitur,
1600 2301 1720 2357 qua:
1744 2292 1826 2340 est
1850 2289 2011 2354 caput

433 2399 492 2446 et
510 2389 750 2446 custodia
776 2388 1057 2453 virtutum,
1081 2399 1241 2457 quam
1264 2390 1445 2439 servat
1467 2380 1646 2449 justus
1673 2378 1740 2433 ab
1763 2376 2013 2433 hostibus

432 2481 738 2547 conclusus,
777 2488 840 2534 ut
862 2485 1044 2535 servat
1082 2490 1304 2546 serpens
1349 2482 1527 2545 caput,
1559 2485 1785 2542 corpore
1814 2468 2011 2525 ictibus

436 2575 702 2644 exposito.
735 2571 887 2628 Sicut
932 2571 1077 2627 enim
1116 2584 1362 2641 serpens,
1391 2567 1437 2623 si
1473 2572 1634 2636 caput
1667 2572 1867 2630 servat,
1908 2561 2014 2619 etsi

432 2675 631 2723 caetera
660 2665 904 2720 membra
930 2669 1270 2727 truncantur,
1319 2673 1427 2714 non
1471 2657 1692 2712 interit:
1718 2655 1798 2710 sic
1829 2662 1886 2710 et
1906 2655 2010 2709 hu-

432 2755 660 2812 militate
681 2760 917 2820 servata,
942 2753 1127 2819 homo,
1158 2750 1263 2808 etsi
1307 2763 1502 2821 corpus
1530 2745 1805 2813 tundatur,
1829 2751 2010 2801 tamen

432 2860 565 2903 vera
589 2848 699 2902 vita
722 2859 826 2901 non
856 2845 1119 2916 privatur.
2008 2856 2013 2864 ’

398 2975 402 2979 ‹
505 2937 891 2995 Continuatio:
920 2937 1313 3007 Persequentes
1339 2932 1926 3007 apprOpinquaverunt,
1956 2937 2012 2986 et

432 3028 539 3085 illis
584 3029 944 3084 humilitatem
988 3026 1229 3091 exhibui,
1288 3034 1343 3081 et
1390 3025 1535 3079 hanc
1583 3041 1605 3073 ‹
1648 3020 2008 3076 humilitatem

433 3128 634 3185 meum,
666 3137 685 3169 ι
710 3116 1004 3181 oDomine,
1037 3134 1057 3168 ι
1086 3116 1226 3183 vide,
1262 3132 1281 3168 ι
1311 3114 1366 3169 id
1397 3121 1481 3170 est
1520 3112 1729 3184 placeat
1758 3110 1874 3175 tibi,
1907 3127 1926 3161 ι
1956 3117 2013 3165 et

2106 635 2239 679 tuen
2257 622 2365 678 tuis
2388 637 2497 677 non
2524 619 2809 675 declinavi.
2840 638 2863 671 ι

2116 744 2123 753 -
2180 715 2295 787 Ego
2316 732 2337 767 ι
2368 713 2478 769 vidi
2505 711 2944 783 praevaricatum,
2969 718 3029 766 et
3053 708 3407 781 tabescebat
3434 725 3459 761 ι
3492 705 3713 775 Gelon.

2118 824 2138 858 ι
2169 806 2298 878 quia
2323 805 2536 876 eloquia
2563 813 2655 859 tua
2678 819 2786 860 non
2807 803 3201 859 custodierunt.
3241 821 3261 855 ι
3318 818 3327 829 ·

2181 897 2295 968 Ego
2332 912 2442 952 non
2478 895 2767 959 declinavi,
2802 892 2896 949 sed
2940 893 3119 964 potius
3163 892 3232 948 de
3271 890 3713 947 declinatur-ibus

2108 986 2287 1054 dolui;
2320 995 2376 1041 et
2397 987 2501 1042 hoc
2536 994 2658 1041 est:
2688 983 2812 1040 Vidi
2826 983 2956 1039 illos
2986 982 3465 1053 pravaﬁcatores.
3489 988 3557 1036 et
3575 982 3712 1037 sicut

2111 1080 2235 1139 illos
2275 1083 2404 1147 vidi,
2448 1088 2508 1135 tu
2541 1097 2560 1132 ι
2588 1077 2835 1145 Domine,
2862 1078 2988 1133 vide
3036 1096 3058 1131 ι
3092 1091 3180 1133 me
3208 1082 3628 1148 promerentur:
3660 1076 3709 1130 il

2113 1178 2238 1242 hoc,
2271 1193 2292 1228 ι
2327 1174 2584 1245 quoniam
2607 1171 2767 1228 dilexi
2800 1171 3054 1226 mandata
3077 1177 3210 1224 tua:
3242 1187 3264 1221 ι
3294 1179 3354 1224 et
3377 1178 3587 1224 contra
3616 1167 3709 1222 hoc

2112 1265 2256 1338 quod
2278 1280 2381 1336 ego
2410 1264 2594 1319 dolore
2639 1261 3009 1329 tabescebam,
3032 1268 3090 1315 tu
3117 1278 3139 1313 ι
3169 1259 3387 1315 viviﬁca
3419 1272 3557 1313 mea
3588 1271 3705 1313 vera

2112 1360 2224 1413 vita
2265 1375 2280 1411 :
2320 1364 2375 1412 et
2400 1355 2468 1410 ad
2497 1357 2598 1410 hoc
2626 1368 2734 1410 non
2758 1352 3030 1409 sufﬁciunt
3054 1351 3251 1407 merita
3277 1365 3427 1417 mea,
3470 1350 3573 1405 sed
3612 1349 3703 1405 hoc

2114 1449 2203 1506 fac
2226 1449 2360 1504 mihi
2393 1468 2412 1500 σ
2445 1448 2500 1503 in
2527 1447 2897 1502 misericordia
2925 1454 3040 1501 tua.
3077 1464 3098 1497 ι

2187 1541 2378 1596 Merito
2411 1538 2575 1595 dilexi
2598 1538 2849 1593 mandata
2877 1544 2989 1604 tua,
3025 1536 3154 1605 quia
3180 1552 3202 1586 ι
3229 1533 3571 1606 principium
3594 1548 3700 1587 ver-

2114 1634 2308 1691 borum
2338 1641 2551 1687 tuorum
2588 1649 2607 1682 ι
2644 1638 2730 1688 est
2758 1647 2779 1681 «
2814 1629 3042 1693 veritas,
3072 1647 3091 1680 ι
3121 1627 3263 1682 sicut
3288 1626 3483 1697 primo
3508 1624 3697 1680 homini

2114 1725 2385 1783 mandasti
2419 1725 2642 1780 dicens:
2667 1743 2685 1775 ι
2714 1721 2952 1790 Deligno
2978 1720 3219 1776 scientiae
3246 1720 3381 1773 boni
3412 1726 3477 1773 et
3494 1718 3619 1771 mali
3641 1731 3694 1771 se

2117 1821 2390 1886 comedas,
2451 1828 2507 1875 et
2552 1819 2609 1874 in
2655 1831 2977 1889 quocunque
3032 1815 3120 1871 die
3166 1814 3491 1873 comederis
3534 1828 3597 1867 ex
3638 1827 3687 1868 es

1970 1920 1991 1953 κ
2037 1903 2088 1967 Β
2113 1923 2288 1971 morte
2330 1912 2600 1968 morieris.
2632 1932 2650 1964 ι
2685 1909 2839 1982 (Gen.
2864 1909 2932 1982 ι.)
2963 1907 3077 1965 Hoc
3110 1907 3342 1963 verbum
3367 1921 3561 1962 verum
3582 1905 3676 1970 fuit.

2115 2005 2243 2076 quia
2268 2005 2553 2080 damnatus
2581 2003 2700 2069 fuit,
2720 2002 2939 2073 quando
2976 2002 3045 2057 de
3085 1999 3209 2057 cibo
3237 2000 3420 2056 vetito
3457 1999 3684 2054 comedit.

2111 2096 2185 2152 Et
2223 2116 2243 2148 ε
2275 2094 2453 2151 omnia
2487 2092 2688 2163 judicia
2731 2092 2954 2164 iustitia:
2996 2100 3102 2147 tua
3156 2109 3176 2142 ι
3218 2105 3345 2161 qua:
3372 2088 3684 2144 factqu

2113 2188 2411 2244 secundum
2423 2185 2688 2255 justitiam
2713 2192 2862 2240 tuam
2883 2184 2940 2238 in
2953 2181 3251 2238 novissimo
3269 2179 3380 2244 die,
3408 2179 3685 2250 separandi

2112 2279 2284 2336 bonos
2331 2293 2362 2333 a
2391 2277 2566 2342 malis,
2597 2287 2722 2333 sunt
2746 2276 3024 2333 manentia
3080 2294 3100 2327 ι
3149 2276 3204 2329 in
3235 2275 3562 2337 'aeternum,
3601 2291 3619 2324 ι
3650 2271 3688 2326 il

2113 2378 2197 2428 est
2250 2370 2702 2440 impermutabllia
2731 2410 2745 2437 ,
2801 2371 2927 2440 quia
2974 2383 3084 2424 non
3118 2367 3380 2424 redibunt
3431 2367 3508 2421 ad
3549 2368 3688 2421 vita

2113 2468 2385 2517 terrenam
2412 2467 2466 2515 et
2503 2460 2706 2515 cultum
2753 2470 2912 2515 terra:
2933 2468 3058 2531 post
3088 2468 3305 2516 centum
3332 2458 3524 2513 millia
3554 2471 3690 2514 anuo-

2115 2564 2258 2620 rum,
2294 2552 2435 2609 sicut
2454 2551 2716 2624 Origenes
2744 2560 2802 2608 et
2829 2552 2919 2607 alii
2944 2552 3187 2610 haeretici
3214 2559 3586 2623 putavean

2839 2718 2948 2772 Sin.

2191 2863 2210 2896 ι
2245 2842 2543 2913 Principes.
2576 2861 2596 2896 ι
2626 2840 2727 2899 Hic
2748 2842 2892 2899 bene
2910 2843 3285 2915 praescribitur
3305 2841 3431 2908 Sin,
3458 2843 3602 2914 quod
3622 2843 3683 2898 is-

2113 2942 2446 3008 terpretatur
2473 2951 2629 3006 super
2671 2935 2899 3001 vulnus‘;
2927 2935 3052 3006 quia
3079 2935 3169 2991 hic
3198 2934 3397 3001 fidelis,
3431 2938 3527 3007 qui
3550 2935 3682 3007 paula

2115 3035 2239 3083 ante
2266 3042 2417 3084 suam
2449 3025 2684 3082 ostendit
2716 3026 3098 3094 humilitatem,
3123 3027 3365 3083 ostendit
3399 3036 3584 3098 gratas
3612 3041 3683 3080 ae-

2113 3119 2296 3191 cipere
2342 3118 2718 3175 tribulationes
2753 3133 2873 3189 qum
2916 3124 3111 3175 curant
3148 3118 3377 3174 vulnera
3407 3118 3617 3183 anim,
3638 3122 3683 3170 et

433 3213 586 3282 eripe
619 3225 729 3279 me,
764 3231 783 3265 ι
811 3226 882 3268 ne
908 3225 997 3267 me
1021 3216 1241 3281 superet
1265 3224 1451 3266 eorum
1473 3207 1798 3280 persecutio,
1827 3224 1846 3258 ‹
1881 3205 2007 3279 quia
2050 3277 2079 3282 _
2116 3219 2244 3267 sunt
2268 3211 2320 3267 ei
2344 3211 2498 3281 quasi
2528 3210 2878 3281 emplastrum
2908 3225 3072 3282 super
3105 3208 3329 3266 vulnus.

429 3277 605 3377 legem
642 3277 789 3361 tuam
818 3318 936 3360 ’non
976 3277 1106 3359 sum
1124 3303 1324 3359 oblitus
1359 3322 1377 3354 ι
1409 3277 1568 3372 quam
1599 3277 1913 3371 prfccepisti
1941 3299 2008 3353 de
2036 3277 2082 3343 Ο
2167 3277 2549 3359 Continuatio:
2578 3277 2729 3358 Multi
2744 3277 3163 3381 persequuntur,
3185 3310 3242 3357 et
3258 3318 3371 3358 non
3385 3301 3676 3372 qualescun-

429 3396 757 3453 humilitate.
784 3415 813 3451 ‹-
830 3395 937 3466 Qui
959 3411 1019 3453 se
1041 3395 1310 3462 humiliat,
1333 3393 1677 3451 exaltabitur.
1693 3411 1711 3445 ι
1740 3390 1892 3461 (Luc.
1914 3402 2009 3445 XIV

436 3494 491 3545 et
516 3490 637 3561 xv.)
894 3534 897 3537 λ
922 3518 927 3523 -

447 3605 457 3611 -
507 3598 529 3631 ι
565 3577 700 3636 Vide
721 3587 776 3635 et
792 3580 952 3652 eripe
971 3592 1075 3644 me,
1109 3599 1128 3634 ι
1160 3585 1215 3634 et
1236 3597 1258 3632 ί
1285 3576 1547 3648 judicium
1578 3590 1784 3642 meum,
1811 3594 1832 3629 ι
1863 3573 2013 3631 scili-

431 3678 519 3729 cet
544 3670 686 3741 quod
714 3685 817 3742 ego
856 3672 1085 3727 decerno
1115 3683 1237 3727 esse
1262 3669 1589 3735 faciendum,
1623 3666 1783 3722 veluti
1815 3666 1881 3723 de
1904 3665 2015 3721 fide

431 3761 662 3817 tenenda
688 3768 745 3817 et
760 3760 882 3819 aliis
903 3761 1188 3828 similibus,
1216 3775 1335 3832 quae
1353 3775 1420 3817 ex
1453 3758 1742 3831 fragilitate
1771 3758 2023 3814 humana'

433 3869 539 3910 non
574 3842 957 3925 bene-possum
1000 3855 1347 3911 discernere:
1395 3853 1597 3909 malum
1644 3853 1789 3908 enim
1827 3851 2011 3922 judico

431 3960 556 4003 eum
606 3948 698 4018 qui
742 3948 918 4005 bonus
959 3957 1062 4014 est,
1102 3955 1158 4003 et
1193 3961 1225 4001 e
1261 3961 1544 4013 converso,
1583 3952 1713 4013 etc.,
1737 3952 1797 4000 tu
1830 3963 1847 3996 ι
1868 3942 2013 4013 judi-

431 4055 518 4106 ca,
549 4058 568 4092 ι
603 4039 658 4095 id
685 4044 768 4094 est
788 4038 1069 4104 examina;
1097 4038 1202 4093 hoc
1221 4044 1327 4103 est,
1355 4037 1442 4092 fac
1461 4052 1549 4092 me
1576 4037 1631 4092 in
1654 4037 1903 4092 omnibus
1917 4034 2012 4105 ju-

431 4131 616 4188 dicare
638 4128 817 4194 recte;
851 4147 871 4181 ι
906 4138 960 4186 et
986 4129 1193 4185 redime
1218 4144 1324 4196 me,
1363 4150 1384 4183 ι
1410 4130 1465 4185 id
1485 4137 1569 4185 est
1614 4129 1784 4184 libera
1805 4145 1890 4184 me
1915 4144 2013 4201 per

434 4223 670 4293 pretium
708 4220 1139 4292 sanguinisFilii
1170 4220 1248 4276 tui
1279 4222 1345 4276 de
1384 4226 1653 4292 potestate
1700 4220 1923 4290 inimici,
1957 4228 2017 4278 et

438 4327 461 4363 ι
483 4310 696 4367 viviﬁca
709 4324 795 4367 me
817 4330 836 4365 ι
859 4311 969 4369 vita
991 4319 1213 4379 aeterna,
1241 4332 1258 4362 ι
1278 4319 1500 4384 propter
1519 4312 1790 4382 eloquium
1806 4320 1956 4367 tuum
1987 4333 2006 4367 ιι

434 4403 621 4458 datum
660 4402 727 4458 de
767 4402 1067 4460 humilitate
1107 4419 1270 4475 quam
1318 4404 1606 4472 custodivi,
1655 4403 1796 4459 sicut
1836 4404 2012 4477 ipsum

433 4492 706 4566 eloquium
749 4496 1024 4567 praecepit.
1085 4495 1205 4563 Vel,
1251 4515 1271 4549 ι
1311 4504 1533 4568 propter
1571 4495 1864 4565 eloquium,
1902 4516 1920 4547 ι
1956 4496 2013 4552 id

432 4592 517 4643 est
571 4594 720 4643 tuam
775 4587 1192 4659 promissionem
1229 4588 1602 4660 complendum
1633 4603 1649 4643 :
1681 4596 1738 4643 tu
1772 4589 1916 4643 enim
1955 4588 2011 4643 in

432 4679 725 4751 Evangelia
738 4680 1055 4751 promisisti,
1070 4680 1162 4752 qui
1180 4681 1234 4736 in
1249 4682 1616 4738 monumentis
1658 4688 1783 4738 sunt
1803 4689 1857 4737 et
1877 4681 2016 4738 bene

434 4779 684 4841 egerunt,
712 4771 1008 4842 precedent
1045 4772 1101 4827 iu
1145 4774 1594 4829 resurrectionem
1621 4773 1765 4828 vitae.

454 4900 465 4915 .
504 4861 593 4919 Me
629 4863 958 4919 custodiente
1013 4862 1183 4934 legem
1225 4873 1281 4919 et
1326 4865 1577 4920 mandata
1618 4870 1733 4931 tua,
1774 4863 2015 4918 vivifica-

435 4951 545 5020 his,
570 4951 665 5009 sed
693 4971 713 5005 ‹
747 4968 778 5008 a
803 4954 1179 5024 peccatoribus
1204 4954 1362 5028 longe
1394 4974 1414 5009 ι
1460 4955 1567 5011 erit
1624 4972 1644 5006 ι
1693 4954 1877 5010 salus:
1915 4972 1933 5005 ι
1959 4964 2021 5010 et

434 5062 541 5103 non
570 5047 680 5104 eris
725 5047 853 5103 inde
879 5048 1185 5118 culpabilis,
1217 5049 1310 5104 sed
1351 5048 1473 5120 ipsi,
1526 5067 1549 5102 ‹
1597 5048 1722 5119 quia
1743 5046 2011 5117 justiﬂca-

434 5136 610 5194 tiones
636 5146 754 5195 tuas
779 5154 886 5195 non
904 5138 1297 5210 exquisicrunt.
1331 5157 1352 5191 ι

504 5233 588 5287 Ab
618 5231 724 5287 illis
759 5231 917 5303 longe
940 5231 1045 5286 erit
1073 5230 1237 5298 salus,
1270 5230 1365 5286 sed
1407 5250 1426 5283 ι
1458 5230 1671 5286 vivifica
1696 5244 1785 5287 me
1821 5245 2012 5287 secuti.

435 5326 562 5382 dum
598 5323 860 5394 judicium
887 5330 1059 5390 tuum,
1098 5343 1117 5376 ι
1166 5322 1221 5377 id
1258 5329 1353 5377 est
1392 5323 1687 5378 secundum
1726 5323 1831 5379 hoc
1867 5322 2013 5393 quod

428 5416 640 5488 iudicas
680 5416 868 5472 ﬁdeles
902 5422 1025 5471 tuos
1070 5413 1421 5470 viviﬁcandos
1446 5432 1460 5469 :
1486 5413 1629 5485 quod
1666 5414 1789 5468 ideo
1821 5428 2011 5470 secure

433 5519 582 5580 peto,
611 5509 738 5580 quia
769 5528 787 5559 ι
823 5505 1208 5563 misericordia:
1237 5513 1339 5561 tua}
1388 5527 1407 5559 ι
1442 5514 1566 5562 sunt
1601 5524 1620 5556 ι
1669 5504 1865 5570 multat,
1906 5505 2010 5561 Do—

435 5604 606 5668 mine,
641 5622 660 5656 |
689 5602 742 5658 id
770 5608 873 5667 est,
902 5598 1101 5675 multas
1127 5599 1455 5657 consuevisti
1500 5596 1680 5653 facere
1708 5596 2011 5655 misericor-

438 5696 553 5755 dias
576 5696 827 5753 ﬁdelibus
856 5696 963 5752 tuis
981 5712 1012 5750 n
1039 5695 1214 5766 primo
1239 5694 1406 5766 justo.

512 5789 581 5844 Et
606 5804 740 5859 opus
766 5798 846 5844 est
892 5796 955 5844 ut
989 5803 1076 5844 me
1104 5786 1362 5853 vivifices,
1404 5785 1533 5857 quia
1582 5803 1602 5837 ί
1638 5785 1791 5842 multi
1825 5804 1845 5838 ι
1884 5796 2012 5844 sunt

443 5900 467 5936 ι
497 5882 589 5955 qui
615 5887 1013 5954 persequuntur
1035 5896 1123 5936 me
1157 5899 1177 5933 ι
1207 5878 1443 5951 fugando
1465 5879 1532 5936 de
1559 5879 1677 5936 loco
1713 5881 1779 5937 ad
1806 5881 2007 5952 locum,

2109 3408 2236 3468 que,
2285 3396 2380 3452 sed
2421 3415 2438 3449 ι
2465 3394 2763 3466 principes,
2805 3415 2824 3448 ι
2868 3395 2923 3451 id
2960 3402 3043 3451 est
3100 3403 3365 3465 potentes
3398 3393 3535 3462 hujus
3574 3406 3663 3446 sae-

2110 3488 2239 3554 culi,
2278 3506 2298 3540 ‹
2334 3496 2458 3543 sunt
2488 3506 2507 3539 ι
2546 3486 2720 3558 magis
2752 3507 2771 3540 ι
2805 3502 2894 3542 me
2922 3487 3194 3559 persecuti
3230 3487 3425 3558 gratis,
3468 3502 3487 3535 ι
3516 3481 3572 3538 id
3596 3487 3675 3537 est

2111 3579 2231 3634 sine
2258 3593 2419 3634 causa
2449 3594 2464 3633 :
2498 3588 2553 3635 et
2578 3587 2707 3636 tunc
2747 3580 2872 3635 licet
2895 3594 3027 3635 caro
3068 3594 3192 3634 mea
3238 3578 3680 3634 formidaretur-

2111 3671 2218 3737 ba;
2264 3679 2442 3726 tamen
2488 3692 2507 3723 ‹
2537 3688 2633 3727 cor
2661 3684 2866 3739 meum,
2902 3691 2920 3724 ι
2972 3671 3026 3727 id
3056 3678 3139 3726 est
3185 3670 3437 3727 voluntas
3480 3676 3536 3723 et
3561 3666 3680 3722 ratio

2110 3774 2256 3829 mea,
2284 3779 2393 3818 non
2420 3762 2730 3819 formidavit
2755 3776 2945 3819 eorum
2973 3762 3158 3827 verba,
3184 3763 3276 3817 sed
3302 3778 3333 3816 a
3368 3760 3549 3815 verbis
3581 3758 3683 3813 tuis

2119 3874 2139 3909 σ
2162 3856 2495 3922 formidavit,
2522 3876 2542 3908 ι
2571 3856 2661 3926 qui
2685 3857 2869 3912 dixisti
2898 3871 2914 3910 :
2940 3874 2959 3907 ε
2990 3853 3047 3911 Si
3070 3857 3188 3926 quis
3202 3852 3465 3923 negaverit
3482 3864 3694 3904 meca-

2112 3960 2228 4003 ram
2250 3948 2575 4013 hominibus,
2605 3963 2705 4019 ego
2727 3949 2935 4021 negabo
2966 3963 3088 4004 eum
3120 3961 3289 4004 coram
3309 3943 3471 3999 Patre
3488 3955 3621 3998 meo
3656 3959 3682 3994 ι

2114 4034 2330 4110 (ﬂattb.
2373 4037 2456 4111 χ).
2491 4036 2559 4092 Et
2590 4038 2721 4094 item
2756 4057 2768 4092 :
2816 4057 2834 4090 ι
2864 4038 2964 4106 Qui
2993 4034 3416 4110 perseveraverit
3436 4048 3618 4105 usque
3644 4032 3698 4088 in

2113 4126 2297 4195 ﬁnem,
2328 4127 2507 4184 salvus
2536 4129 2661 4184 erit.
2693 4149 2712 4181 ι
2757 4128 2971 4201 (Matth.
3010 4145 3046 4186 ι
3069 4138 3119 4184 et
3141 4125 3312 4200 ηπ.)

2186 4219 2254 4274 Et
2281 4220 2385 4276 hoc
2426 4218 2650 4288 faciens,
2687 4238 2708 4275 ι
2752 4234 2854 4291 ego
2887 4241 2907 4274 ι
2953 4218 3212 4276 fundatus
3242 4238 3265 4272 ‹
3297 4233 3461 4290 super
3485 4217 3692 4289 eloquia

2114 4312 2231 4380 tua,
2267 4330 2290 4367 ο
2321 4311 2377 4367 id
2411 4320 2496 4368 est
2522 4312 2719 4369 timens
2742 4326 2866 4368 eum
2895 4313 2985 4383 qui
3038 4320 3236 4383 corpus
3280 4319 3339 4366 et
3363 4311 3609 4366 animam
3637 4308 3698 4365 si-

2114 4402 2228 4459 mul
2252 4410 2430 4475 potest
2450 4405 2677 4474 perdere
2704 4422 2718 4459 :
2747 4404 2842 4476 qui
2874 4404 3124 4462 fortassis
3146 4403 3365 4459 viderer
3390 4401 3699 4474 contristari

2113 4504 2217 4569 pro
2266 4497 2644 4568 persecutione
2688 4496 2976 4563 malorum,
3019 4515 3040 4549 ‹
3081 4496 3312 4552 laetabor
3348 4496 3500 4552 sicut
3554 4510 3579 4547 ι
3623 4493 3703 4548 ille

2124 4605 2144 4639 ‹
2182 4587 2274 4658 qui
2308 4587 2513 4643 invenit
2550 4586 2716 4658 spolia
2770 4588 2957 4644 multa.
3007 4607 3025 4640 ι
3070 4586 3225 4644 Sicut
3265 4587 3468 4657 aliquis
3520 4586 3701 4649 hostis,

2124 4678 2338 4736 devicto
2370 4681 2547 4747 hoste,
2576 4681 2817 4752 gaudens
2859 4681 3001 4752 rapit
3026 4679 3221 4752 spolia,
3249 4679 3331 4735 sic
3354 4686 3413 4735 et
3440 4678 3701 4744 diabolus,

2117 4773 2335 4844 ﬂando
2379 4772 2447 4829 de
2504 4773 2734 4829 subditis
2777 4773 2878 4830 sibi
2915 4774 3122 4846 aliquos
3165 4773 3518 4845 incorporat,
3551 4774 3607 4829 id
3637 4778 3708 4828 est

2115 4864 2398 4934 praemium
2418 4865 2540 4920 vita:
2565 4875 2783 4921 aeternae
2822 4865 3018 4922 aufert.

2186 4957 2318 5013 Dico
2350 4976 2370 5009 ς
2402 4957 2644 5026 laetabor,
2679 4977 2698 5012 ι
2731 4965 2787 5015 et
2825 4972 2927 5029 per
2950 4958 3054 5013 hoc
3088 4972 3313 5029 possum
3349 4955 3565 5023 lauari,
3596 4956 3709 5029 quia

2113 5046 2288 5119 legem
2320 5056 2469 5102 tuam
2495 5048 2693 5104 dilexi:
2718 5054 2773 5104 et
2793 5056 2854 5103 ut
2874 5049 3191 5105 ostenderet
3214 5062 3372 5103 suam
3404 5048 3708 5120 perfectam

2115 5139 2477 5207 dilectionem,
2507 5140 2788 5212 praemittit
2821 5152 2837 5194 :
2868 5160 2890 5192 ‹
2917 5140 3255 5211 iniquitatem
3277 5141 3409 5196 odio
3440 5141 3643 5205 habui,
3664 5147 3711 5193 et

2116 5233 2461 5291 abominatus
2485 5249 2627 5301 sum,
2666 5253 2686 5286 ι
2723 5234 2778 5290 id
2807 5240 2891 5289 est
2921 5233 3312 5289 exsecrabilem
3360 5248 3493 5289 eam
3528 5230 3708 5295 habui,

2121 5342 2144 5379 α
2171 5324 2346 5397 legem
2372 5335 2553 5382 autem
2576 5335 2725 5382 tuam
2753 5345 2773 5379 ι
2798 5341 2909 5382 non
2931 5325 3260 5393 habuiodio,
3289 5325 3386 5381 sed
3419 5347 3439 5379 ι
3468 5325 3661 5382 dilexi.
3689 5342 3706 5373 ι

2182 5417 2408 5487 thuod
2430 5418 2605 5488 legem
2620 5418 2902 5473 dilexerim
2927 5432 3025 5488 per
3048 5417 3153 5473 hoc
3167 5422 3421 5489 apparet,
3447 5419 3591 5488 quia
3617 5438 3634 5469 ι
3660 5416 3711 5470 in

2116 5518 2237 5565 mea
2277 5508 2668 5565 illuminatione
2696 5509 2908 5565 laudem
2951 5508 3061 5565 dixi
3082 5509 3200 5575 tibi,
3238 5530 3256 5562 ι
3291 5518 3345 5565 et
3390 5510 3503 5565 hoc
3538 5530 3563 5562 ί
3599 5522 3714 5577 sep-

2116 5602 2243 5669 ties,
2280 5622 2299 5655 ι
2342 5602 2394 5657 id
2440 5611 2525 5658 est
2569 5616 2802 5673 semper,
2828 5603 3036 5658 scilicet
3070 5603 3123 5657 in
3154 5610 3268 5658 toto
3298 5610 3556 5673 tempore
3582 5614 3717 5657 mete

2116 5700 2263 5765 vitae,
2292 5713 2414 5770 quas
2438 5713 2538 5770 per
2561 5706 2765 5770 septem
2796 5698 2909 5755 dies
2930 5697 3180 5753 volvitur.
3210 5694 3307 5750 Vel
3331 5694 3396 5750 ad
3425 5696 3708 5751 litteram:

2125 5809 2149 5843 ο
2179 5790 2391 5861 Septies
2412 5790 2466 5845 in
2487 5790 2593 5857 die,
2630 5811 2650 5844 ι
2684 5790 2735 5845 id
2761 5797 2846 5846 est
2869 5790 2923 5844 in
2948 5789 3101 5845 horis
3128 5787 3439 5845 constitutis
3489 5789 3567 5843 ad
3596 5802 3709 5842 me-

2120 5886 2348 5942 moriam
2398 5884 2725 5958 septiformis
2774 5883 3027 5956 Spiritus,
3060 5894 3163 5956 ego
3206 5882 3348 5950 dico,
3403 5880 3710 5941 intendens
