3898 6464
116 484 228 542 629

1283 484 1723 545 EXPLANATIO
1754 486 1823 543 IN
1862 488 2200 548 PSALMOS.

3255 498 3361 554 650

122 618 145 651 ι
180 613 342 671 super
372 597 575 668 judicia
597 598 819 669 justitiae
850 606 976 663 tuae,
1018 617 1038 651 ι
1067 595 1123 653 id
1154 606 1237 654 est
1290 613 1686 671 recognoscens
1712 603 1769 665 Α
1790 603 2091 659 militudine
2108 603 2351 673 iustitiae,
2380 618 2413 659 a
2434 618 2540 675 quo
2564 605 2839 662 dissimilis
2874 605 3048 663 factus
3076 622 3196 663 sum
3221 609 3362 664 mul-

114 705 311 746 omnes
340 688 459 746 illas
486 690 887 760 persecutiones
914 689 1131 745 immitti
1163 690 1298 747 mihi
1320 698 1413 747 tuo
1427 690 1575 762 justo
1600 692 1687 762 ju-

116 785 278 849 dicio,
314 783 517 841 scilicet
546 786 614 842 ad
646 786 1053 843 correctionem.

144 930 151 937 .
193 878 409 935 Etcum
436 878 581 935 inter
621 879 993 937 tribulationes
1019 894 1216 947 essem,
1259 895 1359 951 per
1401 882 1505 936 hoc
1539 880 1693 951 pani

117 970 225 1027 tibi
253 970 464 1029 laudem
487 971 687 1038 dicere,
717 971 851 1041 quia
886 973 1247 1043 tranquillitas
1268 979 1323 1027 et
1360 987 1464 1043 pax
1492 982 1691 1042 magna

115 1068 243 1119 erat
261 1060 395 1116 mihi
423 1062 479 1117 in
514 1069 712 1127 mente,
742 1062 870 1130 quia
895 1063 1142 1118 omnibus
1173 1080 1199 1113 ι
1235 1061 1576 1132 diligentibus
1608 1060 1689 1116 le-

115 1165 242 1219 gem
270 1162 417 1209 tuam
441 1160 520 1208 est
546 1168 649 1223 pax
674 1154 862 1220 multa,
892 1174 913 1208 ι
945 1155 997 1209 id
1022 1162 1105 1210 est
1134 1153 1493 1223 tranquillitas
1532 1169 1687 1208 men-

113 1246 209 1309 tis,
239 1245 345 1301 etsi
372 1260 479 1300 non
503 1244 742 1314 perfecta
767 1264 779 1299 :
825 1245 951 1314 quia
986 1246 1111 1300 licet
1135 1245 1371 1300 exterius
1398 1244 1691 1300 verberen-

114 1346 229 1402 ιω,
254 1344 434 1393 tamen
457 1338 513 1392 in
535 1348 713 1393 mente
756 1353 862 1393 non
909 1346 1207 1394 moventur.
1240 1338 1394 1393 Unde
1426 1337 1689 1407 scriptum

113 1440 240 1486 est:
274 1431 367 1486 Est
407 1438 463 1486 et
488 1432 540 1505 in
566 1431 669 1486 hac
689 1431 801 1485 vita
846 1430 1030 1487 multis
1059 1432 1274 1501 requies
1312 1432 1436 1485 data
1463 1428 1687 1495 sanctis,

115 1536 350 1590 quorum
394 1521 602 1577 animas
638 1520 869 1576 mundus
905 1537 1013 1577 non
1052 1528 1197 1577 tenet
1221 1520 1469 1576 occisas:
1518 1538 1536 1570 ι
1573 1527 1627 1574 et
1662 1536 1682 1571 ι

114 1615 282 1669 etiam
313 1632 333 1665 ι
365 1631 472 1671 non
496 1623 580 1669 est
630 1615 736 1670 illis
781 1613 1119 1679 scandalum,
1156 1633 1174 1665 ι
1209 1613 1262 1668 id
1302 1621 1385 1669 est
1415 1626 1691 1682 nunquam
1732 1608 1733 1611 “

112 1705 343 1763 offensio
364 1716 524 1764 nocet
547 1708 625 1763 eis
664 1722 765 1763 nec
789 1716 1007 1778 separat
1032 1707 1100 1761 ab
1121 1706 1383 1773 Ecclesia,
1414 1706 1541 1778 quia
1568 1704 1689 1760 nul-

113 1791 227 1855 iam
253 1798 457 1854 faciunt
491 1798 859 1861 olfensionem.

189 1888 312 1944 ldeo
340 1890 500 1944 etiam
538 1890 746 1945 laudem
789 1888 931 1959 potui
960 1889 1160 1953 dicere,
1196 1888 1533 1958 iniquitatem
1564 1888 1691 1943 odio

1792 695 2074 766 tiplicitate
2101 697 2418 767 iniustitiae:
2467 706 2524 753 et
2564 705 2628 753 ut
2665 701 2867 769 possim
2911 702 3360 771 apprOpinquare,

1796 802 1823 835 ι
1843 785 1909 841 da
1936 786 2068 840 mihi
2111 786 2447 843 incelectm
2468 807 2490 843 ι
2538 790 2745 846 non'iu
2780 792 3069 849 mundanis
3098 792 3363 859 scientiis,

1790 877 1885 933 sed
1916 896 1936 929 ι
1962 876 2118 946 juxta
2160 877 2431 948 eloquium
2460 887 2630 947 tuum,
2660 901 2681 933 ι
2715 881 2770 937 id
2797 891 2882 938 est
2923 884 2991 938 de
3032 882 3363 948 coelestibus,

1790 984 1949 1040 quem
1978 970 2309 1027 intellectum
2337 970 2532 1027 docent
2559 973 2771 1043 eloquia
2800 982 2910 1028 tua.

1860 1064 1978 1118 Non
2022 1072 2226 1119 tantum
2274 1065 2684 1135 appropinquet,
2736 1068 2831 1122 sed
2876 1066 3041 1121 etiam
3071 1085 3092 1118 ι
3121 1067 3305 1131 intret,
3341 1084 3361 1117 ι

1790 1170 2064 1219 mansura,
2103 1174 2122 1206 ‹
2149 1156 2438 1226 postulatio
2464 1176 2484 1209 ι
2529 1157 2582 1211 id
2610 1166 2695 1212 est
2722 1158 2895 1214 oratio
2929 1174 2953 1209 ς
2974 1171 3093 1213 mea
3146 1158 3363 1213 incon-

1791 1257 1977 1319 spectu
2011 1257 2139 1303 tuo:
2171 1268 2190 1300 ι
2222 1246 2336 1304 haec
2379 1249 2588 1305 scilicet
2602 1246 2902 1319 postulatio
2930 1250 3116 1316 intret,
3170 1267 3190 1300 ι
3218 1250 3368 1319 eripe

1790 1346 1878 1395 me
1906 1359 1925 1391 ι
1959 1340 2024 1395 de
2044 1340 2314 1410 ergastulo
2332 1340 2515 1397 carnis
2557 1347 2615 1395 et
2640 1341 2707 1395 de
2732 1353 2957 1409 corpore
2973 1339 3164 1394 mortis
3188 1338 3369 1408 hujus,

1790 1439 1846 1486 et
1874 1432 1977 1486 hoc
2009 1451 2028 1483 ι
2055 1428 2349 1488 secundum
2388 1431 2663 1501 eloquium
2704 1439 2879 1497 tuum,
2914 1451 2934 1483 ι
2965 1431 3020 1487 id
3065 1438 3149 1485 est
3174 1444 3373 1485 secun-

1792 1521 1918 1577 dum
1948 1522 2361 1591 promissionem
2385 1529 2553 1588 tuam,
2598 1522 2692 1591 qui
2735 1519 2916 1577 dixisti
2948 1522 3002 1576 in
3032 1520 3323 1591 Evangelio
3355 1538 3368 1574 :

1799 1635 1819 1667 ‹
1843 1614 1954 1692 Qui
1975 1614 2163 1670 fecerit
2203 1630 2267 1670 ea
2311 1630 2431 1685 quae
2454 1631 2559 1693 ego
2599 1615 2874 1693 praecipio,
2927 1613 3282 1670 manifestabo
3320 1612 3373 1667 ei

1793 1706 2078 1776 meipsum.
2103 1725 2121 1758 ι
2160 1703 2340 1778 (Joan.
2364 1692 2503 1777 ιη’.)

1864 1796 1995 1852 Dico
2032 1815 2050 1847 ι
2081 1796 2150 1851 da
2181 1792 2530 1872 intellectum,
2565 1815 2585 1850 ι
2616 1805 2672 1851 et
2707 1814 2726 1849 ι
2752 1812 2875 1853 cum
2904 1798 3152 1853 docueris
3176 1811 3266 1853 me
3289 1795 3377 1866 ju-

1792 1887 2144 1943 stiticationes
2174 1896 2313 1954 tuas,
2343 1909 2363 1941 ι
2411 1888 2463 1943 id
2516 1895 2600 1943 est
2647 1902 2769 1943 cum
2819 1889 2971 1944 dabis
3021 1888 3373 1953 intellectum,

119 1979 341 2044 mbere,
367 1980 491 2049 quia
526 1995 645 2050 ego,
669 1997 702 2035 o
730 2000 749 2031 ‹
777 1979 1021 2046 Domine,
1057 1981 1432 2049 exspectabam
1457 1979 1695 2035 salutare
1720 1960 1775 2021 Β
1803 1999 1821 2030 ι
1853 1979 2176 2034 eructabunt
2219 1979 2356 2033 labia
2387 1994 2507 2034 mea
2546 1980 2824 2050 hymnum,
2859 1999 2879 2031 ›
2918 1979 2973 2034 id
3011 1987 3093 2034 est
3117 1992 3185 2034 ex
3206 1978 3375 2034 abun-

115 2078 309 2124 tuum:
336 2089 355 2122 ι
379 2085 475 2125 nos
501 2079 876 2141 exspectamus
904 2070 1181 2128 Christum
1209 2080 1493 2127 venturum
1519 2071 1575 2125 in
1601 2086 1696 2126 ex-

112 2170 293 2217 tremo
332 2162 556 2232 judicio,
602 2165 808 2235 antiqui
856 2180 985 2221 vero
1024 2174 1206 2235 patres
1249 2172 1698 2235 exspectaverunt

108 2253 350 2322 primum
398 2255 688 2315 adventum
727 2257 843 2325 ejus
876 2275 888 2311 :
931 2257 1035 2312 nisi
1082 2256 1226 2311 enim
1263 2265 1698 2326 exspectaremus

110 2359 239 2400 eum
277 2347 513 2401 secundo
555 2356 862 2412 venturum,
900 2363 1074 2417 neque
1114 2349 1285 2419 legem
1329 2349 1694 2420 diligeremus,

110 2454 291 2508 neque
322 2440 659 2509 iniquitatem
685 2440 809 2494 odio
836 2440 1156 2495 haberemus
1175 2481 1191 2506 ,
1223 2440 1564 2511 exspectavi;
1597 2460 1616 2492 ι
1642 2447 1699 2495 et

113 2531 375 2586 mandata
433 2541 544 2597 tua,
579 2554 598 2586 ι
632 2534 686 2588 id
713 2541 798 2588 est
850 2543 1113 2604 prmeepta
1144 2533 1389 2598 moralia,
1422 2540 1483 2586 ut
1530 2549 1552 2584 ι
1588 2547 1695 2587 ηοιι

114 2622 357 2688 occides,
382 2638 491 2678 non
516 2622 803 2687 fut'aberis,
835 2643 856 2676 ι
883 2631 937 2677 et
960 2623 1174 2690 similia,
1202 2640 1222 2674 ι
1258 2622 1438 2678 dilexi.
1462 2641 1482 2674 ι

188 2713 377 2768 Etnon
405 2720 611 2767 tantum
631 2712 795 2767 dilexi
820 2711 1072 2767 mandata
1100 2721 1213 2779 tua,
1236 2712 1331 2767 sed
1350 2712 1513 2766 etiam
1545 2728 1565 2762 ι
1584 2712 1700 2766 ani-

109 2820 203 2861 ma
234 2819 374 2871 mea,
404 2823 422 2858 ι
465 2806 519 2860 id
551 2812 637 2860 est
672 2804 809 2859 ratio
849 2814 906 2860 et
934 2803 1199 2868 voluntas,
1256 2823 1275 2855 ι
1307 2803 1596 2859 custodivit
1620 2810 1700 2858 te-

110 2894 369 2950 stimonia
414 2902 526 2962 tua,
554 2915 573 2948 »
634 2894 689 2951 id
729 2903 814 2950 est
855 2903 1119 2964 praecepta
1168 2904 1259 2951 tua
1302 2895 1503 2950 veteris
1541 2894 1698 2965 legis,

112 2984 324 3041 scilicet
365 2983 566 3054 ﬁguras
592 2984 739 3054 ipsas
773 3003 786 3038 :
835 3001 941 3041 non
986 2984 1130 3055 quod
1162 2986 1323 3041 homo
1349 2984 1482 3040 Novi
1511 2984 1700 3040 Testa-

112 3076 283 3135 menti
310 3092 377 3134 ex
402 3084 526 3135 actu
560 3077 805 3146 impleat,
846 3078 942 3133 sed
986 3087 1163 3134 tamen
1204 3086 1387 3133 servat
1412 3091 1496 3144 ea,
1518 3077 1698 3133 sciens

113 3183 181 3225 ea
210 3184 332 3225 esse
355 3168 724 3239 probationem
755 3177 811 3225 et
840 3168 1200 3225 testimonium
1226 3184 1336 3224 sua:
1364 3168 1518 3239 legis,
1553 3168 1702 3223 velut

114 3261 232 3335 ipse
256 3262 524 3318 Dominus
538 3276 636 3333 per
660 3262 1029 3319 testimonium
1049 3264 1284 3331 ipsorum
1310 3264 1696 3333 prophetarum

1797 2068 1980 2124 (lautia
2007 2084 2216 2140 magnae
2239 2070 2545 2126 saturitatis
2568 2068 2778 2124 laudem
2809 2068 2984 2124 dicam
3010 2069 3126 2124 tibi.

1868 2159 1936 2213 Et
1968 2174 2073 2213 non
2104 2167 2312 2214 tantum
2337 2159 2439 2214 tibi
2464 2160 2517 2214 in
2544 2161 2752 2230 meipso
2779 2156 2989 2214 laudem
3033 2159 3246 2226 faciam,
3280 2158 3372 2216 sed

1797 2256 1853 2304 et
1903 2268 1923 2300 ι
1970 2249 2151 2321 lingua
2201 2260 2321 2305 mea
2369 2269 2389 2301 ι
2446 2249 2564 2305 aliis
2619 2268 2640 2301 ‹
2685 2248 3056 2320 prununtiabit
3102 2250 3376 2321 eloquium

1797 2347 1971 2406 tuum,
2008 2359 2029 2394 ›
2082 2342 2227 2411 quod
2278 2340 2548 2412 eloquium
2590 2341 2729 2396 bene
2767 2339 3223 2411 pronuntiandum
3270 2349 3376 2407 est,

1804 2451 1823 2485 ι
1857 2432 1982 2503 quia
2020 2432 2203 2487 omnia
2248 2431 2500 2487 mandata
2546 2439 2638 2487 tua
2670 2451 2688 2484 ι
2739 2440 2871 2488 sunt
2915 2450 2937 2484 ι
2968 2431 3212 2503 aequitas,
3243 2450 3266 2485 ι
3321 2430 3379 2486 id

1797 2535 1883 2583 est
1910 2526 2046 2580 nihil
2082 2525 2339 2595 injnstum
2366 2511 2754 2596 pmipientia.

1868 2617 1937 2672 Et
1965 2625 2023 2672 ut
2043 2617 2246 2687 possim
2274 2618 2481 2673 intrare
2506 2617 2561 2671 in
2582 2626 2874 2688 conspectu
2901 2626 3015 2684 tuo,
3046 2624 3103 2672 et
3130 2616 3248 2673 haec
3271 2614 3376 2671 alia

1799 2710 1954 2775 ﬁant,
1987 2726 2008 2761 ‹
2041 2709 2135 2764 tiat
2176 2724 2370 2765 manus
2398 2717 2510 2775 tua,
2550 2728 2572 2762 ι
2618 2709 2673 2763 id
2722 2718 2808 2766 est
2854 2710 3027 2766 Filius
3065 2718 3211 2778 tuus,
3263 2728 3284 2762 ε
3317 2716 3381 2766 ιιι

1802 2802 1973 2859 salvet
1996 2816 2103 2869 me,
2132 2821 2152 2855 ι
2188 2803 2244 2858 id
2287 2810 2393 2869 est,
2439 2802 2678 2860 salvator
2706 2819 2859 2859 meus
2888 2803 3002 2871 tlat,
3032 2806 3190 2861 nobis
3217 2805 3381 2860 etiam

1801 2892 1907 2948 hoc
1939 2901 2217 2963 tempore:
2268 2892 2332 2948 ﬁt
2375 2894 2517 2948 enim
2561 2892 2800 2963 quotidie
2848 2893 3096 2950 Christus
3146 2894 3385 2950 salvator

1799 2994 2023 3056 peccata
2052 2984 2395 3051 remittendo,
2425 2992 2481 3041 et
2525 2985 2831 3055 spirituales
2874 2987 3076 3057 gratias
3103 2985 3383 3043 conferen-

1803 3076 1873 3131 do
1899 3094 1912 3131 :
1942 3076 2086 3146 quod
2114 3076 2247 3131 mibi
2286 3076 2481 3131 merito
2504 3074 2621 3143 ﬂat,
2652 3093 2673 3128 ‹
2712 3076 2964 3147 quoniam
3004 3077 3257 3131 mandata
3290 3082 3383 3131 tua

1803 3168 1956 3239 elegi.
1982 3187 2003 3220 ι

1802 3287 1810 3303 ι
1872 3258 1998 3315 Ideo
2048 3260 2211 3314 etiam
2257 3262 2459 3314 manus
2494 3268 2585 3314 tua
2635 3259 2806 3315 salvet
2850 3274 2955 3327 me,
2993 3259 3245 3330 quoniam
3284 3272 3386 3330 ego

117 3353 486 3422 comprobavit
533 3353 1005 3417 resurrectionem,
1061 3353 1283 3422 loquens
1335 3353 1611 3423 discipulis
1642 3354 1700 3408 in
1727 3339 1774 3404 C
1811 3368 1833 3403 ι
1869 3349 2151 3420 concupivi
2174 3348 2410 3404 salutare
2440 3346 2612 3415 tuum,
2640 3346 2887 3417 Domine,
2921 3369 2942 3403 ι
2980 3350 3036 3405 id
3056 3358 3155 3415 est,
3186 3349 3385 3406 salvari

116 3442 204 3498 via
246 3442 439 3514 (Marc.
468 3458 609 3508 xu;
652 3442 784 3499 Luc.
822 3442 975 3513 xxxv)
1003 3458 1018 3498 :
1050 3462 1069 3495 ι
1097 3452 1155 3499 et
1193 3443 1379 3499 dilexit
1426 3459 1491 3499 ea
1539 3445 1703 3500 vehe-

115 3540 348 3587 menter.
372 3551 391 3584 )

192 3626 325 3682 Dico
361 3644 381 3677 ι
410 3625 573 3683 dilexi
597 3627 873 3694 mandata,
906 3646 929 3680 ι
979 3635 1036 3684 et
1063 3644 1169 3684 non
1198 3637 1404 3685 tantum
1444 3631 1569 3698 hoc,
1606 3632 1703 3687 sed

120 3724 177 3770 et
208 3736 228 3769 ι
254 3716 465 3772 servavi
504 3718 755 3775 mandata
804 3726 912 3782 tua,
937 3728 993 3775 et
1028 3738 1048 3772 ι
1089 3720 1254 3775 etiam
1280 3736 1302 3772 ι
1334 3721 1645 3777 testimonia
1676 3740 1695 3774 ι

120 3823 246 3871 cum
273 3807 561 3875 mandatis,
596 3818 657 3865 ut
695 3810 942 3866 ostrindat
974 3826 1034 3867 se
1066 3820 1355 3883 utrumque
1390 3813 1704 3869 Testamen-

122 3907 261 3967 tum,
304 3898 472 3961 Vetus
512 3900 814 3968 etNovum,
846 3903 1051 3971 pariter
1076 3904 1402 3963 observare:
1432 3905 1553 3961 ideo
1582 3920 1701 3961 ser-

118 3990 244 4045 vavi
281 4009 300 4041 ‹
327 3990 452 4059 quia
486 4006 676 4047 omnes
725 3992 825 4047 via:
854 4007 1007 4060 mere,
1037 4012 1055 4044 ι
1090 3993 1145 4049 id
1191 4002 1292 4061 est,
1332 3995 1511 4051 omnia
1536 4010 1700 4066 opera

119 4097 263 4146 mea,
314 4088 440 4149 sunt
475 4100 494 4134 ι
534 4082 591 4138 in
637 4093 929 4152 conspectu
961 4092 1075 4151 tuo,
1103 4104 1125 4138 ι
1175 4085 1229 4141 id
1256 4095 1361 4153 est,
1408 4096 1466 4142 te
1513 4087 1700 4159 dirigis

120 4172 239 4228 vias
262 4178 319 4227 et
335 4186 498 4244 opera
524 4187 646 4235 mea
668 4189 684 4233 :
707 4190 875 4245 opera
890 4175 1039 4233 milia
1059 4176 1315 4235 dicuntur
1331 4180 1388 4235 in
1407 4186 1699 4251 conspectu

120 4260 220 4321 Dei
248 4277 388 4331 esse,
413 4262 519 4320 nisi
548 4264 715 4327 solius
730 4266 889 4338 justi.

820 4402 946 4455 Tau.

148 4576 159 4583 .
185 4543 207 4579 ι
230 4524 647 4598 Appropinquet.
669 4546 694 4581 a
717 4525 854 4584 Huic
875 4528 1154 4587 octonarie
1176 4531 1545 4601 praescribitur
1561 4531 1699 4602 Tan,

124 4618 181 4687 id
208 4626 314 4686 est,
340 4619 749 4683 consummatio:
780 4621 870 4677 hic
896 4623 1039 4679 enim
1076 4623 1256 4695 justus
1300 4625 1420 4693 iste,
1470 4627 1562 4698 qui
1610 4643 1702 4684 su-

1804 3458 1906 3516 per
1927 3442 2122 3499 Filium
2148 3444 2346 3513 ipsum,
2372 3458 2533 3514 quem
2557 3457 2658 3515 ego
2683 3444 2907 3515 cognovi
2931 3443 3251 3499 salvatorem
3274 3457 3387 3499 om-

1803 3535 1954 3590 nium
1980 3552 1993 3588 :
2031 3553 2050 3585 ι
2081 3541 2136 3588 et
2167 3552 2186 3586 ι
2218 3534 2381 3589 etiam
2410 3534 2532 3590 ideo
2558 3535 2727 3590 debeo
2750 3534 2965 3600 salvari,
2995 3535 3120 3606 quia
3142 3549 3247 3590 non
3271 3542 3389 3590 tan-

1806 3634 1921 3682 tum
1944 3627 2114 3697 legem
2140 3626 2324 3693 dilexi,
2361 3626 2457 3681 sed
2483 3626 2645 3681 etiam
2672 3627 2788 3696 ipsa
2815 3644 2835 3677 ι
2870 3626 2956 3681 lex
2982 3635 3073 3681 tua
3108 3626 3387 3682 meditatio

1804 3731 1926 3772 mea
1947 3725 2051 3782 est,
2090 3736 2109 3769 ι
2140 3717 2207 3773 de
2235 3718 2388 3788 cujus
2424 3715 2735 3787 impletione
2765 3716 2995 3771 sollicite
3026 3717 3273 3772 meditor.

1877 3808 1990 3880 Ego
2018 3810 2298 3880 concupivi
2345 3809 2600 3875 salutare,
2635 3824 2735 3865 nec
2768 3808 2992 3877 frustra,
3041 3809 3168 3880 quia
3202 3824 3301 3881 per
3327 3817 3383 3868 te

1806 3898 2144 3956 Salvatorem
2178 3918 2199 3951 ο
2224 3900 2370 3954 vivet
2393 3901 2573 3955 anima
2601 3914 2723 3955 mea
2749 3919 2772 3953 ι
2804 3910 3005 3956 aeterna
3037 3891 3188 3955 vita:
3224 3919 3244 3952 ι
3278 3907 3335 3955 et
3360 3917 3383 3954 ι

1803 3993 1860 4050 in
1886 3992 1977 4048 illa
2006 3993 2115 4047 vita
2164 4011 2185 4044 ι
2224 3993 2465 4050 laudabit
2490 4002 2545 4049 te
2576 4014 2596 4047 ›
2640 3992 2796 4064 juxta
2850 3993 2980 4051 illud
3011 4015 3025 4049 :
3060 4012 3081 4045 ι
3113 3993 3264 4050 Beati
3290 3994 3384 4065 qui

1801 4084 2051 4140 habitant
2074 4083 2128 4138 in
2152 4083 2317 4140 domo
2339 4092 2454 4152 tua,
2485 4084 2740 4151 Domine;
2769 4085 2822 4139 in
2852 4083 3045 4141 saecula
3066 4083 3384 4140 saeculorum

1802 4174 2100 4232 laudabunt
2125 4182 2199 4230 te.
2223 4195 2243 4228 ι
2281 4174 2455 4247 (Psal.
2480 4175 2735 4248 Lxxxm'.)
2767 4175 2836 4231 Et
2872 4176 2938 4230 ad
2980 4177 3096 4231 haec
3119 4184 3183 4230 ut
3204 4175 3385 4231 anima

1801 4280 1925 4324 mea
1971 4268 2041 4323 ad
2088 4268 2235 4323 illam
2286 4268 2453 4323 vitam
2500 4268 2799 4338 perveniat,
2841 4286 2862 4320 ‹
2895 4267 3241 4339 judicia'tua,
3277 4285 3297 4319 ι
3332 4266 3389 4321 id

1803 4367 1889 4417 est
1916 4360 2306 4427 correctiones,
2362 4360 2567 4416 scilicet
2604 4358 2810 4431 ﬂagella
2839 4373 2959 4429 quae
2986 4359 3120 4414 mihi
3173 4358 3240 4414 ad
3266 4373 3387 4414 cor-

1802 4451 2097 4507 rectionem
2123 4451 2392 4519 immittis,
2404 4458 2464 4507 et
2476 4450 2812 4521 suscipienda
2831 4449 3072 4520 judicas;
3092 4446 3216 4520 quia
3243 4469 3261 4502 ι
3285 4447 3384 4504 ila-

1803 4543 1968 4616 gellat
1983 4544 2123 4600 Deus
2144 4550 2360 4599 omnem
2378 4543 2548 4598 ﬁlium
2577 4557 2736 4612 quem
2760 4541 2951 4612 recipit
2973 4540 3158 4614 (Hebr.
3176 4540 3276 4610 xu)
3312 4557 3326 4593 :
3362 4557 3384 4592 ι

1813 4652 1843 4687 «ε
1868 4635 2199 4707 adiuvabunt
2241 4650 2333 4692 me
2362 4654 2383 4689 ι
2416 4635 2540 4707 quia
2568 4641 2790 4707 peccata
2816 4649 2913 4705 per
2955 4632 3043 4689 illa
3070 4632 3383 4705 punientur,

122 4715 307 4786 perius
328 4714 499 4786 legem
522 4715 617 4772 Dei
653 4730 712 4773 se
734 4716 1035 4774 wstodisse
1067 4718 1324 4787 ostendit,
1363 4733 1703 4776 eonsumma-
1720 4698 1860 4784 D'et
1880 4698 1983 4798 ego
2006 4728 2265 4798 probatus
2289 4698 2507 4783 alliciar.

126 4810 329 4867 tionem
373 4816 649 4881 precatur,
672 4816 736 4867 ut
774 4811 953 4868 oratio
994 4826 1094 4867 sua
1121 4812 1190 4867 ad
1229 4811 1325 4868 Dei
1352 4821 1700 4885 conspectum

125 4902 422 4974 perveniat,
455 4911 513 4961 ut
551 4911 607 4960 et
639 4903 754 4975 ipse
782 4904 926 4960 Deus
952 4910 1049 4975 per
1097 4918 1317 4962 carnem
1366 4917 1700 4979 assumptam

126 4994 300 5051 lactus
331 4993 523 5051 Pastor
568 5010 721 5062 suus,
754 5009 821 5052 se
854 5010 1032 5064 ovem,
1078 4997 1369 5054 commisso
1405 4998 1567 5069 primi
1605 5013 1703 5070 pa-

126 5099 220 5149 ren
230 5085 298 5140 tis
326 5084 381 5140 in
404 5084 621 5145 deserto
645 5095 940 5154 errantem,
989 5087 1057 5143 ad
1084 5102 1274 5142 verum
1299 5095 1704 5158 etperpetuum

126 5176 268 5232 ovile
288 5177 527 5241 reducat.
557 5175 935 5250 Ordo-quaque
969 5195 1238 5250 congruos
1266 5189 1387 5236 est:
1414 5176 1723 5252 postquam

127 5267 275 5327 enim
297 5268 485 5336 beati;
510 5258 781 5331 homoad-
796 5272 902 5330 hoc
947 5273 1247 5342 perductus
1259 5283 1345 5335 est
1368 5282 1439 5329 at
1475 5275 1706 5331 tribula-

129 5358 304 5427 tiones
327 5358 428 5415 sibi
456 5360 907 5427 medicamenttun
936 5363 1155 5430 faciant,
1192 5365 1330 5421 nihil
1365 5366 1512 5422 aliud
1536 5374 1709 5423 restat

130 5452 341 5531 nisiut
392 5454 465 5517 ad
519 5454 845 5526 promissum
900 5458 1177 5528 praemium
1232 5459 1517 5529 pervenire
1574 5476 1707 5518 cond

132 5544 341 5601 tendat.

166 5706 171 5713 _
202 5636 578 5696 Continuatio:
608 5637 746 5708 Quia
774 5636 939 5695 dilexi
958 5647 1013 5694 et
1033 5639 1242 5695 servavi
1265 5641 1537 5711 mandata,
1563 5644 1702 5712 ideo,

132 5746 177 5797 α
203 5752 220 5784 ι
246 5731 491 5800 Domine,
525 5733 834 5803 deprecatio
862 5748 983 5789 mea
1012 5735 1401 5805 appropinquet
1423 5756 1440 5788 ι
1478 5737 1593 5805 tibi,
1626 5740 1705 5794 ita

136 5832 199 5883 ω.
224 5824 292 5879 sit
323 5844 342 5877 ι
368 5826 428 5882 ἱιι
477 5833 766 5896 conspectu
795 5833 906 5893 tuo,
934 5843 952 5878 ι
985 5824 1040 5881 id
1084 5833 1168 5881 est
1214 5827 1327 5897 ipsa
1369 5829 1545 5885 oratio
1583 5845 1708 5887 mea

137 5916 298 5981 faciat
323 5933 413 5979 me
438 5919 867 5992 appropinquare
904 5916 1040 5976 tibi:
1071 5932 1189 5975 non
1221 5918 1486 5991 localiter,
1512 5924 1607 5980 sed
1632 5924 1711 5979 si-

1842 4848 1847 4857 .
1877 4822 1948 4877 Et
1979 4829 2040 4877 ut
2059 4823 2238 4878 anima
2261 4837 2381 4878 mea
2405 4822 2553 4877 vivat
2574 4820 2666 4876 illa
2693 4835 2818 4878 vera
2850 4820 2981 4888 vita,
3012 4820 3081 4877 ad
3102 4835 3262 4893 quam
3288 4834 3389 4890 ego

1805 4928 1905 4987 pter
1930 4926 2019 4971 me
2037 4929 2144 4971 non
2164 4906 2383 4984 possum
2413 4914 2716 4985 pervenire,
2736 4922 2818 4982 tu,
2842 4914 3089 4981 Domine,
3115 4934 3133 4967 ι
3161 4928 3340 4983 quaere
3361 4931 3382 4966 ι

1808 5023 1898 5064 me
1925 5026 1944 5059 ι
1974 5022 2190 5063 servum
2234 5013 2385 5061 tuum
2424 5024 2442 5058 ι
2496 5006 2802 5077 aspirando,
2853 5005 3115 5070 vocando,
3162 5005 3391 5057 virtutes

1809 5098 2236 5169 multiplicando,
2295 5097 2423 5169 quia
2471 5111 2570 5170 ego
2624 5117 2642 5150 ι
2688 5098 2866 5154 erravi
2916 5097 3055 5151 sicut
3112 5095 3228 5150 mis
3269 5108 3391 5164 qua:

1810 5190 1996 5260 periit,
2031 5208 2050 5241 ι
2079 5189 2131 5245 id
2158 5196 2245 5245 est
2277 5190 2453 5244 erravi
2483 5191 2537 5245 in
2572 5190 2808 5261 peccatis
2834 5187 2997 5259 primi
3018 5186 3280 5257 parentis,
3304 5200 3391 5242 rc-

1814 5288 2057 5345 cedende
2076 5287 2133 5342 in
2155 5287 2425 5360 regionem
2452 5287 2899 5344 dissimilitudinis
2924 5303 2938 5340 :
2965 5293 3020 5341 et
3049 5285 3239 5356 dignus
3271 5297 3392 5338 sum

1814 5392 1973 5450 quem
2004 5392 2233 5449 quaeras,
2262 5397 2281 5430 ι
2312 5379 2434 5449 quia
2462 5380 2713 5435 mandata
2737 5386 2829 5432 tua
2855 5393 2960 5433 non
2982 5372 3107 5431 sum'
3127 5373 3341 5429 oblitus.
3367 5389 3386 5423 ι

1816 5460 1970 5527 Sicut
1994 5470 2136 5525 enim
2159 5468 2301 5527 Deus
2330 5470 2663 5543 negligentes
2691 5484 2769 5537 se,
2798 5462 3038 5542 negligit,
3070 5467 3145 5524 ita
3178 5477 3394 5538 quoque

1816 5561 2153 5632 requirentes
2181 5575 2241 5617 se
2264 5562 2510 5632 requirit.

2312 5692 2378 5748 IN
2406 5656 2733 5747 PSADMUM
2760 5690 2942 5759 cxtx.

2133 5805 2372 5861 TITULUS
2405 5821 2419 5856 :
2450 5802 2723 5857 Canticum
2750 5802 3030 5873 graduum.
3110 5844 3113 5853 .

1893 5938 1913 5973 ι
1934 5918 2015 5977 Ad
2029 5918 2309 5975 Dominum
2325 5931 2446 5972 cum
2467 5915 2770 5972 tribularer.
2786 5934 2802 5966 ι
2836 5912 3073 5986 Singulis
3095 5911 3407 5984 quindecim
