  <div class='ocr_page' id='page_1' title='image "/cluster/home/n/w/nwhite01/storage/ocr_20150623/116/hvd.32044015466881/317.png"; bbox 0 0 3898 6504; ppageno 0'>
   <div class='ocr_carea' id='block_1_1' title="bbox 477 518 572 572">
    <p class='ocr_par' dir='ltr' id='par_1_1' title="bbox 477 518 572 572">
     <span class='ocr_line' id='line_1_1' title="bbox 477 518 572 572; baseline 0 0"><span class='ocrx_word' id='word_1_1' title='bbox 477 518 572 572; x_wconf 73' lang='grc'><strong>651</strong></span> 
     </span>
    </p>
   </div>
   <div class='ocr_carea' id='block_1_2' title="bbox 939 486 2072 570">
    <p class='ocr_par' dir='ltr' id='par_1_2' title="bbox 939 497 2063 570">
     <span class='ocr_line' id='line_1_2' title="bbox 939 497 2063 570; baseline -0.014 -1"><span class='ocrx_word' id='word_1_2' title='bbox 939 507 1292 570; x_wconf 82' lang='lat' dir='ltr'><strong>HAYMONIS</strong></span> <span class='ocrx_word' id='word_1_3' title='bbox 1329 501 1806 562; x_wconf 77' lang='lat' dir='ltr'><strong>HALBERSTAT.</strong></span> <span class='ocrx_word' id='word_1_4' title='bbox 1848 497 2063 555; x_wconf 84' lang='lat' dir='ltr'><strong>EPISC.</strong></span> 
     </span>
    </p>
   </div>
   <div class='ocr_carea' id='block_1_3' title="bbox 2177 486 3250 570">
    <p class='ocr_par' dir='ltr' id='par_1_3' title="bbox 2177 486 3250 551">
     <span class='ocr_line' id='line_1_3' title="bbox 2177 486 3250 551; baseline -0.009 0"><span class='ocrx_word' id='word_1_5' title='bbox 2177 494 2255 551; x_wconf 72' lang='lat' dir='ltr'><strong>’P.</strong></span> <span class='ocrx_word' id='word_1_6' title='bbox 2297 491 2477 550; x_wconf 80' lang='lat' dir='ltr'><strong>PARS</strong></span> <span class='ocrx_word' id='word_1_7' title='bbox 2513 491 2558 548; x_wconf 90' lang='grc' dir='ltr'>ι.</span> <span class='ocrx_word' id='word_1_8' title='bbox 2586 522 2657 534; x_wconf 90' lang='lat'><strong><em>—</em></strong></span> <span class='ocrx_word' id='word_1_9' title='bbox 2681 487 3039 548; x_wconf 75' lang='lat' dir='ltr'><strong>COMMENT.</strong></span> <span class='ocrx_word' id='word_1_10' title='bbox 3078 486 3250 542; x_wconf 87' lang='lat' dir='ltr'><strong>BIBL.</strong></span> 
     </span>
    </p>
   </div>
   <div class='ocr_carea' id='block_1_4' title="bbox 3650 479 3767 541">
    <p class='ocr_par' dir='ltr' id='par_1_4' title="bbox 3650 479 3767 541">
     <span class='ocr_line' id='line_1_4' title="bbox 3650 479 3767 541; baseline -0.017 0"><span class='ocrx_word' id='word_1_11' title='bbox 3650 479 3767 541; x_wconf 71' lang='lat'><strong>632</strong></span> 
     </span>
    </p>
   </div>
   <div class='ocr_carea' id='block_1_5' title="bbox 476 601 3768 701">
    <p class='ocr_par' dir='ltr' id='par_1_5' title="bbox 476 601 3768 701">
     <span class='ocr_line' id='line_1_5' title="bbox 476 601 3768 701; baseline -0.01 -15"><span class='ocrx_word' id='word_1_12' title='bbox 476 629 805 701; x_wconf 82' lang='lat' dir='ltr'><strong>psalmorum</strong></span> <span class='ocrx_word' id='word_1_13' title='bbox 835 625 1200 698; x_wconf 63' lang='lat' dir='ltr'><strong>pratscribitur</strong></span> <span class='ocrx_word' id='word_1_14' title='bbox 1227 620 1412 676; x_wconf 90' lang='lat' dir='ltr'><strong>titulus</strong></span> <span class='ocrx_word' id='word_1_15' title='bbox 1438 620 1574 675; x_wconf 89' lang='lat' dir='ltr'><strong>iste:</strong></span> <span class='ocrx_word' id='word_1_16' title='bbox 1622 617 1714 687; x_wconf 91' lang='lat' dir='ltr'><strong>qui</strong></span> <span class='ocrx_word' id='word_1_17' title='bbox 1739 613 1932 686; x_wconf 91' lang='lat' dir='ltr'><strong>singuli</strong></span> <span class='ocrx_word' id='word_1_18' title='bbox 1960 612 2134 672; x_wconf 71' lang='lat' dir='ltr'><strong>do—A</strong></span> <span class='ocrx_word' id='word_1_19' title='bbox 2227 607 2518 679; x_wconf 77' lang='lat' dir='ltr'><strong>Postquam</strong></span> <span class='ocrx_word' id='word_1_20' title='bbox 2563 605 2838 701; x_wconf 82' lang='lat' dir='ltr'><strong>exaudivit</strong></span> <span class='ocrx_word' id='word_1_21' title='bbox 2905 619 3031 659; x_wconf 89' lang='lat' dir='ltr'><strong>eum</strong></span> <span class='ocrx_word' id='word_1_22' title='bbox 3082 601 3361 668; x_wconf 87' lang='lat' dir='ltr'><strong>Dominus,</strong></span> <span class='ocrx_word' id='word_1_23' title='bbox 3399 609 3462 655; x_wconf 89' lang='lat' dir='ltr'><strong>et</strong></span> <span class='ocrx_word' id='word_1_24' title='bbox 3519 609 3768 701; x_wconf 71' lang='lat' dir='ltr'><strong>peccata</strong></span> 
     </span>
    </p>
   </div>
   <div class='ocr_carea' id='block_1_6' title="bbox 477 704 2054 790">
    <p class='ocr_par' dir='ltr' id='par_1_6' title="bbox 477 704 2054 790">
     <span class='ocr_line' id='line_1_6' title="bbox 477 704 2054 790; baseline -0.011 -15"><span class='ocrx_word' id='word_1_25' title='bbox 477 730 599 775; x_wconf 85' lang='lat' dir='ltr'><strong>cent</strong></span> <span class='ocrx_word' id='word_1_26' title='bbox 643 736 741 774; x_wconf 91' lang='lat' dir='ltr'><strong>nos</strong></span> <span class='ocrx_word' id='word_1_27' title='bbox 787 718 1045 790; x_wconf 88' lang='lat' dir='ltr'><strong>quasdam</strong></span> <span class='ocrx_word' id='word_1_28' title='bbox 1085 715 1334 778; x_wconf 90' lang='lat' dir='ltr'><strong>virtutes,</strong></span> <span class='ocrx_word' id='word_1_29' title='bbox 1363 726 1483 781; x_wconf 69' lang='lat' dir='ltr'><strong>qua:</strong></span> <span class='ocrx_word' id='word_1_30' title='bbox 1512 717 1640 765; x_wconf 89' lang='lat' dir='ltr'><strong>sunt</strong></span> <span class='ocrx_word' id='word_1_31' title='bbox 1683 707 1837 762; x_wconf 89' lang='lat' dir='ltr'><strong>nobis</strong></span> <span class='ocrx_word' id='word_1_32' title='bbox 1865 704 2054 760; x_wconf 87' lang='lat' dir='ltr'><strong>certis-</strong></span> 
     </span>
    </p>
   </div>
   <div class='ocr_carea' id='block_1_7' title="bbox 477 797 2056 882">
    <p class='ocr_par' dir='ltr' id='par_1_7' title="bbox 477 797 2056 882">
     <span class='ocr_line' id='line_1_7' title="bbox 477 797 2056 882; baseline -0.011 -15"><span class='ocrx_word' id='word_1_33' title='bbox 477 812 599 866; x_wconf 90' lang='lat' dir='ltr'><strong>simi</strong></span> <span class='ocrx_word' id='word_1_34' title='bbox 625 811 842 882; x_wconf 88' lang='lat' dir='ltr'><strong>gradus,</strong></span> <span class='ocrx_word' id='word_1_35' title='bbox 871 825 968 879; x_wconf 91' lang='lat' dir='ltr'><strong>per</strong></span> <span class='ocrx_word' id='word_1_36' title='bbox 995 823 1131 878; x_wconf 89' lang='lat' dir='ltr'><strong>quos</strong></span> <span class='ocrx_word' id='word_1_37' title='bbox 1167 805 1220 859; x_wconf 92' lang='lat' dir='ltr'><strong>in</strong></span> <span class='ocrx_word' id='word_1_38' title='bbox 1253 815 1543 873; x_wconf 83' lang='lat' dir='ltr'><strong>supernam</strong></span> <span class='ocrx_word' id='word_1_39' title='bbox 1589 797 1923 854; x_wconf 82' lang='lat' dir='ltr'><strong>Hierusalem</strong></span> <span class='ocrx_word' id='word_1_40' title='bbox 1968 810 2056 850; x_wconf 88' lang='lat' dir='ltr'><strong>as-</strong></span> 
     </span>
    </p>
   </div>
   <div class='ocr_carea' id='block_1_8' title="bbox 477 887 2054 961">
    <p class='ocr_par' dir='ltr' id='par_1_8' title="bbox 477 887 2054 961">
     <span class='ocr_line' id='line_1_8' title="bbox 477 887 2054 961; baseline -0.011 -2"><span class='ocrx_word' id='word_1_41' title='bbox 477 905 788 959; x_wconf 84' lang='lat' dir='ltr'><strong>cendamus.</strong></span> <span class='ocrx_word' id='word_1_42' title='bbox 815 899 964 956; x_wconf 85' lang='lat' dir='ltr'><strong>Fecit</strong></span> <span class='ocrx_word' id='word_1_43' title='bbox 987 899 1235 955; x_wconf 75' lang='lat' dir='ltr'><strong>similiter</strong></span> <span class='ocrx_word' id='word_1_44' title='bbox 1251 893 1526 951; x_wconf 87' lang='lat' dir='ltr'><strong>Salomoni</strong></span> <span class='ocrx_word' id='word_1_45' title='bbox 1549 892 1603 947; x_wconf 91' lang='lat' dir='ltr'><strong>in</strong></span> <span class='ocrx_word' id='word_1_46' title='bbox 1624 889 1822 961; x_wconf 85' lang='lat' dir='ltr'><strong>templo</strong></span> <span class='ocrx_word' id='word_1_47' title='bbox 1842 887 2054 944; x_wconf 91' lang='lat' dir='ltr'><strong>Domini</strong></span> 
     </span>
    </p>
   </div>
   <div class='ocr_carea' id='block_1_9' title="bbox 479 980 2056 1062">
    <p class='ocr_par' dir='ltr' id='par_1_9' title="bbox 479 980 2056 1062">
     <span class='ocr_line' id='line_1_9' title="bbox 479 980 2056 1062; baseline -0.008 -17"><span class='ocrx_word' id='word_1_48' title='bbox 479 991 786 1062; x_wconf 85' lang='lat' dir='ltr'><strong>quindecim</strong></span> <span class='ocrx_word' id='word_1_49' title='bbox 816 991 1034 1058; x_wconf 89' lang='lat' dir='ltr'><strong>gradus,</strong></span> <span class='ocrx_word' id='word_1_50' title='bbox 1064 1003 1165 1057; x_wconf 90' lang='lat' dir='ltr'><strong>per</strong></span> <span class='ocrx_word' id='word_1_51' title='bbox 1192 1000 1328 1057; x_wconf 89' lang='lat' dir='ltr'><strong>quos</strong></span> <span class='ocrx_word' id='word_1_52' title='bbox 1353 985 1736 1040; x_wconf 88' lang='lat' dir='ltr'><strong>ascenderetur</strong></span> <span class='ocrx_word' id='word_1_53' title='bbox 1777 981 1842 1037; x_wconf 91' lang='lat' dir='ltr'><strong>de</strong></span> <span class='ocrx_word' id='word_1_54' title='bbox 1879 980 2056 1050; x_wconf 90' lang='lat' dir='ltr'><strong>primo</strong></span> 
     </span>
    </p>
   </div>
   <div class='ocr_carea' id='block_1_10' title="bbox 477 1069 2058 1144">
    <p class='ocr_par' dir='ltr' id='par_1_10' title="bbox 477 1069 2058 1144">
     <span class='ocr_line' id='line_1_10' title="bbox 477 1069 2058 1144; baseline -0.008 -8"><span class='ocrx_word' id='word_1_55' title='bbox 477 1081 824 1138; x_wconf 88' lang='lat' dir='ltr'><strong>tabernaculo</strong></span> <span class='ocrx_word' id='word_1_56' title='bbox 870 1080 925 1136; x_wconf 94' lang='lat' dir='ltr'><strong>in</strong></span> <span class='ocrx_word' id='word_1_57' title='bbox 974 1079 1172 1135; x_wconf 88' lang='lat' dir='ltr'><strong>Sancta</strong></span> <span class='ocrx_word' id='word_1_58' title='bbox 1221 1083 1552 1141; x_wconf 86' lang='lat' dir='ltr'><strong>sanctorum,</strong></span> <span class='ocrx_word' id='word_1_59' title='bbox 1605 1072 1953 1144; x_wconf 68' lang='lat' dir='ltr'><strong>pmﬁgurans</strong></span> <span class='ocrx_word' id='word_1_60' title='bbox 2002 1069 2058 1124; x_wconf 92' lang='lat' dir='ltr'><strong>in</strong></span> 
     </span>
    </p>
   </div>
   <div class='ocr_carea' id='block_1_11' title="bbox 477 1162 2058 1244">
    <p class='ocr_par' dir='ltr' id='par_1_11' title="bbox 477 1162 2058 1244">
     <span class='ocr_line' id='line_1_11' title="bbox 477 1162 2058 1244; baseline -0.009 -16"><span class='ocrx_word' id='word_1_61' title='bbox 477 1174 610 1244; x_wconf 90' lang='lat' dir='ltr'><strong>ipsis</strong></span> <span class='ocrx_word' id='word_1_62' title='bbox 637 1173 780 1227; x_wconf 89' lang='lat' dir='ltr'><strong>viam</strong></span> <span class='ocrx_word' id='word_1_63' title='bbox 808 1172 876 1227; x_wconf 87' lang='lat' dir='ltr'><strong>ad</strong></span> <span class='ocrx_word' id='word_1_64' title='bbox 917 1185 1206 1241; x_wconf 81' lang='lat' dir='ltr'><strong>supernam</strong></span> <span class='ocrx_word' id='word_1_65' title='bbox 1253 1167 1555 1229; x_wconf 89' lang='lat' dir='ltr'><strong>civitatem,</strong></span> <span class='ocrx_word' id='word_1_66' title='bbox 1591 1179 1752 1234; x_wconf 90' lang='lat' dir='ltr'><strong>quam</strong></span> <span class='ocrx_word' id='word_1_67' title='bbox 1796 1162 2058 1233; x_wconf 83' lang='lat' dir='ltr'><strong>propheta</strong></span> 
     </span>
    </p>
   </div>
   <div class='ocr_carea' id='block_1_12' title="bbox 476 1253 2059 1330">
    <p class='ocr_par' dir='ltr' id='par_1_12' title="bbox 476 1253 2059 1330">
     <span class='ocr_line' id='line_1_12' title="bbox 476 1253 2059 1330; baseline -0.008 -11"><span class='ocrx_word' id='word_1_68' title='bbox 476 1266 812 1319; x_wconf 85' lang='lat' dir='ltr'><strong>demonstrat</strong></span> <span class='ocrx_word' id='word_1_69' title='bbox 857 1263 912 1316; x_wconf 93' lang='lat' dir='ltr'><strong>in</strong></span> <span class='ocrx_word' id='word_1_70' title='bbox 958 1262 1077 1316; x_wconf 91' lang='lat' dir='ltr'><strong>istis</strong></span> <span class='ocrx_word' id='word_1_71' title='bbox 1111 1259 1419 1330; x_wconf 88' lang='lat' dir='ltr'><strong>quindecim</strong></span> <span class='ocrx_word' id='word_1_72' title='bbox 1465 1255 1708 1328; x_wconf 87' lang='lat' dir='ltr'><strong>psalmis.</strong></span> <span class='ocrx_word' id='word_1_73' title='bbox 1764 1253 1868 1309; x_wconf 91' lang='lat' dir='ltr'><strong>Per</strong></span> <span class='ocrx_word' id='word_1_74' title='bbox 1916 1253 2059 1307; x_wconf 90' lang='lat' dir='ltr'><strong>hunc</strong></span> 
     </span>
    </p>
   </div>
   <div class='ocr_carea' id='block_1_13' title="bbox 475 1346 2060 1423">
    <p class='ocr_par' dir='ltr' id='par_1_13' title="bbox 475 1346 2060 1423">
     <span class='ocr_line' id='line_1_13' title="bbox 475 1346 2060 1423; baseline -0.008 -15"><span class='ocrx_word' id='word_1_75' title='bbox 475 1369 762 1410; x_wconf 82' lang='lat' dir='ltr'><strong>numerum</strong></span> <span class='ocrx_word' id='word_1_76' title='bbox 788 1352 1116 1423; x_wconf 86' lang='lat' dir='ltr'><strong>quindecim,</strong></span> <span class='ocrx_word' id='word_1_77' title='bbox 1165 1349 1257 1419; x_wconf 88' lang='lat' dir='ltr'><strong>qui</strong></span> <span class='ocrx_word' id='word_1_78' title='bbox 1288 1346 1628 1418; x_wconf 85' lang='lat' dir='ltr'><strong>componitur</strong></span> <span class='ocrx_word' id='word_1_79' title='bbox 1671 1359 1738 1399; x_wconf 88' lang='lat' dir='ltr'><strong>ex</strong></span> <span class='ocrx_word' id='word_1_80' title='bbox 1774 1351 1980 1412; x_wconf 88' lang='lat' dir='ltr'><strong>septem</strong></span> <span class='ocrx_word' id='word_1_81' title='bbox 2005 1347 2060 1396; x_wconf 90' lang='lat' dir='ltr'><strong>et</strong></span> 
     </span>
    </p>
   </div>
   <div class='ocr_carea' id='block_1_14' title="bbox 476 1434 2063 1514">
    <p class='ocr_par' dir='ltr' id='par_1_14' title="bbox 476 1434 2063 1514">
     <span class='ocr_line' id='line_1_14' title="bbox 476 1434 2063 1514; baseline -0.008 -15"><span class='ocrx_word' id='word_1_82' title='bbox 476 1453 619 1508; x_wconf 92' lang='lat' dir='ltr'><strong>octo,</strong></span> <span class='ocrx_word' id='word_1_83' title='bbox 652 1443 820 1499; x_wconf 89' lang='lat' dir='ltr'><strong>voluit</strong></span> <span class='ocrx_word' id='word_1_84' title='bbox 847 1443 1078 1514; x_wconf 88' lang='lat' dir='ltr'><strong>ﬁgurare</strong></span> <span class='ocrx_word' id='word_1_85' title='bbox 1108 1450 1162 1494; x_wconf 92' lang='lat' dir='ltr'><strong>et</strong></span> <span class='ocrx_word' id='word_1_86' title='bbox 1189 1439 1448 1509; x_wconf 89' lang='lat' dir='ltr'><strong>pr0pheta</strong></span> <span class='ocrx_word' id='word_1_87' title='bbox 1479 1435 1571 1506; x_wconf 91' lang='lat' dir='ltr'><strong>qui</strong></span> <span class='ocrx_word' id='word_1_88' title='bbox 1609 1435 1699 1491; x_wconf 89' lang='lat' dir='ltr'><strong>hic</strong></span> <span class='ocrx_word' id='word_1_89' title='bbox 1728 1434 1983 1504; x_wconf 90' lang='lat' dir='ltr'><strong>loquitur,</strong></span> <span class='ocrx_word' id='word_1_90' title='bbox 2007 1439 2063 1487; x_wconf 86' lang='lat' dir='ltr'><strong>et</strong></span> 
     </span>
    </p>
   </div>
   <div class='ocr_carea' id='block_1_15' title="bbox 481 1523 2062 1602">
    <p class='ocr_par' dir='ltr' id='par_1_15' title="bbox 481 1523 2062 1602">
     <span class='ocr_line' id='line_1_15' title="bbox 481 1523 2062 1602; baseline -0.008 -12"><span class='ocrx_word' id='word_1_91' title='bbox 481 1535 735 1590; x_wconf 88' lang='lat' dir='ltr'><strong>Salomon</strong></span> <span class='ocrx_word' id='word_1_92' title='bbox 793 1534 848 1588; x_wconf 92' lang='lat' dir='ltr'><strong>in</strong></span> <span class='ocrx_word' id='word_1_93' title='bbox 901 1533 1014 1588; x_wconf 91' lang='lat' dir='ltr'><strong>suis</strong></span> <span class='ocrx_word' id='word_1_94' title='bbox 1065 1531 1340 1602; x_wconf 88' lang='lat' dir='ltr'><strong>gradibus,</strong></span> <span class='ocrx_word' id='word_1_95' title='bbox 1389 1528 1796 1598; x_wconf 89' lang='lat' dir='ltr'><strong>completionem</strong></span> <span class='ocrx_word' id='word_1_96' title='bbox 1848 1523 2062 1580; x_wconf 81' lang='lat' dir='ltr'><strong>Veteris</strong></span> 
     </span>
    </p>
   </div>
   <div class='ocr_carea' id='block_1_16' title="bbox 480 1617 2062 1696">
    <p class='ocr_par' dir='ltr' id='par_1_16' title="bbox 480 1617 2062 1696">
     <span class='ocr_line' id='line_1_16' title="bbox 480 1617 2062 1696; baseline -0.006 -18"><span class='ocrx_word' id='word_1_97' title='bbox 480 1623 838 1688; x_wconf 89' lang='lat' dir='ltr'><strong>&#39;festameuti,</strong></span> <span class='ocrx_word' id='word_1_98' title='bbox 872 1621 1011 1691; x_wconf 90' lang='lat' dir='ltr'><strong>quod</strong></span> <span class='ocrx_word' id='word_1_99' title='bbox 1064 1636 1163 1690; x_wconf 90' lang='lat' dir='ltr'><strong>per</strong></span> <span class='ocrx_word' id='word_1_100' title='bbox 1210 1619 1572 1690; x_wconf 85' lang='lat' dir='ltr'><strong>septenarium</strong></span> <span class='ocrx_word' id='word_1_101' title='bbox 1623 1617 1853 1672; x_wconf 89' lang='lat' dir='ltr'><strong>habetur</strong></span> <span class='ocrx_word' id='word_1_102' title='bbox 1904 1629 2062 1696; x_wconf 67' lang='lat' dir='ltr'><strong>posse</strong></span> 
     </span>
    </p>
   </div>
   <div class='ocr_carea' id='block_1_17' title="bbox 480 1709 2111 1782">
    <p class='ocr_par' dir='ltr' id='par_1_17' title="bbox 480 1709 2111 1782">
     <span class='ocr_line' id='line_1_17' title="bbox 480 1709 2111 1782; baseline -0.002 -14"><span class='ocrx_word' id='word_1_103' title='bbox 480 1715 776 1770; x_wconf 86' lang='lat' dir='ltr'><strong>ascendere</strong></span> <span class='ocrx_word' id='word_1_104' title='bbox 827 1715 895 1768; x_wconf 90' lang='lat' dir='ltr'><strong>ad</strong></span> <span class='ocrx_word' id='word_1_105' title='bbox 941 1727 1226 1782; x_wconf 87' lang='lat' dir='ltr'><strong>supernam</strong></span> <span class='ocrx_word' id='word_1_106' title='bbox 1267 1711 1626 1766; x_wconf 79' lang='lat' dir='ltr'><strong>Hierusalem.</strong></span> <span class='ocrx_word' id='word_1_107' title='bbox 1679 1709 1784 1764; x_wconf 85' lang='lat' dir='ltr'><strong>Per</strong></span> <span class='ocrx_word' id='word_1_108' title='bbox 1831 1718 2059 1777; x_wconf 86' lang='lat' dir='ltr'><strong>septem,</strong></span> <span class='ocrx_word' id='word_1_109' title='bbox 2102 1757 2111 1765; x_wconf 90' lang='lat'><strong>.</strong></span> 
     </span>
    </p>
   </div>
   <div class='ocr_carea' id='block_1_18' title="bbox 481 1798 2064 1873">
    <p class='ocr_par' dir='ltr' id='par_1_18' title="bbox 481 1798 2064 1873">
     <span class='ocr_line' id='line_1_18' title="bbox 481 1798 2064 1873; baseline -0.005 -13"><span class='ocrx_word' id='word_1_110' title='bbox 481 1806 649 1860; x_wconf 78' lang='lat' dir='ltr'><strong>Vetus</strong></span> <span class='ocrx_word' id='word_1_111' title='bbox 684 1805 1086 1860; x_wconf 87' lang='lat' dir='ltr'><strong>Testamentum</strong></span> <span class='ocrx_word' id='word_1_112' title='bbox 1117 1801 1450 1873; x_wconf 76' lang='lat' dir='ltr'><strong>intelligitur.</strong></span> <span class='ocrx_word' id='word_1_113' title='bbox 1503 1800 1618 1856; x_wconf 90' lang='lat' dir='ltr'><strong>Lex</strong></span> <span class='ocrx_word' id='word_1_114' title='bbox 1662 1799 1805 1854; x_wconf 91' lang='lat' dir='ltr'><strong>enim</strong></span> <span class='ocrx_word' id='word_1_115' title='bbox 1855 1798 1944 1852; x_wconf 92' lang='lat' dir='ltr'><strong>illa</strong></span> <span class='ocrx_word' id='word_1_116' title='bbox 1970 1812 2064 1852; x_wconf 87' lang='lat' dir='ltr'><strong>oc-</strong></span> 
     </span>
    </p>
   </div>
   <div class='ocr_carea' id='block_1_19' title="bbox 481 1889 2060 1960">
    <p class='ocr_par' dir='ltr' id='par_1_19' title="bbox 481 1889 2060 1960">
     <span class='ocr_line' id='line_1_19' title="bbox 481 1889 2060 1960; baseline -0.006 -9"><span class='ocrx_word' id='word_1_117' title='bbox 481 1906 664 1951; x_wconf 89' lang='lat' dir='ltr'><strong>tavam</strong></span> <span class='ocrx_word' id='word_1_118' title='bbox 710 1896 874 1960; x_wconf 92' lang='lat' dir='ltr'><strong>diem,</strong></span> <span class='ocrx_word' id='word_1_119' title='bbox 921 1894 975 1949; x_wconf 91' lang='lat' dir='ltr'><strong>id</strong></span> <span class='ocrx_word' id='word_1_120' title='bbox 1002 1908 1088 1953; x_wconf 81' lang='lat' dir='ltr'><strong>est</strong></span> <span class='ocrx_word' id='word_1_121' title='bbox 1135 1900 1394 1948; x_wconf 57' lang='lat' dir='ltr'><strong>aeternam</strong></span> <span class='ocrx_word' id='word_1_122' title='bbox 1438 1892 1700 1960; x_wconf 89' lang='lat' dir='ltr'><strong>requiem,</strong></span> <span class='ocrx_word' id='word_1_123' title='bbox 1745 1907 1848 1945; x_wconf 90' lang='lat' dir='ltr'><strong>non</strong></span> <span class='ocrx_word' id='word_1_124' title='bbox 1878 1889 2060 1955; x_wconf 88' lang='lat' dir='ltr'><strong>dabat,</strong></span> 
     </span>
    </p>
   </div>
   <div class='ocr_carea' id='block_1_20' title="bbox 2154 691 3764 765">
    <p class='ocr_par' dir='ltr' id='par_1_20' title="bbox 2154 691 3764 765">
     <span class='ocr_line' id='line_1_20' title="bbox 2154 691 3764 765; baseline -0.009 -7"><span class='ocrx_word' id='word_1_125' title='bbox 2154 701 2502 765; x_wconf 86' lang='lat' dir='ltr'><strong>dimittendo,</strong></span> <span class='ocrx_word' id='word_1_126' title='bbox 2541 707 2594 756; x_wconf 89' lang='lat' dir='ltr'><strong>et</strong></span> <span class='ocrx_word' id='word_1_127' title='bbox 2648 699 2715 753; x_wconf 89' lang='lat' dir='ltr'><strong>ab</strong></span> <span class='ocrx_word' id='word_1_128' title='bbox 2759 711 2942 752; x_wconf 85' lang='lat' dir='ltr'><strong>amore</strong></span> <span class='ocrx_word' id='word_1_129' title='bbox 2988 704 3332 750; x_wconf 85' lang='lat' dir='ltr'><strong>terrenorurn</strong></span> <span class='ocrx_word' id='word_1_130' title='bbox 3382 691 3764 755; x_wconf 79' lang='lat' dir='ltr'><strong>removendo,</strong></span> 
     </span>
    </p>
   </div>
   <div class='ocr_carea' id='block_1_21' title="bbox 2150 783 3764 867">
    <p class='ocr_par' dir='ltr' id='par_1_21' title="bbox 2150 783 3764 867">
     <span class='ocr_line' id='line_1_21' title="bbox 2150 783 3764 867; baseline -0.009 -19"><span class='ocrx_word' id='word_1_131' title='bbox 2150 795 2278 867; x_wconf 87' lang='lat' dir='ltr'><strong>quia</strong></span> <span class='ocrx_word' id='word_1_132' title='bbox 2322 792 2457 847; x_wconf 87' lang='lat' dir='ltr'><strong>vidit</strong></span> <span class='ocrx_word' id='word_1_133' title='bbox 2515 789 2617 846; x_wconf 92' lang='lat' dir='ltr'><strong>sibi</strong></span> <span class='ocrx_word' id='word_1_134' title='bbox 2655 787 2822 844; x_wconf 92' lang='lat' dir='ltr'><strong>multa</strong></span> <span class='ocrx_word' id='word_1_135' title='bbox 2868 786 3152 841; x_wconf 90' lang='lat' dir='ltr'><strong>imminere</strong></span> <span class='ocrx_word' id='word_1_136' title='bbox 3187 799 3308 854; x_wconf 75' lang='lat' dir='ltr'><strong>qua:</strong></span> <span class='ocrx_word' id='word_1_137' title='bbox 3356 783 3576 837; x_wconf 75' lang='lat' dir='ltr'><strong>iterum</strong></span> <span class='ocrx_word' id='word_1_138' title='bbox 3630 796 3764 850; x_wconf 82' lang='lat' dir='ltr'><strong>pos-</strong></span> 
     </span>
    </p>
   </div>
   <div class='ocr_carea' id='block_1_22' title="bbox 2152 873 3762 950">
    <p class='ocr_par' dir='ltr' id='par_1_22' title="bbox 2152 873 3762 950">
     <span class='ocr_line' id='line_1_22' title="bbox 2152 873 3762 950; baseline -0.011 -7"><span class='ocrx_word' id='word_1_139' title='bbox 2152 893 2278 943; x_wconf 89' lang='lat' dir='ltr'><strong>sent</strong></span> <span class='ocrx_word' id='word_1_140' title='bbox 2326 899 2451 941; x_wconf 90' lang='lat' dir='ltr'><strong>eum</strong></span> <span class='ocrx_word' id='word_1_141' title='bbox 2498 882 2568 937; x_wconf 88' lang='lat' dir='ltr'><strong>ad</strong></span> <span class='ocrx_word' id='word_1_142' title='bbox 2620 876 3232 950; x_wconf 86' lang='lat' dir='ltr'><strong>postpositaimpellere,</strong></span> <span class='ocrx_word' id='word_1_143' title='bbox 3275 874 3453 930; x_wconf 85' lang='lat' dir='ltr'><strong>veluti</strong></span> <span class='ocrx_word' id='word_1_144' title='bbox 3501 873 3762 943; x_wconf 66' lang='lat' dir='ltr'><strong>lingua</strong></span> 
     </span>
    </p>
   </div>
   <div class='ocr_carea' id='block_1_23' title="bbox 2154 966 3761 1046">
    <p class='ocr_par' dir='ltr' id='par_1_23' title="bbox 2154 966 3761 1046">
     <span class='ocr_line' id='line_1_23' title="bbox 2154 966 3761 1046; baseline -0.009 -12"><span class='ocrx_word' id='word_1_145' title='bbox 2154 978 2415 1042; x_wconf 82' lang='lat' dir='ltr'><strong>dolosam,</strong></span> <span class='ocrx_word' id='word_1_146' title='bbox 2461 989 2581 1046; x_wconf 71' lang='lat' dir='ltr'><strong>qua:</strong></span> <span class='ocrx_word' id='word_1_147' title='bbox 2605 973 2778 1044; x_wconf 90' lang='lat' dir='ltr'><strong>ipsum</strong></span> <span class='ocrx_word' id='word_1_148' title='bbox 2800 971 3032 1042; x_wconf 90' lang='lat' dir='ltr'><strong>primum</strong></span> <span class='ocrx_word' id='word_1_149' title='bbox 3056 975 3335 1039; x_wconf 87' lang='lat' dir='ltr'><strong>parentem</strong></span> <span class='ocrx_word' id='word_1_150' title='bbox 3359 966 3577 1037; x_wconf 75' lang='lat' dir='ltr'><strong>deiecit</strong></span> <span class='ocrx_word' id='word_1_151' title='bbox 3601 981 3636 1018; x_wconf 89' lang='lat' dir='ltr'><strong>a</strong></span> <span class='ocrx_word' id='word_1_152' title='bbox 3663 981 3761 1020; x_wconf 80' lang='lat' dir='ltr'><strong>sua</strong></span> 
     </span>
    </p>
   </div>
   <div class='ocr_carea' id='block_1_24' title="bbox 2153 1061 3762 1142">
    <p class='ocr_par' dir='ltr' id='par_1_24' title="bbox 2153 1061 3762 1142">
     <span class='ocr_line' id='line_1_24' title="bbox 2153 1061 3762 1142; baseline -0.007 -16"><span class='ocrx_word' id='word_1_153' title='bbox 2153 1069 2501 1142; x_wconf 83' lang='lat' dir='ltr'><strong>perfectione,</strong></span> <span class='ocrx_word' id='word_1_154' title='bbox 2526 1063 2958 1138; x_wconf 89' lang='lat' dir='ltr'><strong>precaturDeum</strong></span> <span class='ocrx_word' id='word_1_155' title='bbox 2981 1070 3042 1116; x_wconf 92' lang='lat' dir='ltr'><strong>ut</strong></span> <span class='ocrx_word' id='word_1_156' title='bbox 3067 1061 3421 1125; x_wconf 89' lang='lat' dir='ltr'><strong>libereteum,</strong></span> <span class='ocrx_word' id='word_1_157' title='bbox 3448 1074 3522 1115; x_wconf 89' lang='lat' dir='ltr'><strong>ne</strong></span> <span class='ocrx_word' id='word_1_158' title='bbox 3553 1061 3762 1115; x_wconf 84' lang='lat' dir='ltr'><strong>amodo</strong></span> 
     </span>
    </p>
   </div>
   <div class='ocr_carea' id='block_1_25' title="bbox 2157 1149 3755 1226">
    <p class='ocr_par' dir='ltr' id='par_1_25' title="bbox 2157 1149 3755 1226">
     <span class='ocr_line' id='line_1_25' title="bbox 2157 1149 3755 1226; baseline -0.008 -12"><span class='ocrx_word' id='word_1_159' title='bbox 2157 1160 2466 1214; x_wconf 88' lang='lat' dir='ltr'><strong>retrahatur</strong></span> <span class='ocrx_word' id='word_1_160' title='bbox 2479 1157 2545 1211; x_wconf 90' lang='lat' dir='ltr'><strong>ad</strong></span> <span class='ocrx_word' id='word_1_161' title='bbox 2559 1153 2920 1226; x_wconf 89' lang='lat' dir='ltr'><strong>peccandum;</strong></span> <span class='ocrx_word' id='word_1_162' title='bbox 2960 1150 3112 1220; x_wconf 90' lang='lat' dir='ltr'><strong>quasi</strong></span> <span class='ocrx_word' id='word_1_163' title='bbox 3141 1150 3383 1205; x_wconf 86' lang='lat' dir='ltr'><strong>diceret:</strong></span> <span class='ocrx_word' id='word_1_164' title='bbox 3411 1167 3434 1199; x_wconf 82' lang='lat'><strong>(</strong></span> <span class='ocrx_word' id='word_1_165' title='bbox 3460 1149 3709 1204; x_wconf 85' lang='lat' dir='ltr'><strong>Domine</strong></span> <span class='ocrx_word' id='word_1_166' title='bbox 3737 1169 3755 1201; x_wconf 76' lang='grc' dir='ltr'><strong>ι</strong></span> 
     </span>
    </p>
   </div>
   <div class='ocr_carea' id='block_1_26' title="bbox 2158 1239 3758 1320">
    <p class='ocr_par' dir='ltr' id='par_1_26' title="bbox 2158 1239 3758 1320">
     <span class='ocr_line' id='line_1_26' title="bbox 2158 1239 3758 1320; baseline -0.006 -16"><span class='ocrx_word' id='word_1_167' title='bbox 2158 1249 2249 1320; x_wconf 92' lang='lat' dir='ltr'><strong>qui</strong></span> <span class='ocrx_word' id='word_1_168' title='bbox 2274 1248 2388 1319; x_wconf 86' lang='lat' dir='ltr'><strong>jam</strong></span> <span class='ocrx_word' id='word_1_169' title='bbox 2409 1247 2478 1302; x_wconf 90' lang='lat' dir='ltr'><strong>de</strong></span> <span class='ocrx_word' id='word_1_170' title='bbox 2502 1243 2790 1316; x_wconf 70' lang='lat' dir='ltr'><strong>praeteritis</strong></span> <span class='ocrx_word' id='word_1_171' title='bbox 2811 1257 2898 1298; x_wconf 90' lang='lat' dir='ltr'><strong>me</strong></span> <span class='ocrx_word' id='word_1_172' title='bbox 2920 1241 3210 1306; x_wconf 87' lang='lat' dir='ltr'><strong>exaudisti,</strong></span> <span class='ocrx_word' id='word_1_173' title='bbox 3229 1240 3502 1306; x_wconf 83' lang='lat' dir='ltr'><strong>deinceps</strong></span> <span class='ocrx_word' id='word_1_174' title='bbox 3534 1257 3558 1290; x_wconf 78' lang='grc' dir='ltr'><strong>ι</strong></span> <span class='ocrx_word' id='word_1_175' title='bbox 3594 1239 3758 1295; x_wconf 84' lang='lat' dir='ltr'><strong>libera</strong></span> 
     </span>
    </p>
   </div>
   <div class='ocr_carea' id='block_1_27' title="bbox 2161 1327 3760 1402">
    <p class='ocr_par' dir='ltr' id='par_1_27' title="bbox 2161 1327 3760 1402">
     <span class='ocr_line' id='line_1_27' title="bbox 2161 1327 3760 1402; baseline -0.006 -7"><span class='ocrx_word' id='word_1_176' title='bbox 2161 1340 2396 1396; x_wconf 86' lang='lat' dir='ltr'><strong>animam</strong></span> <span class='ocrx_word' id='word_1_177' title='bbox 2433 1351 2611 1392; x_wconf 88' lang='lat' dir='ltr'><strong>meam</strong></span> <span class='ocrx_word' id='word_1_178' title='bbox 2641 1351 2673 1390; x_wconf 88' lang='lat' dir='ltr'><strong>a</strong></span> <span class='ocrx_word' id='word_1_179' title='bbox 2711 1334 2870 1390; x_wconf 89' lang='lat' dir='ltr'><strong>labiis</strong></span> <span class='ocrx_word' id='word_1_180' title='bbox 2917 1332 3146 1402; x_wconf 90' lang='lat' dir='ltr'><strong>iniquis,</strong></span> <span class='ocrx_word' id='word_1_181' title='bbox 3183 1348 3204 1383; x_wconf 77' lang='grc' dir='ltr'><strong>ι</strong></span> <span class='ocrx_word' id='word_1_182' title='bbox 3246 1328 3300 1384; x_wconf 88' lang='lat' dir='ltr'><strong>id</strong></span> <span class='ocrx_word' id='word_1_183' title='bbox 3340 1339 3432 1385; x_wconf 90' lang='lat' dir='ltr'><strong>est</strong></span> <span class='ocrx_word' id='word_1_184' title='bbox 3462 1327 3760 1386; x_wconf 79' lang='lat' dir='ltr'><strong>manifeste</strong></span> 
     </span>
    </p>
   </div>
   <div class='ocr_carea' id='block_1_28' title="bbox 2159 1421 3755 1500">
    <p class='ocr_par' dir='ltr' id='par_1_28' title="bbox 2159 1421 3755 1500">
     <span class='ocr_line' id='line_1_28' title="bbox 2159 1421 3755 1500; baseline -0.008 -13"><span class='ocrx_word' id='word_1_185' title='bbox 2159 1430 2298 1487; x_wconf 89' lang='lat' dir='ltr'><strong>mala</strong></span> <span class='ocrx_word' id='word_1_186' title='bbox 2312 1428 2790 1500; x_wconf 74' lang='lat' dir='ltr'><strong>persuadentibus;</strong></span> <span class='ocrx_word' id='word_1_187' title='bbox 2813 1444 2831 1476; x_wconf 76' lang='grc' dir='ltr'><strong>ι</strong></span> <span class='ocrx_word' id='word_1_188' title='bbox 2847 1432 2945 1480; x_wconf 90' lang='lat' dir='ltr'><strong>eta</strong></span> <span class='ocrx_word' id='word_1_189' title='bbox 2960 1424 3140 1494; x_wconf 81' lang='lat' dir='ltr'><strong>lingua</strong></span> <span class='ocrx_word' id='word_1_190' title='bbox 3167 1421 3377 1486; x_wconf 89' lang='lat' dir='ltr'><strong>dolosa,</strong></span> <span class='ocrx_word' id='word_1_191' title='bbox 3405 1441 3430 1474; x_wconf 69' lang='grc' dir='ltr'><strong>ι</strong></span> <span class='ocrx_word' id='word_1_192' title='bbox 3453 1421 3510 1475; x_wconf 93' lang='lat' dir='ltr'><strong>id</strong></span> <span class='ocrx_word' id='word_1_193' title='bbox 3533 1431 3630 1476; x_wconf 86' lang='lat' dir='ltr'><strong>est</strong></span> <span class='ocrx_word' id='word_1_194' title='bbox 3652 1434 3755 1491; x_wconf 72' lang='lat' dir='ltr'><strong>qu</strong></span> 
     </span>
    </p>
   </div>
   <div class='ocr_carea' id='block_1_29' title="bbox 2161 1514 3751 1593">
    <p class='ocr_par' dir='ltr' id='par_1_29' title="bbox 2161 1514 3751 1593">
     <span class='ocr_line' id='line_1_29' title="bbox 2161 1514 3751 1593; baseline -0.008 -14"><span class='ocrx_word' id='word_1_195' title='bbox 2161 1525 2398 1593; x_wconf 87' lang='lat' dir='ltr'><strong>aliquam</strong></span> <span class='ocrx_word' id='word_1_196' title='bbox 2416 1521 2619 1577; x_wconf 89' lang='lat' dir='ltr'><strong>inducit</strong></span> <span class='ocrx_word' id='word_1_197' title='bbox 2633 1519 3034 1581; x_wconf 86' lang='lat' dir='ltr'><strong>auctoritatem,</strong></span> <span class='ocrx_word' id='word_1_198' title='bbox 3057 1515 3142 1570; x_wconf 91' lang='lat' dir='ltr'><strong>vel</strong></span> <span class='ocrx_word' id='word_1_199' title='bbox 3165 1514 3435 1569; x_wconf 89' lang='lat' dir='ltr'><strong>rationem</strong></span> <span class='ocrx_word' id='word_1_200' title='bbox 3446 1555 3463 1580; x_wconf 97' lang='lat'><strong>,</strong></span> <span class='ocrx_word' id='word_1_201' title='bbox 3479 1529 3588 1584; x_wconf 90' lang='lat' dir='ltr'><strong>per</strong></span> <span class='ocrx_word' id='word_1_202' title='bbox 3600 1530 3751 1584; x_wconf 69' lang='lat' dir='ltr'><strong>quam</strong></span> 
     </span>
    </p>
   </div>
   <div class='ocr_carea' id='block_1_30' title="bbox 2163 1607 3747 1685">
    <p class='ocr_par' dir='ltr' id='par_1_30' title="bbox 2163 1607 3747 1685">
     <span class='ocr_line' id='line_1_30' title="bbox 2163 1607 3747 1685; baseline -0.006 -16"><span class='ocrx_word' id='word_1_203' title='bbox 2163 1614 2415 1685; x_wconf 88' lang='lat' dir='ltr'><strong>decipiat.</strong></span> <span class='ocrx_word' id='word_1_204' title='bbox 2464 1612 2701 1668; x_wconf 89' lang='lat' dir='ltr'><strong>Locutus</strong></span> <span class='ocrx_word' id='word_1_205' title='bbox 2730 1611 2831 1664; x_wconf 88' lang='lat' dir='ltr'><strong>fuit</strong></span> <span class='ocrx_word' id='word_1_206' title='bbox 2857 1608 3104 1664; x_wconf 83' lang='lat' dir='ltr'><strong>diabolus</strong></span> <span class='ocrx_word' id='word_1_207' title='bbox 3145 1607 3273 1663; x_wconf 67' lang='lat' dir='ltr'><strong>Evae</strong></span> <span class='ocrx_word' id='word_1_208' title='bbox 3315 1607 3511 1678; x_wconf 86' lang='lat' dir='ltr'><strong>lingua</strong></span> <span class='ocrx_word' id='word_1_209' title='bbox 3555 1607 3747 1675; x_wconf 72' lang='lat' dir='ltr'><strong>dolosa,</strong></span> 
     </span>
    </p>
   </div>
   <div class='ocr_carea' id='block_1_31' title="bbox 2163 1699 3746 1775">
    <p class='ocr_par' dir='ltr' id='par_1_31' title="bbox 2163 1699 3746 1775">
     <span class='ocr_line' id='line_1_31' title="bbox 2163 1699 3746 1775; baseline -0.002 -14"><span class='ocrx_word' id='word_1_210' title='bbox 2163 1705 2288 1761; x_wconf 91' lang='lat' dir='ltr'><strong>dum</strong></span> <span class='ocrx_word' id='word_1_211' title='bbox 2315 1706 2362 1760; x_wconf 91' lang='lat' dir='ltr'><strong>ei</strong></span> <span class='ocrx_word' id='word_1_212' title='bbox 2384 1704 2715 1775; x_wconf 90' lang='lat' dir='ltr'><strong>persuadere</strong></span> <span class='ocrx_word' id='word_1_213' title='bbox 2747 1702 3136 1758; x_wconf 89' lang='lat' dir='ltr'><strong>comestionem</strong></span> <span class='ocrx_word' id='word_1_214' title='bbox 3163 1699 3273 1756; x_wconf 92' lang='lat' dir='ltr'><strong>cibi</strong></span> <span class='ocrx_word' id='word_1_215' title='bbox 3303 1701 3469 1756; x_wconf 82' lang='lat' dir='ltr'><strong>vetiti</strong></span> <span class='ocrx_word' id='word_1_216' title='bbox 3525 1701 3697 1757; x_wconf 78' lang='lat' dir='ltr'><strong>voluit</strong></span> <span class='ocrx_word' id='word_1_217' title='bbox 3730 1720 3746 1758; x_wconf 90' lang='lat'><strong>:</strong></span> 
     </span>
    </p>
   </div>
   <div class='ocr_carea' id='block_1_32' title="bbox 2163 1790 3744 1868">
    <p class='ocr_par' dir='ltr' id='par_1_32' title="bbox 2163 1790 3744 1868">
     <span class='ocr_line' id='line_1_32' title="bbox 2163 1790 3744 1868; baseline -0.001 -16"><span class='ocrx_word' id='word_1_218' title='bbox 2163 1797 2411 1868; x_wconf 88' lang='lat' dir='ltr'><strong>apposuit</strong></span> <span class='ocrx_word' id='word_1_219' title='bbox 2438 1805 2493 1850; x_wconf 91' lang='lat' dir='ltr'><strong>et</strong></span> <span class='ocrx_word' id='word_1_220' title='bbox 2511 1794 2690 1851; x_wconf 91' lang='lat' dir='ltr'><strong>dolum</strong></span> <span class='ocrx_word' id='word_1_221' title='bbox 2712 1809 2810 1864; x_wconf 90' lang='lat' dir='ltr'><strong>per</strong></span> <span class='ocrx_word' id='word_1_222' title='bbox 2831 1807 2992 1863; x_wconf 87' lang='lat' dir='ltr'><strong>quem</strong></span> <span class='ocrx_word' id='word_1_223' title='bbox 3015 1791 3313 1862; x_wconf 89' lang='lat' dir='ltr'><strong>persuasit,</strong></span> <span class='ocrx_word' id='word_1_224' title='bbox 3339 1790 3550 1848; x_wconf 83' lang='lat' dir='ltr'><strong>dicens</strong></span> <span class='ocrx_word' id='word_1_225' title='bbox 3576 1811 3592 1846; x_wconf 91' lang='lat'><strong>:</strong></span> <span class='ocrx_word' id='word_1_226' title='bbox 3635 1813 3655 1846; x_wconf 82' lang='grc' dir='ltr'><strong>ι</strong></span> <span class='ocrx_word' id='word_1_227' title='bbox 3679 1793 3744 1850; x_wconf 86' lang='lat' dir='ltr'><strong>Si-</strong></span> 
     </span>
    </p>
   </div>
   <div class='ocr_carea' id='block_1_33' title="bbox 2165 1881 3184 1956">
    <p class='ocr_par' dir='ltr' id='par_1_33' title="bbox 2165 1881 3184 1956">
     <span class='ocr_line' id='line_1_33' title="bbox 2165 1881 3184 1956; baseline -0.007 -12"><span class='ocrx_word' id='word_1_228' title='bbox 2165 1889 2321 1944; x_wconf 89' lang='lat' dir='ltr'><strong>miles</strong></span> <span class='ocrx_word' id='word_1_229' title='bbox 2345 1887 2497 1944; x_wconf 89' lang='lat' dir='ltr'><strong>eritis</strong></span> <span class='ocrx_word' id='word_1_230' title='bbox 2533 1887 2634 1956; x_wconf 90' lang='lat' dir='ltr'><strong>ipsi</strong></span> <span class='ocrx_word' id='word_1_231' title='bbox 2668 1887 2799 1941; x_wconf 92' lang='lat' dir='ltr'><strong>Deo.</strong></span> <span class='ocrx_word' id='word_1_232' title='bbox 2840 1905 2858 1938; x_wconf 79' lang='grc'><strong>»</strong></span> <span class='ocrx_word' id='word_1_233' title='bbox 2893 1881 3045 1955; x_wconf 84' lang='lat' dir='ltr'><strong>(Gen.</strong></span> <span class='ocrx_word' id='word_1_234' title='bbox 3076 1882 3184 1952; x_wconf 87' lang='lat' dir='ltr'><strong>ut.)</strong></span> 
     </span>
    </p>
   </div>
   <div class='ocr_carea' id='block_1_34' title="bbox 483 1972 3739 2057">
    <p class='ocr_par' dir='ltr' id='par_1_34' title="bbox 483 1972 3739 2057">
     <span class='ocr_line' id='line_1_34' title="bbox 483 1972 3739 2057; baseline -0.002 -16"><span class='ocrx_word' id='word_1_235' title='bbox 483 2002 585 2041; x_wconf 88' lang='lat' dir='ltr'><strong>nec</strong></span> <span class='ocrx_word' id='word_1_236' title='bbox 610 1988 675 2042; x_wconf 90' lang='lat' dir='ltr'><strong>de</strong></span> <span class='ocrx_word' id='word_1_237' title='bbox 705 2001 768 2041; x_wconf 90' lang='lat' dir='ltr'><strong>ea</strong></span> <span class='ocrx_word' id='word_1_238' title='bbox 798 1985 1009 2057; x_wconf 83' lang='lat' dir='ltr'><strong>agebat,</strong></span> <span class='ocrx_word' id='word_1_239' title='bbox 1042 1983 1137 2040; x_wconf 89' lang='lat' dir='ltr'><strong>sed</strong></span> <span class='ocrx_word' id='word_1_240' title='bbox 1161 1985 1226 2039; x_wconf 85' lang='lat' dir='ltr'><strong>de</strong></span> <span class='ocrx_word' id='word_1_241' title='bbox 1251 1981 1644 2053; x_wconf 87' lang='lat' dir='ltr'><strong>signiﬁcatione</strong></span> <span class='ocrx_word' id='word_1_242' title='bbox 1673 1980 1814 2034; x_wconf 87' lang='lat' dir='ltr'><strong>illius</strong></span> <span class='ocrx_word' id='word_1_243' title='bbox 1833 1980 2060 2050; x_wconf 89' lang='lat' dir='ltr'><strong>quietis:</strong></span> <span class='ocrx_word' id='word_1_244' title='bbox 2095 1972 2144 2033; x_wconf 79' lang='grc' dir='ltr'><strong>Β</strong></span> <span class='ocrx_word' id='word_1_245' title='bbox 2241 1979 2323 2034; x_wconf 85' lang='lat' dir='ltr'><strong>Ad</strong></span> <span class='ocrx_word' id='word_1_246' title='bbox 2350 1994 2408 2034; x_wconf 90' lang='lat' dir='ltr'><strong>se</strong></span> <span class='ocrx_word' id='word_1_247' title='bbox 2436 1979 2769 2033; x_wconf 86' lang='lat' dir='ltr'><strong>convertitur</strong></span> <span class='ocrx_word' id='word_1_248' title='bbox 2795 1991 2853 2032; x_wconf 91' lang='lat' dir='ltr'><strong>se</strong></span> <span class='ocrx_word' id='word_1_249' title='bbox 2889 1975 3237 2042; x_wconf 87' lang='lat' dir='ltr'><strong>consulendo,</strong></span> <span class='ocrx_word' id='word_1_250' title='bbox 3277 1975 3336 2031; x_wconf 88' lang='lat' dir='ltr'><strong>in</strong></span> <span class='ocrx_word' id='word_1_251' title='bbox 3400 1993 3528 2048; x_wconf 90' lang='lat' dir='ltr'><strong>quo</strong></span> <span class='ocrx_word' id='word_1_252' title='bbox 3558 1989 3739 2037; x_wconf 70' lang='lat' dir='ltr'><strong>notatur</strong></span> 
     </span>
    </p>
   </div>
   <div class='ocr_carea' id='block_1_35' title="bbox 483 2072 2065 2144">
    <p class='ocr_par' dir='ltr' id='par_1_35' title="bbox 483 2072 2065 2144">
     <span class='ocr_line' id='line_1_35' title="bbox 483 2072 2065 2144; baseline -0.004 -11"><span class='ocrx_word' id='word_1_253' title='bbox 483 2088 541 2133; x_wconf 89' lang='lat' dir='ltr'><strong>et</strong></span> <span class='ocrx_word' id='word_1_254' title='bbox 570 2079 624 2133; x_wconf 91' lang='lat' dir='ltr'><strong>in</strong></span> <span class='ocrx_word' id='word_1_255' title='bbox 655 2080 758 2133; x_wconf 93' lang='lat' dir='ltr'><strong>hoc</strong></span> <span class='ocrx_word' id='word_1_256' title='bbox 806 2087 924 2132; x_wconf 89' lang='lat' dir='ltr'><strong>erat</strong></span> <span class='ocrx_word' id='word_1_257' title='bbox 973 2085 1119 2132; x_wconf 89' lang='lat' dir='ltr'><strong>totus</strong></span> <span class='ocrx_word' id='word_1_258' title='bbox 1151 2075 1294 2141; x_wconf 89' lang='lat' dir='ltr'><strong>ﬁnis,</strong></span> <span class='ocrx_word' id='word_1_259' title='bbox 1332 2075 1460 2144; x_wconf 88' lang='lat' dir='ltr'><strong>quia</strong></span> <span class='ocrx_word' id='word_1_260' title='bbox 1502 2073 1587 2128; x_wconf 89' lang='lat' dir='ltr'><strong>lex</strong></span> <span class='ocrx_word' id='word_1_261' title='bbox 1635 2072 1978 2143; x_wconf 66' lang='lat' dir='ltr'><strong>praecipiebat</strong></span> <span class='ocrx_word' id='word_1_262' title='bbox 2008 2072 2065 2126; x_wconf 92' lang='lat' dir='ltr'><strong>in</strong></span> 
     </span>
    </p>
   </div>
   <div class='ocr_carea' id='block_1_36' title="bbox 486 2163 2068 2243">
    <p class='ocr_par' dir='ltr' id='par_1_36' title="bbox 486 2163 2068 2243">
     <span class='ocr_line' id='line_1_36' title="bbox 486 2163 2068 2243; baseline -0.007 -15"><span class='ocrx_word' id='word_1_263' title='bbox 486 2174 711 2229; x_wconf 89' lang='lat' dir='ltr'><strong>sabbato</strong></span> <span class='ocrx_word' id='word_1_264' title='bbox 734 2171 919 2227; x_wconf 89' lang='lat' dir='ltr'><strong>feriari</strong></span> <span class='ocrx_word' id='word_1_265' title='bbox 944 2168 1087 2243; x_wconf 75' lang='lat' dir='ltr'><strong>(Leu.</strong></span> <span class='ocrx_word' id='word_1_266' title='bbox 1112 2168 1292 2240; x_wconf 79' lang='lat' dir='ltr'><strong>xxiii),</strong></span> <span class='ocrx_word' id='word_1_267' title='bbox 1322 2167 1466 2237; x_wconf 92' lang='lat' dir='ltr'><strong>quod</strong></span> <span class='ocrx_word' id='word_1_268' title='bbox 1493 2172 1613 2222; x_wconf 89' lang='lat' dir='ltr'><strong>erat</strong></span> <span class='ocrx_word' id='word_1_269' title='bbox 1637 2166 1846 2234; x_wconf 85' lang='lat' dir='ltr'><strong>signum</strong></span> <span class='ocrx_word' id='word_1_270' title='bbox 1874 2163 2068 2218; x_wconf 76' lang='lat' dir='ltr'><strong>futurae</strong></span> 
     </span>
    </p>
   </div>
   <div class='ocr_carea' id='block_1_37' title="bbox 485 2256 2067 2334">
    <p class='ocr_par' dir='ltr' id='par_1_37' title="bbox 485 2256 2067 2334">
     <span class='ocr_line' id='line_1_37' title="bbox 485 2256 2067 2334; baseline -0.004 -16"><span class='ocrx_word' id='word_1_271' title='bbox 485 2264 702 2334; x_wconf 89' lang='lat' dir='ltr'><strong>quietis.</strong></span> <span class='ocrx_word' id='word_1_272' title='bbox 749 2263 853 2318; x_wconf 91' lang='lat' dir='ltr'><strong>Per</strong></span> <span class='ocrx_word' id='word_1_273' title='bbox 875 2271 1022 2327; x_wconf 91' lang='lat' dir='ltr'><strong>octo,</strong></span> <span class='ocrx_word' id='word_1_274' title='bbox 1074 2261 1283 2316; x_wconf 86' lang='lat' dir='ltr'><strong>Novum</strong></span> <span class='ocrx_word' id='word_1_275' title='bbox 1312 2259 1721 2314; x_wconf 87' lang='lat' dir='ltr'><strong>Testamentum</strong></span> <span class='ocrx_word' id='word_1_276' title='bbox 1748 2256 2067 2327; x_wconf 88' lang='lat' dir='ltr'><strong>accipimus,</strong></span> 
     </span>
    </p>
   </div>
   <div class='ocr_carea' id='block_1_38' title="bbox 485 2349 2071 2427">
    <p class='ocr_par' dir='ltr' id='par_1_38' title="bbox 485 2349 2071 2427">
     <span class='ocr_line' id='line_1_38' title="bbox 485 2349 2071 2427; baseline -0.005 -16"><span class='ocrx_word' id='word_1_277' title='bbox 485 2357 610 2426; x_wconf 91' lang='lat' dir='ltr'><strong>quia</strong></span> <span class='ocrx_word' id='word_1_278' title='bbox 637 2358 691 2411; x_wconf 90' lang='lat' dir='ltr'><strong>in</strong></span> <span class='ocrx_word' id='word_1_279' title='bbox 716 2356 833 2426; x_wconf 85' lang='lat' dir='ltr'><strong>ipso</strong></span> <span class='ocrx_word' id='word_1_280' title='bbox 856 2356 968 2427; x_wconf 89' lang='lat' dir='ltr'><strong>jam</strong></span> <span class='ocrx_word' id='word_1_281' title='bbox 1016 2353 1258 2423; x_wconf 87' lang='lat' dir='ltr'><strong>requiem</strong></span> <span class='ocrx_word' id='word_1_282' title='bbox 1286 2366 1468 2407; x_wconf 89' lang='lat' dir='ltr'><strong>veram</strong></span> <span class='ocrx_word' id='word_1_283' title='bbox 1493 2351 1818 2406; x_wconf 89' lang='lat' dir='ltr'><strong>obtinemus.</strong></span> <span class='ocrx_word' id='word_1_284' title='bbox 1847 2349 2071 2420; x_wconf 79' lang='lat' dir='ltr'><strong>Accepit</strong></span> 
     </span>
    </p>
   </div>
   <div class='ocr_carea' id='block_1_39' title="bbox 483 2441 2069 2514">
    <p class='ocr_par' dir='ltr' id='par_1_39' title="bbox 483 2441 2069 2514">
     <span class='ocr_line' id='line_1_39' title="bbox 483 2441 2069 2514; baseline -0.008 -9"><span class='ocrx_word' id='word_1_285' title='bbox 483 2449 631 2505; x_wconf 91' lang='lat' dir='ltr'><strong>enim</strong></span> <span class='ocrx_word' id='word_1_286' title='bbox 672 2447 727 2502; x_wconf 91' lang='lat' dir='ltr'><strong>in</strong></span> <span class='ocrx_word' id='word_1_287' title='bbox 757 2446 975 2502; x_wconf 83' lang='lat' dir='ltr'><strong>Christo</strong></span> <span class='ocrx_word' id='word_1_288' title='bbox 1009 2451 1326 2514; x_wconf 83' lang='lat' dir='ltr'><strong>resurgente</strong></span> <span class='ocrx_word' id='word_1_289' title='bbox 1370 2451 1554 2498; x_wconf 88' lang='lat' dir='ltr'><strong>nostra</strong></span> <span class='ocrx_word' id='word_1_290' title='bbox 1582 2441 1860 2497; x_wconf 83' lang='lat' dir='ltr'><strong>humilitas</strong></span> <span class='ocrx_word' id='word_1_291' title='bbox 1906 2449 2069 2495; x_wconf 83' lang='lat' dir='ltr'><strong>acter-</strong></span> 
     </span>
    </p>
   </div>
   <div class='ocr_carea' id='block_1_40' title="bbox 482 2531 2067 2604">
    <p class='ocr_par' dir='ltr' id='par_1_40' title="bbox 482 2531 2067 2604">
     <span class='ocr_line' id='line_1_40' title="bbox 482 2531 2067 2604; baseline -0.005 -10"><span class='ocrx_word' id='word_1_292' title='bbox 482 2555 610 2594; x_wconf 89' lang='lat' dir='ltr'><strong>nam</strong></span> <span class='ocrx_word' id='word_1_293' title='bbox 635 2536 1045 2600; x_wconf 87' lang='lat' dir='ltr'><strong>beatitudinem,</strong></span> <span class='ocrx_word' id='word_1_294' title='bbox 1070 2543 1126 2589; x_wconf 88' lang='lat' dir='ltr'><strong>et</strong></span> <span class='ocrx_word' id='word_1_295' title='bbox 1145 2548 1265 2598; x_wconf 87' lang='lat' dir='ltr'><strong>nos,</strong></span> <span class='ocrx_word' id='word_1_296' title='bbox 1287 2532 1381 2604; x_wconf 96' lang='lat' dir='ltr'><strong>qui</strong></span> <span class='ocrx_word' id='word_1_297' title='bbox 1401 2533 1644 2588; x_wconf 88' lang='lat' dir='ltr'><strong>membra</strong></span> <span class='ocrx_word' id='word_1_298' title='bbox 1670 2531 1839 2602; x_wconf 92' lang='lat' dir='ltr'><strong>ipsius</strong></span> <span class='ocrx_word' id='word_1_299' title='bbox 1858 2545 2067 2597; x_wconf 89' lang='lat' dir='ltr'><strong>sumus,</strong></span> 
     </span>
    </p>
   </div>
   <div class='ocr_carea' id='block_1_41' title="bbox 478 2623 2070 2699">
    <p class='ocr_par' dir='ltr' id='par_1_41' title="bbox 478 2623 2070 2699">
     <span class='ocr_line' id='line_1_41' title="bbox 478 2623 2070 2699; baseline -0.005 -14"><span class='ocrx_word' id='word_1_300' title='bbox 478 2626 591 2698; x_wconf 79' lang='lat' dir='ltr'><strong>jam</strong></span> <span class='ocrx_word' id='word_1_301' title='bbox 639 2629 696 2684; x_wconf 93' lang='lat' dir='ltr'><strong>in</strong></span> <span class='ocrx_word' id='word_1_302' title='bbox 730 2645 826 2699; x_wconf 89' lang='lat' dir='ltr'><strong>spe</strong></span> <span class='ocrx_word' id='word_1_303' title='bbox 855 2629 1141 2692; x_wconf 84' lang='lat' dir='ltr'><strong>habemus,</strong></span> <span class='ocrx_word' id='word_1_304' title='bbox 1170 2633 1227 2681; x_wconf 91' lang='lat' dir='ltr'><strong>et</strong></span> <span class='ocrx_word' id='word_1_305' title='bbox 1269 2625 1489 2680; x_wconf 88' lang='lat' dir='ltr'><strong>tandem</strong></span> <span class='ocrx_word' id='word_1_306' title='bbox 1534 2623 1771 2694; x_wconf 81' lang='lat' dir='ltr'><strong>perfecte</strong></span> <span class='ocrx_word' id='word_1_307' title='bbox 1801 2639 1924 2678; x_wconf 91' lang='lat' dir='ltr'><strong>cum</strong></span> <span class='ocrx_word' id='word_1_308' title='bbox 1954 2623 2070 2692; x_wconf 87' lang='lat' dir='ltr'><strong>ipso</strong></span> 
     </span>
    </p>
   </div>
   <div class='ocr_carea' id='block_1_42' title="bbox 485 2715 2072 2792">
    <p class='ocr_par' dir='ltr' id='par_1_42' title="bbox 485 2715 2072 2792">
     <span class='ocr_line' id='line_1_42' title="bbox 485 2715 2072 2792; baseline -0.003 -16"><span class='ocrx_word' id='word_1_309' title='bbox 485 2721 831 2792; x_wconf 85' lang='lat' dir='ltr'><strong>regnabimus</strong></span> <span class='ocrx_word' id='word_1_310' title='bbox 857 2727 981 2790; x_wconf 91' lang='lat' dir='ltr'><strong>post</strong></span> <span class='ocrx_word' id='word_1_311' title='bbox 1012 2729 1218 2789; x_wconf 87' lang='lat' dir='ltr'><strong>septem</strong></span> <span class='ocrx_word' id='word_1_312' title='bbox 1267 2716 1408 2783; x_wconf 90' lang='lat' dir='ltr'><strong>dies,</strong></span> <span class='ocrx_word' id='word_1_313' title='bbox 1453 2716 1648 2787; x_wconf 89' lang='lat' dir='ltr'><strong>quibus</strong></span> <span class='ocrx_word' id='word_1_314' title='bbox 1696 2715 1930 2772; x_wconf 86' lang='lat' dir='ltr'><strong>volvitur</strong></span> <span class='ocrx_word' id='word_1_315' title='bbox 1969 2717 2072 2772; x_wconf 86' lang='lat' dir='ltr'><strong>iste</strong></span> 
     </span>
    </p>
   </div>
   <div class='ocr_carea' id='block_1_43' title="bbox 484 2809 2072 2882">
    <p class='ocr_par' dir='ltr' id='par_1_43' title="bbox 484 2809 2072 2882">
     <span class='ocr_line' id='line_1_43' title="bbox 484 2809 2072 2882; baseline -0.003 -14"><span class='ocrx_word' id='word_1_316' title='bbox 484 2815 742 2869; x_wconf 87' lang='lat' dir='ltr'><strong>mundus.</strong></span> <span class='ocrx_word' id='word_1_317' title='bbox 782 2812 918 2868; x_wconf 88' lang='lat' dir='ltr'><strong>Nota</strong></span> <span class='ocrx_word' id='word_1_318' title='bbox 957 2812 1083 2882; x_wconf 92' lang='lat' dir='ltr'><strong>quia</strong></span> <span class='ocrx_word' id='word_1_319' title='bbox 1115 2811 1169 2866; x_wconf 93' lang='lat' dir='ltr'><strong>in</strong></span> <span class='ocrx_word' id='word_1_320' title='bbox 1210 2811 1296 2865; x_wconf 89' lang='lat' dir='ltr'><strong>his</strong></span> <span class='ocrx_word' id='word_1_321' title='bbox 1331 2809 1642 2880; x_wconf 88' lang='lat' dir='ltr'><strong>quindecim</strong></span> <span class='ocrx_word' id='word_1_322' title='bbox 1675 2809 1931 2880; x_wconf 86' lang='lat' dir='ltr'><strong>gradibus</strong></span> <span class='ocrx_word' id='word_1_323' title='bbox 1974 2823 2072 2864; x_wconf 84' lang='lat' dir='ltr'><strong>no-</strong></span> 
     </span>
    </p>
   </div>
   <div class='ocr_carea' id='block_1_44' title="bbox 485 2899 2068 2968">
    <p class='ocr_par' dir='ltr' id='par_1_44' title="bbox 485 2899 2068 2968">
     <span class='ocr_line' id='line_1_44' title="bbox 485 2899 2068 2968; baseline -0.004 -9"><span class='ocrx_word' id='word_1_324' title='bbox 485 2913 636 2959; x_wconf 88' lang='lat' dir='ltr'><strong>tatur</strong></span> <span class='ocrx_word' id='word_1_325' title='bbox 660 2903 867 2959; x_wconf 80' lang='lat' dir='ltr'><strong>Novum</strong></span> <span class='ocrx_word' id='word_1_326' title='bbox 895 2913 950 2957; x_wconf 89' lang='lat' dir='ltr'><strong>et</strong></span> <span class='ocrx_word' id='word_1_327' title='bbox 982 2899 1150 2957; x_wconf 78' lang='lat' dir='ltr'><strong>Vetus</strong></span> <span class='ocrx_word' id='word_1_328' title='bbox 1185 2901 1591 2956; x_wconf 86' lang='lat' dir='ltr'><strong>Testamentum</strong></span> <span class='ocrx_word' id='word_1_329' title='bbox 1617 2916 1632 2953; x_wconf 92' lang='lat'><strong>:</strong></span> <span class='ocrx_word' id='word_1_330' title='bbox 1674 2899 1730 2954; x_wconf 89' lang='lat' dir='ltr'><strong>in</strong></span> <span class='ocrx_word' id='word_1_331' title='bbox 1755 2899 2068 2968; x_wconf 64' lang='lat' dir='ltr'><strong>praeceden-</strong></span> 
     </span>
    </p>
   </div>
   <div class='ocr_carea' id='block_1_45' title="bbox 487 2987 2074 3064">
    <p class='ocr_par' dir='ltr' id='par_1_45' title="bbox 487 2987 2074 3064">
     <span class='ocr_line' id='line_1_45' title="bbox 487 2987 2074 3064; baseline -0.004 -15"><span class='ocrx_word' id='word_1_332' title='bbox 487 2993 631 3049; x_wconf 87' lang='lat' dir='ltr'><strong>tibus</strong></span> <span class='ocrx_word' id='word_1_333' title='bbox 661 3002 883 3064; x_wconf 86' lang='lat' dir='ltr'><strong>septem,</strong></span> <span class='ocrx_word' id='word_1_334' title='bbox 913 2993 1081 3048; x_wconf 82' lang='lat' dir='ltr'><strong>Vetus</strong></span> <span class='ocrx_word' id='word_1_335' title='bbox 1105 2991 1420 3062; x_wconf 88' lang='lat' dir='ltr'><strong>designatur</strong></span> <span class='ocrx_word' id='word_1_336' title='bbox 1441 2989 1874 3054; x_wconf 86' lang='lat' dir='ltr'><strong>Testamentum,</strong></span> <span class='ocrx_word' id='word_1_337' title='bbox 1913 2996 1970 3043; x_wconf 93' lang='lat' dir='ltr'><strong>et</strong></span> <span class='ocrx_word' id='word_1_338' title='bbox 1990 2987 2074 3042; x_wconf 87' lang='lat' dir='ltr'><strong>iu-</strong></span> 
     </span>
    </p>
   </div>
   <div class='ocr_carea' id='block_1_46' title="bbox 488 3081 2074 3156">
    <p class='ocr_par' dir='ltr' id='par_1_46' title="bbox 488 3081 2074 3156">
     <span class='ocr_line' id='line_1_46' title="bbox 488 3081 2074 3156; baseline -0.006 -12"><span class='ocrx_word' id='word_1_339' title='bbox 488 3089 769 3144; x_wconf 89' lang='lat' dir='ltr'><strong>titulamur</strong></span> <span class='ocrx_word' id='word_1_340' title='bbox 797 3103 813 3140; x_wconf 90' lang='lat'><strong>:</strong></span> <span class='ocrx_word' id='word_1_341' title='bbox 845 3107 862 3139; x_wconf 81' lang='grc' dir='ltr'><strong>ι</strong></span> <span class='ocrx_word' id='word_1_342' title='bbox 892 3086 1174 3142; x_wconf 90' lang='lat' dir='ltr'><strong>Canticum</strong></span> <span class='ocrx_word' id='word_1_343' title='bbox 1202 3085 1465 3156; x_wconf 89' lang='lat' dir='ltr'><strong>graduum</strong></span> <span class='ocrx_word' id='word_1_344' title='bbox 1496 3102 1516 3135; x_wconf 69' lang='grc' dir='ltr'><strong>ι</strong></span> <span class='ocrx_word' id='word_1_345' title='bbox 1561 3090 1807 3148; x_wconf 89' lang='lat' dir='ltr'><strong>tantum;</strong></span> <span class='ocrx_word' id='word_1_346' title='bbox 1852 3081 1907 3137; x_wconf 89' lang='lat' dir='ltr'><strong>in</strong></span> <span class='ocrx_word' id='word_1_347' title='bbox 1950 3089 2074 3137; x_wconf 89' lang='lat' dir='ltr'><strong>octo</strong></span> 
     </span>
    </p>
   </div>
   <div class='ocr_carea' id='block_1_47' title="bbox 489 3172 2070 3247">
    <p class='ocr_par' dir='ltr' id='par_1_47' title="bbox 489 3172 2070 3247">
     <span class='ocr_line' id='line_1_47' title="bbox 489 3172 2070 3247; baseline -0.005 -14"><span class='ocrx_word' id='word_1_348' title='bbox 489 3194 620 3233; x_wconf 88' lang='lat' dir='ltr'><strong>vero</strong></span> <span class='ocrx_word' id='word_1_349' title='bbox 647 3177 998 3247; x_wconf 83' lang='lat' dir='ltr'><strong>sequentibus</strong></span> <span class='ocrx_word' id='word_1_350' title='bbox 1045 3173 1251 3230; x_wconf 84' lang='lat' dir='ltr'><strong>Novum</strong></span> <span class='ocrx_word' id='word_1_351' title='bbox 1302 3173 1708 3229; x_wconf 88' lang='lat' dir='ltr'><strong>Testamentum</strong></span> <span class='ocrx_word' id='word_1_352' title='bbox 1746 3172 2070 3238; x_wconf 88' lang='lat' dir='ltr'><strong>ostenditur,</strong></span> 
     </span>
    </p>
   </div>
   <div class='ocr_carea' id='block_1_48' title="bbox 488 3261 2064 3340">
    <p class='ocr_par' dir='ltr' id='par_1_48' title="bbox 488 3261 2064 3340">
     <span class='ocr_line' id='line_1_48' title="bbox 488 3261 2064 3340; baseline -0.006 -16"><span class='ocrx_word' id='word_1_353' title='bbox 488 3270 581 3340; x_wconf 88' lang='lat' dir='ltr'><strong>qui</strong></span> <span class='ocrx_word' id='word_1_354' title='bbox 625 3267 984 3332; x_wconf 88' lang='lat' dir='ltr'><strong>intitulantur,</strong></span> <span class='ocrx_word' id='word_1_355' title='bbox 1032 3285 1050 3318; x_wconf 79' lang='grc' dir='ltr'><strong>ι</strong></span> <span class='ocrx_word' id='word_1_356' title='bbox 1087 3265 1370 3322; x_wconf 88' lang='lat' dir='ltr'><strong>Canticum</strong></span> <span class='ocrx_word' id='word_1_357' title='bbox 1397 3264 1659 3336; x_wconf 88' lang='lat' dir='ltr'><strong>graduum</strong></span> <span class='ocrx_word' id='word_1_358' title='bbox 1691 3261 2014 3318; x_wconf 91' lang='lat' dir='ltr'><strong>Salomonis.</strong></span> <span class='ocrx_word' id='word_1_359' title='bbox 2045 3281 2064 3314; x_wconf 76' lang='grc' dir='ltr'><strong>ι</strong></span> 
     </span>
    </p>
   </div>
   <div class='ocr_carea' id='block_1_49' title="bbox 2167 2071 3735 2142">
    <p class='ocr_par' dir='ltr' id='par_1_49' title="bbox 2167 2071 3735 2142">
     <span class='ocr_line' id='line_1_49' title="bbox 2167 2071 3735 2142; baseline 0.002 -15"><span class='ocrx_word' id='word_1_360' title='bbox 2167 2087 2360 2142; x_wconf 87' lang='lat' dir='ltr'><strong>magna</strong></span> <span class='ocrx_word' id='word_1_361' title='bbox 2387 2071 2559 2141; x_wconf 90' lang='lat' dir='ltr'><strong>ipsius</strong></span> <span class='ocrx_word' id='word_1_362' title='bbox 2585 2071 2884 2142; x_wconf 88' lang='lat' dir='ltr'><strong>diligentia,</strong></span> <span class='ocrx_word' id='word_1_363' title='bbox 2913 2077 2969 2123; x_wconf 90' lang='lat' dir='ltr'><strong>et</strong></span> <span class='ocrx_word' id='word_1_364' title='bbox 2999 2083 3161 2138; x_wconf 87' lang='lat' dir='ltr'><strong>quam</strong></span> <span class='ocrx_word' id='word_1_365' title='bbox 3206 2083 3408 2141; x_wconf 88' lang='lat' dir='ltr'><strong>magna</strong></span> <span class='ocrx_word' id='word_1_366' title='bbox 3436 2074 3660 2128; x_wconf 74' lang='lat' dir='ltr'><strong>cautela</strong></span> <span class='ocrx_word' id='word_1_367' title='bbox 3692 2076 3735 2130; x_wconf 61' lang='grc' dir='ltr'><strong>ἑ</strong></span> 
     </span>
    </p>
   </div>
   <div class='ocr_carea' id='block_1_50' title="bbox 2167 2150 3733 2237">
    <p class='ocr_par' dir='ltr' id='par_1_50' title="bbox 2167 2150 3733 2237">
     <span class='ocr_line' id='line_1_50' title="bbox 2167 2150 3733 2237; baseline -0.001 -16"><span class='ocrx_word' id='word_1_368' title='bbox 2167 2166 2470 2222; x_wconf 85' lang='lat' dir='ltr'><strong>adhibenda</strong></span> <span class='ocrx_word' id='word_1_369' title='bbox 2495 2174 2684 2221; x_wconf 90' lang='lat' dir='ltr'><strong>contra</strong></span> <span class='ocrx_word' id='word_1_370' title='bbox 2717 2164 2954 2236; x_wconf 88' lang='lat' dir='ltr'><strong>linguam</strong></span> <span class='ocrx_word' id='word_1_371' title='bbox 2991 2150 3254 2231; x_wconf 83' lang='lat' dir='ltr'><strong>dolosam,</strong></span> <span class='ocrx_word' id='word_1_372' title='bbox 3295 2167 3462 2237; x_wconf 87' lang='lat' dir='ltr'><strong>quasi</strong></span> <span class='ocrx_word' id='word_1_373' title='bbox 3516 2167 3733 2222; x_wconf 71' lang='lat' dir='ltr'><strong>diceret:</strong></span> 
     </span>
    </p>
   </div>
   <div class='ocr_carea' id='block_1_51' title="bbox 2167 2253 3737 2327">
    <p class='ocr_par' dir='ltr' id='par_1_51' title="bbox 2167 2253 3737 2327">
     <span class='ocr_line' id='line_1_51' title="bbox 2167 2253 3737 2327; baseline 0.001 -16"><span class='ocrx_word' id='word_1_374' title='bbox 2167 2253 2212 2312; x_wconf 93' lang='grc' dir='ltr'>Ο</span> <span class='ocrx_word' id='word_1_375' title='bbox 2248 2256 2432 2311; x_wconf 84' lang='lat' dir='ltr'><strong>anima</strong></span> <span class='ocrx_word' id='word_1_376' title='bbox 2479 2271 2624 2322; x_wconf 89' lang='lat' dir='ltr'><strong>mea,</strong></span> <span class='ocrx_word' id='word_1_377' title='bbox 2655 2271 2774 2327; x_wconf 71' lang='lat' dir='ltr'><strong>qua:</strong></span> <span class='ocrx_word' id='word_1_378' title='bbox 2809 2256 3129 2327; x_wconf 82' lang='lat' dir='ltr'><strong>gravissima</strong></span> <span class='ocrx_word' id='word_1_379' title='bbox 3177 2258 3521 2324; x_wconf 87' lang='lat' dir='ltr'><strong>tentatione,</strong></span> <span class='ocrx_word' id='word_1_380' title='bbox 3571 2258 3737 2312; x_wconf 64' lang='lat' dir='ltr'><strong>scilicet</strong></span> 
     </span>
    </p>
   </div>
   <div class='ocr_carea' id='block_1_52' title="bbox 2168 2345 3735 2419">
    <p class='ocr_par' dir='ltr' id='par_1_52' title="bbox 2168 2345 3735 2419">
     <span class='ocr_line' id='line_1_52' title="bbox 2168 2345 3735 2419; baseline 0.002 -18"><span class='ocrx_word' id='word_1_381' title='bbox 2168 2345 2347 2418; x_wconf 88' lang='lat' dir='ltr'><strong>lingua</strong></span> <span class='ocrx_word' id='word_1_382' title='bbox 2391 2348 2598 2414; x_wconf 90' lang='lat' dir='ltr'><strong>dolosa,</strong></span> <span class='ocrx_word' id='word_1_383' title='bbox 2648 2348 2898 2414; x_wconf 85' lang='lat' dir='ltr'><strong>tentaris,</strong></span> <span class='ocrx_word' id='word_1_384' title='bbox 2933 2368 2951 2400; x_wconf 81' lang='grc' dir='ltr'><strong>ι</strong></span> <span class='ocrx_word' id='word_1_385' title='bbox 2992 2349 3122 2419; x_wconf 91' lang='lat' dir='ltr'><strong>quid</strong></span> <span class='ocrx_word' id='word_1_386' title='bbox 3176 2350 3335 2405; x_wconf 87' lang='lat' dir='ltr'><strong>detur</strong></span> <span class='ocrx_word' id='word_1_387' title='bbox 3376 2349 3526 2404; x_wconf 81' lang='lat' dir='ltr'><strong>tibi?</strong></span> <span class='ocrx_word' id='word_1_388' title='bbox 3568 2370 3587 2401; x_wconf 75' lang='grc' dir='ltr'><strong>ι</strong></span> <span class='ocrx_word' id='word_1_389' title='bbox 3613 2350 3735 2404; x_wconf 73' lang='lat' dir='ltr'><strong>idat</strong></span> 
     </span>
    </p>
   </div>
   <div class='ocr_carea' id='block_1_53' title="bbox 2167 2440 3731 2514">
    <p class='ocr_par' dir='ltr' id='par_1_53' title="bbox 2167 2440 3731 2514">
     <span class='ocr_line' id='line_1_53' title="bbox 2167 2440 3731 2514; baseline 0 -19"><span class='ocrx_word' id='word_1_390' title='bbox 2167 2440 2297 2511; x_wconf 88' lang='lat' dir='ltr'><strong>quid</strong></span> <span class='ocrx_word' id='word_1_391' title='bbox 2318 2449 2494 2510; x_wconf 89' lang='lat' dir='ltr'><strong>potest</strong></span> <span class='ocrx_word' id='word_1_392' title='bbox 2517 2440 2614 2496; x_wconf 93' lang='lat' dir='ltr'><strong>tibi</strong></span> <span class='ocrx_word' id='word_1_393' title='bbox 2641 2440 2796 2494; x_wconf 85' lang='lat' dir='ltr'><strong>dari?</strong></span> <span class='ocrx_word' id='word_1_394' title='bbox 2834 2457 2853 2492; x_wconf 83' lang='grc' dir='ltr'><strong>ι</strong></span> <span class='ocrx_word' id='word_1_395' title='bbox 2889 2450 2985 2496; x_wconf 88' lang='lat' dir='ltr'><strong>aut</strong></span> <span class='ocrx_word' id='word_1_396' title='bbox 3004 2443 3134 2512; x_wconf 91' lang='lat' dir='ltr'><strong>quid</strong></span> <span class='ocrx_word' id='word_1_397' title='bbox 3157 2452 3473 2514; x_wconf 87' lang='lat' dir='ltr'><strong>apponatur</strong></span> <span class='ocrx_word' id='word_1_398' title='bbox 3517 2443 3630 2506; x_wconf 85' lang='lat' dir='ltr'><strong>tibi,</strong></span> <span class='ocrx_word' id='word_1_399' title='bbox 3654 2463 3669 2493; x_wconf 72' lang='grc' dir='ltr'><strong>ι</strong></span> <span class='ocrx_word' id='word_1_400' title='bbox 3688 2442 3731 2495; x_wconf 84' lang='lat' dir='ltr'><strong>id</strong></span> 
     </span>
    </p>
   </div>
   <div class='ocr_carea' id='block_1_54' title="bbox 2168 2530 3736 2604">
    <p class='ocr_par' dir='ltr' id='par_1_54' title="bbox 2168 2530 3736 2604">
     <span class='ocr_line' id='line_1_54' title="bbox 2168 2530 3736 2604; baseline -0.001 -17"><span class='ocrx_word' id='word_1_401' title='bbox 2168 2532 2286 2587; x_wconf 82' lang='lat' dir='ltr'><strong>est?</strong></span> <span class='ocrx_word' id='word_1_402' title='bbox 2308 2532 2450 2600; x_wconf 92' lang='lat' dir='ltr'><strong>quod</strong></span> <span class='ocrx_word' id='word_1_403' title='bbox 2475 2530 2782 2601; x_wconf 89' lang='lat' dir='ltr'><strong>exemplum</strong></span> <span class='ocrx_word' id='word_1_404' title='bbox 2833 2540 3011 2602; x_wconf 87' lang='lat' dir='ltr'><strong>potest</strong></span> <span class='ocrx_word' id='word_1_405' title='bbox 3058 2533 3155 2588; x_wconf 91' lang='lat' dir='ltr'><strong>tibi</strong></span> <span class='ocrx_word' id='word_1_406' title='bbox 3204 2534 3469 2604; x_wconf 89' lang='lat' dir='ltr'><strong>proponi,</strong></span> <span class='ocrx_word' id='word_1_407' title='bbox 3505 2535 3647 2604; x_wconf 80' lang='lat' dir='ltr'><strong>quod</strong></span> <span class='ocrx_word' id='word_1_408' title='bbox 3686 2534 3736 2586; x_wconf 84' lang='lat' dir='ltr'><strong>sit</strong></span> 
     </span>
    </p>
   </div>
   <div class='ocr_carea' id='block_1_55' title="bbox 2168 2620 3734 2694">
    <p class='ocr_par' dir='ltr' id='par_1_55' title="bbox 2168 2620 3734 2694">
     <span class='ocr_line' id='line_1_55' title="bbox 2168 2620 3734 2694; baseline 0.002 -18"><span class='ocrx_word' id='word_1_409' title='bbox 2168 2620 2355 2676; x_wconf 90' lang='lat' dir='ltr'><strong>valens</strong></span> <span class='ocrx_word' id='word_1_410' title='bbox 2395 2621 2490 2677; x_wconf 91' lang='lat' dir='ltr'><strong>tibi</strong></span> <span class='ocrx_word' id='word_1_411' title='bbox 2523 2642 2541 2673; x_wconf 73' lang='grc' dir='ltr'><strong>ε</strong></span> <span class='ocrx_word' id='word_1_412' title='bbox 2573 2622 2639 2677; x_wconf 91' lang='lat' dir='ltr'><strong>ad</strong></span> <span class='ocrx_word' id='word_1_413' title='bbox 2663 2622 2899 2694; x_wconf 89' lang='lat' dir='ltr'><strong>linguam</strong></span> <span class='ocrx_word' id='word_1_414' title='bbox 2939 2623 3225 2680; x_wconf 84' lang='lat' dir='ltr'><strong>dolosam?</strong></span> <span class='ocrx_word' id='word_1_415' title='bbox 3264 2646 3282 2679; x_wconf 75' lang='grc' dir='ltr'><strong>ι</strong></span> <span class='ocrx_word' id='word_1_416' title='bbox 3325 2627 3383 2681; x_wconf 94' lang='lat' dir='ltr'><strong>id</strong></span> <span class='ocrx_word' id='word_1_417' title='bbox 3437 2635 3534 2680; x_wconf 84' lang='lat' dir='ltr'><strong>est</strong></span> <span class='ocrx_word' id='word_1_418' title='bbox 3586 2636 3734 2681; x_wconf 75' lang='lat' dir='ltr'><strong>contra</strong></span> 
     </span>
    </p>
   </div>
   <div class='ocr_carea' id='block_1_56' title="bbox 2170 2711 3580 2789">
    <p class='ocr_par' dir='ltr' id='par_1_56' title="bbox 2170 2711 3580 2789">
     <span class='ocr_line' id='line_1_56' title="bbox 2170 2711 3580 2789; baseline 0.005 -23"><span class='ocrx_word' id='word_1_419' title='bbox 2170 2711 2408 2782; x_wconf 87' lang='lat' dir='ltr'><strong>linguam</strong></span> <span class='ocrx_word' id='word_1_420' title='bbox 2438 2713 2697 2777; x_wconf 87' lang='lat' dir='ltr'><strong>dolosam,</strong></span> <span class='ocrx_word' id='word_1_421' title='bbox 2734 2729 2801 2769; x_wconf 92' lang='lat' dir='ltr'><strong>ne</strong></span> <span class='ocrx_word' id='word_1_422' title='bbox 2841 2715 3118 2772; x_wconf 88' lang='lat' dir='ltr'><strong>seducaris</strong></span> <span class='ocrx_word' id='word_1_423' title='bbox 3138 2718 3322 2789; x_wconf 87' lang='lat' dir='ltr'><strong>lingua</strong></span> <span class='ocrx_word' id='word_1_424' title='bbox 3347 2718 3580 2774; x_wconf 83' lang='lat' dir='ltr'><strong>dolosa.</strong></span> 
     </span>
    </p>
   </div>
   <div class='ocr_carea' id='block_1_57' title="bbox 2240 2803 3738 2879">
    <p class='ocr_par' dir='ltr' id='par_1_57' title="bbox 2240 2803 3738 2879">
     <span class='ocr_line' id='line_1_57' title="bbox 2240 2803 3738 2879; baseline 0.004 -21"><span class='ocrx_word' id='word_1_425' title='bbox 2240 2803 2381 2859; x_wconf 89' lang='lat' dir='ltr'><strong>Ecce</strong></span> <span class='ocrx_word' id='word_1_426' title='bbox 2413 2804 2543 2874; x_wconf 89' lang='lat' dir='ltr'><strong>quid</strong></span> <span class='ocrx_word' id='word_1_427' title='bbox 2564 2805 2722 2859; x_wconf 91' lang='lat' dir='ltr'><strong>datur</strong></span> <span class='ocrx_word' id='word_1_428' title='bbox 2748 2805 2875 2860; x_wconf 89' lang='lat' dir='ltr'><strong>tibi:</strong></span> <span class='ocrx_word' id='word_1_429' title='bbox 2905 2824 2925 2858; x_wconf 83' lang='grc' dir='ltr'><strong>ι</strong></span> <span class='ocrx_word' id='word_1_430' title='bbox 2945 2807 3155 2879; x_wconf 72' lang='lat' dir='ltr'><strong>sagitta:</strong></span> <span class='ocrx_word' id='word_1_431' title='bbox 3184 2818 3382 2874; x_wconf 70' lang='lat' dir='ltr'><strong>acutas,</strong></span> <span class='ocrx_word' id='word_1_432' title='bbox 3426 2829 3448 2861; x_wconf 77' lang='grc' dir='ltr'><strong>ι</strong></span> <span class='ocrx_word' id='word_1_433' title='bbox 3486 2810 3544 2864; x_wconf 90' lang='lat' dir='ltr'><strong>id</strong></span> <span class='ocrx_word' id='word_1_434' title='bbox 3591 2821 3664 2866; x_wconf 80' lang='lat' dir='ltr'><strong>est</strong></span> <span class='ocrx_word' id='word_1_435' title='bbox 3684 2810 3738 2864; x_wconf 84' lang='lat' dir='ltr'><strong>di-</strong></span> 
     </span>
    </p>
   </div>
   <div class='ocr_carea' id='block_1_58' title="bbox 2170 2895 3738 2973">
    <p class='ocr_par' dir='ltr' id='par_1_58' title="bbox 2170 2895 3738 2973">
     <span class='ocr_line' id='line_1_58' title="bbox 2170 2895 3738 2973; baseline 0.004 -23"><span class='ocrx_word' id='word_1_436' title='bbox 2170 2895 2294 2951; x_wconf 89' lang='lat' dir='ltr'><strong>vina</strong></span> <span class='ocrx_word' id='word_1_437' title='bbox 2315 2905 2606 2967; x_wconf 66' lang='lat' dir='ltr'><strong>praecepta,</strong></span> <span class='ocrx_word' id='word_1_438' title='bbox 2631 2913 2750 2968; x_wconf 75' lang='lat' dir='ltr'><strong>quze</strong></span> <span class='ocrx_word' id='word_1_439' title='bbox 2779 2898 2890 2955; x_wconf 87' lang='lat' dir='ltr'><strong>cito</strong></span> <span class='ocrx_word' id='word_1_440' title='bbox 2918 2901 3242 2973; x_wconf 70' lang='lat' dir='ltr'><strong>transﬁgurat</strong></span> <span class='ocrx_word' id='word_1_441' title='bbox 3265 2903 3438 2957; x_wconf 91' lang='lat' dir='ltr'><strong>corda</strong></span> <span class='ocrx_word' id='word_1_442' title='bbox 3462 2903 3738 2965; x_wconf 72' lang='lat' dir='ltr'><strong>hominum,</strong></span> 
     </span>
    </p>
   </div>
   <div class='ocr_carea' id='block_1_59' title="bbox 2172 2987 3739 3068">
    <p class='ocr_par' dir='ltr' id='par_1_59' title="bbox 2172 2987 3739 3068">
     <span class='ocr_line' id='line_1_59' title="bbox 2172 2987 3739 3068; baseline 0.004 -24"><span class='ocrx_word' id='word_1_443' title='bbox 2172 2987 2370 3044; x_wconf 87' lang='lat' dir='ltr'><strong>dantur</strong></span> <span class='ocrx_word' id='word_1_444' title='bbox 2398 2989 2448 3044; x_wconf 82' lang='lat' dir='ltr'><strong>ei</strong></span> <span class='ocrx_word' id='word_1_445' title='bbox 2498 3005 2646 3043; x_wconf 90' lang='lat' dir='ltr'><strong>arma</strong></span> <span class='ocrx_word' id='word_1_446' title='bbox 2697 2999 2886 3046; x_wconf 87' lang='lat' dir='ltr'><strong>contra</strong></span> <span class='ocrx_word' id='word_1_447' title='bbox 2925 2991 3167 3064; x_wconf 88' lang='lat' dir='ltr'><strong>linguam</strong></span> <span class='ocrx_word' id='word_1_448' title='bbox 3209 2994 3462 3052; x_wconf 83' lang='lat' dir='ltr'><strong>dolosam</strong></span> <span class='ocrx_word' id='word_1_449' title='bbox 3503 3015 3517 3051; x_wconf 95' lang='lat'><strong>:</strong></span> <span class='ocrx_word' id='word_1_450' title='bbox 3558 2998 3739 3068; x_wconf 67' lang='lat' dir='ltr'><strong>sagitt:</strong></span> 
     </span>
    </p>
   </div>
   <div class='ocr_carea' id='block_1_60' title="bbox 2172 3078 3741 3158">
    <p class='ocr_par' dir='ltr' id='par_1_60' title="bbox 2172 3078 3741 3158">
     <span class='ocr_line' id='line_1_60' title="bbox 2172 3078 3741 3158; baseline 0.005 -25"><span class='ocrx_word' id='word_1_451' title='bbox 2172 3078 2292 3133; x_wconf 86' lang='lat' dir='ltr'><strong>dico</strong></span> <span class='ocrx_word' id='word_1_452' title='bbox 2324 3099 2342 3130; x_wconf 87' lang='grc'><strong><em>‹</em></strong></span> <span class='ocrx_word' id='word_1_453' title='bbox 2373 3078 2635 3146; x_wconf 81' lang='lat' dir='ltr'><strong>Patentis,</strong></span> <span class='ocrx_word' id='word_1_454' title='bbox 2673 3102 2691 3134; x_wconf 79' lang='grc' dir='ltr'><strong>ι</strong></span> <span class='ocrx_word' id='word_1_455' title='bbox 2736 3082 2788 3138; x_wconf 92' lang='lat' dir='ltr'><strong>id</strong></span> <span class='ocrx_word' id='word_1_456' title='bbox 2814 3091 2900 3139; x_wconf 89' lang='lat' dir='ltr'><strong>est</strong></span> <span class='ocrx_word' id='word_1_457' title='bbox 2931 3084 3102 3154; x_wconf 89' lang='lat' dir='ltr'><strong>ipsius</strong></span> <span class='ocrx_word' id='word_1_458' title='bbox 3143 3085 3240 3141; x_wconf 91' lang='lat' dir='ltr'><strong>Dei</strong></span> <span class='ocrx_word' id='word_1_459' title='bbox 3281 3105 3296 3141; x_wconf 92' lang='lat'><strong>:</strong></span> <span class='ocrx_word' id='word_1_460' title='bbox 3333 3097 3391 3143; x_wconf 87' lang='lat' dir='ltr'><strong>et</strong></span> <span class='ocrx_word' id='word_1_461' title='bbox 3425 3103 3530 3158; x_wconf 87' lang='lat' dir='ltr'><strong>per</strong></span> <span class='ocrx_word' id='word_1_462' title='bbox 3555 3089 3652 3144; x_wconf 86' lang='lat' dir='ltr'><strong>hoc</strong></span> <span class='ocrx_word' id='word_1_463' title='bbox 3675 3089 3741 3142; x_wconf 75' lang='lat' dir='ltr'><strong>in-</strong></span> 
     </span>
    </p>
   </div>
   <div class='ocr_carea' id='block_1_61' title="bbox 2172 3168 3739 3249">
    <p class='ocr_par' dir='ltr' id='par_1_61' title="bbox 2172 3168 3739 3249">
     <span class='ocr_line' id='line_1_61' title="bbox 2172 3168 3739 3249; baseline 0.008 -28"><span class='ocrx_word' id='word_1_464' title='bbox 2172 3168 2290 3222; x_wconf 85' lang='lat' dir='ltr'><strong>nuit</strong></span> <span class='ocrx_word' id='word_1_465' title='bbox 2338 3171 2480 3238; x_wconf 92' lang='lat' dir='ltr'><strong>quod</strong></span> <span class='ocrx_word' id='word_1_466' title='bbox 2527 3170 2655 3240; x_wconf 70' lang='lat' dir='ltr'><strong>ipsa:</strong></span> <span class='ocrx_word' id='word_1_467' title='bbox 2691 3173 2900 3244; x_wconf 66' lang='lat' dir='ltr'><strong>sagitta:</strong></span> <span class='ocrx_word' id='word_1_468' title='bbox 2938 3172 3142 3230; x_wconf 84' lang='lat' dir='ltr'><strong>faciant</strong></span> <span class='ocrx_word' id='word_1_469' title='bbox 3199 3177 3455 3233; x_wconf 83' lang='lat' dir='ltr'><strong>homines</strong></span> <span class='ocrx_word' id='word_1_470' title='bbox 3511 3189 3739 3249; x_wconf 84' lang='lat' dir='ltr'><strong>potentes</strong></span> 
     </span>
    </p>
   </div>
   <div class='ocr_carea' id='block_1_62' title="bbox 2174 3261 3734 3339">
    <p class='ocr_par' dir='ltr' id='par_1_62' title="bbox 2174 3261 3734 3339">
     <span class='ocr_line' id='line_1_62' title="bbox 2174 3261 3734 3339; baseline 0.01 -24"><span class='ocrx_word' id='word_1_471' title='bbox 2174 3269 2362 3315; x_wconf 79' lang='lat' dir='ltr'><strong>contra</strong></span> <span class='ocrx_word' id='word_1_472' title='bbox 2391 3261 2627 3333; x_wconf 86' lang='lat' dir='ltr'><strong>linguam</strong></span> <span class='ocrx_word' id='word_1_473' title='bbox 2657 3263 2898 3322; x_wconf 89' lang='lat' dir='ltr'><strong>dolosam</strong></span> <span class='ocrx_word' id='word_1_474' title='bbox 2924 3283 2944 3323; x_wconf 92' lang='lat'><strong>:</strong></span> <span class='ocrx_word' id='word_1_475' title='bbox 2969 3268 3181 3339; x_wconf 67' lang='lat' dir='ltr'><strong>sagittae</strong></span> <span class='ocrx_word' id='word_1_476' title='bbox 3201 3269 3326 3326; x_wconf 92' lang='lat' dir='ltr'><strong>dico</strong></span> <span class='ocrx_word' id='word_1_477' title='bbox 3355 3271 3552 3327; x_wconf 89' lang='lat' dir='ltr'><strong>dantur</strong></span> <span class='ocrx_word' id='word_1_478' title='bbox 3577 3293 3596 3324; x_wconf 80' lang='grc' dir='ltr'><strong>ι</strong></span> <span class='ocrx_word' id='word_1_479' title='bbox 3623 3289 3734 3329; x_wconf 80' lang='lat' dir='ltr'><strong>cum</strong></span> 
     </span>
    </p>
   </div>
   <div class='ocr_carea' id='block_1_63' title="bbox 490 3336 3722 3429">
    <p class='ocr_par' dir='ltr' id='par_1_63' title="bbox 490 3336 3722 3429">
     <span class='ocr_line' id='line_1_63' title="bbox 490 3336 3722 3429; baseline 0.001 -15"><span class='ocrx_word' id='word_1_480' title='bbox 490 3336 700 3415; x_wconf 82' lang='lat' dir='ltr'><strong>Titulus</strong></span> <span class='ocrx_word' id='word_1_481' title='bbox 740 3359 819 3414; x_wconf 91' lang='lat' dir='ltr'><strong>sic</strong></span> <span class='ocrx_word' id='word_1_482' title='bbox 844 3358 1084 3429; x_wconf 88' lang='lat' dir='ltr'><strong>legatur:</strong></span> <span class='ocrx_word' id='word_1_483' title='bbox 1127 3356 1374 3412; x_wconf 90' lang='lat' dir='ltr'><strong>Psalmus</strong></span> <span class='ocrx_word' id='word_1_484' title='bbox 1400 3357 1522 3423; x_wconf 89' lang='lat' dir='ltr'><strong>iste,</strong></span> <span class='ocrx_word' id='word_1_485' title='bbox 1554 3356 1645 3427; x_wconf 92' lang='lat' dir='ltr'><strong>qui</strong></span> <span class='ocrx_word' id='word_1_486' title='bbox 1669 3365 1754 3412; x_wconf 90' lang='lat' dir='ltr'><strong>est</strong></span> <span class='ocrx_word' id='word_1_487' title='bbox 1778 3355 2073 3421; x_wconf 88' lang='lat' dir='ltr'><strong>canticum,</strong></span> <span class='ocrx_word' id='word_1_488' title='bbox 2103 3336 2148 3400; x_wconf 76' lang='grc' dir='ltr'><strong>Ο</strong></span> <span class='ocrx_word' id='word_1_489' title='bbox 2181 3353 2511 3410; x_wconf 86' lang='lat' dir='ltr'><strong>carbonibus</strong></span> <span class='ocrx_word' id='word_1_490' title='bbox 2551 3355 2914 3414; x_wconf 88' lang='lat' dir='ltr'><strong>desolatoriis.</strong></span> <span class='ocrx_word' id='word_1_491' title='bbox 2950 3377 2970 3411; x_wconf 73' lang='grc' dir='ltr'><strong>ι</strong></span> <span class='ocrx_word' id='word_1_492' title='bbox 3004 3336 3287 3416; x_wconf 74' lang='lat' dir='ltr'><strong>carbones</strong></span> <span class='ocrx_word' id='word_1_493' title='bbox 3332 3361 3457 3418; x_wconf 90' lang='lat' dir='ltr'><strong>dicit</strong></span> <span class='ocrx_word' id='word_1_494' title='bbox 3508 3373 3722 3427; x_wconf 76' lang='lat' dir='ltr'><strong>sanctos,</strong></span> 
     </span>
    </p>
   </div>
   <div class='ocr_carea' id='block_1_64' title="bbox 489 3447 2078 3520">
    <p class='ocr_par' dir='ltr' id='par_1_64' title="bbox 489 3447 2078 3520">
     <span class='ocr_line' id='line_1_64' title="bbox 489 3447 2078 3520; baseline -0.002 -16"><span class='ocrx_word' id='word_1_495' title='bbox 489 3452 616 3520; x_wconf 91' lang='lat' dir='ltr'><strong>quia</strong></span> <span class='ocrx_word' id='word_1_496' title='bbox 648 3464 897 3520; x_wconf 87' lang='lat' dir='ltr'><strong>magnam</strong></span> <span class='ocrx_word' id='word_1_497' title='bbox 929 3448 1181 3520; x_wconf 91' lang='lat' dir='ltr'><strong>proponit</strong></span> <span class='ocrx_word' id='word_1_498' title='bbox 1232 3447 1670 3513; x_wconf 79' lang='lat' dir='ltr'><strong>exsultationem,</strong></span> <span class='ocrx_word' id='word_1_499' title='bbox 1703 3447 1910 3502; x_wconf 89' lang='lat' dir='ltr'><strong>scilicet</strong></span> <span class='ocrx_word' id='word_1_500' title='bbox 1943 3461 2078 3517; x_wconf 86' lang='lat' dir='ltr'><strong>quo-</strong></span> 
     </span>
    </p>
   </div>
   <div class='ocr_carea' id='block_1_65' title="bbox 491 3538 2075 3610">
    <p class='ocr_par' dir='ltr' id='par_1_65' title="bbox 491 3538 2075 3610">
     <span class='ocr_line' id='line_1_65' title="bbox 491 3538 2075 3610; baseline 0 -16"><span class='ocrx_word' id='word_1_501' title='bbox 491 3541 652 3595; x_wconf 90' lang='lat' dir='ltr'><strong>modo</strong></span> <span class='ocrx_word' id='word_1_502' title='bbox 670 3539 940 3610; x_wconf 90' lang='lat' dir='ltr'><strong>possimus</strong></span> <span class='ocrx_word' id='word_1_503' title='bbox 961 3541 1252 3596; x_wconf 86' lang='lat' dir='ltr'><strong>ascendere</strong></span> <span class='ocrx_word' id='word_1_504' title='bbox 1275 3539 1342 3594; x_wconf 90' lang='lat' dir='ltr'><strong>ad</strong></span> <span class='ocrx_word' id='word_1_505' title='bbox 1363 3539 1637 3594; x_wconf 68' lang='lat' dir='ltr'><strong>etelestem</strong></span> <span class='ocrx_word' id='word_1_506' title='bbox 1663 3538 2075 3608; x_wconf 86' lang='lat' dir='ltr'><strong>habitationem,</strong></span> 
     </span>
    </p>
   </div>
   <div class='ocr_carea' id='block_1_66' title="bbox 491 3632 2078 3704">
    <p class='ocr_par' dir='ltr' id='par_1_66' title="bbox 491 3632 2078 3704">
     <span class='ocr_line' id='line_1_66' title="bbox 491 3632 2078 3704; baseline 0.001 -18"><span class='ocrx_word' id='word_1_507' title='bbox 491 3642 547 3686; x_wconf 88' lang='lat' dir='ltr'><strong>et</strong></span> <span class='ocrx_word' id='word_1_508' title='bbox 575 3634 815 3704; x_wconf 89' lang='lat' dir='ltr'><strong>recipere</strong></span> <span class='ocrx_word' id='word_1_509' title='bbox 850 3632 992 3704; x_wconf 91' lang='lat' dir='ltr'><strong>quod</strong></span> <span class='ocrx_word' id='word_1_510' title='bbox 1041 3633 1321 3688; x_wconf 89' lang='lat' dir='ltr'><strong>amisimus</strong></span> <span class='ocrx_word' id='word_1_511' title='bbox 1355 3633 1410 3687; x_wconf 93' lang='lat' dir='ltr'><strong>in</strong></span> <span class='ocrx_word' id='word_1_512' title='bbox 1439 3633 1614 3703; x_wconf 89' lang='lat' dir='ltr'><strong>primo</strong></span> <span class='ocrx_word' id='word_1_513' title='bbox 1638 3639 1864 3702; x_wconf 90' lang='lat' dir='ltr'><strong>parente</strong></span> <span class='ocrx_word' id='word_1_514' title='bbox 1890 3649 1904 3685; x_wconf 94' lang='lat'><strong>:</strong></span> <span class='ocrx_word' id='word_1_515' title='bbox 1933 3633 2078 3702; x_wconf 91' lang='lat' dir='ltr'><strong>quod</strong></span> 
     </span>
    </p>
   </div>
   <div class='ocr_carea' id='block_1_67' title="bbox 491 3721 2079 3795">
    <p class='ocr_par' dir='ltr' id='par_1_67' title="bbox 491 3721 2079 3795">
     <span class='ocr_line' id='line_1_67' title="bbox 491 3721 2079 3795; baseline -0.001 -16"><span class='ocrx_word' id='word_1_516' title='bbox 491 3724 761 3779; x_wconf 84' lang='lat' dir='ltr'><strong>canticum</strong></span> <span class='ocrx_word' id='word_1_517' title='bbox 787 3733 868 3778; x_wconf 90' lang='lat' dir='ltr'><strong>est</strong></span> <span class='ocrx_word' id='word_1_518' title='bbox 890 3724 1173 3795; x_wconf 89' lang='lat' dir='ltr'><strong>graduum,</strong></span> <span class='ocrx_word' id='word_1_519' title='bbox 1205 3723 1259 3778; x_wconf 93' lang='lat' dir='ltr'><strong>id</strong></span> <span class='ocrx_word' id='word_1_520' title='bbox 1285 3732 1372 3778; x_wconf 87' lang='lat' dir='ltr'><strong>est</strong></span> <span class='ocrx_word' id='word_1_521' title='bbox 1413 3737 1581 3778; x_wconf 90' lang='lat' dir='ltr'><strong>unum</strong></span> <span class='ocrx_word' id='word_1_522' title='bbox 1609 3737 1676 3778; x_wconf 92' lang='lat' dir='ltr'><strong>ex</strong></span> <span class='ocrx_word' id='word_1_523' title='bbox 1703 3721 1810 3776; x_wconf 88' lang='lat' dir='ltr'><strong>illis</strong></span> <span class='ocrx_word' id='word_1_524' title='bbox 1850 3722 1941 3791; x_wconf 92' lang='lat' dir='ltr'><strong>qui</strong></span> <span class='ocrx_word' id='word_1_525' title='bbox 1982 3736 2079 3777; x_wconf 77' lang='lat' dir='ltr'><strong>no-</strong></span> 
     </span>
    </p>
   </div>
   <div class='ocr_carea' id='block_1_68' title="bbox 491 3813 2076 3887">
    <p class='ocr_par' dir='ltr' id='par_1_68' title="bbox 491 3813 2076 3887">
     <span class='ocr_line' id='line_1_68' title="bbox 491 3813 2076 3887; baseline -0.001 -16"><span class='ocrx_word' id='word_1_526' title='bbox 491 3817 574 3871; x_wconf 91' lang='lat' dir='ltr'><strong>bis</strong></span> <span class='ocrx_word' id='word_1_527' title='bbox 599 3827 905 3887; x_wconf 89' lang='lat' dir='ltr'><strong>proponunt</strong></span> <span class='ocrx_word' id='word_1_528' title='bbox 929 3817 1164 3885; x_wconf 84' lang='lat' dir='ltr'><strong>gradus:</strong></span> <span class='ocrx_word' id='word_1_529' title='bbox 1200 3823 1412 3886; x_wconf 91' lang='lat' dir='ltr'><strong>ponunt</strong></span> <span class='ocrx_word' id='word_1_530' title='bbox 1435 3823 1617 3871; x_wconf 89' lang='lat' dir='ltr'><strong>autem</strong></span> <span class='ocrx_word' id='word_1_531' title='bbox 1647 3813 1844 3886; x_wconf 86' lang='lat' dir='ltr'><strong>singuli</strong></span> <span class='ocrx_word' id='word_1_532' title='bbox 1884 3813 2076 3884; x_wconf 90' lang='lat' dir='ltr'><strong>psalmi</strong></span> 
     </span>
    </p>
   </div>
   <div class='ocr_carea' id='block_1_69' title="bbox 494 3905 2080 3979">
    <p class='ocr_par' dir='ltr' id='par_1_69' title="bbox 494 3905 2080 3979">
     <span class='ocr_line' id='line_1_69' title="bbox 494 3905 2080 3979; baseline -0.002 -16"><span class='ocrx_word' id='word_1_533' title='bbox 494 3909 735 3979; x_wconf 89' lang='lat' dir='ltr'><strong>singulos</strong></span> <span class='ocrx_word' id='word_1_534' title='bbox 781 3908 979 3977; x_wconf 84' lang='lat' dir='ltr'><strong>gradus</strong></span> <span class='ocrx_word' id='word_1_535' title='bbox 1006 3925 1021 3973; x_wconf 87' lang='lat'><strong>;</strong></span> <span class='ocrx_word' id='word_1_536' title='bbox 1049 3916 1103 3964; x_wconf 91' lang='lat' dir='ltr'><strong>et</strong></span> <span class='ocrx_word' id='word_1_537' title='bbox 1128 3908 1242 3977; x_wconf 89' lang='lat' dir='ltr'><strong>ipse</strong></span> <span class='ocrx_word' id='word_1_538' title='bbox 1282 3907 1500 3978; x_wconf 88' lang='lat' dir='ltr'><strong>gradus,</strong></span> <span class='ocrx_word' id='word_1_539' title='bbox 1546 3905 1598 3962; x_wconf 91' lang='lat' dir='ltr'><strong>id</strong></span> <span class='ocrx_word' id='word_1_540' title='bbox 1635 3914 1720 3961; x_wconf 89' lang='lat' dir='ltr'><strong>est</strong></span> <span class='ocrx_word' id='word_1_541' title='bbox 1761 3906 1876 3976; x_wconf 89' lang='lat' dir='ltr'><strong>ipsa</strong></span> <span class='ocrx_word' id='word_1_542' title='bbox 1906 3907 2080 3960; x_wconf 84' lang='lat' dir='ltr'><strong>virtus</strong></span> 
     </span>
    </p>
   </div>
   <div class='ocr_carea' id='block_1_70' title="bbox 495 3998 2078 4070">
    <p class='ocr_par' dir='ltr' id='par_1_70' title="bbox 495 3998 2078 4070">
     <span class='ocr_line' id='line_1_70' title="bbox 495 3998 2078 4070; baseline 0.001 -18"><span class='ocrx_word' id='word_1_543' title='bbox 495 4015 616 4069; x_wconf 73' lang='lat' dir='ltr'><strong>qua:</strong></span> <span class='ocrx_word' id='word_1_544' title='bbox 643 3999 697 4053; x_wconf 93' lang='lat' dir='ltr'><strong>in</strong></span> <span class='ocrx_word' id='word_1_545' title='bbox 725 4013 1047 4068; x_wconf 86' lang='lat' dir='ltr'><strong>unoquoque</strong></span> <span class='ocrx_word' id='word_1_546' title='bbox 1084 3999 1405 4065; x_wconf 90' lang='lat' dir='ltr'><strong>ostenditur,</strong></span> <span class='ocrx_word' id='word_1_547' title='bbox 1457 4006 1542 4054; x_wconf 91' lang='lat' dir='ltr'><strong>est</strong></span> <span class='ocrx_word' id='word_1_548' title='bbox 1584 3999 1804 4070; x_wconf 87' lang='lat' dir='ltr'><strong>propria</strong></span> <span class='ocrx_word' id='word_1_549' title='bbox 1849 3998 2078 4054; x_wconf 86' lang='lat' dir='ltr'><strong>materia</strong></span> 
     </span>
    </p>
   </div>
   <div class='ocr_carea' id='block_1_71' title="bbox 494 4087 2078 4160">
    <p class='ocr_par' dir='ltr' id='par_1_71' title="bbox 494 4087 2078 4160">
     <span class='ocr_line' id='line_1_71' title="bbox 494 4087 2078 4160; baseline 0.001 -17"><span class='ocrx_word' id='word_1_550' title='bbox 494 4090 662 4158; x_wconf 85' lang='lat' dir='ltr'><strong>ipsius</strong></span> <span class='ocrx_word' id='word_1_551' title='bbox 688 4087 902 4159; x_wconf 88' lang='lat' dir='ltr'><strong>psalmi.</strong></span> <span class='ocrx_word' id='word_1_552' title='bbox 931 4088 988 4142; x_wconf 95' lang='lat' dir='ltr'><strong>ln</strong></span> <span class='ocrx_word' id='word_1_553' title='bbox 1018 4088 1120 4143; x_wconf 91' lang='lat' dir='ltr'><strong>hoc</strong></span> <span class='ocrx_word' id='word_1_554' title='bbox 1145 4097 1324 4142; x_wconf 87' lang='lat' dir='ltr'><strong>autem</strong></span> <span class='ocrx_word' id='word_1_555' title='bbox 1353 4087 1559 4158; x_wconf 91' lang='lat' dir='ltr'><strong>psalmo</strong></span> <span class='ocrx_word' id='word_1_556' title='bbox 1586 4089 1820 4160; x_wconf 88' lang='lat' dir='ltr'><strong>primum</strong></span> <span class='ocrx_word' id='word_1_557' title='bbox 1851 4089 2078 4159; x_wconf 87' lang='lat' dir='ltr'><strong>gradum</strong></span> 
     </span>
    </p>
   </div>
   <div class='ocr_carea' id='block_1_72' title="bbox 495 4178 2078 4250">
    <p class='ocr_par' dir='ltr' id='par_1_72' title="bbox 495 4178 2078 4250">
     <span class='ocr_line' id='line_1_72' title="bbox 495 4178 2078 4250; baseline 0.001 -16"><span class='ocrx_word' id='word_1_558' title='bbox 495 4180 666 4250; x_wconf 90' lang='lat' dir='ltr'><strong>ponit.</strong></span> <span class='ocrx_word' id='word_1_559' title='bbox 697 4179 903 4234; x_wconf 88' lang='lat' dir='ltr'><strong>scilicet</strong></span> <span class='ocrx_word' id='word_1_560' title='bbox 941 4178 1073 4233; x_wconf 88' lang='lat' dir='ltr'><strong>vitia</strong></span> <span class='ocrx_word' id='word_1_561' title='bbox 1104 4179 1367 4244; x_wconf 83' lang='lat' dir='ltr'><strong>devitarc,</strong></span> <span class='ocrx_word' id='word_1_562' title='bbox 1395 4179 1655 4236; x_wconf 90' lang='lat' dir='ltr'><strong>mundum</strong></span> <span class='ocrx_word' id='word_1_563' title='bbox 1693 4187 1876 4236; x_wconf 89' lang='lat' dir='ltr'><strong>mente</strong></span> <span class='ocrx_word' id='word_1_564' title='bbox 1917 4180 2078 4236; x_wconf 89' lang='lat' dir='ltr'><strong>abre-</strong></span> 
     </span>
    </p>
   </div>
   <div class='ocr_carea' id='block_1_73' title="bbox 497 4268 2080 4340">
    <p class='ocr_par' dir='ltr' id='par_1_73' title="bbox 497 4268 2080 4340">
     <span class='ocr_line' id='line_1_73' title="bbox 497 4268 2080 4340; baseline 0.003 -17"><span class='ocrx_word' id='word_1_565' title='bbox 497 4270 748 4323; x_wconf 87' lang='lat' dir='ltr'><strong>nuntiare</strong></span> <span class='ocrx_word' id='word_1_566' title='bbox 794 4287 808 4323; x_wconf 93' lang='lat'><strong>:</strong></span> <span class='ocrx_word' id='word_1_567' title='bbox 845 4268 972 4340; x_wconf 84' lang='lat' dir='ltr'><strong>quia</strong></span> <span class='ocrx_word' id='word_1_568' title='bbox 1008 4269 1113 4324; x_wconf 89' lang='lat' dir='ltr'><strong>etsi</strong></span> <span class='ocrx_word' id='word_1_569' title='bbox 1157 4269 1278 4340; x_wconf 93' lang='lat' dir='ltr'><strong>quis</strong></span> <span class='ocrx_word' id='word_1_570' title='bbox 1317 4271 1518 4327; x_wconf 90' lang='lat' dir='ltr'><strong>mundo</strong></span> <span class='ocrx_word' id='word_1_571' title='bbox 1565 4277 1769 4339; x_wconf 90' lang='lat' dir='ltr'><strong>utatur,</strong></span> <span class='ocrx_word' id='word_1_572' title='bbox 1801 4273 1871 4328; x_wconf 94' lang='lat' dir='ltr'><strong>sit</strong></span> <span class='ocrx_word' id='word_1_573' title='bbox 1900 4281 2080 4328; x_wconf 88' lang='lat' dir='ltr'><strong>tamen</strong></span> 
     </span>
    </p>
   </div>
   <div class='ocr_carea' id='block_1_74' title="bbox 496 4355 2112 4431">
    <p class='ocr_par' dir='ltr' id='par_1_74' title="bbox 496 4355 2112 4431">
     <span class='ocr_line' id='line_1_74' title="bbox 496 4355 2112 4431; baseline 0.004 -18"><span class='ocrx_word' id='word_1_574' title='bbox 496 4374 604 4413; x_wconf 89' lang='lat' dir='ltr'><strong>non</strong></span> <span class='ocrx_word' id='word_1_575' title='bbox 635 4357 938 4429; x_wconf 86' lang='lat' dir='ltr'><strong>appetitor:</strong></span> <span class='ocrx_word' id='word_1_576' title='bbox 968 4359 1112 4415; x_wconf 89' lang='lat' dir='ltr'><strong>unde</strong></span> <span class='ocrx_word' id='word_1_577' title='bbox 1138 4358 1464 4431; x_wconf 80' lang='lat' dir='ltr'><strong>Apostolus:</strong></span> <span class='ocrx_word' id='word_1_578' title='bbox 1497 4379 1516 4413; x_wconf 77' lang='grc' dir='ltr'><strong>ι</strong></span> <span class='ocrx_word' id='word_1_579' title='bbox 1564 4361 1666 4430; x_wconf 87' lang='lat' dir='ltr'><strong>Qui</strong></span> <span class='ocrx_word' id='word_1_580' title='bbox 1707 4361 1908 4418; x_wconf 89' lang='lat' dir='ltr'><strong>habent</strong></span> <span class='ocrx_word' id='word_1_581' title='bbox 1940 4377 2078 4419; x_wconf 88' lang='lat' dir='ltr'><strong>uxo—</strong></span> <span class='ocrx_word' id='word_1_582' title='bbox 2109 4355 2112 4358; x_wconf 67' lang='grc'><strong>’</strong></span> 
     </span>
    </p>
   </div>
   <div class='ocr_carea' id='block_1_75' title="bbox 499 4453 2078 4525">
    <p class='ocr_par' dir='ltr' id='par_1_75' title="bbox 499 4453 2078 4525">
     <span class='ocr_line' id='line_1_75' title="bbox 499 4453 2078 4525; baseline 0.003 -20"><span class='ocrx_word' id='word_1_583' title='bbox 499 4466 610 4517; x_wconf 91' lang='lat' dir='ltr'><strong>res,</strong></span> <span class='ocrx_word' id='word_1_584' title='bbox 649 4453 759 4507; x_wconf 92' lang='lat' dir='ltr'><strong>sint</strong></span> <span class='ocrx_word' id='word_1_585' title='bbox 801 4460 1057 4523; x_wconf 86' lang='lat' dir='ltr'><strong>tanquam</strong></span> <span class='ocrx_word' id='word_1_586' title='bbox 1096 4467 1207 4508; x_wconf 92' lang='lat' dir='ltr'><strong>non</strong></span> <span class='ocrx_word' id='word_1_587' title='bbox 1247 4453 1510 4510; x_wconf 87' lang='lat' dir='ltr'><strong>habentes</strong></span> <span class='ocrx_word' id='word_1_588' title='bbox 1547 4472 1560 4508; x_wconf 92' lang='lat'><strong>:</strong></span> <span class='ocrx_word' id='word_1_589' title='bbox 1601 4463 1657 4510; x_wconf 90' lang='lat' dir='ltr'><strong>et</strong></span> <span class='ocrx_word' id='word_1_590' title='bbox 1689 4454 1781 4525; x_wconf 91' lang='lat' dir='ltr'><strong>qui</strong></span> <span class='ocrx_word' id='word_1_591' title='bbox 1820 4455 2078 4524; x_wconf 87' lang='lat' dir='ltr'><strong>gaudent,</strong></span> 
     </span>
    </p>
   </div>
   <div class='ocr_carea' id='block_1_76' title="bbox 499 4543 2082 4618">
    <p class='ocr_par' dir='ltr' id='par_1_76' title="bbox 499 4543 2082 4618">
     <span class='ocr_line' id='line_1_76' title="bbox 499 4543 2082 4618; baseline 0.003 -21"><span class='ocrx_word' id='word_1_592' title='bbox 499 4552 754 4613; x_wconf 89' lang='lat' dir='ltr'><strong>tauquam</strong></span> <span class='ocrx_word' id='word_1_593' title='bbox 778 4559 885 4600; x_wconf 94' lang='lat' dir='ltr'><strong>non</strong></span> <span class='ocrx_word' id='word_1_594' title='bbox 912 4544 1226 4616; x_wconf 85' lang='lat' dir='ltr'><strong>gaudentes.</strong></span> <span class='ocrx_word' id='word_1_595' title='bbox 1254 4563 1274 4596; x_wconf 73' lang='grc' dir='ltr'><strong>ι</strong></span> <span class='ocrx_word' id='word_1_596' title='bbox 1305 4543 1358 4616; x_wconf 86' lang='grc'><strong>(1</strong></span> <span class='ocrx_word' id='word_1_597' title='bbox 1375 4543 1498 4600; x_wconf 88' lang='lat' dir='ltr'><strong>Cor.</strong></span> <span class='ocrx_word' id='word_1_598' title='bbox 1514 4545 1637 4618; x_wconf 84' lang='lat' dir='ltr'><strong>vn.)</strong></span> <span class='ocrx_word' id='word_1_599' title='bbox 1668 4545 1783 4600; x_wconf 81' lang='lat' dir='ltr'><strong>Vox</strong></span> <span class='ocrx_word' id='word_1_600' title='bbox 1806 4546 2082 4616; x_wconf 59' lang='lat' dir='ltr'><strong>propheta</strong></span> 
     </span>
    </p>
   </div>
   <div class='ocr_carea' id='block_1_77' title="bbox 498 4637 2080 4710">
    <p class='ocr_par' dir='ltr' id='par_1_77' title="bbox 498 4637 2080 4710">
     <span class='ocr_line' id='line_1_77' title="bbox 498 4637 2080 4710; baseline 0.003 -19"><span class='ocrx_word' id='word_1_601' title='bbox 498 4637 832 4694; x_wconf 84' lang='lat' dir='ltr'><strong>ostendentis</strong></span> <span class='ocrx_word' id='word_1_602' title='bbox 860 4652 920 4693; x_wconf 90' lang='lat' dir='ltr'><strong>se</strong></span> <span class='ocrx_word' id='word_1_603' title='bbox 945 4639 1090 4709; x_wconf 89' lang='lat' dir='ltr'><strong>ipsos</strong></span> <span class='ocrx_word' id='word_1_604' title='bbox 1113 4639 1310 4710; x_wconf 87' lang='lat' dir='ltr'><strong>gradus</strong></span> <span class='ocrx_word' id='word_1_605' title='bbox 1345 4640 1694 4696; x_wconf 90' lang='lat' dir='ltr'><strong>ascendisse:</strong></span> <span class='ocrx_word' id='word_1_606' title='bbox 1738 4656 1840 4698; x_wconf 89' lang='lat' dir='ltr'><strong>nec</strong></span> <span class='ocrx_word' id='word_1_607' title='bbox 1870 4649 2080 4696; x_wconf 89' lang='lat' dir='ltr'><strong>tantum</strong></span> 
     </span>
    </p>
   </div>
   <div class='ocr_carea' id='block_1_78' title="bbox 500 4728 2082 4796">
    <p class='ocr_par' dir='ltr' id='par_1_78' title="bbox 500 4728 2082 4796">
     <span class='ocr_line' id='line_1_78' title="bbox 500 4728 2082 4796; baseline 0.003 -14"><span class='ocrx_word' id='word_1_608' title='bbox 500 4728 566 4783; x_wconf 90' lang='lat' dir='ltr'><strong>de</strong></span> <span class='ocrx_word' id='word_1_609' title='bbox 599 4743 656 4784; x_wconf 91' lang='lat' dir='ltr'><strong>se</strong></span> <span class='ocrx_word' id='word_1_610' title='bbox 691 4729 806 4785; x_wconf 91' lang='lat' dir='ltr'><strong>solo</strong></span> <span class='ocrx_word' id='word_1_611' title='bbox 833 4728 987 4796; x_wconf 89' lang='lat' dir='ltr'><strong>dicit,</strong></span> <span class='ocrx_word' id='word_1_612' title='bbox 1031 4729 1124 4786; x_wconf 90' lang='lat' dir='ltr'><strong>sed</strong></span> <span class='ocrx_word' id='word_1_613' title='bbox 1153 4739 1208 4786; x_wconf 89' lang='lat' dir='ltr'><strong>et</strong></span> <span class='ocrx_word' id='word_1_614' title='bbox 1255 4732 1323 4787; x_wconf 89' lang='lat' dir='ltr'><strong>de</strong></span> <span class='ocrx_word' id='word_1_615' title='bbox 1367 4730 1635 4787; x_wconf 90' lang='lat' dir='ltr'><strong>similibus</strong></span> <span class='ocrx_word' id='word_1_616' title='bbox 1688 4731 1809 4787; x_wconf 93' lang='lat' dir='ltr'><strong>sibi.</strong></span> <span class='ocrx_word' id='word_1_617' title='bbox 1849 4731 2082 4788; x_wconf 89' lang='lat' dir='ltr'><strong>Iutendit</strong></span> 
     </span>
    </p>
   </div>
   <div class='ocr_carea' id='block_1_79' title="bbox 503 4821 2084 4895">
    <p class='ocr_par' dir='ltr' id='par_1_79' title="bbox 503 4821 2084 4895">
     <span class='ocr_line' id='line_1_79' title="bbox 503 4821 2084 4895; baseline 0.004 -22"><span class='ocrx_word' id='word_1_618' title='bbox 503 4829 681 4875; x_wconf 89' lang='lat' dir='ltr'><strong>autem</strong></span> <span class='ocrx_word' id='word_1_619' title='bbox 715 4821 850 4878; x_wconf 91' lang='lat' dir='ltr'><strong>alios</strong></span> <span class='ocrx_word' id='word_1_620' title='bbox 898 4822 1147 4890; x_wconf 85' lang='lat' dir='ltr'><strong>invitare,</strong></span> <span class='ocrx_word' id='word_1_621' title='bbox 1185 4823 1262 4879; x_wconf 91' lang='lat' dir='ltr'><strong>uti</strong></span> <span class='ocrx_word' id='word_1_622' title='bbox 1289 4823 1536 4895; x_wconf 87' lang='lat' dir='ltr'><strong>exemplo</strong></span> <span class='ocrx_word' id='word_1_623' title='bbox 1586 4824 1670 4880; x_wconf 90' lang='lat' dir='ltr'><strong>sui</strong></span> <span class='ocrx_word' id='word_1_624' title='bbox 1717 4825 2084 4880; x_wconf 89' lang='lat' dir='ltr'><strong>conscendant</strong></span> 
     </span>
    </p>
   </div>
   <div class='ocr_carea' id='block_1_80' title="bbox 501 4910 2079 4987">
    <p class='ocr_par' dir='ltr' id='par_1_80' title="bbox 501 4910 2079 4987">
     <span class='ocr_line' id='line_1_80' title="bbox 501 4910 2079 4987; baseline 0.007 -25"><span class='ocrx_word' id='word_1_625' title='bbox 501 4910 635 4966; x_wconf 90' lang='lat' dir='ltr'><strong>istos</strong></span> <span class='ocrx_word' id='word_1_626' title='bbox 679 4911 897 4982; x_wconf 86' lang='lat' dir='ltr'><strong>gradus.</strong></span> <span class='ocrx_word' id='word_1_627' title='bbox 946 4913 1091 4969; x_wconf 89' lang='lat' dir='ltr'><strong>Duas</strong></span> <span class='ocrx_word' id='word_1_628' title='bbox 1131 4924 1314 4985; x_wconf 88' lang='lat' dir='ltr'><strong>partes</strong></span> <span class='ocrx_word' id='word_1_629' title='bbox 1361 4916 1415 4970; x_wconf 94' lang='lat' dir='ltr'><strong>in</strong></span> <span class='ocrx_word' id='word_1_630' title='bbox 1443 4916 1545 4971; x_wconf 88' lang='lat' dir='ltr'><strong>hoc</strong></span> <span class='ocrx_word' id='word_1_631' title='bbox 1571 4915 1779 4987; x_wconf 92' lang='lat' dir='ltr'><strong>psalmo</strong></span> <span class='ocrx_word' id='word_1_632' title='bbox 1821 4915 1972 4972; x_wconf 88' lang='lat' dir='ltr'><strong>facit.</strong></span> <span class='ocrx_word' id='word_1_633' title='bbox 2021 4916 2079 4973; x_wconf 88' lang='lat' dir='ltr'><strong>In</strong></span> 
     </span>
    </p>
   </div>
   <div class='ocr_carea' id='block_1_81' title="bbox 498 5004 2080 5077">
    <p class='ocr_par' dir='ltr' id='par_1_81' title="bbox 498 5004 2080 5077">
     <span class='ocr_line' id='line_1_81' title="bbox 498 5004 2080 5077; baseline 0.006 -20"><span class='ocrx_word' id='word_1_634' title='bbox 498 5004 673 5074; x_wconf 89' lang='lat' dir='ltr'><strong>prima</strong></span> <span class='ocrx_word' id='word_1_635' title='bbox 715 5013 870 5075; x_wconf 85' lang='lat' dir='ltr'><strong>parte</strong></span> <span class='ocrx_word' id='word_1_636' title='bbox 909 5009 1146 5064; x_wconf 89' lang='lat' dir='ltr'><strong>ostendit</strong></span> <span class='ocrx_word' id='word_1_637' title='bbox 1181 5023 1258 5076; x_wconf 90' lang='lat' dir='ltr'><strong>se,</strong></span> <span class='ocrx_word' id='word_1_638' title='bbox 1297 5026 1418 5066; x_wconf 91' lang='lat' dir='ltr'><strong>cum</strong></span> <span class='ocrx_word' id='word_1_639' title='bbox 1442 5010 1721 5077; x_wconf 90' lang='lat' dir='ltr'><strong>clamaret,</strong></span> <span class='ocrx_word' id='word_1_640' title='bbox 1763 5026 1885 5068; x_wconf 89' lang='lat' dir='ltr'><strong>esse</strong></span> <span class='ocrx_word' id='word_1_641' title='bbox 1912 5026 2080 5067; x_wconf 88' lang='lat' dir='ltr'><strong>exau-</strong></span> 
     </span>
    </p>
   </div>
   <div class='ocr_carea' id='block_1_82' title="bbox 503 5095 2085 5174">
    <p class='ocr_par' dir='ltr' id='par_1_82' title="bbox 503 5095 2085 5174">
     <span class='ocr_line' id='line_1_82' title="bbox 503 5095 2085 5174; baseline 0.006 -26"><span class='ocrx_word' id='word_1_642' title='bbox 503 5095 694 5161; x_wconf 89' lang='lat' dir='ltr'><strong>ditum,</strong></span> <span class='ocrx_word' id='word_1_643' title='bbox 726 5105 782 5152; x_wconf 92' lang='lat' dir='ltr'><strong>et</strong></span> <span class='ocrx_word' id='word_1_644' title='bbox 805 5111 966 5153; x_wconf 87' lang='lat' dir='ltr'><strong>orare</strong></span> <span class='ocrx_word' id='word_1_645' title='bbox 990 5113 1058 5154; x_wconf 91' lang='lat' dir='ltr'><strong>ne</strong></span> <span class='ocrx_word' id='word_1_646' title='bbox 1088 5099 1340 5170; x_wconf 88' lang='lat' dir='ltr'><strong>deinceps</strong></span> <span class='ocrx_word' id='word_1_647' title='bbox 1383 5101 1694 5172; x_wconf 89' lang='lat' dir='ltr'><strong>impellatur</strong></span> <span class='ocrx_word' id='word_1_648' title='bbox 1737 5101 1804 5157; x_wconf 92' lang='lat' dir='ltr'><strong>ad</strong></span> <span class='ocrx_word' id='word_1_649' title='bbox 1851 5116 2085 5174; x_wconf 84' lang='lat' dir='ltr'><strong>peccan-</strong></span> 
     </span>
    </p>
   </div>
   <div class='ocr_carea' id='block_1_83' title="bbox 503 5187 2085 5264">
    <p class='ocr_par' dir='ltr' id='par_1_83' title="bbox 503 5187 2085 5264">
     <span class='ocr_line' id='line_1_83' title="bbox 503 5187 2085 5264; baseline 0.005 -23"><span class='ocrx_word' id='word_1_650' title='bbox 503 5187 651 5242; x_wconf 87' lang='lat' dir='ltr'><strong>dum.</strong></span> <span class='ocrx_word' id='word_1_651' title='bbox 679 5188 737 5242; x_wconf 92' lang='lat' dir='ltr'><strong>ln</strong></span> <span class='ocrx_word' id='word_1_652' title='bbox 762 5190 1018 5256; x_wconf 89' lang='lat' dir='ltr'><strong>secunda,</strong></span> <span class='ocrx_word' id='word_1_653' title='bbox 1045 5206 1166 5260; x_wconf 77' lang='lat' dir='ltr'><strong>qua:</strong></span> <span class='ocrx_word' id='word_1_654' title='bbox 1204 5190 1429 5260; x_wconf 89' lang='lat' dir='ltr'><strong>incipit:</strong></span> <span class='ocrx_word' id='word_1_655' title='bbox 1467 5209 1486 5243; x_wconf 86' lang='grc' dir='ltr'><strong>ι</strong></span> <span class='ocrx_word' id='word_1_656' title='bbox 1518 5191 1634 5249; x_wconf 85' lang='lat' dir='ltr'><strong>Heu</strong></span> <span class='ocrx_word' id='word_1_657' title='bbox 1664 5193 1831 5250; x_wconf 87' lang='lat' dir='ltr'><strong>mihi!</strong></span> <span class='ocrx_word' id='word_1_658' title='bbox 1869 5212 1888 5245; x_wconf 76' lang='grc' dir='ltr'><strong>ι</strong></span> <span class='ocrx_word' id='word_1_659' title='bbox 1915 5193 2085 5264; x_wconf 83' lang='lat' dir='ltr'><strong>gemit</strong></span> 
     </span>
    </p>
   </div>
   <div class='ocr_carea' id='block_1_84' title="bbox 504 5277 2085 5358">
    <p class='ocr_par' dir='ltr' id='par_1_84' title="bbox 504 5277 2085 5358">
     <span class='ocr_line' id='line_1_84' title="bbox 504 5277 2085 5358; baseline 0.006 -27"><span class='ocrx_word' id='word_1_660' title='bbox 504 5288 558 5332; x_wconf 86' lang='lat' dir='ltr'><strong>et</strong></span> <span class='ocrx_word' id='word_1_661' title='bbox 583 5279 824 5349; x_wconf 87' lang='lat' dir='ltr'><strong>deplorat</strong></span> <span class='ocrx_word' id='word_1_662' title='bbox 849 5296 909 5337; x_wconf 89' lang='lat' dir='ltr'><strong>se</strong></span> <span class='ocrx_word' id='word_1_663' title='bbox 940 5281 1126 5338; x_wconf 87' lang='lat' dir='ltr'><strong>taudiu</strong></span> <span class='ocrx_word' id='word_1_664' title='bbox 1157 5277 1299 5338; x_wconf 86' lang='lat' dir='ltr'><strong>inter</strong></span> <span class='ocrx_word' id='word_1_665' title='bbox 1325 5282 1497 5339; x_wconf 90' lang='lat' dir='ltr'><strong>malos</strong></span> <span class='ocrx_word' id='word_1_666' title='bbox 1540 5286 1886 5358; x_wconf 82' lang='lat' dir='ltr'><strong>peregrinum</strong></span> <span class='ocrx_word' id='word_1_667' title='bbox 1911 5293 1967 5343; x_wconf 91' lang='lat' dir='ltr'><strong>et</strong></span> <span class='ocrx_word' id='word_1_668' title='bbox 2006 5285 2085 5341; x_wconf 82' lang='lat' dir='ltr'><strong>in-</strong></span> 
     </span>
    </p>
   </div>
   <div class='ocr_carea' id='block_1_85' title="bbox 503 5369 840 5425">
    <p class='ocr_par' dir='ltr' id='par_1_85' title="bbox 503 5369 840 5425">
     <span class='ocr_line' id='line_1_85' title="bbox 503 5369 840 5425; baseline 0.006 -1"><span class='ocrx_word' id='word_1_669' title='bbox 503 5369 677 5424; x_wconf 90' lang='lat' dir='ltr'><strong>colam</strong></span> <span class='ocrx_word' id='word_1_670' title='bbox 701 5385 840 5425; x_wconf 89' lang='lat' dir='ltr'><strong>esse.</strong></span> 
     </span>
    </p>
   </div>
   <div class='ocr_carea' id='block_1_86' title="bbox 577 5460 2083 5532">
    <p class='ocr_par' dir='ltr' id='par_1_86' title="bbox 577 5460 2083 5532">
     <span class='ocr_line' id='line_1_86' title="bbox 577 5460 2083 5532; baseline 0.007 -19"><span class='ocrx_word' id='word_1_671' title='bbox 577 5460 699 5514; x_wconf 84' lang='lat' dir='ltr'><strong>Acsi</strong></span> <span class='ocrx_word' id='word_1_672' title='bbox 757 5461 829 5515; x_wconf 88' lang='lat' dir='ltr'><strong>ita</strong></span> <span class='ocrx_word' id='word_1_673' title='bbox 859 5460 1065 5518; x_wconf 89' lang='lat' dir='ltr'><strong>diceret</strong></span> <span class='ocrx_word' id='word_1_674' title='bbox 1095 5480 1110 5518; x_wconf 94' lang='lat'><strong>:</strong></span> <span class='ocrx_word' id='word_1_675' title='bbox 1145 5462 1390 5532; x_wconf 86' lang='lat' dir='ltr'><strong>Fratres,</strong></span> <span class='ocrx_word' id='word_1_676' title='bbox 1443 5480 1566 5521; x_wconf 90' lang='lat' dir='ltr'><strong>cum</strong></span> <span class='ocrx_word' id='word_1_677' title='bbox 1613 5481 1710 5524; x_wconf 91' lang='lat' dir='ltr'><strong>vos</strong></span> <span class='ocrx_word' id='word_1_678' title='bbox 1742 5467 2083 5525; x_wconf 89' lang='lat' dir='ltr'><strong>tribulamini</strong></span> 
     </span>
    </p>
   </div>
   <div class='ocr_carea' id='block_1_87' title="bbox 508 5551 2080 5628">
    <p class='ocr_par' dir='ltr' id='par_1_87' title="bbox 508 5551 2080 5628">
     <span class='ocr_line' id='line_1_87' title="bbox 508 5551 2080 5628; baseline 0.009 -25"><span class='ocrx_word' id='word_1_679' title='bbox 508 5551 560 5604; x_wconf 85' lang='lat' dir='ltr'><strong>iu</strong></span> <span class='ocrx_word' id='word_1_680' title='bbox 603 5551 996 5622; x_wconf 85' lang='lat' dir='ltr'><strong>multiplicitate</strong></span> <span class='ocrx_word' id='word_1_681' title='bbox 1023 5565 1389 5624; x_wconf 89' lang='lat' dir='ltr'><strong>peccatorum,</strong></span> <span class='ocrx_word' id='word_1_682' title='bbox 1414 5557 1642 5614; x_wconf 84' lang='lat' dir='ltr'><strong>clamate</strong></span> <span class='ocrx_word' id='word_1_683' title='bbox 1671 5560 1739 5616; x_wconf 91' lang='lat' dir='ltr'><strong>ad</strong></span> <span class='ocrx_word' id='word_1_684' title='bbox 1769 5559 2080 5628; x_wconf 89' lang='lat' dir='ltr'><strong>Dominum,</strong></span> 
     </span>
    </p>
   </div>
   <div class='ocr_carea' id='block_1_88' title="bbox 507 5644 2082 5722">
    <p class='ocr_par' dir='ltr' id='par_1_88' title="bbox 507 5644 2082 5722">
     <span class='ocr_line' id='line_1_88' title="bbox 507 5644 2082 5722; baseline 0.007 -25"><span class='ocrx_word' id='word_1_685' title='bbox 507 5653 562 5697; x_wconf 87' lang='lat' dir='ltr'><strong>et</strong></span> <span class='ocrx_word' id='word_1_686' title='bbox 583 5644 697 5714; x_wconf 85' lang='lat' dir='ltr'><strong>ipse</strong></span> <span class='ocrx_word' id='word_1_687' title='bbox 735 5661 831 5702; x_wconf 89' lang='lat' dir='ltr'><strong>vos</strong></span> <span class='ocrx_word' id='word_1_688' title='bbox 873 5647 1144 5714; x_wconf 79' lang='lat' dir='ltr'><strong>exaudiet,</strong></span> <span class='ocrx_word' id='word_1_689' title='bbox 1180 5652 1426 5722; x_wconf 88' lang='lat' dir='ltr'><strong>exemplo</strong></span> <span class='ocrx_word' id='word_1_690' title='bbox 1455 5653 1585 5716; x_wconf 92' lang='lat' dir='ltr'><strong>mei,</strong></span> <span class='ocrx_word' id='word_1_691' title='bbox 1624 5652 1714 5722; x_wconf 92' lang='lat' dir='ltr'><strong>qui</strong></span> <span class='ocrx_word' id='word_1_692' title='bbox 1750 5670 1768 5704; x_wconf 80' lang='grc' dir='ltr'><strong>ι</strong></span> <span class='ocrx_word' id='word_1_693' title='bbox 1817 5669 1937 5708; x_wconf 90' lang='lat' dir='ltr'><strong>cum</strong></span> <span class='ocrx_word' id='word_1_694' title='bbox 1979 5653 2082 5708; x_wconf 92' lang='lat' dir='ltr'><strong>tri-</strong></span> 
     </span>
    </p>
   </div>
   <div class='ocr_carea' id='block_1_89' title="bbox 508 5734 2081 5815">
    <p class='ocr_par' dir='ltr' id='par_1_89' title="bbox 508 5734 2081 5815">
     <span class='ocr_line' id='line_1_89' title="bbox 508 5734 2081 5815; baseline 0.007 -26"><span class='ocrx_word' id='word_1_695' title='bbox 508 5734 725 5790; x_wconf 84' lang='lat' dir='ltr'><strong>bularcr</strong></span> <span class='ocrx_word' id='word_1_696' title='bbox 757 5757 774 5787; x_wconf 73' lang='lat' dir='ltr'><strong>i</strong></span> <span class='ocrx_word' id='word_1_697' title='bbox 819 5737 1002 5792; x_wconf 88' lang='lat' dir='ltr'><strong>multis</strong></span> <span class='ocrx_word' id='word_1_698' title='bbox 1038 5740 1181 5793; x_wconf 82' lang='lat' dir='ltr'><strong>vitiis</strong></span> <span class='ocrx_word' id='word_1_699' title='bbox 1205 5742 1362 5811; x_wconf 80' lang='lat' dir='ltr'><strong>hujus</strong></span> <span class='ocrx_word' id='word_1_700' title='bbox 1393 5744 1570 5798; x_wconf 61' lang='lat' dir='ltr'><strong>surculi</strong></span> <span class='ocrx_word' id='word_1_701' title='bbox 1602 5746 1860 5815; x_wconf 87' lang='lat' dir='ltr'><strong>appetitu,</strong></span> <span class='ocrx_word' id='word_1_702' title='bbox 1905 5754 2081 5800; x_wconf 85' lang='lat' dir='ltr'><strong>atten-</strong></span> 
     </span>
    </p>
   </div>
   <div class='ocr_carea' id='block_1_90' title="bbox 511 5827 2078 5902">
    <p class='ocr_par' dir='ltr' id='par_1_90' title="bbox 511 5827 2078 5902">
     <span class='ocr_line' id='line_1_90' title="bbox 511 5827 2078 5902; baseline 0.009 -22"><span class='ocrx_word' id='word_1_703' title='bbox 511 5827 764 5884; x_wconf 82' lang='lat' dir='ltr'><strong>denslmc</strong></span> <span class='ocrx_word' id='word_1_704' title='bbox 802 5846 922 5886; x_wconf 89' lang='lat' dir='ltr'><strong>esse</strong></span> <span class='ocrx_word' id='word_1_705' title='bbox 959 5832 1296 5902; x_wconf 88' lang='lat' dir='ltr'><strong>damnosum,</strong></span> <span class='ocrx_word' id='word_1_706' title='bbox 1337 5854 1353 5887; x_wconf 87' lang='grc'><strong>‹</strong></span> <span class='ocrx_word' id='word_1_707' title='bbox 1389 5837 1618 5891; x_wconf 86' lang='lat' dir='ltr'><strong>clamavi</strong></span> <span class='ocrx_word' id='word_1_708' title='bbox 1668 5839 1736 5892; x_wconf 88' lang='lat' dir='ltr'><strong>ad</strong></span> <span class='ocrx_word' id='word_1_709' title='bbox 1789 5838 2078 5894; x_wconf 84' lang='lat' dir='ltr'><strong>Dominum</strong></span> 
     </span>
    </p>
   </div>
   <div class='ocr_carea' id='block_1_91' title="bbox 511 5922 1081 5990">
    <p class='ocr_par' dir='ltr' id='par_1_91' title="bbox 511 5922 1081 5990">
     <span class='ocr_line' id='line_1_91' title="bbox 511 5922 1081 5990; baseline 0.009 -18"><span class='ocrx_word' id='word_1_710' title='bbox 511 5927 566 5990; x_wconf 64' lang='lat' dir='ltr'><strong>et</strong></span> <span class='ocrx_word' id='word_1_711' title='bbox 614 5922 886 5978; x_wconf 78' lang='lat' dir='ltr'><strong>exaudivit</strong></span> <span class='ocrx_word' id='word_1_712' title='bbox 915 5939 1021 5980; x_wconf 83' lang='lat' dir='ltr'><strong>me.</strong></span> <span class='ocrx_word' id='word_1_713' title='bbox 1061 5945 1081 5977; x_wconf 75' lang='grc' dir='ltr'><strong>ι</strong></span> 
     </span>
    </p>
   </div>
   <div class='ocr_carea' id='block_1_92' title="bbox 2177 3445 3727 3524">
    <p class='ocr_par' dir='ltr' id='par_1_92' title="bbox 2177 3445 3727 3524">
     <span class='ocr_line' id='line_1_92' title="bbox 2177 3445 3727 3524; baseline 0.006 -26"><span class='ocrx_word' id='word_1_714' title='bbox 2177 3445 2304 3514; x_wconf 89' lang='lat' dir='ltr'><strong>quia</strong></span> <span class='ocrx_word' id='word_1_715' title='bbox 2337 3445 2438 3515; x_wconf 89' lang='lat' dir='ltr'><strong>ipsi</strong></span> <span class='ocrx_word' id='word_1_716' title='bbox 2469 3445 2759 3516; x_wconf 90' lang='lat' dir='ltr'><strong>aliquando</strong></span> <span class='ocrx_word' id='word_1_717' title='bbox 2789 3448 3006 3505; x_wconf 90' lang='lat' dir='ltr'><strong>fuerunt</strong></span> <span class='ocrx_word' id='word_1_718' title='bbox 3024 3452 3309 3519; x_wconf 82' lang='lat' dir='ltr'><strong>exstincti,</strong></span> <span class='ocrx_word' id='word_1_719' title='bbox 3332 3454 3424 3510; x_wconf 79' lang='lat' dir='ltr'><strong>sed</strong></span> <span class='ocrx_word' id='word_1_720' title='bbox 3439 3462 3616 3524; x_wconf 79' lang='lat' dir='ltr'><strong>postea</strong></span> <span class='ocrx_word' id='word_1_721' title='bbox 3631 3468 3727 3524; x_wconf 79' lang='lat' dir='ltr'><strong>per</strong></span> 
     </span>
    </p>
   </div>
   <div class='ocr_carea' id='block_1_93' title="bbox 2178 3535 3733 3610">
    <p class='ocr_par' dir='ltr' id='par_1_93' title="bbox 2178 3535 3733 3610">
     <span class='ocr_line' id='line_1_93' title="bbox 2178 3535 3733 3610; baseline 0.003 -18"><span class='ocrx_word' id='word_1_722' title='bbox 2178 3536 2458 3592; x_wconf 86' lang='lat' dir='ltr'><strong>Christum</strong></span> <span class='ocrx_word' id='word_1_723' title='bbox 2507 3535 2637 3592; x_wconf 83' lang='lat' dir='ltr'><strong>facti</strong></span> <span class='ocrx_word' id='word_1_724' title='bbox 2675 3549 2802 3594; x_wconf 88' lang='lat' dir='ltr'><strong>sunt</strong></span> <span class='ocrx_word' id='word_1_725' title='bbox 2831 3541 3104 3610; x_wconf 88' lang='lat' dir='ltr'><strong>ardentes,</strong></span> <span class='ocrx_word' id='word_1_726' title='bbox 3156 3553 3212 3598; x_wconf 87' lang='lat' dir='ltr'><strong>et</strong></span> <span class='ocrx_word' id='word_1_727' title='bbox 3257 3543 3398 3600; x_wconf 87' lang='lat' dir='ltr'><strong>alios</strong></span> <span class='ocrx_word' id='word_1_728' title='bbox 3423 3545 3492 3599; x_wconf 90' lang='lat' dir='ltr'><strong>ad</strong></span> <span class='ocrx_word' id='word_1_729' title='bbox 3515 3544 3733 3600; x_wconf 62' lang='lat' dir='ltr'><strong>dilectio.</strong></span> 
     </span>
    </p>
   </div>
   <div class='ocr_carea' id='block_1_94' title="bbox 2178 3629 3725 3705">
    <p class='ocr_par' dir='ltr' id='par_1_94' title="bbox 2178 3629 3725 3705">
     <span class='ocr_line' id='line_1_94' title="bbox 2178 3629 3725 3705; baseline 0.008 -23"><span class='ocrx_word' id='word_1_730' title='bbox 2178 3643 2304 3684; x_wconf 89' lang='lat' dir='ltr'><strong>nem</strong></span> <span class='ocrx_word' id='word_1_731' title='bbox 2350 3629 2445 3685; x_wconf 88' lang='lat' dir='ltr'><strong>Dei</strong></span> <span class='ocrx_word' id='word_1_732' title='bbox 2473 3631 2794 3699; x_wconf 89' lang='lat' dir='ltr'><strong>accendunt,</strong></span> <span class='ocrx_word' id='word_1_733' title='bbox 2844 3634 2934 3704; x_wconf 91' lang='lat' dir='ltr'><strong>qui</strong></span> <span class='ocrx_word' id='word_1_734' title='bbox 2955 3635 3209 3691; x_wconf 86' lang='lat' dir='ltr'><strong>dicuntur</strong></span> <span class='ocrx_word' id='word_1_735' title='bbox 3263 3637 3725 3705; x_wconf 68' lang='lat' dir='ltr'><strong>desolatorii,cm-</strong></span> 
     </span>
    </p>
   </div>
   <div class='ocr_carea' id='block_1_95' title="bbox 2179 3719 3743 3794">
    <p class='ocr_par' dir='ltr' id='par_1_95' title="bbox 2179 3719 3743 3794">
     <span class='ocr_line' id='line_1_95' title="bbox 2179 3719 3743 3794; baseline 0.005 -20"><span class='ocrx_word' id='word_1_736' title='bbox 2179 3719 2440 3777; x_wconf 88' lang='lat' dir='ltr'><strong>burentes</strong></span> <span class='ocrx_word' id='word_1_737' title='bbox 2479 3729 2535 3777; x_wconf 91' lang='lat' dir='ltr'><strong>et</strong></span> <span class='ocrx_word' id='word_1_738' title='bbox 2572 3733 3017 3782; x_wconf 88' lang='lat' dir='ltr'><strong>consummantes</strong></span> <span class='ocrx_word' id='word_1_739' title='bbox 3046 3726 3294 3794; x_wconf 68' lang='lat' dir='ltr'><strong>aediﬁcia,</strong></span> <span class='ocrx_word' id='word_1_740' title='bbox 3332 3729 3432 3783; x_wconf 91' lang='lat' dir='ltr'><strong>hoc</strong></span> <span class='ocrx_word' id='word_1_741' title='bbox 3485 3737 3576 3783; x_wconf 81' lang='lat' dir='ltr'><strong>est</strong></span> <span class='ocrx_word' id='word_1_742' title='bbox 3606 3728 3743 3793; x_wconf 80' lang='lat' dir='ltr'><strong>vitia,</strong></span> 
     </span>
    </p>
   </div>
   <div class='ocr_carea' id='block_1_96' title="bbox 2183 3810 3757 3885">
    <p class='ocr_par' dir='ltr' id='par_1_96' title="bbox 2183 3810 3757 3885">
     <span class='ocr_line' id='line_1_96' title="bbox 2183 3810 3757 3885; baseline 0.004 -19"><span class='ocrx_word' id='word_1_743' title='bbox 2183 3810 2229 3866; x_wconf 88' lang='lat' dir='ltr'><strong>si</strong></span> <span class='ocrx_word' id='word_1_744' title='bbox 2257 3811 2324 3866; x_wconf 93' lang='lat' dir='ltr'><strong>ad</strong></span> <span class='ocrx_word' id='word_1_745' title='bbox 2349 3826 2535 3866; x_wconf 87' lang='lat' dir='ltr'><strong>eorum</strong></span> <span class='ocrx_word' id='word_1_746' title='bbox 2569 3813 2876 3885; x_wconf 89' lang='lat' dir='ltr'><strong>exemplum</strong></span> <span class='ocrx_word' id='word_1_747' title='bbox 2902 3830 3004 3872; x_wconf 89' lang='lat' dir='ltr'><strong>nos</strong></span> <span class='ocrx_word' id='word_1_748' title='bbox 3029 3815 3273 3873; x_wconf 86' lang='lat' dir='ltr'><strong>volumus</strong></span> <span class='ocrx_word' id='word_1_749' title='bbox 3312 3816 3618 3872; x_wconf 87' lang='lat' dir='ltr'><strong>informare</strong></span> <span class='ocrx_word' id='word_1_750' title='bbox 3659 3837 3676 3872; x_wconf 90' lang='lat'><strong>:</strong></span> <span class='ocrx_word' id='word_1_751' title='bbox 3704 3827 3757 3872; x_wconf 89' lang='lat' dir='ltr'><strong>et</strong></span> 
     </span>
    </p>
   </div>
   <div class='ocr_carea' id='block_1_97' title="bbox 2182 3899 3757 3977">
    <p class='ocr_par' dir='ltr' id='par_1_97' title="bbox 2182 3899 3757 3977">
     <span class='ocr_line' id='line_1_97' title="bbox 2182 3899 3757 3977; baseline 0.004 -21"><span class='ocrx_word' id='word_1_752' title='bbox 2182 3899 2326 3957; x_wconf 88' lang='lat' dir='ltr'><strong>istud</strong></span> <span class='ocrx_word' id='word_1_753' title='bbox 2383 3910 2466 3958; x_wconf 89' lang='lat' dir='ltr'><strong>est</strong></span> <span class='ocrx_word' id='word_1_754' title='bbox 2500 3903 2642 3973; x_wconf 91' lang='lat' dir='ltr'><strong>quod</strong></span> <span class='ocrx_word' id='word_1_755' title='bbox 2676 3904 2965 3976; x_wconf 89' lang='lat' dir='ltr'><strong>apponitur</strong></span> <span class='ocrx_word' id='word_1_756' title='bbox 3002 3905 3164 3964; x_wconf 89' lang='lat' dir='ltr'><strong>nobis</strong></span> <span class='ocrx_word' id='word_1_757' title='bbox 3194 3907 3253 3962; x_wconf 84' lang='lat' dir='ltr'><strong>ad</strong></span> <span class='ocrx_word' id='word_1_758' title='bbox 3293 3905 3533 3977; x_wconf 89' lang='lat' dir='ltr'><strong>linguam</strong></span> <span class='ocrx_word' id='word_1_759' title='bbox 3586 3907 3757 3963; x_wconf 87' lang='lat' dir='ltr'><strong>dolo-</strong></span> 
     </span>
    </p>
   </div>
   <div class='ocr_carea' id='block_1_98' title="bbox 2180 4006 2318 4048">
    <p class='ocr_par' dir='ltr' id='par_1_98' title="bbox 2180 4006 2318 4048">
     <span class='ocr_line' id='line_1_98' title="bbox 2180 4006 2318 4048; baseline -0.014 0"><span class='ocrx_word' id='word_1_760' title='bbox 2180 4006 2318 4048; x_wconf 83' lang='lat' dir='ltr'><strong>sam.</strong></span> 
     </span>
    </p>
   </div>
   <div class='ocr_carea' id='block_1_99' title="bbox 2257 4085 3757 4162">
    <p class='ocr_par' dir='ltr' id='par_1_99' title="bbox 2257 4085 3757 4162">
     <span class='ocr_line' id='line_1_99' title="bbox 2257 4085 3757 4162; baseline 0.009 -24"><span class='ocrx_word' id='word_1_761' title='bbox 2257 4105 2275 4138; x_wconf 81' lang='grc' dir='ltr'><strong>ι</strong></span> <span class='ocrx_word' id='word_1_762' title='bbox 2304 4085 2420 4142; x_wconf 84' lang='lat' dir='ltr'><strong>Heu</strong></span> <span class='ocrx_word' id='word_1_763' title='bbox 2447 4087 2607 4144; x_wconf 86' lang='lat' dir='ltr'><strong>mihi!</strong></span> <span class='ocrx_word' id='word_1_764' title='bbox 2640 4107 2660 4142; x_wconf 86' lang='grc'><strong>›</strong></span> <span class='ocrx_word' id='word_1_765' title='bbox 2692 4088 2827 4147; x_wconf 89' lang='lat' dir='ltr'><strong>Pars</strong></span> <span class='ocrx_word' id='word_1_766' title='bbox 2856 4093 3114 4149; x_wconf 89' lang='lat' dir='ltr'><strong>secunda.</strong></span> <span class='ocrx_word' id='word_1_767' title='bbox 3135 4093 3301 4162; x_wconf 86' lang='lat' dir='ltr'><strong>Quasi</strong></span> <span class='ocrx_word' id='word_1_768' title='bbox 3326 4095 3577 4152; x_wconf 88' lang='lat' dir='ltr'><strong>diceret:</strong></span> <span class='ocrx_word' id='word_1_769' title='bbox 3612 4095 3757 4152; x_wconf 82' lang='lat' dir='ltr'><strong>Licet</strong></span> 
     </span>
    </p>
   </div>
   <div class='ocr_carea' id='block_1_100' title="bbox 2182 4177 3759 4260">
    <p class='ocr_par' dir='ltr' id='par_1_100' title="bbox 2182 4177 3759 4260">
     <span class='ocr_line' id='line_1_100' title="bbox 2182 4177 3759 4260; baseline 0.008 -27"><span class='ocrx_word' id='word_1_770' title='bbox 2182 4177 2283 4233; x_wconf 89' lang='lat' dir='ltr'><strong>sim</strong></span> <span class='ocrx_word' id='word_1_771' title='bbox 2322 4179 2605 4236; x_wconf 89' lang='lat' dir='ltr'><strong>exauditus</strong></span> <span class='ocrx_word' id='word_1_772' title='bbox 2648 4180 2718 4237; x_wconf 92' lang='lat' dir='ltr'><strong>de</strong></span> <span class='ocrx_word' id='word_1_773' title='bbox 2767 4182 3133 4252; x_wconf 87' lang='lat' dir='ltr'><strong>tribulatione,</strong></span> <span class='ocrx_word' id='word_1_774' title='bbox 3186 4184 3395 4243; x_wconf 87' lang='lat' dir='ltr'><strong>habens</strong></span> <span class='ocrx_word' id='word_1_775' title='bbox 3437 4188 3674 4260; x_wconf 83' lang='lat' dir='ltr'><strong>sagittas</strong></span> <span class='ocrx_word' id='word_1_776' title='bbox 3713 4199 3759 4246; x_wconf 82' lang='lat' dir='ltr'><strong>et</strong></span> 
     </span>
    </p>
   </div>
   <div class='ocr_carea' id='block_1_101' title="bbox 2182 4268 3757 4345">
    <p class='ocr_par' dir='ltr' id='par_1_101' title="bbox 2182 4268 3757 4345">
     <span class='ocr_line' id='line_1_101' title="bbox 2182 4268 3757 4345; baseline 0.008 -21"><span class='ocrx_word' id='word_1_777' title='bbox 2182 4268 2448 4326; x_wconf 88' lang='lat' dir='ltr'><strong>carbones</strong></span> <span class='ocrx_word' id='word_1_778' title='bbox 2467 4278 2656 4327; x_wconf 88' lang='lat' dir='ltr'><strong>contra</strong></span> <span class='ocrx_word' id='word_1_779' title='bbox 2675 4271 2917 4345; x_wconf 86' lang='lat' dir='ltr'><strong>linguam</strong></span> <span class='ocrx_word' id='word_1_780' title='bbox 2943 4274 3207 4344; x_wconf 89' lang='lat' dir='ltr'><strong>dolosam,</strong></span> <span class='ocrx_word' id='word_1_781' title='bbox 3257 4286 3440 4333; x_wconf 83' lang='lat' dir='ltr'><strong>tamen</strong></span> <span class='ocrx_word' id='word_1_782' title='bbox 3485 4279 3671 4335; x_wconf 84' lang='lat' dir='ltr'><strong>adhuc</strong></span> <span class='ocrx_word' id='word_1_783' title='bbox 3691 4289 3757 4335; x_wconf 84' lang='lat' dir='ltr'><strong>est</strong></span> 
     </span>
    </p>
   </div>
   <div class='ocr_carea' id='block_1_102' title="bbox 2187 4363 3757 4439">
    <p class='ocr_par' dir='ltr' id='par_1_102' title="bbox 2187 4363 3757 4439">
     <span class='ocr_line' id='line_1_102' title="bbox 2187 4363 3757 4439; baseline 0.008 -24"><span class='ocrx_word' id='word_1_784' title='bbox 2187 4383 2206 4415; x_wconf 74' lang='grc' dir='ltr'>ί</span> <span class='ocrx_word' id='word_1_785' title='bbox 2252 4363 2382 4418; x_wconf 89' lang='lat' dir='ltr'><strong>mihi</strong></span> <span class='ocrx_word' id='word_1_786' title='bbox 2403 4364 2539 4419; x_wconf 87' lang='lat' dir='ltr'><strong>heu!</strong></span> <span class='ocrx_word' id='word_1_787' title='bbox 2577 4384 2597 4418; x_wconf 86' lang='grc'><strong>›</strong></span> <span class='ocrx_word' id='word_1_788' title='bbox 2629 4365 2684 4421; x_wconf 92' lang='lat' dir='ltr'><strong>id</strong></span> <span class='ocrx_word' id='word_1_789' title='bbox 2705 4372 2791 4421; x_wconf 89' lang='lat' dir='ltr'><strong>est</strong></span> <span class='ocrx_word' id='word_1_790' title='bbox 2829 4381 3054 4437; x_wconf 89' lang='lat' dir='ltr'><strong>magnus</strong></span> <span class='ocrx_word' id='word_1_791' title='bbox 3078 4368 3332 4439; x_wconf 87' lang='lat' dir='ltr'><strong>gemitus,</strong></span> <span class='ocrx_word' id='word_1_792' title='bbox 3377 4388 3401 4422; x_wconf 70' lang='grc' dir='ltr'><strong>ι</strong></span> <span class='ocrx_word' id='word_1_793' title='bbox 3449 4371 3589 4439; x_wconf 87' lang='lat' dir='ltr'><strong>quia</strong></span> <span class='ocrx_word' id='word_1_794' title='bbox 3633 4372 3757 4426; x_wconf 78' lang='lat' dir='ltr'><strong>incs—</strong></span> 
     </span>
    </p>
   </div>
   <div class='ocr_carea' id='block_1_103' title="bbox 2183 4451 3758 4530">
    <p class='ocr_par' dir='ltr' id='par_1_103' title="bbox 2183 4451 3758 4530">
     <span class='ocr_line' id='line_1_103' title="bbox 2183 4451 3758 4530; baseline 0.004 -24"><span class='ocrx_word' id='word_1_795' title='bbox 2183 4451 2325 4508; x_wconf 89' lang='lat' dir='ltr'><strong>latus</strong></span> <span class='ocrx_word' id='word_1_796' title='bbox 2381 4469 2533 4510; x_wconf 88' lang='lat' dir='ltr'><strong>meus</strong></span> <span class='ocrx_word' id='word_1_797' title='bbox 2575 4455 2926 4527; x_wconf 88' lang='lat' dir='ltr'><strong>prolongatus</strong></span> <span class='ocrx_word' id='word_1_798' title='bbox 2960 4466 3064 4522; x_wconf 88' lang='lat' dir='ltr'><strong>est,</strong></span> <span class='ocrx_word' id='word_1_799' title='bbox 3096 4477 3115 4510; x_wconf 70' lang='grc' dir='ltr'><strong>ι</strong></span> <span class='ocrx_word' id='word_1_800' title='bbox 3151 4459 3205 4513; x_wconf 90' lang='lat' dir='ltr'><strong>id</strong></span> <span class='ocrx_word' id='word_1_801' title='bbox 3256 4466 3342 4514; x_wconf 74' lang='lat' dir='ltr'><strong>est</strong></span> <span class='ocrx_word' id='word_1_802' title='bbox 3403 4461 3758 4530; x_wconf 80' lang='lat' dir='ltr'><strong>peregrinatio</strong></span> 
     </span>
    </p>
   </div>
   <div class='ocr_carea' id='block_1_104' title="bbox 2182 4545 3758 4621">
    <p class='ocr_par' dir='ltr' id='par_1_104' title="bbox 2182 4545 3758 4621">
     <span class='ocr_line' id='line_1_104' title="bbox 2182 4545 3758 4621; baseline 0.004 -23"><span class='ocrx_word' id='word_1_803' title='bbox 2182 4551 2238 4598; x_wconf 91' lang='lat' dir='ltr'><strong>et</strong></span> <span class='ocrx_word' id='word_1_804' title='bbox 2258 4545 2508 4600; x_wconf 89' lang='lat' dir='ltr'><strong>exsilium</strong></span> <span class='ocrx_word' id='word_1_805' title='bbox 2533 4561 2713 4601; x_wconf 87' lang='lat' dir='ltr'><strong>meum</strong></span> <span class='ocrx_word' id='word_1_806' title='bbox 2755 4561 2788 4601; x_wconf 88' lang='lat' dir='ltr'><strong>a</strong></span> <span class='ocrx_word' id='word_1_807' title='bbox 2829 4561 2957 4603; x_wconf 91' lang='lat' dir='ltr'><strong>vera</strong></span> <span class='ocrx_word' id='word_1_808' title='bbox 2983 4549 3158 4618; x_wconf 89' lang='lat' dir='ltr'><strong>patria</strong></span> <span class='ocrx_word' id='word_1_809' title='bbox 3212 4549 3378 4606; x_wconf 91' lang='lat' dir='ltr'><strong>nimis</strong></span> <span class='ocrx_word' id='word_1_810' title='bbox 3399 4553 3719 4621; x_wconf 81' lang='lat' dir='ltr'><strong>producitur</strong></span> <span class='ocrx_word' id='word_1_811' title='bbox 3744 4566 3758 4605; x_wconf 90' lang='lat'><strong>:</strong></span> 
     </span>
    </p>
   </div>
   <div class='ocr_carea' id='block_1_105' title="bbox 2183 4637 3761 4712">
    <p class='ocr_par' dir='ltr' id='par_1_105' title="bbox 2183 4637 3761 4712">
     <span class='ocr_line' id='line_1_105' title="bbox 2183 4637 3761 4712; baseline 0.005 -22"><span class='ocrx_word' id='word_1_812' title='bbox 2183 4650 2293 4691; x_wconf 92' lang='lat' dir='ltr'><strong>non</strong></span> <span class='ocrx_word' id='word_1_813' title='bbox 2319 4637 2463 4706; x_wconf 92' lang='lat' dir='ltr'><strong>quod</strong></span> <span class='ocrx_word' id='word_1_814' title='bbox 2482 4637 2592 4692; x_wconf 88' lang='lat' dir='ltr'><strong>vita</strong></span> <span class='ocrx_word' id='word_1_815' title='bbox 2620 4638 2855 4694; x_wconf 87' lang='lat' dir='ltr'><strong>hominis</strong></span> <span class='ocrx_word' id='word_1_816' title='bbox 2878 4639 3034 4710; x_wconf 87' lang='lat' dir='ltr'><strong>longa</strong></span> <span class='ocrx_word' id='word_1_817' title='bbox 3063 4640 3156 4706; x_wconf 92' lang='lat' dir='ltr'><strong>sit,</strong></span> <span class='ocrx_word' id='word_1_818' title='bbox 3203 4641 3299 4696; x_wconf 90' lang='lat' dir='ltr'><strong>sed</strong></span> <span class='ocrx_word' id='word_1_819' title='bbox 3321 4642 3451 4712; x_wconf 86' lang='lat' dir='ltr'><strong>quia</strong></span> <span class='ocrx_word' id='word_1_820' title='bbox 3501 4641 3626 4712; x_wconf 88' lang='lat' dir='ltr'><strong>jam</strong></span> <span class='ocrx_word' id='word_1_821' title='bbox 3670 4643 3761 4698; x_wconf 75' lang='lat' dir='ltr'><strong>rel-</strong></span> 
     </span>
    </p>
   </div>
   <div class='ocr_carea' id='block_1_106' title="bbox 2184 4725 3764 4809">
    <p class='ocr_par' dir='ltr' id='par_1_106' title="bbox 2184 4725 3764 4809">
     <span class='ocr_line' id='line_1_106' title="bbox 2184 4725 3764 4809; baseline 0.008 -29"><span class='ocrx_word' id='word_1_822' title='bbox 2184 4726 2260 4782; x_wconf 90' lang='lat' dir='ltr'><strong>let</strong></span> <span class='ocrx_word' id='word_1_823' title='bbox 2285 4725 2506 4782; x_wconf 86' lang='lat' dir='ltr'><strong>dissolvi</strong></span> <span class='ocrx_word' id='word_1_824' title='bbox 2532 4737 2587 4783; x_wconf 92' lang='lat' dir='ltr'><strong>et</strong></span> <span class='ocrx_word' id='word_1_825' title='bbox 2621 4743 2742 4785; x_wconf 90' lang='lat' dir='ltr'><strong>esse</strong></span> <span class='ocrx_word' id='word_1_826' title='bbox 2783 4745 2907 4785; x_wconf 89' lang='lat' dir='ltr'><strong>cum</strong></span> <span class='ocrx_word' id='word_1_827' title='bbox 2937 4729 3152 4786; x_wconf 90' lang='lat' dir='ltr'><strong>Christo</strong></span> <span class='ocrx_word' id='word_1_828' title='bbox 3187 4731 3410 4805; x_wconf 80' lang='lat' dir='ltr'><strong>(Philip.</strong></span> <span class='ocrx_word' id='word_1_829' title='bbox 3449 4738 3562 4809; x_wconf 86' lang='lat' dir='ltr'><strong>u);</strong></span> <span class='ocrx_word' id='word_1_830' title='bbox 3593 4747 3647 4793; x_wconf 88' lang='lat' dir='ltr'><strong>et</strong></span> <span class='ocrx_word' id='word_1_831' title='bbox 3667 4737 3764 4792; x_wconf 74' lang='lat' dir='ltr'><strong>ideo</strong></span> 
     </span>
    </p>
   </div>
   <div class='ocr_carea' id='block_1_107' title="bbox 2185 4817 3767 4890">
    <p class='ocr_par' dir='ltr' id='par_1_107' title="bbox 2185 4817 3767 4890">
     <span class='ocr_line' id='line_1_107' title="bbox 2185 4817 3767 4890; baseline 0.006 -19"><span class='ocrx_word' id='word_1_832' title='bbox 2185 4824 2272 4873; x_wconf 87' lang='lat' dir='ltr'><strong>est</strong></span> <span class='ocrx_word' id='word_1_833' title='bbox 2295 4817 2430 4872; x_wconf 89' lang='lat' dir='ltr'><strong>mihi</strong></span> <span class='ocrx_word' id='word_1_834' title='bbox 2466 4834 2485 4868; x_wconf 82' lang='grc' dir='ltr'><strong>ι</strong></span> <span class='ocrx_word' id='word_1_835' title='bbox 2521 4817 2656 4873; x_wconf 82' lang='lat' dir='ltr'><strong>heu!</strong></span> <span class='ocrx_word' id='word_1_836' title='bbox 2693 4838 2713 4872; x_wconf 73' lang='grc' dir='ltr'><strong>ι</strong></span> <span class='ocrx_word' id='word_1_837' title='bbox 2750 4819 2876 4890; x_wconf 88' lang='lat' dir='ltr'><strong>quia</strong></span> <span class='ocrx_word' id='word_1_838' title='bbox 2909 4839 2928 4872; x_wconf 81' lang='grc' dir='ltr'><strong>ι</strong></span> <span class='ocrx_word' id='word_1_839' title='bbox 2961 4821 3204 4878; x_wconf 85' lang='lat' dir='ltr'><strong>babitavi</strong></span> <span class='ocrx_word' id='word_1_840' title='bbox 3232 4838 3357 4880; x_wconf 89' lang='lat' dir='ltr'><strong>cum</strong></span> <span class='ocrx_word' id='word_1_841' title='bbox 3397 4826 3767 4884; x_wconf 76' lang='lat' dir='ltr'><strong>habitantibus</strong></span> 
     </span>
    </p>
   </div>
   <div class='ocr_carea' id='block_1_108' title="bbox 2185 4908 3764 4982">
    <p class='ocr_par' dir='ltr' id='par_1_108' title="bbox 2185 4908 3764 4982">
     <span class='ocr_line' id='line_1_108' title="bbox 2185 4908 3764 4982; baseline 0.008 -17"><span class='ocrx_word' id='word_1_842' title='bbox 2185 4910 2381 4975; x_wconf 90' lang='lat' dir='ltr'><strong>Cedar,</strong></span> <span class='ocrx_word' id='word_1_843' title='bbox 2424 4927 2443 4961; x_wconf 76' lang='grc' dir='ltr'><strong>ι</strong></span> <span class='ocrx_word' id='word_1_844' title='bbox 2507 4908 2561 4964; x_wconf 93' lang='lat' dir='ltr'><strong>id</strong></span> <span class='ocrx_word' id='word_1_845' title='bbox 2598 4916 2684 4964; x_wconf 86' lang='lat' dir='ltr'><strong>est</strong></span> <span class='ocrx_word' id='word_1_846' title='bbox 2735 4925 2859 4965; x_wconf 89' lang='lat' dir='ltr'><strong>cum</strong></span> <span class='ocrx_word' id='word_1_847' title='bbox 2902 4910 3006 4967; x_wconf 90' lang='lat' dir='ltr'><strong>illis</strong></span> <span class='ocrx_word' id='word_1_848' title='bbox 3032 4913 3126 4982; x_wconf 92' lang='lat' dir='ltr'><strong>qui</strong></span> <span class='ocrx_word' id='word_1_849' title='bbox 3169 4927 3394 4973; x_wconf 90' lang='lat' dir='ltr'><strong>manent</strong></span> <span class='ocrx_word' id='word_1_850' title='bbox 3421 4917 3485 4975; x_wconf 88' lang='lat' dir='ltr'><strong>in</strong></span> <span class='ocrx_word' id='word_1_851' title='bbox 3523 4920 3764 4977; x_wconf 72' lang='lat' dir='ltr'><strong>tenebris.</strong></span> 
     </span>
    </p>
   </div>
   <div class='ocr_carea' id='block_1_109' title="bbox 2185 4999 3769 5075">
    <p class='ocr_par' dir='ltr' id='par_1_109' title="bbox 2185 4999 3769 5075">
     <span class='ocr_line' id='line_1_109' title="bbox 2185 4999 3769 5075; baseline 0.005 -19"><span class='ocrx_word' id='word_1_852' title='bbox 2185 4999 2362 5056; x_wconf 89' lang='lat' dir='ltr'><strong>Cedar</strong></span> <span class='ocrx_word' id='word_1_853' title='bbox 2407 4999 2552 5054; x_wconf 90' lang='lat' dir='ltr'><strong>enim</strong></span> <span class='ocrx_word' id='word_1_854' title='bbox 2599 5001 2837 5056; x_wconf 72' lang='lat' dir='ltr'><strong>tenebrae</strong></span> <span class='ocrx_word' id='word_1_855' title='bbox 2888 5002 3308 5075; x_wconf 81' lang='lat' dir='ltr'><strong>interpretatur;</strong></span> <span class='ocrx_word' id='word_1_856' title='bbox 3379 5017 3442 5064; x_wconf 89' lang='lat' dir='ltr'><strong>et</strong></span> <span class='ocrx_word' id='word_1_857' title='bbox 3500 5011 3633 5067; x_wconf 83' lang='lat' dir='ltr'><strong>ideo</strong></span> <span class='ocrx_word' id='word_1_858' title='bbox 3670 5011 3769 5066; x_wconf 78' lang='lat' dir='ltr'><strong>dico</strong></span> 
     </span>
    </p>
   </div>
   <div class='ocr_carea' id='block_1_110' title="bbox 2187 5091 3768 5164">
    <p class='ocr_par' dir='ltr' id='par_1_110' title="bbox 2187 5091 3768 5164">
     <span class='ocr_line' id='line_1_110' title="bbox 2187 5091 3768 5164; baseline 0.001 -14"><span class='ocrx_word' id='word_1_859' title='bbox 2187 5095 2293 5150; x_wconf 86' lang='lat' dir='ltr'><strong>heu</strong></span> <span class='ocrx_word' id='word_1_860' title='bbox 2321 5091 2485 5148; x_wconf 87' lang='lat' dir='ltr'><strong>mihi!</strong></span> <span class='ocrx_word' id='word_1_861' title='bbox 2524 5093 2674 5162; x_wconf 90' lang='lat' dir='ltr'><strong>quia,</strong></span> <span class='ocrx_word' id='word_1_862' title='bbox 2708 5111 2726 5144; x_wconf 79' lang='grc' dir='ltr'><strong>ι</strong></span> <span class='ocrx_word' id='word_1_863' title='bbox 2763 5093 2944 5148; x_wconf 88' lang='lat' dir='ltr'><strong>anima</strong></span> <span class='ocrx_word' id='word_1_864' title='bbox 2970 5110 3091 5152; x_wconf 90' lang='lat' dir='ltr'><strong>mea</strong></span> <span class='ocrx_word' id='word_1_865' title='bbox 3117 5098 3348 5154; x_wconf 89' lang='lat' dir='ltr'><strong>multum</strong></span> <span class='ocrx_word' id='word_1_866' title='bbox 3384 5099 3580 5157; x_wconf 82' lang='lat' dir='ltr'><strong>incola</strong></span> <span class='ocrx_word' id='word_1_867' title='bbox 3609 5102 3721 5164; x_wconf 89' lang='lat' dir='ltr'><strong>fuit,</strong></span> <span class='ocrx_word' id='word_1_868' title='bbox 3750 5119 3768 5152; x_wconf 76' lang='grc' dir='ltr'><strong>ι</strong></span> 
     </span>
    </p>
   </div>
   <div class='ocr_carea' id='block_1_111' title="bbox 2187 5184 3772 5258">
    <p class='ocr_par' dir='ltr' id='par_1_111' title="bbox 2187 5184 3772 5258">
     <span class='ocr_line' id='line_1_111' title="bbox 2187 5184 3772 5258; baseline 0.001 -16"><span class='ocrx_word' id='word_1_869' title='bbox 2187 5185 2242 5242; x_wconf 91' lang='lat' dir='ltr'><strong>id</strong></span> <span class='ocrx_word' id='word_1_870' title='bbox 2263 5193 2348 5241; x_wconf 86' lang='lat' dir='ltr'><strong>est</strong></span> <span class='ocrx_word' id='word_1_871' title='bbox 2381 5184 2607 5241; x_wconf 87' lang='lat' dir='ltr'><strong>multam</strong></span> <span class='ocrx_word' id='word_1_872' title='bbox 2642 5185 2965 5256; x_wconf 84' lang='lat' dir='ltr'><strong>gravitatem</strong></span> <span class='ocrx_word' id='word_1_873' title='bbox 2992 5202 3152 5258; x_wconf 85' lang='lat' dir='ltr'><strong>passa</strong></span> <span class='ocrx_word' id='word_1_874' title='bbox 3181 5197 3266 5246; x_wconf 85' lang='lat' dir='ltr'><strong>est</strong></span> <span class='ocrx_word' id='word_1_875' title='bbox 3302 5191 3360 5246; x_wconf 90' lang='lat' dir='ltr'><strong>in</strong></span> <span class='ocrx_word' id='word_1_876' title='bbox 3413 5193 3529 5250; x_wconf 86' lang='lat' dir='ltr'><strong>hoc</strong></span> <span class='ocrx_word' id='word_1_877' title='bbox 3574 5195 3772 5252; x_wconf 75' lang='lat' dir='ltr'><strong>exsilio.</strong></span> 
     </span>
    </p>
   </div>
   <div class='ocr_carea' id='block_1_112' title="bbox 2255 5277 3777 5360">
    <p class='ocr_par' dir='ltr' id='par_1_112' title="bbox 2255 5277 3777 5360">
     <span class='ocr_line' id='line_1_112' title="bbox 2255 5277 3777 5360; baseline 0.007 -27"><span class='ocrx_word' id='word_1_878' title='bbox 2255 5277 2381 5334; x_wconf 84' lang='lat' dir='ltr'><strong>Ideo</strong></span> <span class='ocrx_word' id='word_1_879' title='bbox 2432 5279 2552 5334; x_wconf 89' lang='lat' dir='ltr'><strong>dico</strong></span> <span class='ocrx_word' id='word_1_880' title='bbox 2574 5279 2718 5348; x_wconf 89' lang='lat' dir='ltr'><strong>quod</strong></span> <span class='ocrx_word' id='word_1_881' title='bbox 2748 5279 2928 5350; x_wconf 88' lang='lat' dir='ltr'><strong>gravis</strong></span> <span class='ocrx_word' id='word_1_882' title='bbox 2949 5288 3034 5335; x_wconf 87' lang='lat' dir='ltr'><strong>est</strong></span> <span class='ocrx_word' id='word_1_883' title='bbox 3057 5281 3254 5338; x_wconf 65' lang='lat' dir='ltr'><strong>animas</strong></span> <span class='ocrx_word' id='word_1_884' title='bbox 3276 5297 3416 5339; x_wconf 79' lang='lat' dir='ltr'><strong>mea:</strong></span> <span class='ocrx_word' id='word_1_885' title='bbox 3460 5285 3594 5343; x_wconf 67' lang='lat' dir='ltr'><strong>haec</strong></span> <span class='ocrx_word' id='word_1_886' title='bbox 3635 5301 3777 5360; x_wconf 80' lang='lat' dir='ltr'><strong>pere-</strong></span> 
     </span>
    </p>
   </div>
   <div class='ocr_carea' id='block_1_113' title="bbox 2186 5368 3775 5450">
    <p class='ocr_par' dir='ltr' id='par_1_113' title="bbox 2186 5368 3775 5450">
     <span class='ocr_line' id='line_1_113' title="bbox 2186 5368 3775 5450; baseline 0.008 -28"><span class='ocrx_word' id='word_1_887' title='bbox 2186 5368 2440 5441; x_wconf 91' lang='lat' dir='ltr'><strong>grinatio,</strong></span> <span class='ocrx_word' id='word_1_888' title='bbox 2467 5369 2593 5438; x_wconf 89' lang='lat' dir='ltr'><strong>quia</strong></span> <span class='ocrx_word' id='word_1_889' title='bbox 2619 5376 2678 5424; x_wconf 90' lang='lat' dir='ltr'><strong>et</strong></span> <span class='ocrx_word' id='word_1_890' title='bbox 2721 5369 2798 5426; x_wconf 90' lang='lat' dir='ltr'><strong>illi</strong></span> <span class='ocrx_word' id='word_1_891' title='bbox 2835 5386 2958 5426; x_wconf 87' lang='lat' dir='ltr'><strong>cum</strong></span> <span class='ocrx_word' id='word_1_892' title='bbox 3013 5373 3209 5442; x_wconf 77' lang='lat' dir='ltr'><strong>quibus</strong></span> <span class='ocrx_word' id='word_1_893' title='bbox 3254 5389 3430 5442; x_wconf 88' lang='lat' dir='ltr'><strong>eram,</strong></span> <span class='ocrx_word' id='word_1_894' title='bbox 3485 5387 3552 5433; x_wconf 88' lang='lat' dir='ltr'><strong>et</strong></span> <span class='ocrx_word' id='word_1_895' title='bbox 3597 5394 3775 5450; x_wconf 71' lang='lat' dir='ltr'><strong>pacem</strong></span> 
     </span>
    </p>
   </div>
   <div class='ocr_carea' id='block_1_114' title="bbox 2185 5460 3778 5542">
    <p class='ocr_par' dir='ltr' id='par_1_114' title="bbox 2185 5460 3778 5542">
     <span class='ocr_line' id='line_1_114' title="bbox 2185 5460 3778 5542; baseline 0.006 -25"><span class='ocrx_word' id='word_1_896' title='bbox 2185 5461 2310 5518; x_wconf 91' lang='lat' dir='ltr'><strong>odio</strong></span> <span class='ocrx_word' id='word_1_897' title='bbox 2331 5460 2634 5528; x_wconf 89' lang='lat' dir='ltr'><strong>habebant,</strong></span> <span class='ocrx_word' id='word_1_898' title='bbox 2673 5478 2837 5533; x_wconf 91' lang='lat' dir='ltr'><strong>quam</strong></span> <span class='ocrx_word' id='word_1_899' title='bbox 2863 5479 2962 5534; x_wconf 88' lang='lat' dir='ltr'><strong>ego</strong></span> <span class='ocrx_word' id='word_1_900' title='bbox 2987 5465 3316 5535; x_wconf 67' lang='lat' dir='ltr'><strong>quaerebam,</strong></span> <span class='ocrx_word' id='word_1_901' title='bbox 3348 5475 3406 5523; x_wconf 90' lang='lat' dir='ltr'><strong>et</strong></span> <span class='ocrx_word' id='word_1_902' title='bbox 3453 5484 3558 5526; x_wconf 90' lang='lat' dir='ltr'><strong>me</strong></span> <span class='ocrx_word' id='word_1_903' title='bbox 3611 5473 3778 5542; x_wconf 86' lang='lat' dir='ltr'><strong>impu-</strong></span> 
     </span>
    </p>
   </div>
   <div class='ocr_carea' id='block_1_115' title="bbox 2189 5559 3782 5636">
    <p class='ocr_par' dir='ltr' id='par_1_115' title="bbox 2189 5559 3782 5636">
     <span class='ocr_line' id='line_1_115' title="bbox 2189 5559 3782 5636; baseline 0.004 -22"><span class='ocrx_word' id='word_1_904' title='bbox 2189 5560 2458 5632; x_wconf 87' lang='lat' dir='ltr'><strong>gnabant;</strong></span> <span class='ocrx_word' id='word_1_905' title='bbox 2494 5559 2597 5614; x_wconf 89' lang='lat' dir='ltr'><strong>hoc</strong></span> <span class='ocrx_word' id='word_1_906' title='bbox 2641 5567 2761 5615; x_wconf 89' lang='lat' dir='ltr'><strong>est:</strong></span> <span class='ocrx_word' id='word_1_907' title='bbox 2798 5578 2817 5612; x_wconf 77' lang='grc' dir='ltr'><strong>ι</strong></span> <span class='ocrx_word' id='word_1_908' title='bbox 2859 5574 2982 5615; x_wconf 90' lang='lat' dir='ltr'><strong>cum</strong></span> <span class='ocrx_word' id='word_1_909' title='bbox 3029 5561 3136 5617; x_wconf 89' lang='lat' dir='ltr'><strong>illis</strong></span> <span class='ocrx_word' id='word_1_910' title='bbox 3169 5562 3259 5632; x_wconf 90' lang='lat' dir='ltr'><strong>qui</strong></span> <span class='ocrx_word' id='word_1_911' title='bbox 3297 5563 3546 5619; x_wconf 89' lang='lat' dir='ltr'><strong>oderunt</strong></span> <span class='ocrx_word' id='word_1_912' title='bbox 3601 5582 3782 5636; x_wconf 85' lang='lat' dir='ltr'><strong>pacem</strong></span> 
     </span>
    </p>
   </div>
   <div class='ocr_carea' id='block_1_116' title="bbox 2188 5651 3781 5724">
    <p class='ocr_par' dir='ltr' id='par_1_116' title="bbox 2188 5651 3781 5724">
     <span class='ocr_line' id='line_1_116' title="bbox 2188 5651 3781 5724; baseline 0.003 -16"><span class='ocrx_word' id='word_1_913' title='bbox 2188 5669 2337 5709; x_wconf 82' lang='lat' dir='ltr'><strong>eram</strong></span> <span class='ocrx_word' id='word_1_914' title='bbox 2389 5651 2668 5722; x_wconf 88' lang='lat' dir='ltr'><strong>paciﬁcus,</strong></span> <span class='ocrx_word' id='word_1_915' title='bbox 2703 5671 2722 5705; x_wconf 72' lang='grc' dir='ltr'><strong>ι</strong></span> <span class='ocrx_word' id='word_1_916' title='bbox 2755 5652 2881 5722; x_wconf 91' lang='lat' dir='ltr'><strong>quia</strong></span> <span class='ocrx_word' id='word_1_917' title='bbox 2927 5668 3050 5707; x_wconf 90' lang='lat' dir='ltr'><strong>cum</strong></span> <span class='ocrx_word' id='word_1_918' title='bbox 3106 5653 3211 5724; x_wconf 89' lang='lat' dir='ltr'><strong>ipsi</strong></span> <span class='ocrx_word' id='word_1_919' title='bbox 3260 5663 3444 5709; x_wconf 89' lang='lat' dir='ltr'><strong>essent</strong></span> <span class='ocrx_word' id='word_1_920' title='bbox 3503 5657 3781 5721; x_wconf 84' lang='lat' dir='ltr'><strong>seditiosi,</strong></span> 
     </span>
    </p>
   </div>
   <div class='ocr_carea' id='block_1_117' title="bbox 2187 5742 3785 5816">
    <p class='ocr_par' dir='ltr' id='par_1_117' title="bbox 2187 5742 3785 5816">
     <span class='ocr_line' id='line_1_117' title="bbox 2187 5742 3785 5816; baseline 0.002 -16"><span class='ocrx_word' id='word_1_921' title='bbox 2187 5760 2293 5800; x_wconf 90' lang='lat' dir='ltr'><strong>nou</strong></span> <span class='ocrx_word' id='word_1_922' title='bbox 2342 5742 2730 5798; x_wconf 86' lang='lat' dir='ltr'><strong>maledicebam</strong></span> <span class='ocrx_word' id='word_1_923' title='bbox 2775 5746 2877 5809; x_wconf 90' lang='lat' dir='ltr'><strong>eis,</strong></span> <span class='ocrx_word' id='word_1_924' title='bbox 2917 5745 3011 5799; x_wconf 87' lang='lat' dir='ltr'><strong>sed</strong></span> <span class='ocrx_word' id='word_1_925' title='bbox 3057 5747 3279 5801; x_wconf 85' lang='lat' dir='ltr'><strong>orabam</strong></span> <span class='ocrx_word' id='word_1_926' title='bbox 3312 5762 3410 5816; x_wconf 86' lang='lat' dir='ltr'><strong>pro</strong></span> <span class='ocrx_word' id='word_1_927' title='bbox 3433 5749 3564 5815; x_wconf 78' lang='lat' dir='ltr'><strong>eis;</strong></span> <span class='ocrx_word' id='word_1_928' title='bbox 3606 5760 3785 5805; x_wconf 77' lang='lat' dir='ltr'><strong>tamen</strong></span> 
     </span>
    </p>
   </div>
   <div class='ocr_carea' id='block_1_118' title="bbox 2186 5838 3785 5909">
    <p class='ocr_par' dir='ltr' id='par_1_118' title="bbox 2186 5838 3785 5909">
     <span class='ocr_line' id='line_1_118' title="bbox 2186 5838 3785 5909; baseline 0.002 -16"><span class='ocrx_word' id='word_1_929' title='bbox 2186 5854 2295 5893; x_wconf 91' lang='lat' dir='ltr'><strong>non</strong></span> <span class='ocrx_word' id='word_1_930' title='bbox 2374 5838 2616 5890; x_wconf 84' lang='lat' dir='ltr'><strong>tacebam</strong></span> <span class='ocrx_word' id='word_1_931' title='bbox 2664 5838 2791 5906; x_wconf 87' lang='lat' dir='ltr'><strong>quin</strong></span> <span class='ocrx_word' id='word_1_932' title='bbox 2861 5839 3212 5907; x_wconf 69' lang='lat' dir='ltr'><strong>praedicarent:</strong></span> <span class='ocrx_word' id='word_1_933' title='bbox 3283 5841 3513 5896; x_wconf 87' lang='lat' dir='ltr'><strong>verbum</strong></span> <span class='ocrx_word' id='word_1_934' title='bbox 3554 5843 3692 5909; x_wconf 81' lang='lat' dir='ltr'><strong>Dei;</strong></span> <span class='ocrx_word' id='word_1_935' title='bbox 3735 5851 3785 5896; x_wconf 80' lang='lat' dir='ltr'><strong>et</strong></span> 
     </span>
    </p>
   </div>
   <div class='ocr_carea' id='block_1_119' title="bbox 2190 5925 3788 5998">
    <p class='ocr_par' dir='ltr' id='par_1_119' title="bbox 2190 5925 3788 5998">
     <span class='ocr_line' id='line_1_119' title="bbox 2190 5925 3788 5998; baseline 0.005 -17"><span class='ocrx_word' id='word_1_936' title='bbox 2190 5947 2212 5981; x_wconf 76' lang='grc' dir='ltr'><strong>ι</strong></span> <span class='ocrx_word' id='word_1_937' title='bbox 2238 5939 2361 5982; x_wconf 90' lang='lat' dir='ltr'><strong>cum</strong></span> <span class='ocrx_word' id='word_1_938' title='bbox 2411 5925 2670 5998; x_wconf 86' lang='lat' dir='ltr'><strong>loquebar</strong></span> <span class='ocrx_word' id='word_1_939' title='bbox 2709 5927 2813 5984; x_wconf 89' lang='lat' dir='ltr'><strong>illis</strong></span> <span class='ocrx_word' id='word_1_940' title='bbox 2852 5947 2872 5978; x_wconf 76' lang='grc' dir='ltr'><strong>ι</strong></span> <span class='ocrx_word' id='word_1_941' title='bbox 2910 5931 3133 5985; x_wconf 89' lang='lat' dir='ltr'><strong>verbum</strong></span> <span class='ocrx_word' id='word_1_942' title='bbox 3185 5930 3444 5997; x_wconf 81' lang='lat' dir='ltr'><strong>veritatis,</strong></span> <span class='ocrx_word' id='word_1_943' title='bbox 3517 5952 3540 5987; x_wconf 80' lang='grc' dir='ltr'><strong>ι</strong></span> <span class='ocrx_word' id='word_1_944' title='bbox 3613 5935 3788 5993; x_wconf 76' lang='lat' dir='ltr'><strong>impu-</strong></span> 
     </span>
    </p>
   </div>
  </div>
