3898 6474
137 463 254 525 63S

1323 458 1758 520 EXPLANATIO
1795 462 1860 518 IN
1901 458 2236 519 PSALMOS.

3295 457 3403 513 6'54

137 581 388 653 gnabant
407 593 496 635 me
532 596 551 631 ι
592 578 775 634 multis
827 576 1284 641 tribulationibus,
1315 584 1371 630 et
1413 578 1516 631 hoc
1557 596 1574 627 ι
1608 576 1804 645 gra-A
1835 574 2088 640 hominis,
2144 580 2365 644 propter
2417 573 2711 644 temporale
2755 571 3096 627 commodum
3145 584 3163 625 :
3210 586 3406 628 manus

136 673 238 738 tis,
267 689 288 726 ι
317 669 374 726 id
403 678 486 726 est
531 671 645 726 sine
696 669 876 740 aliquo
895 684 1016 724 meo
1038 668 1252 723 merito.
1286 665 1381 723 Vel
1415 683 1434 717 ι
1471 667 1660 740 gratis,
1699 685 1718 718 ι

133 765 276 836 quia
304 761 442 821 nihil
470 762 839 837 profecerunt.

603 897 672 953 IN
725 896 1058 954 PSALMUM
1102 894 1263 954 CXX.

488 1015 728 1072 Trruws
756 1033 771 1069 :
799 1014 1078 1070 Canticum
1107 1012 1390 1085 graduum.

209 1155 232 1188 ε
262 1132 459 1190 Levavi
483 1129 668 1188 oculos
697 1144 865 1185 meos.
896 1147 915 1181 ι
948 1127 1004 1182 ln
1034 1126 1137 1181 hoc
1181 1123 1390 1195 psalmo
1417 1122 1582 1178 habet
1603 1137 1722 1178 ma-

129 1226 333 1282 teriam
369 1220 664 1280 secundum
703 1219 927 1291 gradum
968 1235 980 1271 :
1010 1216 1100 1271 hic
1127 1214 1273 1271 enim
1300 1213 1390 1269 ille
1419 1212 1597 1281 justus
1632 1212 1725 1283 qui

131 1315 389 1387 superius
431 1327 462 1366 a
519 1310 666 1366 vitiis
725 1308 915 1377 exivit,
965 1312 1020 1361 et
1073 1304 1278 1359 mundo
1349 1301 1723 1367 renuntiavit;

128 1405 378 1462 ostendit
404 1419 463 1460 se
489 1402 557 1458 ad
586 1410 800 1457 sanctos
838 1399 1166 1454 intentiones
1210 1412 1337 1452 suas
1367 1396 1621 1466 dirigere,
1665 1403 1727 1450 nt

128 1514 235 1569 per
285 1510 473 1551 eorum
537 1493 981 1548 intercessionem
1022 1489 1264 1545 divinum
1312 1487 1414 1543 sibi
1464 1486 1725 1541 auxilium

133 1589 410 1660 acquirat,
456 1601 562 1657 quo
615 1585 791 1642 factus
832 1585 1010 1654 justus
1029 1589 1219 1637 contra
1260 1579 1503 1634 omnium
1545 1587 1726 1634 tenta-

129 1681 316 1735 tiones
355 1680 596 1735 resistat.
639 1675 873 1731 Intendit
897 1673 1160 1744 propheta
1209 1687 1308 1741 per
1345 1687 1501 1726 suum
1538 1686 1724 1726 exem-

126 1772 285 1844 plum
334 1771 468 1826 alios
518 1768 772 1832 invitare,
802 1773 862 1820 nt
893 1780 994 1835 per
1038 1763 1258 1819 eosdem
1306 1763 1504 1833 gradus
1530 1778 1724 1818 ascen-

127 1863 289 1918 dant.
330 1863 385 1916 ln
434 1861 608 1932 prima
664 1866 838 1929 parte,
894 1857 1081 1911 levans
1117 1855 1303 1910 oculos
1367 1855 1434 1909 ad
1483 1863 1718 1919 sanctos,

1827 681 1956 721 vero
1983 666 2207 722 dextera
2249 667 2545 736 spiritualis
2580 675 2663 722 est
2691 665 2954 736 operatio,
2998 680 3107 720 non
3132 663 3274 721 facta
3301 665 3404 720 nisi

1825 773 1926 828 pro
1953 757 2161 813 cwlesti
2199 758 2443 829 praemio.

1897 852 1965 907 Et
2016 852 2142 922 quia
2191 852 2454 907 Dominus
2497 860 2581 908 est
2634 853 2902 923 protectio
2964 867 3126 922 super
3185 865 3408 906 manum

1827 943 2135 1009 tuam,ideo
2164 961 2182 993 ι
2222 957 2318 1012 per
2341 943 2502 1009 diem,
2537 963 2556 995 ι
2585 943 2636 998 id
2659 953 2742 1000 est
2760 953 2999 1014 tempore
3013 943 3410 1013 prosperitatis,

1833 1053 1852 1086 ι
1883 1035 1985 1101 sol,
2027 1055 2046 1087 ι
2083 1035 2134 1089 id
2160 1042 2264 1100 est,
2301 1035 2701 1104 quantumlibet
2747 1036 3010 1091 altissima
3053 1035 3411 1105 prosperitas,

1833 1144 1852 1178 ‹
1887 1141 1992 1182 non
2021 1134 2144 1180 uret
2175 1133 2251 1190 te,
2290 1147 2308 1179 ι
2344 1126 2397 1181 id
2425 1135 2508 1181 est
2538 1143 2642 1181 non
2673 1127 2880 1182 auferet
2923 1128 3018 1182 tibi
3054 1127 3270 1197 aliquod
3313 1128 3414 1182 bo-

1827 1233 1977 1281 num,
2010 1232 2113 1272 nec
2139 1217 2398 1287 perducet
2427 1225 2480 1271 te
2503 1219 2569 1272 ad
2595 1218 2881 1274 elationem
2910 1236 2924 1284 ;
2959 1237 2978 1270 σ
3010 1235 3184 1289 neque
3216 1219 3363 1284 luna,
3390 1237 3408 1269 ι

1828 1309 1880 1365 id
1923 1317 2010 1374 est
2053 1309 2375 1380 gravissima
2427 1310 2747 1373 adversitas,
2799 1325 2919 1379 quae
2965 1310 3102 1365 solet
3151 1310 3413 1379 quosdam

1826 1414 2004 1465 urere,
2049 1399 2190 1455 sicut
2220 1399 2345 1454 luna
2376 1401 2556 1456 exurit
2582 1401 2828 1456 homines
2855 1402 2908 1455 in
2938 1410 3116 1466 nocte,
3150 1417 3255 1455 non
3296 1407 3420 1455 uret

1827 1495 1880 1543 te
1909 1509 1926 1539 ‹
1957 1505 2054 1558 per
2073 1497 2308 1554 noctem,
2346 1508 2365 1542 )
2391 1490 2442 1544 id
2463 1499 2546 1544 est
2575 1490 2626 1543 in
2646 1499 2887 1560 tempore
2902 1489 3264 1553 adversitatis,
3288 1487 3416 1543 dum

1826 1583 2063 1636 maxime
2111 1583 2325 1653 urgebit
2381 1581 2494 1652 ipsa
2535 1582 2866 1647 adversitas;
2921 1581 2974 1635 id
3008 1588 3091 1635 est
3134 1594 3308 1649 neque
3363 1580 3418 1634 in

1825 1675 2100 1744 prosperis
2125 1673 2422 1738 extolleris,
2450 1689 2624 1744 neque
2649 1673 2704 1728 in
2723 1672 2970 1728 adversis
2991 1671 3281 1742 frangeris.
3315 1669 3415 1724 Vel

1827 1767 1900 1821 ita
1954 1766 2251 1822 secundum
2295 1767 2674 1838 Augustinum,
2729 1767 2822 1837 qui
2879 1781 2976 1836 per
3035 1763 3203 1819 solem
3278 1764 3422 1817 acci-

1823 1860 1907 1929 pit
1966 1859 2243 1915 Christum
2292 1859 2591 1916 secundum
2619 1858 2977 1924 divinitatem,
3009 1864 3065 1912 et
3107 1871 3204 1927 per
3236 1853 3420 1909 lunam

124 1953 272 2024 petit
317 1967 416 2021 per
451 1965 639 2006 eorum
683 1948 1131 2004 intercessionem
1189 1945 1452 2000 auxilium
1505 1942 1720 1998 Domini
1749 1942 1797 2003 B
1824 1951 2072 2005 eumdem
2104 1951 2400 2005 secundum
2428 1950 2842 2005 humanitatem.

127 2042 241 2098 sibi
268 2043 400 2098 dari.
433 2042 489 2096 In
512 2041 745 2096 secunda
782 2046 956 2109 parte,
1007 2052 1127 2108 qua:
1158 2035 1350 2104 incipit
1399 2052 1412 2087 :
1465 2053 1485 2084 ι
1531 2033 1716 2088 Domi-

123 2149 239 2189 nus
267 2133 500 2189 custodit
527 2142 601 2198 te,
637 2152 656 2185 ι
688 2129 921 2186 aﬁirmat
948 2144 1006 2185 se
1034 2127 1164 2183 illud
1204 2127 1403 2183 habere
1431 2125 1714 2191 auxilium,

124 2232 193 2280 et
228 2223 466 2280 ostendit
500 2224 644 2292 quod
669 2223 772 2278 sibi
801 2221 997 2276 valeat.

201 2316 329 2374 Acsi
371 2317 630 2386 propheta
662 2315 738 2370 ita
787 2314 1045 2369 invitaret
1077 2313 1230 2377 alios,
1279 2314 1505 2368 dicens:
1538 2309 1583 2367 Ο
1612 2309 1719 2364 fra-

122 2418 266 2472 tres,
290 2408 384 2480 qui
401 2405 515 2475 jam
539 2413 762 2476 peccata
811 2405 1062 2469 exuistis,
1093 2404 1268 2459 levate
1301 2403 1488 2458 oculos
1509 2410 1720 2458 vestros

122 2500 422 2556 interiores
467 2499 533 2553 ad
563 2506 779 2553 sanctos
806 2497 922 2562 Dei,
947 2505 1006 2550 ut
1029 2511 1127 2568 per
1157 2512 1344 2552 eorum
1377 2496 1721 2550 intercessio-

126 2608 260 2648 nem
327 2591 584 2646 auxilium
633 2589 845 2645 Domini
890 2589 1188 2659 recipiatis,
1228 2596 1283 2643 et
1330 2588 1434 2642 hoc
1469 2587 1720 2657 exemplo

126 2684 266 2749 mei,
302 2683 394 2753 qui
435 2701 454 2734 ι
486 2681 681 2745 levavi,
724 2700 743 2733 ι
773 2681 825 2736 id
851 2690 934 2736 est
963 2679 1112 2734 erexi
1139 2699 1157 2730 ι
1191 2679 1376 2734 oculos
1401 2693 1574 2743 meos,
1613 2697 1630 2728 ›
1666 2677 1723 2731 id

121 2785 219 2833 est
243 2777 570 2832 intentiones
601 2789 769 2840 meas,
800 2793 818 2825 ‹
849 2773 902 2828 in
928 2781 1160 2837 montes,
1192 2791 1211 2822 ›
1242 2771 1294 2826 id
1315 2781 1400 2826 est
1430 2771 1482 2824 in
1506 2778 1722 2824 sanctos

129 2867 358 2939 angelos
404 2877 458 2922 et
481 2867 613 2921 alios
636 2874 876 2930 sanctos,
909 2865 1231 2919 assistentes
1259 2862 1560 2933 praesentia:
1589 2860 1718 2926 Dei,

132 2976 160 3012 4
201 2959 365 3025 unde,
393 2979 412 3010 ι
446 2959 496 3013 id
526 2968 610 3014 est
634 2974 664 3012 a
690 2958 906 3027 quibus,
941 2975 961 3008 ι
991 2957 1173 3011 veniet
1198 2954 1463 3009 auxilium
1501 2953 1654 3009 mihi.
1693 2972 1711 3004 ›

208 3051 340 3106 Dico
375 3050 516 3120 quod
547 3050 614 3104 ab
637 3050 742 3104 illis
770 3048 1028 3104 auxilium
1077 3047 1210 3102 mihi
1257 3046 1458 3111 veniet,
1497 3046 1591 3100 sed
1640 3053 1722 3099 ta-

127 3162 262 3202 men
295 3161 402 3200 non
450 3145 518 3200 ab
562 3144 667 3200 illis
705 3145 845 3215 quod
875 3143 975 3214 ipsi
1004 3143 1152 3208 dent,
1185 3142 1277 3197 sed
1308 3142 1486 3212 potius
1517 3158 1536 3191 ‹
1569 3140 1723 3195 auxi-
1757 3219 1760 3223 λ

127 3237 269 3293 lium
302 3253 479 3293 meum
518 3255 536 3289 ι
569 3237 674 3292 erit
705 3256 723 3296 ς
760 3252 791 3290 a
816 3235 1068 3300 Domino,
1101 3233 1193 3304 qui
1243 3232 1372 3288 fecit
1419 3233 1617 3288 cmlum
1667 3239 1723 3287 et

1900 2041 2248 2097 Continuatio
2276 2063 2287 2096 :
2318 2043 2454 2109 Quia
2487 2043 2746 2097 Dominus
2775 2042 3011 2098 custodit
3041 2053 3126 2106 te,
3172 2043 3292 2098 ideo
3325 2057 3424 2113 per

1827 2134 1991 2198 diem,
2024 2133 2076 2186 id
2099 2140 2201 2196 est,
2239 2133 2292 2187 in
2319 2133 2627 2204 cognitione
2650 2133 2793 2188 illius
2819 2133 3228 2189 illuminationis
3256 2151 3420 2204 quam

1829 2224 2056 2279 habebis
2079 2224 2145 2278 de
2173 2223 2286 2294 ipsa
2313 2224 2614 2290 divinitate,
2644 2225 2744 2286 sol,
2775 2225 2830 2279 id
2856 2233 2942 2280 est
2965 2225 3221 2281 divinitas
3266 2225 3424 2280 Chri-

1829 2315 1920 2380 sti,
1959 2330 2064 2370 non
2101 2323 2222 2370 uret
2248 2322 2320 2380 te,
2363 2314 2415 2369 id
2456 2322 2558 2378 est,
2600 2330 2707 2370 non
2742 2316 3024 2384 permittet
3059 2324 3111 2370 te
3142 2330 3327 2370 errare
3366 2317 3421 2370 in

1828 2409 2136 2478 cognitione
2166 2422 2277 2462 sua:
2307 2407 2609 2463 divinitatis
2656 2426 2667 2461 :
2707 2422 2882 2478 neque
2918 2407 3065 2475 luna,
3098 2407 3152 2463 id
3185 2415 3270 2463 est
3308 2408 3424 2478 ipse

1828 2498 2079 2554 Christus
2113 2498 2411 2554 secundum
2452 2499 2884 2565 humanitatem,
2927 2514 3034 2554 non
3073 2508 3197 2554 uret
3236 2507 3290 2554 te
3328 2515 3424 2569 per

1829 2603 2069 2653 noctem.
2095 2593 2148 2648 id
2175 2601 2280 2658 est,
2312 2592 2366 2646 in
2394 2592 2701 2663 cognitione
2725 2593 3102 2660 humanitatis,
3132 2602 3191 2648 ut
3214 2593 3278 2648 de
3308 2593 3424 2663 ipsa

1828 2684 2173 2740 humanitate
2202 2683 2342 2738 male
2371 2693 2424 2740 te
2454 2684 2656 2738 sentire
2680 2685 2977 2755 permittat.

1900 2775 2040 2841 Quid
2065 2790 2162 2844 per
2191 2774 2440 2846 singula?
2475 2793 2493 2824 ‹
2523 2775 2787 2829 Dominus
2817 2775 3052 2830 custodit
3086 2781 3138 2831 te
3169 2775 3238 2830 ab
3276 2775 3424 2830 omni

1829 2867 1990 2932 malo,
2025 2887 2044 2918 ›
2085 2869 2137 2921 id
2173 2875 2256 2922 est
2289 2867 2358 2922 ab
2410 2866 2554 2921 omni
2582 2875 2848 2936 peccato:
2881 2876 2936 2922 et
2960 2867 3087 2937 quia
3110 2868 3258 2924 videt
3281 2868 3424 2922 mala

1830 2959 2119 3013 imminere
2141 2974 2238 3028 per
2265 2974 2386 3028 quae
2411 2959 2549 3014 solet
2580 2960 2742 3013 homo
2780 2957 2980 3029 impelli
3015 2960 3081 3014 ad
3116 2966 3421 3030 peccatum,

1827 3048 1959 3104 dicit
1986 3048 2085 3102 sibi
2113 3049 2214 3118 ipsi
2243 3066 2256 3102 :
2295 3066 2314 3099 ι
2345 3049 2605 3104 Dominus
2638 3068 2657 3101 ι
2687 3050 2777 3120 qui
2804 3049 3039 3105 custodit
3065 3058 3142 3116 te,
3169 3052 3424 3122 deinceps

1833 3162 1853 3196 ι
1884 3144 2156 3199 custodiat
2179 3145 2418 3200 animam
2448 3153 2615 3200 tuam.
2648 3164 2667 3198 ι

1900 3235 2014 3290 Hoc
2036 3236 2196 3290 modo
2222 3237 2460 3291 scilicet:
2512 3256 2530 3287 ι
2561 3237 2823 3292 Dominus
2845 3237 3113 3293 custodiat
3140 3236 3422 3292 introitum

127 3335 370 3393 terram,
402 3347 421 3380 ι
464 3327 519 3382 in
547 3342 653 3396 quo
689 3334 914 3396 apparet
933 3323 1049 3393 ejus
1086 3303 1348 3378 auxilium
1385 3336 1506 3377 esse
1541 3321 1727 3377 valens
1752 3303 1800 3366 (ἶ
1835 3335 2008 3390 tuum,
2043 3347 2061 3379 ι
2092 3327 2175 3381 vel
2199 3343 2323 3382 cum
2351 3329 2564 3383 duceris
2589 3337 2715 3382 ante
2738 3338 2893 3398 re'ges
2915 3340 2970 3384 et
2998 3329 3276 3398 praesides,
3314 3343 3423 3383 non

124 3428 192 3474 et
219 3419 360 3475 forte
387 3418 455 3473 ad
479 3415 802 3472 custodiam.

205 3512 339 3567 Dico
382 3509 640 3565 auxilium
688 3509 794 3564 erit
827 3507 961 3564 mihi
989 3523 1020 3562 a
1051 3507 1305 3573 Domino,
1346 3515 1421 3572 et,
1470 3520 1504 3560 ο
1543 3504 1725 3560 anima

129 3616 280 3666 mea,
337 3599 427 3654 ille
458 3618 476 3651 ‹
514 3599 603 3668 qui
663 3598 898 3654 custodit
943 3606 1016 3665 te,
1049 3618 1068 3652 ι
1125 3598 1178 3653 id
1218 3606 1301 3655 est
1357 3597 1520 3661 Deus,
1571 3597 1726 3666 cujus

131 3689 399 3746 auxilium
446 3692 650 3748 sanctis
687 3693 967 3748 orantibus
1009 3693 1280 3769 recepisti,
1314 3711 1335 3746 ι
1367 3708 1474 3748 11οη
1506 3691 1597 3747 det
1629 3705 1724 3762 pe-

128 3779 258 3835 dem
308 3791 480 3848 tuum,
512 3803 532 3836 ι
561 3783 613 3837 id
644 3793 728 3839 est
759 3784 1103 3841 affectionem
1134 3792 1303 3849 tuam,
1341 3804 1360 3836 ‹
1397 3785 1452 3838 in
1485 3797 1725 3838 commo-

131 3871 340 3927 tionem
375 3892 394 3925 ι
430 3883 620 3930 utnon
676 3876 1068 3931 commovearis
1129 3875 1197 3929 ad
1243 3874 1421 3945 aliqua
1468 3873 1655 3929 illicita
1703 3891 1717 3926 :

134 3984 156 4016 ι
188 3980 371 4036 neque
407 3986 426 4018 ι
460 3968 625 4022 etiam
660 3985 680 4020 ι
715 3967 972 4023 dormitet
1007 3988 1026 4022 ι
1067 4009 1082 4032 ,
1112 3966 1166 4021 id
1193 3975 1278 4022 est
1307 3981 1415 4020 non
1441 3967 1722 4036 permittat

126 4067 184 4115 te
209 4059 546 4130 negligenter
571 4061 808 4131 operari.
843 4061 995 4116 Tunc
1034 4061 1179 4116 enim
1227 4059 1490 4115 Dominus
1536 4068 1721 4115 custos

123 4158 318 4208 noster
351 4149 552 4206 dicitur
579 4151 892 4218 dormitare,
933 4151 1060 4207 dum
1089 4151 1355 4221 permittit
1395 4165 1494 4206 nos
1543 4149 1718 4222 negli—

126 4250 322 4318 genter
371 4243 613 4316 operari.
678 4242 834 4298 Sicut
875 4242 1136 4299 Dominus
1184 4243 1438 4299 dormivit
1487 4243 1541 4298 in
1589 4242 1717 4298 navi

130 4335 346 4410 (Matth.
365 4321 508 4408 vin),
528 4337 642 4396 illis
668 4336 1064 4407 negligentibus
1085 4343 1141 4392 et
1182 4336 1392 4392 securis
1416 4351 1518 4407 pro
1565 4344 1718 4390 tran-

125 4431 398 4502 quillitate
425 4430 634 4486 maris:
675 4429 840 4486 motis
893 4438 1073 4484 autem
1122 4429 1227 4484 illis
1249 4437 1308 4484 et
1348 4429 1714 4485 clamantibus

127 4531 455 4592 tempestate
484 4520 672 4588 maris,
704 4520 980 4593 evigilavit
1019 4520 1299 4587 Dominus,
1334 4529 1389 4574 et
1414 4519 1708 4590 diligenter

124 4629 231 4671 .eos
251 4614 562 4670 custodivit.

207 4706 345 4762 Vere
374 4705 472 4760 tibi
502 4718 610 4759 non
635 4702 950 4759 dormitabit
977 4717 1154 4774 neque
1175 4701 1408 4759 dormiet
1427 4702 1518 4772 qui
1541 4712 1718 4759 custo-

131 4796 218 4856 dit
240 4794 429 4861 Israel,
465 4794 588 4864 quia
615 4793 687 4849 ita
718 4792 848 4848 facit
869 4793 1120 4850 omnibus
1150 4793 1241 4862 qui
1287 4800 1414 4848 sunt
1437 4792 1637 4859 Israel;
1667 4802 1722 4850 et

133 4885 241 4942 hoc
265 4893 388 4940 est:
423 4903 442 4936 ι
479 4899 605 4940 ecce
653 4897 759 4938 non
803 4883 1124 4939 dormitabit
1158 4903 1176 4936 ι
1209 4884 1261 4939 id
1291 4891 1399 4949 est,
1444 4899 1550 4939 non
1600 4900 1722 4955 per-

130 4976 489 5033 mittitlsrael
517 4975 853 5046 negligenter
872 4977 1116 5046 operari;
1154 4995 1174 5028 «
1210 4992 1386 5047 neque
1416 4977 1668 5046 dormiet,
1695 4997 1715 5031 ι

132 5067 197 5124 id
226 5075 306 5122 est
333 5082 439 5121 non
483 5066 748 5137 permittit
788 5067 979 5137 pedem
1016 5067 1071 5122 in
1113 5067 1536 5124 commotionem
1576 5069 1716 5138 dari,

129 5166 200 5216 nt
222 5157 287 5212 ad
306 5157 521 5227 aliquod
550 5157 739 5212 vitium
766 5157 1092 5230 impellatur.

207 5247 339 5305 Pars
363 5250 618 5304 secunda.
652 5269 671 5302 ι
714 5250 974 5306 Dominus
1002 5251 1236 5308 custodit
1258 5261 1332 5307 te.
1375 5272 1394 5306 ι
1421 5250 1718 5308 Continua-

134 5339 216 5396 tio
246 5356 257 5392 :
288 5339 401 5410 Ego
428 5353 623 5409 precor
643 5347 704 5394 ut
734 5341 994 5412 Dominus
1021 5358 1128 5397 non
1152 5343 1243 5398 det
1270 5342 1462 5412 pedem
1490 5351 1641 5397 tuum
1661 5343 1716 5398 in

137 5432 578 5497 commotionem,
607 5440 666 5486 et
691 5433 763 5487 ita
799 5411 925 5500 erit,
958 5435 1084 5504 quia
1117 5454 1137 5487 ι
1170 5411 1433 5491 Dominus
1481 5435 1720 5492 custodit

138 5523 328 5581 teiin
350 5522 507 5578 bonis
565 5537 685 5593 quae
738 5521 1020 5589 habemus,
1073 5532 1128 5579 et
1181 5544 1200 5577 ι
1261 5524 1522 5581 Dominus
1569 5547 1588 5579 ι
1632 5537 1718 5584 est

144 5630 168 5666 σ
193 5613 454 5685 protectio
481 5621 572 5668 tua
607 5632 626 5664 ι
661 5621 852 5669 contra
879 5613 1020 5668 mala
1053 5632 1072 5664 ι
1110 5629 1270 5684 super
1291 5630 1508 5671 manum
1530 5618 1716 5675 dexte-

143 5725 254 5765 ram
285 5720 434 5766 tuam
491 5730 508 5762 i
555 5712 607 5766 id
634 5720 738 5777 est,
771 5726 933 5783 super
977 5711 1313 5783 spiritualem
1343 5715 1716 5784 Operationem

146 5811 308 5868 tuam,
332 5819 500 5873 quam
550 5804 664 5875 ipse
707 5807 962 5872 custodit,
1016 5821 1083 5861 ne
1125 5807 1188 5861 de
1217 5805 1357 5862 bono
1385 5808 1619 5863 declinet
1645 5809 1714 5865 ad

146 5894 357 5952 malum.
405 5894 592 5952 Manus
647 5897 872 5954 sinistra
917 5899 1150 5956 hominis
1194 5908 1421 5956 vocatur
1470 5903 1716 5973 operatio

1830 3425 2016 3473 taceas
2039 3418 2346 3483 veritatem,
2386 3433 2488 3474 nec
2524 3421 2689 3474 cedas
2722 3420 2883 3474 minis
2911 3434 3138 3475 eorum:
3177 3439 3196 3472 ι
3225 3429 3279 3475 et
3305 3420 3423 3475 exi-

1827 3517 1944 3564 tum
1975 3519 2148 3575 tuum,
2180 3531 2198 3562 ›
2238 3511 2292 3566 id
2315 3522 2400 3566 est
2441 3513 2659 3582 quando
2691 3514 2910 3569 duceris
2931 3515 2999 3568 ad
3027 3523 3276 3579 mortem,
3312 3531 3420 3571 non

1827 3614 1995 3670 neges
2039 3600 2325 3655 veritatem
2365 3601 2562 3656 timore
2603 3605 2835 3658 mortis:
2873 3612 2928 3658 et
2958 3604 3061 3659 hoc
3094 3605 3256 3658 faciat
3287 3605 3422 3660 inci-

1825 3693 2024 3764 piendo
2059 3714 2076 3747 ι
2103 3709 2171 3749 ex
2194 3696 2297 3750 hoc
2320 3711 2483 3762 nunc,
2514 3717 2533 3749 ι
2565 3698 2618 3752 id
2667 3707 2751 3753 est
2784 3713 2851 3753 ex
2874 3697 2981 3753 hoc
3005 3701 3278 3769 praesenti,
3318 3720 3337 3753 ι
3365 3711 3422 3756 et

1824 3800 1998 3856 usque
2034 3787 2088 3842 in
2129 3788 2406 3854 sreculum,
2438 3807 2456 3840 ι
2500 3788 2554 3843 id
2607 3796 2692 3844 est
2729 3788 2969 3860 quandiu
3002 3789 3222 3846 durabit
3247 3803 3418 3847 διεω-

1825 3876 1936 3933 lum
1969 3878 2134 3934 istud.

2281 4013 2351 4067 IN
2385 4011 2717 4069 PSALMUM
2755 4011 2942 4070 CXXI.

2167 4126 2411 4182 Ttwws
2439 4145 2451 4180 :
2484 4125 2760 4181 Canticum
2788 4125 3070 4197 graduum.

1900 4260 1920 4294 ι
1947 4241 2187 4298 Laetatus
2227 4257 2368 4298 sum.
2401 4261 2421 4296 ι
2480 4241 2581 4296 llic
2622 4241 2886 4297 habemus
2924 4240 3142 4296 tertium
3191 4242 3418 4314 gradum

1820 4334 2076 4404 gaudium
2107 4333 2238 4388 illud
2267 4334 2408 4403 quod
2433 4333 2595 4387 habet
2622 4331 2798 4387 fidelis
2820 4332 2922 4387 iste
2945 4332 3037 4403 qui
3066 4332 3326 4404 loquitur,
3350 4336 3418 4390 de

1820 4425 1927 4481 hoc
1958 4427 2102 4494 quod
2133 4425 2413 4495 cognoscit
2441 4439 2500 4478 se
2537 4424 2736 4478 iturum
2763 4424 2816 4478 in
2841 4422 3062 4480 domum
3091 4426 3302 4482 Domini
3327 4443 3418 4482 su-

1819 4529 1918 4586 per
1945 4514 2221 4571 cozlestem
2253 4514 2619 4580 Hierusalem;
2658 4523 2711 4569 et
2731 4515 2843 4585 jam
2871 4516 2922 4570 in
2951 4531 3016 4571 ea
3047 4532 3142 4587 spe
3169 4519 3412 4584 habitat,

1822 4613 1879 4661 et
1917 4606 1983 4660 ad
2026 4605 2332 4674 hujusmodi
2369 4605 2594 4675 gradum
2635 4606 2865 4661 intendit
2902 4607 3134 4663 invitare
3171 4609 3323 4665 alios.
3356 4611 3415 4665 In

1822 4698 1997 4770 prima
2035 4707 2190 4769 parte
2214 4739 2228 4763 ,
2272 4699 2402 4754 dicit
2438 4713 2499 4753 se
2534 4698 2704 4753 laetari
2755 4698 2822 4753 de
2872 4699 2962 4754 illa
3007 4701 3214 4756 cmlesti
3254 4702 3414 4758 domo

1823 4807 1987 4864 quam
2028 4792 2143 4862 ipse
2178 4791 2580 4846 inhabitaturus
2614 4800 2731 4857 est,
2774 4799 2829 4846 et
2875 4793 3112 4848 ostendit
3161 4809 3412 4865 magnam

1823 4885 2141 4956 dignitatem
2186 4883 2329 4938 illius
2373 4883 2626 4949 civitatis,
2679 4892 2739 4937 ut
2787 4884 2856 4938 ad
2902 4883 3226 4941 desiderium
3272 4887 3413 4941 illius

1822 4976 2062 5031 maxime
2090 4975 2258 5030 corda
2285 4982 2644 5031 commoveat.
2671 4974 2728 5030 In
2751 4977 3006 5043 secunda,
3035 4993 3155 5048 qua:
3184 4979 3369 5048 incipit
3394 4997 3406 5032 :

1822 5066 2032 5139 Rogate
2079 5081 2198 5137 quae
2251 5067 2317 5122 ad
2365 5082 2574 5139 pacem,
2608 5087 2628 5120 ι
2677 5068 2811 5124 dicit
2852 5069 2984 5139 ipsis
3021 5069 3230 5123 civibus
3267 5071 3409 5139 quod

1820 5161 1990 5218 multa
2019 5160 2159 5216 bona
2201 5161 2266 5216 de
2308 5161 2441 5232 ipsis
2478 5160 2732 5232 loquitur.
2777 5162 2978 5218 Ordine
3014 5178 3228 5233 quoque
3269 5163 3410 5222 bono

1822 5251 2044 5308 incedit.
2075 5252 2247 5307 Debet
2268 5253 2414 5308 enim
2440 5253 2530 5322 qui
2556 5263 2865 5309 sanctorum
2896 5252 3280 5310 intercessione
3305 5256 3406 5311 sibi

1823 5345 2063 5401 divinum
2096 5344 2356 5400 auxilium
2383 5345 2692 5416 acquisivit,
2727 5344 3002 5400 exsultare
3028 5354 3085 5401 et
3114 5345 3282 5400 laetari
3313 5359 3408 5416 spe

1822 5447 2038 5494 aeterna:
2065 5438 2431 5494 habitationis.

1894 5533 1973 5588 Ac
1997 5532 2043 5588 si
2069 5532 2142 5586 ita
2171 5533 2378 5588 diceret
2407 5549 2420 5586 :
2451 5533 2560 5588 Vos
2588 5531 2735 5586 exuti
2764 5547 2795 5586 a
2823 5531 3006 5597 vitiis,
3046 5533 3138 5602 qui
3172 5530 3286 5600 jam
3323 5531 3405 5586 di-

1822 5623 2005 5678 vinum
2034 5623 2293 5678 auxilium
2330 5631 2638 5678 sanctorum
2677 5622 3065 5678 intercessione
3097 5619 3401 5690 accepistis,

1823 5716 2052 5789 gaudete
2079 5717 2144 5772 de
2171 5717 2462 5772 securitate
2493 5723 2710 5770 aeternae
2741 5714 3117 5776 habitationis.
3155 5714 3402 5784 exemplo

1822 5811 1950 5876 mei,
1987 5811 2077 5882 qui
2121 5831 2137 5862 ι
2172 5812 2384 5866 Ιαξιειιιις
2411 5825 2528 5863 sum
2558 5809 2610 5863 in
2638 5808 2722 5863 his
2747 5824 2867 5877 qua:
2895 5809 3036 5862 dicta
3063 5816 3189 5862 sunt
3216 5807 3347 5862 mihi
3373 5825 3396 5858 ι

1821 5920 1856 5961 a
1881 5903 2088 5976 Spiritu
2122 5912 2333 5968 sancto,
2375 5903 2458 5957 vel
2501 5919 2530 5959 a
2569 5902 2812 5974 quolibet
2848 5901 3254 5973 prophetarum,
3281 5905 3342 5954 ut
3368 5913 3402 5960 ι
