3898 6502
468 474 575 532 635
925 411 1282 527 HAYMOI‘iIS
1319 461 1795 524 HALBEBSTAT.
1840 458 2052 517 EPISC.
2094 455 2246 514 OPP.
2284 452 2466 511 PARS
2502 451 2547 507 1.
2579 481 2650 492 --
2686 445 3039 506 COMMENT.
3078 443 3247 502 BIBL.

468 589 652 659 hion
672 590 883 658 poterat
910 586 995 640 vel
1017 584 1185 638 David
1202 581 1479 651 accepisse
1503 598 1515 632 :
1544 581 1657 634 haec
1678 576 1893 648 quidem
1917 579 2041 629 sunt
2067 574 2119 637 Α
2143 572 2247 627 hoc
2271 570 2377 625 erit
2418 588 2437 620 ‹
2467 567 2793 625 abundantia
2822 584 2841 617 ι
2885 564 3143 621 omnibus
3180 576 3200 613 ι
3228 556 3625 631 diligentibus
3650 564 3728 613 te.
3756 578 3774 607 ι

635 656 821 733 dicta:
857 696 876 729 ι
913 675 972 730 In
1009 674 1225 729 domum
1253 670 1466 728 Domini
1495 670 1710 731 ibimus,
1741 687 1758 720 ι
1788 668 1840 722 id
1865 675 1949 720 est
1976 664 2044 719 ad
2214 668 2280 723 Et
2304 674 2366 721 ut
2391 679 2487 736 per
2512 672 2754 721 nostram
2784 660 3168 716 abundantiam
3196 659 3263 714 ad
3289 669 3454 713 tuam
3484 656 3775 726 possimts

471 771 747 827 caelestem
769 767 1156 824 habitationem
1179 764 1575 834 perveniemus,
1604 776 1703 830 ego
1726 768 1779 815 et
1801 758 1890 812 alii
1912 755 2045 812 mibi
2144 760 2430 832 pervenire
2473 756 2864 813 habitationem
2885 796 2899 821 ,
2948 773 2965 805 ι
2995 753 3091 811 ﬁat
3117 772 3136 805 ›
3188 751 3343 811 nobis
3398 770 3422 802 ί
3456 764 3627 819 pax,
3661 767 3682 800 ι
3726 748 3775 803 id

472 866 802 931 comitiales,
834 865 927 934 qui
951 864 1087 935 jam,
1117 862 1264 917 vitiis
1292 861 1512 923 relictis,
1544 867 1855 914 sanctorum
1884 857 2047 910 intcr-
2146 860 2229 906 est
2271 850 2424 921 quies
2453 858 2508 903 et
2536 847 2733 902 mentis
2756 844 3116 915 tranquillitas
3146 862 3158 897 :
3185 852 3239 897 et
3268 843 3374 898 hoc
3418 860 3443 891 ‹
3480 841 3547 894 in
3574 839 3769 893 virtute

471 961 723 1016 sessione
740 959 981 1013 divinum
1009 961 1335 1025 acceperunt
1366 951 1619 1008 auxilium
1650 951 1791 1005 sicut
1815 963 1932 1018 ego.
1962 946 2050 1015 Li-

474 1063 561 1109 eet
589 1067 689 1122 ego
716 1053 889 1107 dicam
922 1050 1077 1120 quasi
1116 1049 1385 1112 futurum,
1434 1065 1451 1098 ο
1483 1046 1537 1100 in
1576 1046 1791 1099 domum
1838 1040 2046 1098 Domini

474 1144 706 1208 ibimus;
740 1162 759 1194 ι
801 1151 983 1196 tamen
1006 1142 1117 1211 jam
1162 1137 1407 1193 inbabito
1444 1144 1625 1190 mente
1656 1136 1708 1189 in
1736 1133 1823 1188 illa
1852 1133 2048 1186 domo:

475 1235 578 1291 hoc
603 1242 706 1298 est,
751 1252 772 1284 ‹
801 1232 964 1302 pedes
994 1230 1185 1294 nostri,
1236 1248 1253 1280 ι
1299 1227 1352 1282 id
1381 1237 1463 1282 est
1492 1237 1694 1281 nostrae
1720 1224 2051 1286 affectiones,

480 1342 500 1375 ε
532 1331 741 1380 stantes
771 1331 948 1387 erant,
975 1340 993 1373 ι
1030 1321 1083 1375 id
1121 1328 1205 1376 est
1242 1317 1469 1374 ﬁrmiter
1519 1319 1793 1372 collocatae
1828 1323 1883 1368 et
1920 1315 2055 1368 bene

474 1424 693 1479 erectae,
718 1430 752 1469 ο
793 1434 811 1465 ι
842 1412 1177 1468 Hierusalem
1207 1430 1223 1463 ι
1257 1411 1513 1474 οαεῐθδιίε,
1554 1428 1571 1459 ι
1600 1407 1656 1463 in
1690 1408 1843 1462 atriis
1874 1407 1998 1469 tuis,
2032 1422 2050 1455 ι

470 1503 532 1559 id
556 1512 642 1559 est
666 1504 721 1559 in
744 1512 837 1557 tua
864 1501 1235 1570 amplitudine.
1272 1498 1605 1554 Hierusalem
1648 1496 1971 1551 determinat
2000 1506 2057 1549 se

475 1610 583 1650 non
615 1594 799 1649 dicere
834 1594 900 1647 de
935 1591 1198 1655 terrestri,
1236 1590 1329 1646 sed
1366 1591 1432 1644 de
1466 1588 1672 1644 cmlesti
1700 1585 2054 1641 Hierusalem.

549 1685 719 1752 Quasi
741 1685 973 1740 diceret:
997 1699 1030 1738 ο
1052 1682 1405 1744 Hierusalem,
1429 1696 1528 1737 nos
1549 1680 1811 1735 stabimus
1833 1679 1887 1734 in
1908 1677 2059 1732 atriis

482 1777 611 1843 tuis,
643 1784 695 1832 et
726 1778 841 1832 hac
877 1796 895 1827 ‹
922 1775 1260 1831 Hierusalem
1289 1795 1309 1828 ι
1343 1782 1425 1829 est
1467 1792 1485 1824 ι
1514 1788 1632 1842 qua:
1669 1771 1969 1826 aediﬁcatur
2002 1775 2061 1823 ut

479 1869 674 1938 civitas
702 1889 720 1920 ι
752 1868 993 1939 quotidie
1020 1867 1159 1923 vivis
1184 1866 1484 1935 lapidibus;
1523 1883 1541 1915 ι
1566 1872 1624 1919 ut
1649 1863 1863 1923 civitas,
1885 1881 1904 1913 ι
1937 1859 2062 1929 quia

2150 950 2269 1008 tua,
2302 961 2318 992 ι
2364 942 2414 995 id
2441 948 2524 995 est
2560 938 2925 1003 in'charitate,
2966 953 3085 1006 quae
3123 935 3449 1006 specialiter
3513 934 3578 986 in
3610 939 3667 987 te
3692 949 3767 985 re-

2151 1043 2299 1106 gnat,
2339 1041 2430 1089 tet
2461 1032 2521 1086 in'
2546 1031 2787 1085 turribus
2813 1029 2943 1094 tuis,
2968 1046 2987 1079 ι
3019 1027 3075 1082 id
3107 1036 3209 1093 est,
3239 1027 3465 1082 sanctis
3514 1023 3764 1094 apostolis

2152 1134 2206 1180 et
2229 1123 2349 1178 aliis
2374 1123 2463 1192 qui
2493 1138 2554 1177 se
2581 1126 2945 1191 exposuerunt
2970 1118 3128 1174 morti
3158 1133 3258 1189 pro
3292 1115 3653 1171 defensione
3682 1115 3762 1169 Ee-

2154 1218 2352 1280 clesiae,
2386 1236 2405 1266 ‹
2433 1216 2506 1272 sit
2531 1214 2863 1270 abundantia
2891 1233 2909 1265 ι
2936 1214 3197 1268 virtutum
3232 1211 3321 1266 vel
3361 1210 3757 1279 acquisitorm

2155 1308 2540 1382 praedicatione
2576 1322 2692 1373 sua,
2728 1315 2790 1360 ut
2823 1321 2947 1360 cum
2974 1304 3162 1360 multis
3193 1303 3325 1358 filiis
3367 1302 3502 1359 Deo
3546 1318 3611 1357 se
3642 1318 3755 1371 pr:-

2157 1416 2249 1459 seu
2260 1410 2374 1457 teut
2397 1402 2450 1455 in
2473 1399 2699 1469 judicio.

2230 1493 2348 1548 Non
2372 1502 2579 1546 tantum
2608 1506 2801 1561 precor
2821 1499 2881 1544 ut
2905 1491 2979 1545 sit
3001 1504 3109 1559 pax
3131 1497 3187 1544 et
3208 1487 3569 1543 abundantia
3590 1487 3638 1541 in
3661 1497 3747 1542 tur-

2161 1586 2313 1641 ribus
2343 1585 2483 1649 tuis,
2527 1586 2622 1639 sed
2661 1584 2822 1638 etiam
2869 1583 3005 1638 bene
3049 1583 3242 1650 loquar
3281 1581 3356 1634 de
3390 1588 3451 1634 te
3480 1578 3743 1634 aliissz

2162 1688 2269 1741 est,
2309 1696 2327 1728 ε
2357 1676 2618 1747 loquebar
2661 1686 2848 1747 pacem
2878 1694 2897 1728 ι
2932 1675 3053 1730 aliis
3092 1694 3110 1725 ε
3140 1675 3208 1729 de
3232 1680 3315 1738 te,
3353 1692 3374 1723 ι
3420 1673 3483 1727 id
3511 1684 3585 1726 est
3613 1674 3662 1726 in
3696 1681 3739 1726 te

2163 1785 2352 1842 pacem
2400 1770 2695 1835 abundare,
2748 1783 2847 1824 nec
2892 1770 2958 1822 ad
3000 1778 3147 1824 tuam
3192 1765 3728 1836 tranquillitatmia-

2167 1864 2410 1933 quietos,
2441 1872 2496 1917 et
2525 1863 2640 1916 sine
2671 1877 2805 1933 pace
2834 1876 2961 1917 vera
2988 1862 3077 1917 hic
3107 1860 3369 1916 viventes
3397 1873 3724 1930 passerem:-

483 1959 628 2013 cives
653 1958 726 2013 illi
749 1958 998 2013 caelestes
1023 1966 1218 2013 coeunt
1241 1956 1305 2009 ad
1330 1954 1757 2010 conservandam
1779 1951 2060 2013 unitatem,
2091 1952 2139 2013 Β
2165 1958 2284 2011 nire
2324 1974 2336 2008 ε
2378 1964 2432 2010 et,
2480 1956 2584 2009 hoc
2631 1955 2890 2024 loquebar
2939 1961 3210 2025 (propter
3262 1953 3486 2007 frath
3535 1965 3663 2004 mens
3692 1958 3731 2004 et

484 2057 546 2103 ut
564 2049 690 2119 jure
732 2050 921 2105 vivant
957 2057 1013 2103 et
1033 2049 1250 2125 unicam
1276 2046 1388 2100 Deo
1407 2047 1616 2101 laudem
1642 2043 1865 2098 faciant.
1908 2063 1925 2093 ε
1953 2041 2060 2096 Cu-

477 2142 568 2213 jus
595 2161 614 2193 )
644 2141 883 2198 civitatis
914 2160 933 2193 ‹
955 2140 1320 2210 participatio,
1343 2159 1361 2191 δ
1390 2139 1443 2193 id
1466 2146 1549 2193 est
1573 2136 1723 2207 cujus
1772 2136 1918 2191 cives
1940 2141 2065 2189 sunt

468 2234 776 2304 participes
816 2251 834 2284 ι
865 2232 980 2301 ejus
1009 2252 1026 2282 ι
1062 2232 1161 2297 rei,
1189 2246 1309 2301 qua:
1334 2230 1508 2285 tendit
1547 2249 1565 2281 t
1594 2229 1646 2283 in
1674 2228 1926 2297 idipsum,
1957 2245 1976 2277 ›
2010 2224 2065 2280 id

485 2335 571 2382 est
607 2326 673 2382 in.
717 2324 1212 2381 immutabilitatcm
1241 2322 1445 2378 scilicet
1472 2322 1640 2391 ipsius
1662 2319 1858 2375 divina:
1879 2333 2065 2373 essen—

488 2417 603 2483 tiaz,
644 2431 763 2486 quae
786 2424 873 2471 est
900 2414 1120 2471 refectio
1145 2415 1384 2470 omnium
1409 2412 1766 2469 habitantium
1798 2412 1850 2465 in
1879 2410 1963 2463 illa
1996 2410 2073 2465 ei-

487 2508 674 2564 vitate.
704 2506 803 2565 Vel
829 2505 981 2574 cujus
1014 2506 1249 2561 civitatis
1277 2505 1647 2575 participatio,
1681 2503 1755 2557 ita
1779 2502 1899 2557 dico
1926 2501 2071 2570 quod

488 2602 558 2657 sit
588 2600 706 2670 ejus
739 2601 1004 2666 civitatis,
1043 2600 1098 2654 id
1133 2608 1215 2655 est
1260 2598 1620 2655 communiter
1675 2597 1914 2652 omnium
1936 2638 1950 2661 ,
1990 2604 2074 2651 est

488 2695 713 2749 tendens
740 2694 795 2749 in
823 2694 1077 2765 idipsum,
1125 2693 1177 2748 id
1210 2702 1293 2748 est
1332 2693 1387 2747 in
1417 2707 1531 2747 rem
1580 2707 1699 2761 qua:
1725 2691 1945 2747 omnino
1972 2690 2073 2744 im-

422 2778 429 2781 i
488 2786 765 2843 mutabilis
791 2793 896 2852 est,
933 2786 1137 2841 scilicet
1170 2805 1187 2838 ‹
1218 2785 1273 2839 in
1304 2785 1555 2854 idipsum,
1588 2803 1607 2835 ι
1646 2784 1814 2839 Deum
1847 2782 2071 2847 scilicet,

474 2887 546 2932 oet
585 2878 700 2947 ipse
734 2878 878 2934 Deus
912 2877 1256 2949 participatio
1293 2887 1378 2932 est
1414 2877 1556 2933 illius
1595 2877 1826 2932 civitatis
1862 2895 1875 2929 :
1921 2883 1975 2931 et
2012 2890 2076 2930 eo

491 2968 632 3023 bono
660 2968 738 3024 illi
762 2970 910 3025 cives
936 2969 1282 3039 participant,
1319 2969 1566 3039 quamvis
1598 2984 1706 3024 non
1740 2968 2039 3037 aequaliter.

565 3059 633 3113 Et
659 3060 799 3115 bene
844 3060 965 3115 dico
998 3062 1143 3129 quod
1172 3076 1271 3115 nos
1318 3081 1336 3111 ι
1367 3062 1421 3116 in
1459 3061 1677 3115 domum
1719 3059 1930 3113 Domini
1970 3058 2074 3113 ibi-

498 3164 641 3214 mus,
682 3150 809 3218 quia
854 3150 1002 3216 illuc,
1034 3170 1051 3201 ι
1088 3151 1141 3205 id
1186 3160 1271 3206 est
1316 3153 1383 3205 ad
1432 3152 1577 3206 illam
1615 3151 1888 3207 caelestem
1933 3151 2080 3206 babi-

478 3241 757 3297 tatiouem
804 3260 824 3292 (
852 3242 1210 3297 ascenderunt
1254 3244 1459 3307 tribus,
1489 3263 1508 3293 ι
1558 3258 1664 3298 non
1712 3256 2076 3314 quaecunque,

2165 2048 2440 2118 proximos
2478 2060 2633 2100 meos
2661 2066 2679 2097 ι
2720 2047 2927 2101 scilicet
2966 2054 3027 2100 ut
3072 2046 3128 2099 in
3171 2046 3254 2100 eis
3301 2045 3482 2099 talem
3526 2057 3725 2113 poneret

2167 2154 2356 2211 pacem
2378 2181 2393 2205 ,
2435 2154 2541 2209 qua
2584 2148 2806 2209 possent
2834 2139 3117 2208 pervenire
3145 2140 3210 2193 ad
3242 2152 3517 2207 supernae
3552 2135 3718 2189 civim;

2168 2249 2356 2305 pacem
2380 2242 2434 2287 et
2458 2232 2871 2287 habitationem.
2907 2252 2924 2283 ς
2947 2232 3169 2286 Fratres
3198 2252 3217 2281 ι
3247 2232 3461 2300 accipit
3486 2227 3722 2296 ιιιεεὶξῶ

2172 2324 2454 2393 adjunctos
2479 2334 2534 2378 et
2561 2323 2766 2378 similes
2792 2324 2846 2377 in
2875 2323 3031 2379 bonis
3052 2322 3339 2394 operibus;
3386 2341 3408 2372 ι
3440 2319 3721 2392 ρωιίωῶιι

2171 2432 2521 2488 quoscunque
2549 2415 2910 2471 Christianos.

2243 2509 2310 2562 Et
2340 2524 2444 2563 non
2484 2516 2695 2562 tantum
2732 2509 2898 2563 verbo
2940 2506 3202 2577 loquebar
3242 2506 3311 2561 de
3356 2511 3439 2569 te,
3488 2502 3583 2558 sed
3616 2502 3728 2555 etin

2173 2617 2336 2672 opere
2363 2610 2419 2656 et
2446 2602 2629 2656 labore
2670 2621 2687 2652 ί
2720 2600 2941 2671 quaesivi
2969 2602 3111 2655 bona
3140 2599 3259 2663 tibi,
3290 2617 3310 2650 ι
3343 2598 3408 2652 id
3437 2607 3545 2659 est,
3589 2594 3727 2651 multa

2174 2694 2321 2749 cives
2348 2694 2587 2748 attraxi:
2616 2702 2671 2748 et
2711 2694 2813 2749 hoc
2853 2694 2973 2748 ideo
3009 2693 3135 2763 quia
3178 2692 3376 2747 domus
3420 2690 3521 2745 Dei
3557 2688 3729 2743 eszhs

2174 2794 2259 2841 est
2291 2786 2435 2855 quod
2478 2786 2608 2840 dicit
2640 2799 2655 2838 :
2693 2804 2711 2838 ο
2752 2796 2975 2855 propter
3011 2784 3229 2839 domum
3274 2783 3506 2838 Domini
3546 2780 3634 2837 Dei
3662 2794 3728 2833 no-

2177 2878 2295 2933 stri.
2331 2896 2349 2929 ι

2640 2968 2708 3023 IN
2740 2967 3071 3023 PSALMUM
3110 2967 3319 3024 CXXII.

2528 3059 2768 3115 TITULUS
2794 3078 2807 3113 :
2850 3058 3123 3114 Canticum
3153 3061 3451 3131 graduum.

2257 3170 2276 3204 ι
2301 3152 2380 3209 Ad
2409 3161 2463 3209 te
2490 3137 2663 3234 levavi
2695 3153 2882 3208 oculos
2911 3168 3079 3209 meos.
3107 3174 3127 3206 ι
3157 3153 3316 3209 Sicut
3344 3154 3398 3208 in
3427 3152 3546 3207 aliis
3571 3150 3732 3204 dictu

2180 3254 2285 3312 est,
2317 3254 2373 3301 et
2399 3247 2503 3302 hoc
2528 3245 2808 3316 praemisso
2839 3246 3045 3317 psalmo
3072 3246 3313 3302 attendit
3340 3262 3397 3302 se
3427 3245 3585 3300 ﬁdelis
3614 3241 3734 3311 loqui

478 3332 590 3395 ,sed
633 3350 653 3383 ‹
679 3332 853 3389 tribus
890 3333 1137 3401 Domini,
1166 3354 1185 3386 ι
1232 3334 1285 3390 id
1327 3343 1411 3390 est
1471 3335 1645 3390 tribus
1701 3335 1803 3391 illa:
1863 3352 1982 3405 quae
2023 3336 2078 3390 in
2100 3326 2151 3393 Ε
2183 3346 2238 3392 et
2265 3339 2503 3406 gaudere
2529 3338 2595 3393 de
2625 3339 2962 3394 habitatione
2989 3339 3239 3399 ecclesti:
3284 3346 3343 3393 et
3378 3337 3463 3392 hic
3487 3332 3730 3389 familiars":

497 3425 668 3481 multa
708 3426 1068 3484 sollicitudine
1106 3429 1218 3484 Deo
1255 3429 1560 3484 servierunt
1597 3445 1614 3484 :
1656 3439 1712 3485 et
1757 3431 2080 3486 determinat

498 3533 620 3587 quae
645 3518 755 3573 sint
793 3519 964 3575 tribus
1007 3520 1252 3588 Domini,
1297 3522 1506 3577 scilicet
1549 3523 1961 3578 «testimonium
2007 3524 2081 3578 ls-

496 3609 632 3674 rael,
663 3630 681 3663 ι
723 3610 777 3667 id
805 3619 886 3667 est
949 3612 1024 3667 illi
1064 3614 1156 3684 qui
1194 3613 1334 3669 bona
1373 3616 1780 3671 conversatione
1813 3624 2082 3672 testantur

499 3716 557 3756 se
588 3702 751 3758 Israel
777 3718 896 3761 esse
920 3723 934 3759 :
964 3707 1029 3760 ad
1056 3707 1161 3762 hoc
1187 3710 1564 3775 ascenderunt,
1588 3719 1648 3764 ut
1675 3711 1982 3767 laudaretur
2005 3710 2080 3768 ibi

499 3808 693 3851 nomen
720 3797 954 3853 Domini.
993 3797 1105 3854 Hoc
1129 3801 1295 3856 dicit:
1335 3820 1355 3854 ι
1382 3802 1449 3856 ad
1476 3802 1838 3857 confitendum
1876 3804 2081 3859 nomini

498 3887 731 3954 Domini,
762 3909 780 3939 ι
809 3889 967 3959 juxta
992 3890 1120 3945 illud
1148 3912 1159 3945 :
1200 3911 1218 3942 ‹
1248 3893 1398 3947 Beati
1428 3896 1517 3964 qui
1550 3894 1792 3949 habitant
1832 3896 1887 3949 in
1922 3897 2081 3953 domo

496 3987 588 4034 tua
611 4020 628 4046 ,
672 3982 897 4038 Domine
921 4023 936 4048 ,
968 3983 1020 4041 in
1045 3985 1237 4039 saecula
1267 3987 1582 4041 saeculorum
1628 3988 1923 4044 laudabunt
1947 4000 2015 4045 te.
2055 4011 2073 4043 ›

498 4067 675 4140 (Psal.
713 4071 969 4141 Lxxxm.)
1008 4070 1124 4127 Non
1158 4086 1382 4145 propter
1429 4077 1531 4131 hoc
1580 4072 1727 4144 dicit,
1768 4100 1786 4131 ι
1825 4083 2083 4138 ascende-

503 4170 648 4228 runt,
680 4182 698 4215 ›
740 4163 886 4232 quod
912 4166 1154 4234 tempore
1191 4167 1359 4223 David
1397 4171 1677 4241 propheta:
1715 4172 1878 4245 aliqui
1908 4176 2083 4233 adhuc

492 4252 893 4318 ascendissent,
924 4255 1019 4310 sed
1048 4264 1227 4312 tamen
1260 4258 1379 4314 ideo
1400 4277 1498 4332 per
1517 4264 1846 4333 praeteritum
1875 4281 2082 4324 annun-

500 4343 604 4398 tiat
630 4343 758 4412 quia
787 4354 971 4402 certus
998 4356 1149 4416 erat,
1193 4363 1291 4420 per
1335 4352 1527 4409 merita
1562 4357 1995 4426 patriarcharum
2029 4366 2083 4416 et

498 4433 734 4490 aliorum
766 4434 1057 4507 iustorum,
1098 4443 1242 4512 quod
1281 4444 1380 4515 ipsi
1421 4445 1475 4500 in
1511 4448 1743 4503 adventu
1770 4452 2082 4507 mediatoris

502 4535 682 4581 essent
709 4530 984 4584 ascensuri
1010 4532 1077 4585 ad
1105 4532 1253 4588 illam
1279 4535 1553 4593 caelestem
1581 4538 1936 4596 Hierusalem.

572 4616 639 4670 Et
681 4633 810 4674 vere
854 4623 1231 4692 ascenderunt,
1274 4628 1400 4697 quia
1449 4636 1505 4683 et
1548 4628 1619 4684 ibi
1667 4633 1831 4687 etiam
1870 4634 2080 4704 judices

491 4708 783 4764 constituti
821 4719 978 4777 sunt;
1018 4712 1121 4769 hoc
1167 4724 1251 4771 est
1286 4732 1299 4771 :
1352 4737 1372 4769 ι
1401 4721 1526 4789 quia
1578 4721 1721 4789 illic,
1750 4743 1769 4775 »
1821 4725 1875 4780 id
1906 4734 1990 4781 est
2028 4727 2084 4782 in

502 4800 595 4856 illa
623 4802 953 4863 habitatione
984 4825 1006 4858 ‹
1035 4809 1291 4865 sederunt
1318 4830 1337 4864 ι
1365 4814 1517 4881 quasi
1540 4812 1772 4882 jndices,
1811 4835 1829 4867 ι
1860 4819 2034 4885 sedes,
2063 4838 2081 4871 ι

504 4896 559 4951 id
589 4906 673 4952 est
718 4897 792 4952 illi
823 4899 876 4954 in
924 4902 1119 4970 quibus
1160 4906 1311 4961 sedet
1352 4906 1493 4962 Deus
1531 4916 1586 4962 et
1635 4910 1862 4977 quiescit
1902 4912 1955 4966 in
1989 4912 2089 4969 hac

503 4988 612 5043 vita
639 5006 654 5043 :
683 4991 966 5058 sedebunt,
1000 4995 1167 5051 dico-c
1200 4998 1250 5051 in
1279 4997 1484 5067 judicio
1512 5019 1530 5052 ι
1570 5000 1777 5069 fumro,
1804 5004 2088 5076 utipsiju-

504 5081 704 5147 dicent,
746 5084 956 5140 scilicet
977 5090 1362 5145 consentiendo
1388 5091 1582 5148 divinae
1608 5095 1917 5157 sententiae;
1952 5095 2089 5166 judi-

504 5173 709 5231 cabuut
730 5177 875 5231 enim
896 5179 1069 5233 sancti
1097 5180 1346 5237 nationes
1374 5184 1719 5250 :judicabunt
1743 5188 1958 5256 quidem
1983 5188 2084 5260 ipsi

505 5265 628 5322 dico
665 5267 869 5335 prmlati
913 5288 933 5319 ι
959 5270 1116 5326 sedes
1161 5287 1323 5343 super
1369 5273 1585 5331 domum
1623 5278 1815 5347 David,
1847 5301 1866 5332 ι
1911 5282 1962 5335 id
2003 5287 2086 5337 est

502 5372 668 5428 super
696 5358 955 5416 familiam
982 5363 1413 5421 Christianorum
1438 5369 1696 5437 fidelium,
1725 5387 1860 5441 quos
1891 5372 1991 5443 ipsi
2019 5373 2086 5429 ad

508 5449 859 5507 salvationem
887 5452 1227 5524 judicabunt.

583 5567 602 5600 ι
630 5549 855 5621 Regale.
887 5573 907 5606 ι
943 5553 1077 5611 Pars
1103 5558 1357 5613 secunda.
1387 5559 1552 5626 Quasi
1580 5561 1784 5616 diceret
1814 5580 1826 5615 :
1861 5560 1963 5617 Vos
1993 5564 2088 5618 tri-

504 5638 644 5706 bus,
676 5656 800 5712 qua
818 5644 932 5715 jam
976 5646 1048 5701 ibi
1089 5649 1321 5717 sedetis,
1364 5670 1383 5704 ι
1412 5662 1619 5720 rOgate,
1650 5670 1668 5703 ›
1712 5652 1765 5707 id
1804 5661 1888 5707 est
1922 5655 2087 5724 petite

504 5740 564 5788 et
611 5732 897 5804 impetrata
938 5740 1094 5796 nobis
1142 5744 1393 5812 precibus
1438 5745 1629 5799 vestris
1675 5754 1730 5800 et
1775 5746 1981 5803 meritis
2023 5762 2087 5804 ea

509 5842 536 5877 ε
561 5838 683 5893 quae
719 5836 847 5883 sunt
871 5847 893 5883 ι
939 5832 1091 5888 utilia
1135 5852 1154 5884 ε
1190 5835 1259 5889 ad
1297 5854 1317 5886 ι
1370 5838 1799 5906 consequendam
1852 5858 1870 5891 ‹
1896 5854 2086 5911 pacem

506 5913 892 5982 Museum:
924 5942 946 5982 ι
978 5925 1060 5986 sic
1087 5928 1383 6001 rogate,“
1405 5937 1489 5988 est
1532 5931 1772 6005 quaerite,
1812 5944 1833 5987 t
1860 5940 1916 5992 et
1942 5952 1962 5988 ›
1984 5948 2086 6009 per

2178 3431 2292 3501 jam
2322 3431 2497 3487 factus
2524 3434 2625 3503 ipsi
2656 3433 2787 3499 Deo,
2822 3434 3006 3505 dirigit
3030 3434 3214 3489 oculos
3246 3435 3319 3488 ad
3352 3434 3518 3502 ipsum,
3538 3425 3726 3498 positus

2188 3518 2332 3585 inter
2358 3526 2632 3582 molestias
2661 3527 2820 3597 hujus
2849 3529 2989 3583 vita.
3032 3528 3087 3582 ln
3132 3528 3309 3597 prima
3339 3534 3510 3597 parte,
3531 3518 3729 3578 oSteedit

2176 3619 2370 3675 oculos
2409 3621 2475 3674 ad
2517 3619 2684 3675 Deum
2715 3634 2772 3676 se
2798 3622 3049 3693 dirigere.
3088 3621 3147 3675 ln
3183 3621 3417 3676 secunda
3448 3622 3717 3689 partemin:

2180 3712 2417 3781 incipit:
2451 3732 2470 3763 ς
2500 3713 2761 3769 Miserere
2798 3714 3001 3777 nostri,
3048 3712 3291 3777 Domine,
3324 3732 3343 3764 ι
3384 3716 3637 3781 precatur
3662 3703 3731 3757 mi-

2188 3803 2562 3858 sericordiam.
2604 3804 2835 3859 intentio
2872 3812 2955 3859 est
2995 3818 3095 3860 nos
3133 3804 3330 3859 hortari
3364 3803 3433 3855 ad
3468 3802 3618 3853 hunc
3644 3811 3742 3868 gra-

2186 3896 2333 3962 dum,
2365 3905 2419 3951 et
2445 3898 2756 3967 specialiter
2780 3899 2834 3953 in
2856 3898 3049 3969 primis
3072 3898 3186 3954 istis
3202 3903 3391 3965 septem
3418 3892 3666 3962 loquitur
3692 3889 3750 3943 de

2188 3989 2370 4047 Veteri
2399 3993 2766 4050 Testamento.

2260 4085 2426 4152 Quasi
2465 4087 2543 4141 ita
2586 4086 2831 4142 diceret:
2872 4085 2981 4142 Vos
3006 4086 3171 4156 positi
3212 4085 3266 4139 in
3306 4081 3668 4144 tribulatione,
3693 4077 3747 4131 le-

2186 4184 2312 4231 vate
2341 4177 2525 4233 oculos
2550 4187 2762 4235 vestros
2793 4178 2860 4234 ad
2889 4178 3080 4245 Deum,
3113 4179 3255 4233 sicut
3274 4191 3374 4247 ego
3404 4193 3423 4225 ‹
3452 4172 3627 4228 levavi
3652 4184 3747 4225 ocn-

2187 4260 2270 4323 los
2296 4278 2446 4324 meos
2476 4287 2496 4320 ι
2532 4270 2818 4325 interiores
2858 4289 2877 4322 ί
2910 4270 2977 4325 ad
3020 4281 3093 4337 te,
3127 4289 3146 4322 ι
3180 4284 3217 4324 o
3240 4268 3413 4331 Deus,
3460 4267 3556 4336 qui
3591 4275 3745 4335 ροιείιι

2186 4374 2248 4415 es
2271 4360 2562 4427 exaudire;
2600 4362 2704 4416 hoc
2732 4368 2902 4429 notat,
2933 4361 3119 4416 dicens
3145 4379 3158 4414 :
3195 4378 3213 4411 ‹
3242 4359 3335 4430 qui
3362 4356 3578 4413 habitat
3602 4356 3743 4410 inar-

2187 4451 2275 4507 lis.
2304 4472 2323 4505 ›
2354 4453 2445 4508 [lle
2474 4454 2672 4510 dicitur
2699 4456 2884 4511 oculos
2925 4456 2992 4510 ad
3036 4455 3205 4510 Deum
3248 4453 3488 4522 dirigere
3523 4453 3635 4523 qui,
3667 4460 3741 4503 nol

2190 4544 2466 4602 conﬁdens
2505 4548 2559 4601 in
2596 4549 2681 4603 bis
2710 4549 2960 4615 terrenis,
3002 4549 3055 4604 in
3107 4548 3222 4604 solo
3260 4547 3499 4603 Domino
3536 4543 3741 4600 ﬁduciam

2187 4637 2357 4706 ponit.

2262 4730 2510 4786 Ostendit
2539 4718 2807 4801 quomodo
2834 4733 3019 4788 oculos
3046 4733 3241 4804 dirigat
3273 4734 3340 4788 ad
3369 4732 3557 4803 ipsum
3578 4732 3742 4788 Deum:

2194 4839 2216 4875 ί
2243 4822 2384 4881 Ecce
2414 4822 2554 4880 sicut
2580 4824 2720 4880 oculi
2754 4842 3033 4881 servorum
3061 4826 3117 4882 in
3145 4828 3401 4883 manibus
3439 4829 3746 4883 dominorum

2182 4926 2433 4981 suorum,
2465 4935 2482 4965 ι
2518 4923 2578 4969 ut
2609 4914 2825 4986 aliquod
2865 4917 2932 4971 ab
2969 4917 3084 4987 ipso
3112 4919 3442 4974 beneficium
3470 4918 3746 4989 accipiant:

2189 5002 2296 5069 vel,
2328 5004 2373 5059 si
2402 5006 2697 5076 puniantur
2721 5016 2750 5062 a
2779 5006 3018 5074 domino,
3048 5017 3107 5064 ut
3138 5009 3460 5067 liberentur.

2192 5126 2199 5137 ν
2263 5095 2329 5150 Et
2363 5115 2380 5146 ί
2408 5097 2548 5152 sicut
2573 5099 2714 5154 oculi
2743 5100 2949 5156 ancillae
2978 5121 2995 5153 ›
3036 5101 3289 5158 similiter
3316 5098 3446 5158 sunt
3486 5122 3507 5155 ε
3537 5104 3595 5159 in
3621 5096 3754 5157 mani-

2190 5186 2291 5242 bus
2319 5188 2551 5246 domina:
2573 5207 2703 5258 suae,
2731 5193 2974 5249 ita'oculi
3002 5195 3172 5249 nostri
3203 5195 3270 5249 ad
3301 5195 3600 5251 Dominum
3622 5195 3755 5250 Deum

2190 5288 2458 5349 nostrum,
2496 5283 2667 5340 donec
2695 5286 3019 5343 misereatur
3044 5290 3235 5354 nostri,
3263 5309 3280 5341 ι
3308 5288 3394 5343 vel
3422 5304 3453 5343 a
3483 5285 3758 5344 tribulatio-

2193 5374 2354 5429 nibus
2393 5374 2690 5442 liberando,
2734 5378 2819 5432 vel
2852 5394 3186 5451 quaecunque
3213 5379 3478 5435 beneﬁcia
3516 5378 3757 5436 faciendo.

2194 5462 2484 5536 Postquam
2514 5467 2649 5522 dixit
2675 5467 2741 5523 de
2765 5471 2956 5537 servis,
2988 5472 3116 5527 ideo
3143 5473 3397 5544 supponit
3433 5471 3506 5528 de
3551 5467 3761 5528 mulieri-

2194 5556 2318 5625 bus,
2354 5560 2491 5614 utin
2519 5576 2585 5616 eo
2623 5576 2754 5617 sexu
2793 5564 3018 5619 salvalio
3064 5564 3239 5621 futura
3286 5561 3764 5637 intelligatur:pﬂ

2192 5651 2469 5720 mulieres,
2500 5664 2619 5724 qum
2647 5656 2967 5711 naturaliter
2998 5655 3205 5731 fragilis
3234 5668 3358 5715 sunt
3384 5661 3660 5730 corporis,
3698 5672 3767 5711 ac-

2192 5745 2423 5816 hipimus
2444 5761 2553 5801 non
2582 5748 2752 5802 solum
2780 5749 3026 5823 feminas,
3063 5753 3156 5807 sed
3188 5753 3350 5807 etiam
3378 5752 3602 5822 aliquos
3630 5748 3769 5819 fragi-

2191 5838 2271 5897 les
2297 5841 2441 5897 viros
2468 5858 2480 5894 :
2511 5842 2707 5897 iterum
2734 5841 2876 5897 inter
2906 5844 3048 5898 viros
3080 5844 3375 5915 accipimus
3405 5828 3674 5913 quasdam
3703 5856 3772 5894 m-

2189 5930 2691 6011 bustas'mulieres;
2716 5941 2771 5993 et
2792 5932 3500 6022 sicutdomina'promptior
3528 5935 3607 5995 ad
3630 5934 3775 5994 misce
