3898 6470
57 442 181 500 637

1238 432 1676 495 EXPLANATIO
1713 432 1781 489 IN
1814 431 2151 490 PSALMOS.

3221 436 3328 496 638

58 552 306 608 rendum
332 564 495 622 quam
521 550 771 611 dominus
798 551 1019 618 dicitur,
1048 551 1122 607 ita
1146 550 1289 607 Deus
1311 558 1654 622 comparatur
1679 552 1731 611 Α
1754 557 1840 604 set
1864 562 1985 614 nos,
2016 551 2108 605 sed
2130 550 2385 619 quoniam
2413 548 2518 604 fuit
2547 550 2601 604 in
2630 549 2807 615 nobis,
2839 567 2859 602 ι
2876 548 3053 606 anima
3075 559 3285 620 nostra,
3301 572 3325 609 ι

58 641 327 705 dominae,
370 640 496 712 quia
524 642 633 698 cito
658 651 904 699 movetur
930 658 1059 714 erga
1085 641 1305 713 fragiles
1331 662 1345 697 :
1376 657 1655 711 compara-

59 741 163 788 tur
188 742 248 788 et
275 734 521 799 domino,
559 748 682 791 cum
722 737 991 806 permittit
1032 737 1171 792 bene
1215 736 1456 806 torqueri
1497 737 1655 791 robu-

58 826 305 894 stiores,
336 826 624 898 unicuique
648 826 855 885 faciens
879 829 1172 884 secundum
1201 844 1352 884 suam
1380 828 1654 898 possibili-

61 925 245 974 tatem
281 938 297 974 :
339 920 484 977 unde
526 921 813 991 Apostolus
849 940 863 976 :
918 940 937 974 ι
963 922 1166 978 Fidelis
1201 922 1375 989 Deus,
1417 923 1509 991 qui
1548 936 1655 977 non

58 1011 317 1082 patietur
344 1014 544 1068 teutari
572 1028 735 1083 supra
767 1015 821 1069 id
851 1016 994 1084 quod
1020 1016 1265 1086 potestis.
1297 1034 1317 1066 ι
1342 1015 1394 1087 (1
1424 1014 1545 1068 Cor.
1573 1014 1653 1085 κ.)

47 1112 52 1121 δ
154 1120 175 1154 ‹
205 1102 462 1161 Miserere
488 1105 679 1170 nostri,
709 1105 952 1161 Domine.
985 1125 1003 1157 ι
1037 1106 1170 1161 Pars
1198 1107 1451 1162 secunda.
1477 1105 1657 1173 Quan-

63 1190 367 1260 doquidem
397 1194 582 1251 oculos
606 1204 819 1251 nostros
844 1197 918 1252 ita
949 1198 1016 1252 ad
1043 1197 1327 1253 Dominum
1353 1197 1654 1268 dirigimus,

62 1280 222 1349 ideo,
265 1303 286 1336 ι
312 1285 555 1350 Domine,
596 1287 855 1343 miserere
888 1287 1082 1353 nostri,
1119 1290 1379 1344 miserere
1408 1289 1600 1345 nostri.
1631 1309 1651 1342 ι

61 1375 203 1433 Ideo
226 1376 409 1432 binam
435 1390 687 1448 precatur
712 1381 1162 1448 misericordiam,
1198 1384 1326 1452 quia
1352 1384 1534 1438 binam
1560 1397 1657 1451 po-

62 1467 162 1522 nit
208 1467 505 1537 miseriam,
562 1471 771 1528 scilicet
804 1474 1101 1528 secundum
1135 1489 1335 1543 corpus
1375 1481 1428 1527 et
1462 1487 1657 1528 secun—

63 1558 207 1614 dum
234 1560 489 1616 animam.
528 1580 548 1614 ι
576 1563 833 1620 Miserere
860 1584 878 1615 ι
912 1565 1056 1631 dico,
1102 1584 1121 1616 ι
1152 1565 1278 1634 quia
1325 1565 1552 1620 multum
1580 1580 1660 1620 re-

58 1647 207 1718 pleti
232 1665 418 1707 sumus
443 1654 786 1724 dcspectione
813 1674 832 1707 ι
876 1655 1171 1710 secundum
1199 1670 1415 1726 corpus.

141 1740 275 1799 Ideo
296 1758 513 1815 quoque
545 1762 565 1796 ι
592 1746 877 1812 miserere,
903 1764 921 1797 ι
973 1746 1097 1816 quia
1142 1762 1245 1802 non
1289 1752 1497 1801 tantum
1534 1763 1654 1803 cor-

60 1848 202 1903 pus,
229 1836 325 1891 sed
348 1838 513 1893 etiam
557 1855 575 1888 ι
604 1838 731 1908 quia
767 1838 946 1893 anima
988 1848 1171 1895 nostra
1197 1840 1423 1894 multum
1453 1840 1654 1909 repleta

58 1933 161 1980 est
182 1945 201 1977 ›
233 1927 595 1998 despectione.
626 1928 735 1985 Nec
764 1932 1133 1986 tantummodo
1169 1931 1344 1986 dicam
1378 1932 1653 2002 repletam,
1685 1914 1734 1977 Β

60 2017 190 2072 imo
229 2018 342 2088 ipsa
387 2029 471 2075 est
507 2021 649 2077 facta
698 2040 718 2073 ι
745 2022 1089 2093 opprobrium
1121 2024 1520 2079 abundantibus
1549 2044 1567 2074 ι
1604 2024 1656 2079 in

59 2107 302 2165 divitiis.
332 2110 536 2168 Divites
554 2112 699 2167 enim
719 2113 1101 2183 opprobriosos
1120 2122 1175 2168 et
1202 2114 1394 2168 stultos
1413 2113 1660 2183 judicant

59 2201 280 2270 bonos,
307 2205 434 2276 quia
461 2221 568 2262 non
598 2216 850 2277 quaerunt
879 2208 1093 2263 divitias
1118 2208 1257 2263 sicut
1283 2207 1383 2277 ipsi
1412 2206 1653 2260 faciunt:

62 2312 85 2345 ι
117 2302 183 2349 et
211 2314 229 2348 ι
262 2303 346 2351 est
373 2294 516 2351 facta
553 2315 572 2347 ι
597 2297 870 2367 despectio
900 2299 1167 2369 superbis,
1199 2318 1218 2351 ›
1257 2306 1437 2352 mente
1462 2297 1655 2364 elatis;

57 2385 378 2456 despiciunt
397 2386 541 2441 enim
562 2402 675 2453 eos,
701 2402 822 2444 cum
844 2403 942 2459 pro
963 2388 1294 2456 coelestibus,
1316 2405 1436 2458 quae
1455 2398 1658 2444 aeterna

56 2484 282 2545 putant,
317 2485 688 2533 contemnunt.

502 2611 570 2666 IN
608 2610 939 2668 PSALMUM
979 2611 1209 2668 CXXIII.

429 2719 669 2777 Tt'ruws
703 2740 718 2776 :
756 2721 1030 2778 Canticum
1057 2722 1336 2793 graduum.

144 2848 168 2883 ι
195 2830 312 2888 Nisi
340 2833 467 2904 quia
496 2834 776 2891 Dominus.
804 2855 823 2888 ι
871 2835 971 2891 Hic
1009 2837 1270 2897 habemus
1305 2837 1450 2908 quod
1477 2835 1658 2907 justus

58 2922 180 2989 ille,
209 2926 302 2996 qui
333 2926 387 2982 in
414 2927 520 2982 alio
544 2928 752 2997 psalmo
774 2929 841 2983 ad
864 2929 1150 2985 Dominum
1176 2931 1418 3002 erigebat
1450 2931 1653 2999 oculos,

59 3014 213 3070 inter
234 3019 508 3088 angustias
530 3019 595 3074 de
616 3019 937 3075 liberatione
960 3020 1249 3088 clamabat,
1278 3021 1657 3077 liberationem

60 3125 233 3181 quam
260 3112 498 3183 accepit,
541 3113 627 3168 vel
654 3113 868 3184 aliquod
896 3114 1040 3169 aliud
1067 3116 1268 3170 bormm
1298 3114 1439 3185 quod
1470 3114 1652 3181 habet,

60 3220 178 3259 non
220 3202 344 3270 sibi,
392 3205 486 3261 sed
520 3206 702 3263 omnia
744 3206 1128 3262 misericordiae
1159 3207 1252 3261 Dei
1279 3207 1562 3261 attribuit:
1602 3213 1658 3260 et

61 3293 301 3350 intendit
321 3297 389 3351 ad
416 3297 659 3352 eumdem
683 3297 905 3367 gradum
931 3307 1156 3352 caeteros
1183 3298 1433 3361 invitare,
1456 3306 1518 3350 ut
1537 3312 1656 3352 om-
1683 3276 1729 3343 (ἶ

60 3386 159 3440 nia
185 3386 485 3442 attribuant
514 3384 897 3443 misericordia:
922 3389 1039 3444 Dei.
1077 3389 1137 3442 in
1171 3388 1346 3458 prima
1384 3396 1538 3458 parte
1565 3402 1658 3441 os-

62 3478 244 3533 tendit
268 3493 300 3531 a
324 3478 555 3533 Domino
582 3478 697 3533 solo
725 3493 784 3533 se
814 3479 1016 3534 habere
1046 3476 1187 3549 quod
1221 3477 1661 3534 tribulationibus

61 3574 247 3643 possit
271 3574 547 3629 resistere.
585 3573 642 3627 In
680 3574 934 3641 secunda,
975 3591 1095 3645 quae
1119 3576 1343 3645 incipit:
1382 3592 1400 3625 ε
1429 3573 1661 3628 Benedi«

66 3672 196 3719 ctus
234 3665 495 3722 Dominus
533 3666 625 3736 qui
666 3681 777 3721 non
824 3666 990 3734 dedit,
1022 3686 1042 3720 ›
1092 3668 1157 3723 de
1203 3680 1298 3722 sua
1341 3665 1660 3722 liberatione

66 3758 278 3829 gratias
301 3759 415 3829 agit
436 3760 682 3816 Domino.

142 3851 311 3919 Quasi
336 3854 410 3908 ita
436 3854 677 3910 diceret:
711 3854 824 3911 Vos
857 3855 948 3925 qui
990 3857 1134 3911 inter
1161 3858 1438 3928 angustias
1462 3857 1662 3911 libera—

67 3944 279 4003 tionem
325 3947 645 4016 aecepistis,
707 3948 1081 4005 liberationem
1135 3957 1370 4004 vestram
1429 3948 1659 4005 Domino

66 4036 377 4104 ascribatis,
414 4039 664 4111 exemplo
693 4040 901 4106 nostri,
939 4041 1032 4111 qui
1059 4040 1287 4096 Domino
1315 4041 1452 4095 bene
1486 4040 1657 4096 conﬁ-

66 4137 286 4185 temur:
322 4147 340 4181 I
370 4131 497 4200 quia
522 4132 623 4187 nisi
651 4151 669 4185 ι
703 4141 846 4188 esset
871 4134 992 4198 hoc,
1029 4134 1171 4204 quod
1208 4153 1224 4184 ι
1256 4134 1515 4189 Dominus
1540 4142 1659 4189 erat

67 4220 126 4276 in
156 4218 313 4276 nobis
340 4239 358 4272 ι
393 4221 722 4277 conﬁrmans
750 4239 871 4289 nos,
905 4242 923 4274 ‹
949 4238 1071 4280 cum
1098 4234 1454 4296 exsurgerent
1484 4226 1658 4281 homi-

69 4328 173 4369 nes
198 4312 253 4368 in
301 4328 422 4381 nos,
449 4313 796 4385 deglutissent
826 4330 943 4382 nos,
972 4334 989 4367 ι
1030 4316 1082 4371 id
1112 4325 1195 4373 est
1223 4328 1661 4387 tncorporassent

68 4419 172 4461 nos
208 4404 311 4460 sibi
357 4425 376 4457 ι
404 4405 586 4473 vivos,
615 4427 633 4459 ι
679 4406 734 4462 id
773 4415 885 4474 est,
928 4408 1204 4464 scientes:
1245 4410 1372 4480 quia
1414 4410 1661 4481 quamvis

71 4512 524 4568 cognosceremus
547 4497 751 4554 malum
778 4514 922 4566 esse,
946 4508 1123 4554 tamen
1154 4510 1427 4571 Oporteret
1454 4502 1534 4571 eis
1562 4519 1662 4558 nos

74 4591 388 4647 consentire
426 4607 540 4662 prae
579 4592 953 4663 magnitudine
995 4594 1401 4648 tribulationum
1430 4612 1443 4648 :
1472 4605 1526 4649 et
1559 4596 1659 4650 hoc

77 4703 96 4737 ι
126 4683 292 4751 forte,
320 4704 342 4740 ι
376 4685 433 4740 id
459 4693 563 4752 est,
600 4692 663 4757 et:
683 4695 867 4756 posset
895 4685 1032 4753 ﬁeri,
1060 4687 1146 4742 vel
1174 4702 1282 4742 non
1316 4688 1433 4742 ﬁeri
1461 4707 1474 4742 :
1505 4698 1563 4744 et
1588 4689 1661 4744 si-

73 4784 168 4830 ent
195 4788 296 4832 nos
324 4776 575 4844 dicimus,
606 4776 682 4831 ita
719 4794 738 4827 ι
787 4777 931 4831 dicat
964 4777 1163 4842 Israel,
1192 4797 1212 4830 ι
1254 4778 1305 4832 id
1337 4788 1419 4833 est
1470 4780 1552 4833 vir
1579 4779 1659 4834 vi-

75 4868 210 4922 dens
236 4867 430 4935 Deum,
487 4887 507 4920 ι
534 4883 699 4934 nunc,
731 4887 750 4919 ι
796 4868 848 4923 id
884 4879 969 4923 est
1012 4868 1129 4924 sine
1165 4868 1441 4936 dilatione,
1480 4871 1551 4925 ita
1579 4870 1663 4926 di-

78 4974 250 5016 cens:
284 4978 304 5012 ι
330 4959 445 5016 Nisi
475 4961 602 5032 quia
640 4960 902 5017 Dominus
952 4970 1072 5016 erat
1109 4962 1164 5016 in
1198 4962 1353 5018 nobis
1403 4979 1525 5019 eum
1566 4979 1662 5019 ex-

76 5061 365 5124 surgerent
393 5053 639 5110 homines
678 5052 733 5109 in
771 5069 904 5121 nos,
950 5054 1088 5110 forte
1122 5054 1275 5110 vivos
1308 5054 1663 5128 deglutissent

79 5160 202 5202 nos.
247 5165 268 5199 ι
284 5157 289 5163 ’

151 5236 210 5291 In
240 5237 506 5309 principio
535 5237 939 5306 defecissemus,
975 5248 1032 5295 et
1068 5239 1237 5296 multo
1271 5240 1444 5312 magis
1492 5258 1512 5292 ί
1536 5255 1662 5297 cum

80 5329 252 5396 furor,
282 5348 301 5382 ι
328 5331 380 5386 id
403 5339 489 5387 est
528 5330 760 5402 impetus
787 5351 806 5384 «
835 5346 1022 5389 eorum
1050 5334 1403 5400 irasceretur,
1455 5354 1473 5387 ι
1503 5334 1557 5391 id
1577 5342 1660 5391 est

79 5421 464 5478 exardesceret
504 5441 523 5474 ι
550 5422 605 5477 in
644 5437 771 5487 nos,
818 5438 991 5495 aqua,
1044 5445 1062 5478 ι
1116 5424 1169 5479 id
1211 5433 1295 5481 est
1339 5426 1661 5482 inundantia

82 5511 513 5580 tribulationum,
555 5531 575 5565 ι
604 5512 972 5571 absorbuisset
1013 5530 1143 5584 nos,
1171 5535 1192 5569 ι
1224 5517 1278 5572 id
1320 5525 1403 5573 est
1450 5517 1661 5588 irrepa-

83 5603 326 5661 rabiliter
352 5606 458 5662 sibi
484 5606 836 5662 attraxisset:
870 5606 1055 5665 ethoc
1090 5628 1111 5662 ‹
1140 5608 1390 5675 forsitan,
1424 5628 1443 5662 ι
1476 5610 1531 5665 id
1579 5616 1667 5667 est

84 5698 160 5753 ita
201 5698 514 5771 contigisset
562 5713 726 5768 vere,
785 5700 891 5757 nisi
950 5700 1077 5773 quia
1140 5700 1400 5758 Dominus
1443 5710 1563 5758 erat
1610 5703 1666 5757 in

83 5790 259 5847 nobis.

160 5884 302 5945 «Nisi
316 5866 845 5962 quiaDominnsjerat
871 5888 927 5946 in
955 5890 1132 5960 nobis,
1168 5910 1186 5945 ι
1208 5905 1345 5967 aqua
1364 5890 1672 5949 absorbuise

1683 4634 1740 4702 D

1752 658 2076 714 quocunque
2101 644 2261 698 modo
2291 660 2487 715 corpus
2519 652 2859 710 tractaretur,
2900 665 2919 693 ε
2942 646 3326 715 pertransivits

1756 735 1919 790 illaesa
1956 753 1974 786 ι
2004 743 2323 801 torrentem,
2353 756 2372 789 ι
2415 738 2469 791 id
2506 745 2587 791 est
2629 737 2983 806 impetuosam
3031 736 3335 793 tribulatio-

1758 844 1902 885 nem.
1942 829 2054 900 Ego
2096 830 2237 895 dico,
2288 829 2517 884 Domino
2557 831 2878 896 auxiliante,
2928 830 3105 885 anima
3148 837 3335 886 nostra

1755 918 2119 988 pertransivit,
2143 927 2199 973 et
2229 936 2249 969 ι
2278 919 2503 973 forsitan
2530 939 2549 971 ι
2596 919 2803 975 diceret
2828 920 3026 990 aliquis
3050 919 3193 988 quod
3218 920 3336 976 sine

1756 1010 1969 1064 Domini
1991 1008 2189 1064 auxilio
2216 1028 2236 1059 ι
2259 1010 2435 1063 anima
2457 1018 2639 1064 nostra
2660 1010 3043 1081 pertransisset
3063 1024 3279 1080 aquam,
3309 1028 3330 1064 ι

1758 1105 1811 1159 id
1857 1113 1942 1161 est
1988 1105 2360 1159 inundantiam
2407 1104 2712 1170 malorum,
2768 1123 2786 1157 ‹
2824 1105 3252 1171 intolerabilem,
3309 1123 3332 1158 ι

1757 1204 2017 1265 quantum
2048 1197 2115 1251 ad
2143 1196 2406 1251 humanas
2433 1195 2591 1257 vires,
2631 1197 2772 1265 quod
2810 1197 3144 1266 impossibile
3177 1211 3340 1268 appa-

1757 1297 1841 1342 ret
1869 1303 1936 1342 ex
1966 1288 2070 1343 hoc
2095 1289 2237 1358 quod
2263 1303 2401 1358 aqua
2429 1288 2518 1342 illa
2550 1288 2901 1343 intolerabilis
2923 1296 3026 1344 est.

1835 1398 1853 1428 ‹
1882 1378 2209 1434 Benedictus
2253 1380 2534 1435 Dominus.
2567 1400 2586 1431 ι
2637 1379 2771 1433 Pars
2808 1380 3064 1435 secunda.
3096 1380 3171 1434 ‘Et
3211 1380 3335 1449 quia

1755 1480 1855 1536 per
1876 1483 1998 1522 eum
2028 1468 2396 1533 transivimus,
2427 1469 2551 1523 ideo
2574 1468 2646 1523 sit
2677 1487 2695 1518 ‹
2719 1468 3036 1523 benedictus
3056 1468 3335 1534 Dominus,

1758 1560 1851 1628 qui
1881 1575 1986 1614 non
2017 1559 2165 1615 dedit
2197 1576 2295 1616 nos
2325 1561 2377 1614 in
2406 1560 2707 1630 captionem
2741 1580 2759 1612 ιι
2794 1568 2854 1614 ut
2876 1568 3134 1631 caperent
3160 1574 3258 1615 nos
3287 1567 3344 1616 et

1761 1650 2199 1719 incorporarent,
2248 1667 2267 1702 ι
2298 1650 2576 1716 dentibus,
2627 1670 2646 1703 ›
2688 1650 2741 1705 id
2778 1659 2863 1706 est
2912 1648 3337 1714 corrosionibus,

1758 1750 1813 1796 et
1843 1742 2058 1801 feritate
2092 1760 2111 1794 ι
2142 1757 2353 1808 eorum,
2383 1762 2401 1794 ι
2447 1743 2573 1813 quia
2602 1742 2743 1798 sicut
2769 1741 2895 1797 ferae
2916 1741 3103 1797 volunt
3130 1755 3230 1796 nos
3257 1739 3342 1795 di-

1759 1833 1986 1888 laniare.

1840 1947 1857 1978 ι
1879 1925 1995 1981 Non
2023 1927 2207 1982 dedit»
2242 1926 2383 1992 dico,
2416 1926 2511 1982 sed
2539 1925 2721 1995 potius
2756 1943 2774 1976 ς
2797 1924 2975 1980 anima
2997 1931 3182 1979 nostra
3206 1924 3346 1980 sicut

1759 2035 1948 2092 passer
1985 2029 2172 2090 erepta
2210 2029 2295 2076 est
2332 2020 2401 2076 de
2439 2018 2667 2088 laqueo,
2700 2039 2718 2069 ι
2768 2019 2822 2075 id
2865 2025 2979 2084 est,
3029 2018 3344 2088 deceptione

1767 2130 1786 2163 ι
1813 2112 2147 2177 venantium,
2180 2132 2199 2164 ι
2249 2111 2303 2167 id
2335 2119 2443 2176 est,
2493 2110 2849 2181 quaerentium
2887 2113 3346 2181 opportunitatem

1761 2204 2063 2272 decipiendi
2102 2217 2206 2257 me.

1832 2293 1897 2346 Et
1927 2309 2032 2347 non
2065 2301 2270 2349 tantum
2302 2291 2481 2347 anima
2512 2300 2698 2347 nostra
2739 2299 2824 2348 est
2849 2300 3058 2361 erepta,
3087 2293 3184 2348 sed
3223 2312 3240 2343 ί
3269 2293 3347 2347 ia-

1760 2399 1956 2454 queus,
1986 2404 2003 2434 ι
2050 2382 2101 2437 id
2141 2390 2227 2437 est
2272 2382 2370 2452 ipsi
2411 2381 2763 2452 illaqueantes
2800 2398 2918 2447 nos,
2964 2401 2984 2435 ι
3023 2393 3107 2441 est
3145 2382 3348 2437 contri-

1760 2484 1868 2538 tus,
1901 2494 1919 2526 ι
1951 2474 2076 2544 quia
2105 2474 2208 2544 ipsi
2236 2474 2453 2529 tandem
2485 2474 2681 2544 duplici
2711 2475 3036 2533 contritione
3061 2482 3345 2531 conteren-

1759 2574 1880 2632 tur,
1935 2585 1953 2615 ι
1982 2573 2036 2621 et
2078 2580 2178 2619 nos
2223 2564 2437 2621 liberati
2482 2581 2703 2633 sumus,
2733 2586 2751 2618 ›
2808 2566 2863 2622 id
2909 2567 3006 2639 est'
3052 2567 3108 2622 in
3153 2581 3347 2638 magna

1760 2657 2023 2727 dignitate
2052 2672 2083 2709 a
2112 2655 2223 2711 Deo
2251 2656 2550 2715 constituti.

1833 2750 1898 2804 Et
1927 2752 2030 2806 hoc
2066 2769 2082 2801 ‹
2111 2748 2436 2817 adjutorium
2461 2756 2704 2806 nostrum
2737 2769 2755 2801 ι
2791 2750 2933 2820 quod
2964 2750 3040 2805 ita
3070 2764 3256 2805 sumus
3286 2750 3351 2804 li—

1757 2841 1954 2907 berati,
1985 2858 2088 2897 non
2118 2852 2201 2897 est
2228 2859 2258 2897 a
2285 2844 2461 2909 nobis,
2498 2843 2591 2899 sed
2617 2844 2743 2914 quia
2772 2860 2959 2901 sumus
2996 2864 3015 2897 ‹
3044 2846 3099 2900 in
3131 2845 3350 2901 nomine

1758 2935 1993 3001 Domini,
2026 2957 2043 2989 ι
2085 2937 2177 3007 qui
2221 2952 2320 2992 nos
2363 2938 2501 2992 bene
2544 2946 2722 3007 potest
2760 2940 3051 3006 custodire,
3093 2940 3348 3009 quoniam

1759 3029 1872 3097 ipse
1892 3037 1973 3085 est
1993 3048 2011 3080 ‹
2035 3030 2126 3099 qui
2149 3029 2278 3084 fecit
2297 3029 2496 3084 malum
2522 3035 2578 3086 et
2599 3026 2816 3095 terram,
2841 3050 2860 3084 ι
2888 3032 2971 3095 vel
2993 3032 3061 3088 ad
3086 3031 3346 3098 litteram,

1756 3121 1843 3176 vel
1870 3122 1936 3176 ad
1966 3121 2301 3195 allegoriam.
2441 3106 2449 3115 ’

2183 3297 2251 3352 IN
2301 3297 2634 3354 PSALMUM
2682 3298 2918 3355 CXXIV.

2091 3430 2329 3491 TITULUS
2362 3449 2377 3490 :
2416 3433 2691 3491 Canticum
2728 3437 3009 3509 graduum.

1836 3588 1855 3620 ι
1884 3566 1984 3634 Qui
2015 3569 2293 3626 conﬁdunt
2320 3571 2377 3624 in
2406 3571 2650 3626 Domino.
2682 3591 2702 3624 ι
2749 3570 2847 3626 Hic
2874 3571 3037 3628 habet
3065 3572 3349 3629 materiam
3452 3556 3461 3559 ’

1760 3660 1908 3715 hunc
1934 3660 2181 3730 gradum,
2223 3660 2430 3716 scilicet
2459 3662 2881 3717 conﬁdentiam:
2916 3664 3145 3720 intendit
3182 3667 3349 3721 etiam

1760 3753 1896 3808 alios
1926 3756 1991 3808 ad
2020 3768 2139 3808 eam
2167 3753 2419 3809 invitare.
2438 3753 2505 3808 'In
2534 3754 2709 3824 prima
2743 3764 2917 3824 parte,
2947 3756 3184 3811 ostendit
3217 3757 3349 3826 quid

1760 3844 1925 3901 faciat
1952 3846 2069 3915 ipsa
2100 3846 2444 3912 conﬁdentia,
2473 3846 2682 3903 scilicet
2714 3848 2855 3917 quod
2886 3848 2939 3902 in
2968 3848 3194 3903 Domino
3224 3864 3351 3904 con-

1761 3937 1992 3994 ﬁdentes
2021 3939 2154 3995 nihil
2180 3950 2359 4012 potest
2388 3957 2642 4011 separare
2671 3957 2701 3995 a
2739 3943 3004 3997 charitate
3033 3941 3254 3998 Christi.
3292 3943 3351 3998 In

1761 4031 1888 4096 alia,
1922 4047 2040 4101 qua:
2067 4040 2189 4087 est:
2237 4052 2256 4084 α
2285 4034 2539 4101 Benefac,
2583 4035 2828 4099 Domine,
2859 4053 2879 4088 ι
2921 4044 3180 4105 precatur
3212 4036 3352 4091 bona

1759 4126 2156 4182 conlidentibus
2195 4126 2249 4181 in
2292 4127 2539 4182 Domino.
2573 4125 2718 4182 Ordo
2756 4143 3029 4200 congruus
3058 4128 3354 4185 estuPost-

1760 4233 1921 4288 quam
1953 4233 1984 4272 a
2010 4219 2120 4274 Deo
2156 4218 2529 4275 liberationem
2564 4221 2800 4291 recepit,
2838 4230 2894 4277 et
2922 4222 3102 4277 omnia
3134 4222 3349 4278 miseri-

1760 4312 1958 4367 cordia:
1990 4311 2082 4366 Dei
2113 4314 2380 4379 attribuit,
2403 4315 2611 4384 justum
2636 4323 2723 4369 est
2743 4322 2805 4371 ut
2827 4314 2882 4371 in
2904 4315 3351 4387 ipso'ﬁrmissime
3424 4318 3429 4325 '

1761 4403 2016 4459 conﬁdat.
2536 4412 2546 4443 τ

1830 4494 1996 4561 Quasi
2024 4496 2099 4551 ita
2131 4497 2373 4553 diceret:
2408 4498 2518 4554 Vos
2555 4498 2647 4570 qui
2688 4499 2949 4555 beneﬁcia
2977 4509 3158 4557 vestra
3186 4502 3351 4558 mise-

1762 4588 2009 4644 ricordiae
2049 4590 2145 4645 Dei
2189 4592 2503 4658 attribuitis,
2554 4592 2807 4663 deinceps
2849 4594 3104 4649 conﬁdite
3145 4594 3199 4648 in
3247 4594 3354 4649 Do-

1763 4681 1931 4747 mino,
1964 4682 2088 4751 quia
2117 4682 2260 4738 ullus
2283 4697 2471 4739 eorum
2518 4703 2535 4735 ι
2566 4685 2657 4754 qui
2688 4685 2964 4741 conﬁdunt
2988 4687 3042 4741 in
3070 4685 3299 4743 Domino
3327 4707 3345 4739 i

1762 4790 1868 4829 non
1901 4788 1997 4845 per
2017 4777 2514 4847 praesumptionem,
2545 4779 2640 4833 sed
2677 4797 2695 4829 ι
2725 4778 2816 4847 qui
2840 4778 3048 4834 habitat
3074 4781 3127 4835 in
3160 4778 3353 4838 Hieru-

1763 4867 1952 4935 salem,
1986 4888 2005 4920 ι
2040 4868 2092 4923 id
2120 4878 2203 4923 est
2235 4870 2326 4938 qui
2367 4871 2546 4940 justus
2575 4880 2679 4937 est,
2714 4871 2918 4928 scilicet
2943 4871 3151 4928 habitat
3180 4887 3273 4943 5pc
3295 4873 3351 4928 in

1764 4961 1933 5027 coelo,
1969 4962 2052 5017 vel
2082 4962 2274 5016 devote
2316 4963 2371 5015 in
2414 4962 2688 5030 Ecclesia,
2737 4982 2757 5016 ‹
2784 4978 2890 5020 non
2924 4964 3354 5019 commovebitur

1765 5056 1819 5110 in
1846 5064 2108 5110 aeternum
2139 5072 2158 5107 ι
2198 5070 2228 5108 a
2256 5054 2474 5110 Christo
2494 5056 2629 5110 vela
2655 5056 2795 5112 bono
2823 5057 3098 5126 proposito
3128 5069 3227 5123 per
3255 5054 3354 5108 ali-

1767 5164 1903 5220 quas
1942 5146 2345 5212 tribulationes,
2390 5164 2411 5198 ι
2439 5148 2579 5203 sicut
2609 5164 2763 5203 mons
2791 5149 2941 5213 Sion,
2972 5167 2991 5199 ι
3038 5149 3092 5202 id
3127 5155 3210 5203 cst
3237 5147 3353 5217 ipse

1766 5240 2035 5305 Christus,
2067 5240 2159 5309 qui
2190 5241 2545 5310 corporaliter
2572 5242 2626 5295 in
2655 5247 2837 5294 monte
2867 5238 2996 5293 Sion
3029 5238 3311 5292 habitavit.

1836 5333 1959 5388 Ideo
1984 5332 2258 5387 conﬁdens
2280 5332 2393 5401 ipse
2416 5350 2522 5388 non
2542 5331 2991 5397 commovebitur,
3014 5332 3141 5403 quia
3167 5347 3185 5381 ι
3205 5345 3352 5386 mon-

1764 5434 1863 5492 tes,
1895 5446 1912 5476 ›
1949 5425 2000 5479 id
2032 5432 2114 5479 est
2155 5426 2355 5496 angeli,
2392 5424 2476 5479 vel
2502 5406 2753 5494 apostoli,
2789 5431 2844 5479 et
2892 5424 2982 5479 alii
3037 5424 3208 5479 sancti
3248 5423 3350 5481 viri

1770 5519 1997 5583 meritis,
2021 5517 2275 5589 precibus
2297 5526 2351 5573 et
2370 5517 2629 5587 exemplis
2652 5523 2777 5571 sunt
2811 5535 2828 5567 α
2854 5517 2906 5571 in
2929 5516 3157 5572 circuitu
3182 5514 3351 5585 ejus,»

1771 5612 2075 5667 munientes
2132 5611 2436 5682 hujusmodi
2489 5608 2821 5664 conﬁdentes
2873 5617 3061 5663 contra
3124 5609 3350 5663 hostes:

1780 5722 1797 5756 ι
1825 5711 1879 5757 et
1908 5723 1925 5755 ›
1972 5703 2133 5757 etiam
2166 5704 2278 5772 ipse
2330 5722 2345 5751 σ
2376 5699 2632 5756 Dominus
2661 5719 2678 5751 ι
2726 5708 2810 5755 est
2856 5714 2875 5750 ‹
2904 5699 2959 5754 in
2988 5699 3215 5755 circuitu
3254 5713 3355 5768 po-

1774 5796 1884 5867 puli
1918 5794 2021 5859 sui,
2055 5814 2071 5845 »
2108 5804 2167 5847 ιιι
2195 5807 2317 5848 eum
2349 5791 2555 5846 muniat
2581 5798 2635 5847 et
2660 5798 2910 5864 protegat
2936 5808 2956 5844 ι
2984 5805 3049 5848 ex
3082 5783 3184 5847 hoc
3209 5802 3354 5849 nunc

1778 5898 1833 5944 et
1862 5901 2029 5960 usque
2056 5885 2110 5941 in
2139 5883 2412 5943 saeculum.
2442 5898 2473 5937 ›
