3898 6470
45 393 160 450 (ιιι

1198 373 1637 432 EXPLANATIO
1670 371 1739 427 1N
1778 366 2119 426 PSALMOS.

3201 365 3310 422 642

49 511 268 565 ciorum
293 507 631 576 receperunt,
657 497 823 583 veluti
849 493 1019 550 sancti
1047 488 1273 560 apostoli
1303 487 1556 543 fuerunt:
1584 493 1640 539 et
1665 548 1666 553 η

1773 501 1889 556 uani
1911 499 2125 571 generis
2145 503 2502 553 excusserunt
2524 503 2579 551 et
2601 494 3114 562 manifestaverunt,
3147 503 3313 551 erunt

48 597 292 655 intendit
316 597 384 651 ab
407 575 486 650 eis
501 575 715 648 auferre
735 601 947 643 omnem
970 579 1462 654 praesumptionem,
1497 575 1642 631 scrli-

52 700 169 755 cet,
208 705 312 744 non
338 691 666 758 pmsumant
690 679 827 735 tales
848 691 968 733 esse
1009 673 1100 744 qui
1137 671 1344 741 possint
1372 668 1642 723 aediﬁcare

51 799 160 854 per
183 797 261 846 se,
293 779 377 834 vel
407 768 1015 833 aediﬁcata'custodire:
1049 779 1150 821 nec
1171 768 1362 832 putent
1397 775 1456 814 se
1491 773 1644 813 secu-

53 847 156 929 ros
182 878 306 926 ante
333 866 627 924 secundum
655 863 942 918 adventum
968 854 1191 920 Christi,
1230 850 1354 921 quia
1383 847 1559 904 nullus
1588 847 1642 902 in

51 967 168 1024 hac
191 964 301 1019 vita
335 968 512 1034 potest
547 971 670 1012 esse
704 966 947 1016 securus,
983 949 1040 1004 in
1068 961 1175 1018 qua
1203 941 1386 999 statim
1416 939 1645 1009 quilibet

52 1056 266 1112 labitur
294 1052 362 1107 ad
391 1055 692 1122 peccatum.

139 1141 303 1212 Quasi
352 1118 428 1194 ita
473 1136 730 1192 diceret:
776 1133 886 1188 Vos
926 1127 1019 1200 qui
1066 1126 1124 1182 in
1171 1123 1402 1179 adventu
1445 1118 1646 1176 Christi

55 1235 235 1291 multa
279 1230 542 1287 beneﬁcia
583 1225 899 1296 accepistis,
940 1221 1106 1278 etiam
1149 1219 1377 1272 aliorum
1417 1213 1648 1270 aediﬁca-

59 1339 217 1384 tores
253 1323 592 1387 constitistis,
630 1320 794 1375 nolite
831 1318 898 1374 de
933 1314 1087 1370 vobis
1125 1324 1482 1383 prmsumere,
1522 1305 1648 1376 quia

59 1421 203 1476 nihil
232 1417 456 1490 potestis
475 1429 570 1485 per
590 1428 704 1477 vos,
728 1409 832 1465 nisi
855 1407 1111 1462 Dominus
1135 1403 1326 1467 faciat;
1352 1401 1454 1454 hoc
1477 1397 1609 1452 dicit
1632 1413 1645 1448 :

65 1535 85 1565 ‹
122 1514 228 1568 nisi
265 1510 523 1565 Dominus
561 1503 909 1561 aediﬁcaverit
940 1501 1192 1562 domum,
1223 1515 1242 1547 ι
1276 1496 1379 1550 hoc
1405 1500 1510 1556 est,
1546 1489 1650 1545 nisi

61 1607 330 1664 Dominus
355 1573 586 1660 interna‘
601 1598 954 1671 inspiratione
984 1593 1219 1662 aliquem
1244 1593 1513 1659 praeparet
1541 1597 1651 1638 suae

60 1696 410 1762 habitationi,
469 1713 487 1746 ι
535 1693 588 1748 in
616 1704 814 1745 vanum
845 1686 1227 1741 laboraverunt
1271 1677 1362 1748 qui
1384 1672 1654 1730 aediﬁcant

61 1805 215 1854 eam,
253 1808 271 1840 ›
306 1788 358 1841 id
386 1793 472 1842 est
524 1782 616 1854 qui
665 1780 733 1835 ad
789 1793 908 1833 eam
956 1771 1324 1830 aediﬁcandam
1355 1769 1601 1822 laborant
1636 1781 1649 1818 :

1741 594 1813 648 ita
1856 611 1874 642 ι
1911 591 2048 646 sicut
2075 589 2282 658 sagitta:
2329 589 2384 642 in
2427 603 2590 642 manu
2634 587 2893 643 Polentis.
2927 607 2946 639 ι
2978 586 3128 642 Sicut
3165 587 3312 644 enim

1741 681 2053 754 sagittarius
2080 679 2263 750 dirigit
2286 679 2536 747 sagittam
2579 694 2685 748 quo
2723 678 2858 743 vult,
2889 694 2990 734 nec
3015 679 3132 746 ipsa
3156 680 3314 735 aber-

1743 784 1844 839 rat,
1876 774 1970 828 sed
1999 772 2234 842 percutit
2263 786 2423 840 quem
2454 770 2589 838 vult,
2621 772 2696 826 ita
2728 772 2870 826 Deus
2897 779 3090 843 potens
3117 770 3318 826 dicitur

1743 865 2073 938 sagittarius,
2105 863 2235 934 quia
2284 863 2509 933 sagittas
2535 879 2680 931 suas,
2711 864 2765 918 id
2803 872 2888 920 est
2928 871 3146 919 sanctos
3182 878 3318 934 apo-

1744 960 1912 1015 stolos
1941 966 1995 1014 et
2017 957 2151 1012 alios
2173 955 2375 1027 legatos
2409 955 2594 1022 mittit,
2626 956 2679 1010 in
2709 971 2845 1026 quos
2897 963 3135 1020 remotas
3196 971 3320 1026 par-

1745 1060 1830 1106 tes
1853 1051 1966 1121 ipse
1993 1048 2166 1118 eligit,
2213 1056 2268 1102 et
2313 1061 2411 1116 per
2456 1047 2554 1101 hos
2593 1047 2758 1102 corda
2804 1047 3082 1103 hominum
3117 1037 3321 1103 'divino

1747 1160 1934 1200 amore
1964 1141 2254 1212 transﬁgit.
2284 1139 2352 1193 Et
2376 1153 2486 1192 non
2515 1146 2720 1193 tantum
2754 1139 2978 1209 apostoli
3001 1147 3125 1194 sunt
3155 1137 3320 1204 beati,

1747 1235 1903 1292 etilli
1934 1233 2025 1289 alii
2075 1232 2169 1302 qui
2223 1237 2578 1301 susceperunt
2632 1230 2920 1288 adventum
2968 1229 3193 1297 Christi,
3229 1228 3324 1285 sed

1749 1327 1916 1382 etiam
1943 1338 2134 1380 omnes
2177 1321 2253 1376 illi
2283 1322 2376 1392 qui
2403 1337 2498 1376 eos
2525 1321 2807 1375 imitantur
2833 1335 2848 1374 :
2880 1321 2985 1378 hoc
3012 1329 3114 1385 est,
3148 1321 3326 1377 omnis

1750 1417 1839 1472 ille
1885 1436 1904 1468 (
1942 1416 2025 1470 vir
2067 1433 2087 1466 ι
2142 1422 2226 1468 est
2273 1413 2486 1479 beatus,
2516 1429 2538 1464 ι
2567 1412 2658 1482 qui
2708 1409 2950 1481 implevit
3001 1411 3326 1466 desiderium

1751 1523 1907 1564 suum
1952 1524 2019 1562 ex
2069 1506 2222 1577 ipsis,
2261 1524 2280 1558 ι
2311 1505 2414 1560 hoc
2467 1512 2572 1569 est,
2621 1504 2789 1558 vitam
2817 1517 2971 1557 suam
3002 1502 3232 1557 instituit
3258 1501 3328 1557 ad

1755 1600 1973 1655 modum
1997 1613 2223 1653 eorum:
2254 1607 2310 1651 et
2328 1611 2454 1650 vere
2472 1597 2680 1659 beatus,
2702 1594 2828 1664 quia
2857 1612 2876 1645 ‹
2905 1610 3013 1649 non
3039 1593 3333 1650 confunde-

1755 1698 1842 1744 tur
1888 1705 2011 1744 cum
2052 1688 2303 1758 loquetur
2326 1686 2561 1741 inimicis
2599 1686 2711 1740 suis
2742 1686 2795 1740 in
2823 1694 2999 1755 porta,
3033 1704 3053 1738 ι
3084 1685 3138 1740 id
3163 1693 3246 1740 est
3273 1684 3329 1739 in

1755 1782 1988 1854 publico.
2025 1779 2122 1835 Vel
2157 1795 2251 1850 per
2281 1786 2494 1850 portam
2544 1793 2829 1847 possumus
2872 1777 3148 1832 Christum
3197 1775 3335 1831 acci-

69 1902 89 1933 ι
123 1898 232 1936 non
259 1881 404 1934 enim
428 1875 766 1948 quiplantat,
794 1879 887 1925 aut
913 1868 1178 1940 quijrigat,
1200 1871 1283 1919 est
1309 1861 1530 1932 aliquid,
1560 1858 1653 1914 sed
1682 1854 1730 1914 B
1759 1888 1906 1945 ρει-ε,
1937 1873 2030 1944 qui
2055 1880 2140 1926 es;
2163 1880 2318 1940 poma
2340 1885 2439 1941 ρει-
2467 1885 2630 1938 quam
2670 1869 2778 1923 ίιιιι-
2833 1869 2901 1923 ad
2955 1869 3144 1935 vitam,
3193 1869 3333 1925 sicut

61 1976 165 2046 qui
192 1975 586 2027 incrementum
617 1968 730 2031 dat,
758 1964 924 2020 Deus.
948 1983 966 2014 ι
991 1961 1042 2034 (1
1067 1958 1191 2015 Cor.
1221 1955 1366 2026 xm.)

149 2064 280 2118 Dico
304 2077 400 2132 per
429 2075 487 2115 se
517 2074 623 2113 non
649 2064 826 2128 potest
851 2053 1046 2123 aliquis
1087 2047 1373 2110 aediﬁcare,
1415 2058 1514 2099 nec
1556 2057 1655 2112 per

65 2173 134 2212 se
165 2155 429 2210 a-diﬁcata
455 2151 746 2216 custodire,
785 2151 886 2205 hoc
916 2157 1002 2202 est
1047 2164 1060 2198 :
1095 2165 1112 2196 ι
1151 2144 1252 2198 nisi
1280 2141 1538 2197 Dominus
1563 2153 1658 2193 cu-

66 2248 326 2304 stodierit
377 2247 675 2308 civitatem,
712 2263 730 2294 )
771 2242 824 2297 id
868 2249 952 2295 est
982 2239 1151 2309 ipsam
1189 2233 1503 2295 Ecclesiam,
1538 2245 1658 2300 qua:

67 2339 274 2394 dicitur
299 2336 511 2400 civitas,
534 2335 658 2404 quia
709 2333 775 2388 de
822 2330 1005 2385 multis
1056 2327 1282 2383 collecta
1310 2333 1473 2380 estet
1521 2323 1659 2377 bene

71 2432 285 2488 munita
337 2429 658 2493 virtutibus;
725 2444 743 2476 ι
781 2424 984 2478 frustra
1037 2421 1224 2492 vigilat
1277 2419 1368 2486 qui
1426 2415 1663 2472 custodit

69 2539 204 2579 eam
238 2543 256 2576 ι
287 2521 584 2577 civitatem.
617 2516 748 2572 Cum
804 2514 935 2570 dicit
968 2533 986 2564 ‹
1018 2510 1225 2582 vigilat,
1268 2528 1286 2561 ι
1337 2506 1514 2562 innuit
1563 2519 1660 2559 no-

72 2617 168 2671 bis
196 2629 386 2671 curam
418 2621 470 2668 et
497 2607 911 2666 sollicitudinem
969 2617 1130 2674 quam
1179 2608 1424 2670 pastores
1471 2594 1659 2650 Eccle-

74 2712 180 2764 siae
233 2709 324 2779 qui
373 2705 598 2776 vigilant
639 2701 707 2757 ad
754 2713 943 2772 greges
1004 2693 1386 2752 custodiendos
1435 2689 1658 2744 habent.

82 2803 242 2860 Unde
271 2803 328 2858 in
361 2799 637 2857 Canticis:
672 2815 690 2848 ‹
725 2795 1051 2850 Invenerunt
1079 2805 1166 2846 me
1208 2786 1400 2859 vigiles
1447 2784 1541 2854 qui
1569 2800 1664 2839 cu-

77 2893 329 2950 stodiunt
359 2891 656 2947 civitatem.
688 2906 706 2940 )
737 2883 911 2954 (Cant.
944 2879 1052 2953 ιιι.)

156 2981 606 3052 Quandoquidem
654 2975 802 3032 solus
841 2975 982 3029 Deus
1023 2970 1254 3027 aediﬁcat
1303 2975 1356 3024 et
1405 2964 1660 3030 custodit,

78 3093 217 3149 ergo
247 3097 266 3129 ‹
297 3089 494 3130 vanum
523 3079 606 3128 est
629 3069 781 3126 vobis
815 3081 1056 3137 surgere,
1097 3083 1114 3116 ι
1150 3063 1203 3118 id
1229 3071 1312 3118 est
1349 3059 1416 3114 de
1461 3055 1663 3114 securi-

82 3180 198 3226 tate
226 3180 439 3224 aeterna!
477 3163 823 3220 beatitudinis
874 3171 1203 3232 praesumere
1233 3173 1248 3209 :
1279 3154 1406 3224 quia
1437 3152 1664 3222 quicun-

82 3277 194 3332 que
222 3269 306 3315 est
337 3260 389 3313 in
414 3258 515 3312 hac
544 3257 674 3320 vita,
708 3267 909 3324 pronus
934 3257 1017 3305 est
1041 3249 1108 3303 ad
1137 3248 1346 3317 lapsum
1378 3262 1390 3297 :
1418 3243 1560 3297 unde
1585 3241 1665 3296 di-

85 3329 274 3406 citur:
312 3367 330 3399 ι
371 3347 462 3417 qui
519 3354 649 3409 stat,
703 3343 884 3397 videat
937 3355 1005 3393 ne
1050 3337 1227 3391 cadat.
1269 3354 1288 3386 ι
1332 3332 1383 3402 (1
1415 3331 1537 3385 Cor.
1585 3329 1666 3400 ιι.)

91 3463 113 3496 ι
153 3443 364 3496 Vanum
397 3447 502 3502 est,
534 3458 552 3490 ι
581 3438 719 3498 dico,
752 3454 770 3484 ι
807 3441 931 3486 ante
959 3431 1134 3484 lucem
1162 3440 1403 3496 surgere,
1443 3443 1462 3474 ι
1511 3424 1564 3478 id
1588 3429 1672 3476 cst

89 3544 223 3591 ante
245 3533 537 3588 secundum
562 3526 763 3583 Christi
787 3525 1096 3585 adventum,
1125 3520 1178 3574 in
1206 3534 1315 3589 quo
1336 3532 1462 3572 vera
1489 3515 1581 3569 lux
1615 3521 1672 3568 et

89 3621 381 3680 manifesta
408 3619 645 3691 cognitio
682 3615 976 3685 unicuique
1023 3613 1146 3668 erit.
1181 3611 1295 3674 Vel,
1347 3627 1365 3660 ι
1418 3616 1543 3662 ante
1594 3607 1674 3660 lu-

92 3732 237 3781 cem,
279 3734 298 3767 ›
333 3713 387 3768 id
416 3719 498 3767 est
527 3705 1046 3778 ante‘cognitionem
1092 3717 1256 3773 quam
1303 3699 1496 3770 recipit
1541 3712 1675 3752 una-

91 3820 325 3879 quzeque
385 3803 556 3860 ﬁdelis
607 3800 788 3854 anima
837 3804 956 3868 post
1002 3793 1409 3850 dissolutionem
1442 3798 1670 3844 tantum.

90 3900 236 3955 Ante
262 3898 437 3952 lucem
465 3908 687 3964 surgere
723 3906 920 3945 vanum
965 3897 1067 3953 est,
1094 3887 1302 3943 scilicet
1340 3905 1357 3937 ‹
1388 3893 1673 3954 postquam

94 3988 370 4053 sederitis,
412 4005 432 4038 ι
467 3986 522 4040 id
543 3992 628 4039 est
663 3982 957 4038 sessionem
1005 3989 1060 4034 et
1107 3977 1463 4047 dejectionem
1514 3975 1676 4044 hujus

92 4084 220 4138 vita:
260 4077 625 4142 transieritis,
678 4085 808 4130 tunc
866 4091 884 4124 ‹
936 4073 1164 4141 surgite,
1202 4091 1218 4122 ι
1277 4069 1332 4123 id
1381 4079 1465 4124 est
1496 4065 1673 4122 securi

92 4183 292 4231 estote.
322 4170 487 4226 Vobis
521 4167 644 4223 dico
671 4174 730 4221 ut
759 4164 1014 4235 surgatis,
1048 4181 1066 4212 ι
1102 4162 1194 4232 qui
1223 4159 1559 4215 manducatis
1581 4172 1675 4226 pa-

93 4280 222 4322 nem
249 4261 465 4324 doloris,
502 4279 522 4313 »
550 4258 603 4313 id
652 4265 735 4313 est
785 4256 980 4327 quibus
1012 4253 1244 4308 miseria:
1281 4249 1441 4319 hujus
1488 4247 1674 4304 mundi

96 4364 228 4413 sunt
251 4353 495 4418 refectio,
519 4351 661 4407 sicut
684 4349 841 4418 panis
863 4346 1046 4402 alicui.

168 4446 302 4502 Dico
335 4464 355 4496 ς
395 4443 599 4514 surgite
637 4449 923 4512 postquam
957 4436 1236 4502 sederitis;
1268 4454 1290 4490 ι
1319 4444 1376 4491 et
1410 4432 1564 4505 quasi
1595 4432 1676 4487 di-

97 4545 252 4596 ceret
303 4536 497 4606 aliquis
549 4551 562 4586 :
625 4530 852 4600 Quando
900 4529 1006 4585 erit
1048 4528 1286 4598 perfecta
1331 4525 1421 4582 illa
1469 4523 1678 4580 sessio?

105 4652 126 4685 ‹
157 4646 282 4689 cum
314 4649 334 4681 ι
374 4627 634 4683 Dominus
669 4641 688 4674 ι
717 4622 926 4678 dederit
953 4620 1162 4675 dilectis
1198 4618 1312 4674 suis
1341 4631 1608 4680 somnum,
1655 4634 1673 4668 ι

100 4727 157 4782 id
204 4732 287 4778 est
327 4729 555 4776 mortem
585 4735 599 4771 :
629 4724 830 4772 etcum
867 4713 1096 4777 dederit,
1129 4729 1148 4762 ‹
1191 4724 1318 4765 ecce
1349 4727 1368 4760 ι
1399 4706 1682 4778 apparebit

109 4837 131 4870 ι
165 4812 454 4870 hereditas
480 4806 692 4864 Domini
721 4825 740 4857 ι
769 4803 977 4861 scilicet
998 4801 1142 4867 Filii,
1172 4801 1225 4855 id
1255 4809 1340 4854 est
1359 4798 1493 4869 justi
1524 4798 1637 4853 Viri
1664 4812 1680 4852 :

101 4905 197 4978 qui
228 4903 318 4957 ﬁlii
344 4908 471 4958 sunt
520 4917 538 4950 ‹
571 4910 801 4961 merces,
840 4913 859 4946 ›
891 4893 944 4948 id
989 4901 1073 4948 est
1117 4891 1484 4947 remuneratio
1521 4903 1682 4958 quam

104 4993 364 5053 Dominus
398 4989 544 5046 dedit
564 4986 780 5042 Christo
830 4999 931 5054 pro
958 4982 1262 5053 expletione
1293 4996 1405 5036 suae
1428 4980 1682 5036 obedien-

102 5088 198 5142 tiae
230 5101 246 5139 :
285 5098 497 5140 merces
519 5081 638 5136 dico
669 5098 688 5130 ‹
725 5076 953 5142 fructus,
991 5095 1010 5128 ›
1046 5074 1101 5130 id
1120 5082 1205 5131 est
1241 5073 1410 5143 ipsius
1460 5071 1679 5135 Christi,

101 5177 201 5249 qui
231 5175 332 5231 fuit
356 5174 564 5229 fructus
589 5170 757 5241 ipsius
791 5185 812 5220 ι
848 5166 1056 5223 ventris
1089 5185 1109 5220 ι
1145 5165 1443 5235 virginalis.
1473 5163 1576 5220 Ubi
1605 5162 1686 5218 di-

105 5268 223 5324 cit:
269 5283 288 5316 ι
326 5265 467 5320 Ecce
495 5261 800 5322 haereditas,
844 5277 864 5310 ›
893 5256 1084 5326 incipit
1130 5254 1197 5310 de
1226 5254 1460 5310 secunda
1507 5260 1684 5324 parte,

109 5361 168 5414 in
197 5372 301 5428 qua
325 5353 560 5412 ostendit
585 5365 836 5421 magnam
864 5348 1180 5418 dignitatem
1209 5361 1396 5402 eorum
1425 5344 1517 5414 qui
1559 5350 1686 5399 sunt

109 5450 404 5507 haereditas
427 5444 662 5504 Domini.
689 5443 747 5498 1n
773 5441 946 5512 prima
982 5449 1137 5512 parte
1171 5439 1450 5495 dissuadet
1489 5453 1520 5492 a
1550 5451 1688 5507 prte-

109 5541 437 5612 sumptione.

189 5635 340 5700 Dico,
392 5633 486 5688 ﬁlii
531 5638 691 5687 erunt
735 5642 965 5693 merces,
1013 5633 1068 5682 et
1112 5625 1213 5696 ipsi
1244 5643 1262 5675 ι
1292 5623 1385 5680 ﬁlii
1436 5635 1692 5679 excusso-

117 5744 271 5793 rum,
305 5746 324 5779 ι
355 5725 410 5781 id
434 5731 518 5781 est
539 5723 946 5794 praphetarum,
1003 5717 1095 5790 qui
1146 5718 1400 5773 dicuntur
1435 5729 1694 5770 excusso-

119 5835 234 5887 res,
259 5817 386 5898 quia
416 5831 527 5872 rem
556 5815 831 5879 latentem,
880 5810 1088 5869 scilicet
1134 5807 1567 5878 reprobationcm
1593 5807 1694 5864 hu—

1751 1967 1865 2037 ipse
1894 1968 1970 2019 ait
2002 1981 2016 2017 :
2054 1984 2072 2016 ι
2106 1963 2210 2018 Per
2247 1979 2334 2018 me
2382 1963 2429 2017 si
2477 1961 2600 2031 quis
2669 1961 2984 2027 introierit,
3035 1961 3335 2018 salvabitur

1755 2057 1935 2129 (Joan.
1959 2057 2046 2128 x);
2073 2076 2092 2108 ι
2119 2067 2179 2110 ιιι
2203 2057 2280 2110 sic
2296 2055 2539 2111 dicamus
2567 2072 2579 2107 :
2603 2073 2621 2106 ι
2652 2053 2786 2108 Cum
2817 2053 3064 2124 loquetur
3099 2052 3334 2110 inimicis

1756 2155 1922 2217 suis,»
1949 2153 2002 2206 id
2029 2161 2112 2207 est
2136 2150 2429 2216 haereticis,
2457 2169 2477 2202 ι
2509 2151 2561 2205 in
2586 2157 2763 2219 porta,
2791 2167 2810 2200 ›
2841 2148 2991 2204 idest
3018 2147 3072 2203 in
3095 2146 3330 2214 Christo,

1758 2243 1963 2300 scilicet
1987 2244 2051 2297 de
2075 2242 2192 2312 ipso
2214 2241 2430 2296 Christo
2451 2255 2634 2311 agens,
2659 2255 2766 2294 non
2789 2239 3166 2304 confundetur,
3191 2238 3335 2307 quod

1757 2335 1991 2404 aliquem
2029 2348 2272 2389 errorem
2311 2332 2378 2387 de
2420 2332 2536 2402 ipso
2568 2331 2842 2400 loquatur,
2863 2329 2950 2385 vel
2972 2329 3152 2402 aliquo
3173 2329 3334 2385 modo

1760 2427 1828 2481 ab
1851 2426 2125 2481 hmreticis
2145 2424 2516 2481 convincatur.

2188 2600 2257 2656 ΙΝ
2291 2599 2622 2658 PSALMUM
2661 2600 2916 2658 CXXVII.

2119 2731 2360 2790 Tt'wws
2377 2751 2389 2788 :
2405 2733 2681 2789 Canticum
2703 2736 2984 2807 graduum.

1840 2887 1859 2920 ‹
1893 2867 2043 2924 Beati
2076 2881 2284 2923 omnes.
2335 2886 2355 2920 ι
2393 2867 2452 2922 In
2486 2869 2590 2923 hoc
2616 2867 2823 2938 psalmo
2861 2869 3022 2924 habet
3061 2871 3344 2927 materiam

1765 2961 1912 3017 hunc
1957 2958 2184 3029 gradum
2227 2958 2434 3014 scilicet
2460 2959 2709 3015 timorem
2750 2959 2996 3026 Domini,
3029 2971 3084 3016 et
3121 2963 3350 3018 intendit

1765 3051 2057 3106 admonere
2081 3050 2147 3104 ad
2168 3050 2416 3105 eumdem
2450 3051 2678 3120 gradum
2705 3050 2823 3106 illos
2849 3066 2982 3122 quos
3008 3053 3071 3106 de
3093 3068 3351 3123 praesum-

1766 3144 1948 3215 ptione
1989 3143 2236 3214 superius
2275 3143 2571 3198 admonuit.
2604 3143 2661 3198 ln
2705 3145 2876 3214 prima
2925 3155 3078 3215 parte
3114 3148 3352 3203 ostendit

1771 3234 1902 3306 quid
1938 3234 2137 3289 efﬁciat
2179 3234 2344 3288 timor
2374 3234 2608 3288 Domini.
2650 3235 2707 3289 ln
2747 3237 2980 3291 secunda
3016 3246 3203 3306 parte,
3233 3254 3352 3308 qua:

1771 3324 1995 3394 incipit:
2035 3343 2052 3375 ι
2101 3323 2394 3378 Benedicat
2425 3324 2522 3378 tibi
2564 3323 2823 3380 Dominus
2847 3339 2916 3379 ex
2949 3325 3101 3392 Sion,
3153 3347 3171 3378 ›
3203 3328 3355 3398 ponit

1771 3414 2074 3469 orationem
2102 3429 2222 3484 quze
2258 3415 2422 3482 bona,
2463 3416 2671 3473 scilicet
2697 3417 2879 3487 ipsum
2915 3416 3085 3473 Deum
3117 3420 3353 3475 timenti-

1771 3504 1892 3570 bus,
1923 3515 2163 3576 exoptat.

1845 3596 2010 3664 Quasi
2063 3597 2270 3651 diceret
2300 3615 2313 3651 :
2349 3596 2458 3652 Vos
2494 3598 2586 3668 qui
2622 3599 2766 3655 bona
2805 3599 3009 3656 Christi
3057 3602 3355 3672 recepistis,

1775 3704 1875 3744 nec
1898 3690 2060 3744 etiam
2092 3691 2444 3759 praesumitis,
2477 3691 2665 3747 timete
2695 3694 3002 3760 Dominum,
3027 3697 3152 3764 quia
3187 3714 3206 3748 ι
3242 3711 3358 3752 om-

1775 3794 1875 3835 nes
1910 3780 2001 3849 qui
2039 3781 2230 3835 timent
2257 3781 2545 3836 Dominum
2583 3802 2602 3834 ›
2640 3792 2789 3838 casto
2825 3785 3053 3854 timore,
3082 3805 3101 3838 ι
3142 3788 3288 3843 beati
3332 3807 3354 3842 ι

1776 3882 1930 3938 sunt,
1959 3873 2012 3927 id
2043 3881 2128 3928 est
2164 3873 2240 3927 illi
2276 3891 2295 3924 ‹
2331 3874 2424 3942 qui
2452 3894 2471 3925 ›
2508 3889 2631 3929 eum
2667 3876 2888 3943 timent,
2928 3896 2946 3928 ι
2975 3879 3252 3935 ambulant
3304 3881 3360 3936 in

1776 3965 1878 4019 viis
1907 3965 2053 4033 ejus,
2084 3985 2102 4017 ι
2141 3965 2226 4020 vel
2263 3966 2318 4020 in
2338 3968 2624 4038 praeceptis
2648 4007 2662 4033 ,
2683 3967 2769 4022 vel
2800 3969 3119 4025 imitatione.

1847 4053 1985 4110 Vere
2007 4057 2198 4110 beatus
2223 4055 2354 4122 eris,
2392 4076 2410 4107 ‹
2446 4058 2573 4127 quia
2601 4059 2978 4127 manducabis,
3016 4080 3035 4113 ι
3073 4061 3126 4116 id
3160 4071 3243 4118 est
3269 4077 3358 4120 re-

1778 4147 2064 4204 fectionem
2095 4149 2192 4204 tibi
2217 4150 2434 4221 capies,
2466 4170 2484 4207 ‹
2517 4150 2731 4208 labores
2756 4168 3015 4210 manuum
3047 4166 3261 4211 tuarum
3281 4198 3297 4223 ,
3334 4177 3355 4212 ι

1777 4241 1832 4296 id
1859 4248 1943 4295 est
1990 4255 2156 4311 opera
2192 4257 2450 4297 manuum
2475 4249 2690 4298 tuarum
2718 4241 2862 4300 facta
2899 4261 3023 4300 cum
3060 4262 3254 4320 magno
3287 4246 3365 4304 la-

1777 4332 1910 4386 bore
1942 4344 1958 4384 :
1988 4339 2042 4384 et
2068 4331 2194 4399 quia
2228 4331 2330 4386 hoc
2352 4333 2736 4399 manducabis,
2770 4351 2788 4384 ι
2817 4333 3007 4392 beatus
3038 4351 3098 4393 es
3127 4358 3146 4390 ι
3177 4340 3232 4394 in
3259 4339 3364 4394 hac

1777 4422 1918 4486 vita,
1949 4439 1967 4473 ι
1997 4431 2052 4476 et
2087 4423 2224 4478 bene
2253 4423 2351 4478 tibi
2392 4424 2498 4478 erit
2530 4443 2549 4476 ι
2582 4425 2637 4479 in
2665 4423 2867 4482 futura.
2892 4427 3047 4496 Quod
3071 4431 3222 4502 prius
3248 4433 3365 4502 plu-

1780 4514 1967 4569 raliter
1987 4515 2054 4569 de
2088 4515 2329 4570 Ecclesia
2352 4515 2622 4586 loquitur,
2652 4518 2720 4574 ad
2751 4519 3147 4578 multitudinem
3179 4538 3366 4594 perso-

1790 4622 1916 4660 nam
1942 4605 2194 4676 respicit;
2240 4605 2383 4675 quod
2410 4614 2589 4663 autem
2627 4610 2694 4666 de
2722 4610 2912 4666 eadem
2943 4611 3184 4668 Ecclesia
3219 4622 3367 4684 post-

1790 4697 2008 4753 modum
2048 4699 2104 4754 in
2143 4698 2402 4768 singulari
2443 4714 2671 4757 numero
2713 4701 2982 4772 loquitur,
3009 4705 3076 4759 ad
3112 4704 3367 4761 Ecclesiae

1789 4791 2008 4860 respicit
2034 4791 2318 4845 unitatem.
2350 4790 2419 4846 Et
2445 4792 2606 4847 etiam
2640 4793 2694 4848 in
2723 4793 2825 4849 hoc
2847 4793 3038 4851 beatus
3061 4795 3194 4863 eris,
3226 4797 3364 4868 quod

1796 4898 1816 4932 ι
1842 4895 1981 4936 uxor
2010 4888 2098 4935 tua
2118 4921 2133 4946 ,
2162 4899 2180 4932 ι
2215 4881 2269 4936 id
2300 4890 2383 4936 est
2407 4881 2656 4938 animalis
2693 4894 2886 4939 natura
2924 4894 3038 4954 tua,
3066 4902 3185 4956 qua:
3210 4887 3370 4944 debet

1791 4972 1980 5042 subjici
2002 4974 2120 5028 viro
2145 5013 2159 5039 ,
2187 4975 2241 5029 id
2270 4984 2352 5030 est
2399 4975 2593 5030 rationi
2639 4991 2738 5046 per
2782 4993 2942 5048 quam
2982 4988 3231 5047 regatur,
3263 4979 3370 5034 erit

1792 5082 1811 5116 ι
1846 5064 2126 5119 abundans
2153 5085 2170 5116 ι
2207 5065 2362 5120 bonis
2389 5063 2655 5122 fructibus
2679 5076 2733 5122 et
2758 5068 3034 5138 operibus,
3071 5086 3090 5118 ι
3128 5067 3270 5122 sicut
3289 5067 3370 5125 vi-

1787 5155 1858 5210 tis
1894 5173 1907 5208 :
1945 5174 1965 5210 ι
1999 5170 2136 5211 uxor
2170 5156 2320 5222 dico,
2348 5157 2522 5227 posita
2555 5175 2575 5210 ‹
2613 5158 2667 5213 in
2702 5158 2961 5213 lateribus
2998 5158 3222 5226 domus,
3257 5179 3276 5212 ›
3313 5159 3369 5216 id

1788 5253 1875 5301 est
1929 5245 1984 5299 in
2034 5245 2311 5300 vicinitate
2353 5247 2508 5302 bona:
2546 5247 2890 5303 conscientia:
2937 5266 2954 5298 ι
2996 5257 3118 5312 tum,
3179 5269 3197 5300 ι
3243 5250 3366 5318 quia

1790 5337 1930 5390 bona
1955 5335 2128 5390 vicina
2163 5337 2268 5390 erit
2293 5338 2408 5392 viro
2447 5353 2566 5404 suo,
2596 5339 2646 5391 id
2677 5346 2760 5392 est
2799 5337 2994 5392 rationi
3021 5357 3032 5391 :
3058 5348 3112 5393 et
3142 5353 3238 5408 per
3264 5339 3370 5394 hoc

1791 5442 1897 5482 non
1935 5427 2223 5482 seducctur
2263 5429 2374 5497 ipsa
2418 5444 2583 5494 uxor,
2621 5428 2759 5482 sicut
2807 5428 2918 5483 Eva
2959 5428 3177 5484 seducta
3216 5429 3318 5484 fuit
3349 5442 3368 5484 :

1792 5521 2176 5576 conscientiam
2199 5521 2416 5576 domum
2452 5535 2728 5584 vocamus,
2751 5519 2877 5589 quia
2903 5520 2956 5576 in
2984 5536 3046 5576 ea
3077 5521 3369 5593 hospitium

1794 5614 2021 5670 Domino
2044 5629 2425 5685 praparamus.
2453 5615 2550 5669 Vel
2574 5629 2670 5682 per
2689 5629 2911 5668 uxorem
2929 5629 3214 5684 possumus
3235 5616 3370 5671 acci~

1794 5725 1922 5779 pere
1961 5711 2276 5780 sapientiam
2298 5750 2312 5775 ,
2361 5717 2422 5764 ut
2456 5709 2534 5764 sic
2567 5708 2810 5764 dicamus
2837 5723 2851 5761 :
2879 5708 3032 5765 Uxor
3060 5718 3180 5776 tua,
3210 5712 3262 5767 id
3288 5721 3372 5768 est

1795 5805 2076 5876 sapientia,
2102 5821 2222 5886 qu:e
2250 5805 2391 5860 fovet
2415 5810 2469 5860 et
2497 5803 2668 5860 nutrit
2696 5805 2869 5859 virum
2891 5844 2904 5870 ,
2936 5804 3076 5860 sicut
3102 5821 3255 5872 uxor,
3288 5817 3372 5865 est
