3898 6464
621 400 727 460 διδ

1072 396 1430 456 HAYMONIS
1467 391 1948 450 HALBERSTAT.
1990 388 2205 447 EPISC.
2247 384 2398 447 OPP.
2439 387 2620 444 PARS
2656 389 2699 446 Ι.
2739 420 2812 432 -
2845 390 3201 448 COMMENT.
3241 392 3415 449 BIBL.
3817 398 3876 457 ﬂ

620 517 901 575 abundans
928 514 1084 571 bonis
1108 514 1389 578 fructibus,
1415 513 1539 583 quia
1573 512 1702 566 facit
1731 516 1785 565 te
1814 510 2029 580 operari
2059 508 2198 563 sicut
2226 516 2278 576 Α
2305 506 2431 576 quia
2473 525 2489 557 1
2521 521 2661 575 saepe
2687 516 3131 578 expugnaverunt
3161 523 3266 574 me,
3298 528 3317 562 ι
3342 509 3399 564 id
3425 518 3524 566 est
3576 508 3675 568 sic
3698 512 3876 572 nihil:

607 608 736 664 vitis
768 626 781 662 ε
815 623 954 663 uxor
982 607 1101 661 dico
1140 606 1312 675 posita
1355 605 1407 658 in
1456 603 1718 658 lateribus
1752 604 1943 657 domus
1972 609 2106 665 tuae,
2138 599 2193 654 id

608 711 691 757 est
725 700 932 755 duobus
971 688 1328 754 Testamentis
1358 712 1373 750 :
1413 696 1538 766 quia
1561 710 1659 765 per
1687 694 2005 766 sapientiam
2029 708 2190 763 quam

607 791 773 847 habet
794 793 846 847 in
861 792 990 862 ipsis
1012 790 1389 852 Testamentis,
1418 798 1474 844 et
1502 805 1560 844 se
1579 797 1631 842 et
1653 788 1825 858 ipsum
1855 787 2031 841 virum
2052 786 2191 841 bene

608 884 738 942 facit
772 887 1014 956 operari,
1048 894 1102 939 et
1134 883 1268 939 alios
1300 885 1455 938 docet
1480 884 1615 938 bene
1652 881 1903 952 operari:
1930 896 2049 950 quae
2083 880 2188 935 duo

608 978 947 1035 Testamenta
988 988 1113 1034 sunt
1144 979 1330 1044 latera,
1358 979 1410 1033 id
1458 986 1541 1033 est
1578 985 2001 1033 sustentamenta
2034 976 2189 1031 bonae

605 1073 966 1139 conscientiae,
991 1080 1046 1127 et
1064 1072 1169 1127 hoc
1185 1079 1268 1127 est
1298 1072 1491 1126 domus
1516 1080 1640 1125 tuae.

669 1166 727 1222 In
759 1168 861 1221 hoc
885 1167 1051 1221 etiam
1075 1167 1264 1220 beatus
1296 1165 1427 1230 eris,
1455 1165 1581 1234 quia
1613 1183 1631 1215 1
1674 1163 1769 1218 ﬁlii
1796 1164 1894 1226 tui,
1918 1182 1938 1215 ι
1966 1178 2101 1233 quos
2127 1171 2187 1217 tu

602 1274 828 1332 generas
872 1259 984 1313 Deo
1017 1259 1398 1328 praedicatione
1428 1266 1481 1311 et
1513 1257 1779 1327 exemplo,
1810 1264 1969 1311 erunt
1999 1275 2017 1306 1
2049 1256 2188 1310 sicut

603 1353 828 1407 novellae
848 1353 1133 1415 olivarum,
1161 1371 1180 1402 ›
1219 1352 1271 1405 id
1296 1358 1377 1404 est
1404 1351 1541 1404 sicut
1568 1347 1791 1405 novellae
1819 1347 1971 1402 olivae
1996 1366 2009 1400 :
2039 1346 2183 1417 quia,
2260 1406 2263 1409 γ

604 1443 745 1497 sicut
776 1441 997 1497 novellm
1030 1455 1243 1510 semper
1267 1440 1466 1495 virides
1496 1445 1642 1502 sunt,
1684 1438 1736 1491 id
1765 1446 1846 1492 est
1880 1434 2051 1507 magis
2077 1435 2187 1489 fru—

610 1536 874 1600 ctiﬁcant,
902 1550 1065 1604 quam
1096 1533 1230 1597 alim,
1256 1535 1334 1589 sic
1356 1534 1446 1588 ﬁlii
1473 1533 1547 1587 tui
1568 1541 1620 1587 et
1638 1532 1874 1586 virentes
1894 1538 2053 1585 erunt
2078 1529 2187 1583 vir-

601 1626 803 1681 tutibus
846 1633 900 1681 et
938 1625 1328 1681 fructiﬁcantes
1365 1626 1519 1680 bonis
1557 1625 1811 1695 operibus
1856 1642 1869 1677 :
1930 1622 2025 1676 ﬁlii
2066 1621 2185 1676 dico

600 1716 759 1786 positi
792 1734 811 1766 1
845 1715 899 1771 in
928 1716 1155 1771 circuitu
1178 1731 1376 1771 mensae
1406 1724 1529 1780 ture,
1573 1736 1592 1767 ι
1625 1715 1679 1770 id
1706 1723 1788 1769 est
1813 1713 2007 1768 divinae
2031 1710 2182 1766 Scri-

600 1815 789 1875 pturae,
820 1813 878 1859 ut
903 1814 992 1860 tua
1021 1806 1265 1861 doctrina
1291 1806 1622 1861 reﬁciantur.
1653 1805 1784 1870 Vel,
1816 1823 1833 1854 1
1866 1804 1919 1858 in
1951 1803 2183 1858 circuitu

598 1888 801 1952 mensae
825 1906 957 1964 ture,
997 1918 1015 1950 ι
1055 1898 1107 1951 id
1146 1897 1244 1953 est
1270 1898 1478 1961 altaris,
1509 1897 1595 1951 ubi
1636 1894 1902 1950 Dominiei
1940 1895 2183 1964 corporis
2211 1872 2257 1931 Β
2284 1902 2443 1968 ciem,
2467 1913 2524 1957 ut
2551 1919 2635 1957 me
2660 1902 2944 1959 manifeste
2966 1912 3367 1975 oppugnarent,
3397 1906 3510 1960 sed
3542 1926 3558 1956 1
3579 1917 3813 1975 μώλωπα

596 1982 889 2045 refectione
922 1991 1196 2045 cibantur.
1230 1990 1353 2045 Ideo
1389 1989 1580 2045 melius
1626 1989 1776 2060 eligit
1804 1990 1902 2044 has
1931 1990 2063 2044 duas
2097 2005 2183 2044 ar-

598 2082 761 2137 bores
795 2097 955 2151 quam
988 2082 1120 2138 alias
1143 2082 1479 2147 fructiferas,
1502 2082 1624 2151 quia
1646 2096 1742 2152 per
1757 2082 1921 2135 vitem
1950 2080 2179 2135 austeri-

598 2180 763 2227 tatem
797 2173 1039 2242 justitiae,
1080 2188 1175 2243 per
1212 2173 1409 2228 olivam
1437 2173 1757 2228 suavitatem
1784 2171 2034 2226 miserieo
2048 2171 2179 2226 rdiae

594 2263 941 2333 intelligimus
970 2281 983 2317 :
1016 2279 1135 2333 qum
1158 2262 1263 2317 duo
1292 2263 1658 2333 unusquisque
1688 2261 1862 2317 ﬁdelis
1886 2263 2047 2317 debet
2075 2263 2172 2315 ha-

594 2352 724 2408 bere
753 2353 807 2408 in
832 2368 891 2407 se
918 2370 931 2407 :
958 2355 1160 2422 quibus
1181 2354 1394 2408 duobus
1426 2354 1799 2408 Samaritanus
1820 2353 2015 2424 legitur
2038 2352 2174 2407 infu-

595 2441 737 2496 disse
763 2443 818 2496 in
836 2443 1059 2498 vulnera
1074 2442 1216 2498 illius
1244 2463 1261 2495 1
1275 2444 1367 2513 qui
1382 2443 1659 2498 descendit
1676 2443 1742 2497 ab
1766 2441 2099 2498 Hierusalem
2120 2442 2176 2497 in

594 2533 870 2602 Hiericho,
896 2544 950 2592 et
973 2537 1159 2591 incidit
1181 2537 1237 2591 in
1268 2536 1505 2592 latrones
1539 2534 1690 2606 (Luc.
1725 2535 1802 2605 χ).
1853 2554 1872 2586 ι

658 2632 801 2687 Bene
827 2640 1053 2703 apparet
1093 2633 1237 2701 quod
1276 2632 1464 2687 beatus
1502 2631 1610 2686 eris
1650 2630 1846 2685 timens
1888 2630 2169 2685 Dominum

592 2724 721 2794 quia
751 2742 770 2776 1
812 2739 939 2781 ecce
978 2725 1088 2789 sic,
1118 2744 1139 2777 ι
1183 2725 1324 2779 sicut
1364 2725 1567 2780 dictum
1617 2724 1789 2789 est,'1
1828 2724 2172 2779 benedicetur

586 2831 754 2895 homo
787 2830 879 2902 qui
912 2831 1063 2885 timet
1088 2830 1395 2886 Dominum.
1427 2850 1443 2882 ι

669 2943 686 2975 1
720 2922 1011 2978 Benedicat
1040 2922 1153 2975 tibi.
1186 2940 1204 2971 ›
1243 2921 1375 2975 Pars
1406 2920 1663 2975 secunda.
1704 2919 1769 2973 Et
1810 2918 1863 2972 in
1889 2918 1991 2972 hac
2019 2926 2170 2987 opta-

594 3014 737 3069 tione
772 3012 1007 3067 ostendit
1047 3010 1294 3067 allectum
1342 3026 1500 3080 quem
1540 3011 1702 3065 habet
1749 3025 1875 3081 erga
1918 3010 2170 3065 timentes

592 3102 908 3157 Dominnm..
939 3100 1281 3155 Continuatio
1309 3118 1321 3152 :
1348 3100 1479 3154 Dico
1522 3100 1600 3154 sic
1640 3099 2014 3162 benedicatur,
2055 3107 2109 3154 et
2138 3115 2170 3153 ο

592 3201 646 3246 tu
676 3191 868 3255 homo,
901 3191 1094 3247 timens
1133 3191 1447 3257 Dominum,
1484 3208 1503 3243 1
1538 3190 1823 3245 benedicat
1858 3191 1954 3246 tibi
1983 3190 2164 3245 Domi-

592 3302 694 3341 nus
716 3301 783 3341 ex
809 3284 939 3340 Sion
973 3305 989 3334 ο
1025 3284 1247 3339 veniens
1270 3325 1285 3349 ,
1316 3285 1442 3353 quia
1471 3292 1632 3339 natus
1660 3284 1949 3339 carnaliter
1984 3284 2086 3338 fuit
2110 3284 2165 3338 in

589 3374 739 3432 Sion.
770 3374 894 3441 Vel,
923 3397 941 3427 1
972 3392 1039 3431 ex
1063 3376 1192 3431 Sion
1218 3417 1231 3441 ,
1282 3395 1300 3428 ›
1345 3375 1397 3430 id
1424 3384 1592 3430 estex
1621 3374 1723 3430 hoc
1745 3375 1888 3445 quod
1912 3384 1971 3431 tu
1991 3374 2168 3430 factus

587 3480 653 3520 ex
683 3465 843 3532 Sion,
873 3466 927 3521 id
949 3474 1030 3521 est
1069 3466 1353 3535 speculans
1382 3475 1583 3521 aeterna
1611 3484 1624 3520 :
1663 3485 1681 3517 1
1722 3476 1777 3521 et
1801 3465 1983 3522 videas
2026 3468 2167 3523 bona

587 3558 918 3615 Hierusalem
961 3579 979 3610 ι
1013 3558 1525 3621 caelestisseilicet,
1582 3558 1846 3628 perducat
1887 3567 1938 3613 te
1966 3559 2035 3614 ad
2076 3559 2165 3614 illa

586 3651 727 3706 bona
760 3650 1019 3705 Dominus
1053 3669 1065 3705 :
1096 3651 1280 3706 videas
1321 3651 1437 3707 dico
1466 3669 1485 3700 1
1517 3649 1767 3706 omnibus
1812 3649 2000 3705 diebus
2042 3650 2165 3706 vitae

586 3754 711 3814 tum,
738 3767 757 3800 ι
794 3746 847 3801 id
876 3754 959 3802 est
980 3746 1034 3800 in
1062 3748 1380 3803 aeternitate.

658 3868 677 3903 1
711 3846 780 3903 Et
812 3868 830 3900 ι
862 3865 970 3907 non
1002 3857 1058 3902 tu
1099 3848 1270 3903 solum
1314 3849 1416 3903 hoc
1448 3850 1661 3915 videas,
1694 3849 1789 3905 sed
1833 3850 1997 3905 etiam
2029 3868 2049 3902 1
2085 3850 2164 3904 vi-

584 3940 713 3994 deas
747 3960 765 3991 ι
803 3940 857 3993 in
884 3940 972 3993 illa
996 3938 1329 3994 Hierusalem
1349 3980 1363 4003 ,
1392 3960 1409 3992 1
1443 3940 1580 3996 ﬁlios
1611 3941 1841 3996 ﬁliorum
1868 3950 2103 4009 tuorum,
2136 3961 2157 3996 ›

581 4031 635 4087 id
675 4038 760 4086 est
796 4030 1097 4085 imitatores
1130 4030 1377 4096 illorum,
1420 4033 1511 4102 qui
1543 4040 1630 4087 tua
1668 4034 2047 4101 praedicatione
2072 4050 2164 4106 ge-

554 4120 758 4193 ‘nerati
788 4128 930 4179 sunt.
961 4119 1028 4173 Et
1054 4120 1179 4189 quid
1211 4134 1306 4191 per
1331 4120 1576 4192 singula?
1602 4122 1796 4178 Videas
1823 4142 1838 4174 1
1864 4139 2052 4194 pacem
2079 4141 2164 4181 su-

587 4229 687 4289 per
705 4212 890 4277 Israel,
929 4232 948 4265 ›
980 4211 1031 4267 id
1057 4220 1139 4268 est
1159 4221 1412 4268 aeternam
1446 4216 1910 4285 tranquillitatem,
1937 4233 2055 4287 quae
2080 4228 2163 4275 est

587 4321 606 4356 1
635 4319 815 4374 super,
839 4322 856 4354 ι
892 4303 943 4359 id
967 4311 1067 4368 est,
1094 4303 1264 4373 major
1287 4304 1451 4359 etiam
1480 4320 1641 4376 quam
1663 4308 1857 4377 aliquis
1879 4309 1960 4363 vir
1974 4309 2162 4367 videns

578 4395 749 4457 Deum
776 4394 955 4453 valeat
972 4397 1288 4469 promereri.

991 4545 1059 4602 IN
1096 4547 1425 4605 PSALMUM
1457 4549 1726 4606 CXXVIII.

743 4676 984 4733 TITULUS
1016 4690 1032 4730 :
1072 4675 1348 4765 gaudeam
1381 4682 1640 4751 graduum
1670 4678 1987 4736 Salomonis.

650 4828 672 4861 1
714 4808 867 4881 Saepe
898 4821 1359 4884 expugnaverunt.
1400 4834 1419 4867 ›
1459 4815 1749 4885 Postquam
1793 4818 1859 4872 de
1898 4833 2157 4888 praesum-
2190 4872 2199 4883 ,

568 4902 755 4975 ptione
780 4910 834 4958 et
864 4902 959 4958 Dei
1001 4904 1194 4961 timore
1220 4909 1579 4976 praemonuit,
1620 4910 1875 4966 admonet
1914 4912 1979 4966 de
2018 4912 2153 4968 tole-

569 4996 768 5062 rantia,
796 5004 852 5052 et
868 4999 1116 5053 eumdem
1140 4982 1365 5072 gradum
1389 5002 1550 5057 habet
1570 5004 1874 5057 materiam.
1900 5004 1957 5059 In
1978 5006 2152 5076 prima

566 5096 726 5161 parte
762 5089 1018 5147 admonet
1040 5091 1287 5148 homines
1307 5093 1441 5149 Novi
1467 5094 1797 5151 Testamenti
1825 5096 1894 5152 ad
1920 5097 2155 5153 toleran-

568 5179 727 5246 tiam,
768 5195 863 5251 per
888 5184 1194 5254 exemplum
1228 5186 1469 5241 omnium
1495 5188 1765 5255 justorum
1793 5206 1822 5244 a
1851 5192 2027 5261 primo
2070 5190 2154 5260 ju-

569 5279 674 5327 sto.
700 5269 757 5326 ln
783 5276 1013 5332 secunda
1032 5316 1047 5343 ,
1078 5292 1197 5347 quae
1220 5278 1407 5348 incipit
1433 5298 1443 5332 :
1475 5298 1494 5331 1
1518 5279 1927 5337 Confundantur
1947 5290 2001 5337 et
2027 5300 2155 5339 con-

569 5371 851 5419 vertantur
884 5375 1176 5423 retrorsum
1198 5409 1211 5433 ,
1249 5389 1267 5419 »
1301 5369 1584 5424 obstinatis
1622 5371 1819 5425 malum
1857 5382 2109 5442 precatur
2138 5389 2152 5428 :

568 5468 667 5524 per
688 5456 830 5525 quod
853 5471 951 5513 nos
982 5458 1049 5512 ad
1077 5459 1415 5514 tolerantiam
1440 5460 1708 5528 hortatur,
1734 5476 1801 5516 ne
1822 5478 1946 5520 cum
1971 5465 2150 5537 impiis

568 5543 624 5600 in
653 5546 886 5602 adventu
915 5545 1115 5616 judicis
1147 5552 1593 5607 condemnemur.

640 5640 803 5708 Quasi
829 5643 1033 5698 diceret
1063 5660 1075 5698 :
1112 5643 1220 5699 Vos
1249 5646 1341 5716 qui
1366 5646 1480 5716 jam
1508 5644 1575 5699 de
1603 5644 1755 5699 vobis
1799 5660 1904 5701 non
1943 5663 2148 5717 praesu-

567 5732 738 5798 mitis,
760 5734 885 5789 dum
908 5734 1051 5791 ﬁliali
1076 5738 1269 5792 timore
1294 5739 1463 5794 Deum
1488 5738 1710 5803 timetis,
1744 5754 1865 5792 cum
1899 5740 2019 5794 mali
2054 5757 2147 5797 vos

569 5830 1003 5899 persequuntur,
1035 5828 1373 5889 tolerantiam
1424 5828 1669 5886 habeatis
1719 5828 1965 5898 exemplo
2015 5831 2142 5899 mei,

2194 3232 2238 3297 ο
2274 3247 2295 3280 1
2345 3230 2745 3286 confundantur
2789 3250 2808 3282 ι
2852 3248 2978 3287 cum
3012 3234 3229 3289 dicetur
3271 3254 3284 3289 :

2295 596 2528 651 tionibus
2554 595 2849 652 affecerunt
2884 600 3136 654 utetiam
3175 602 3513 672 quandoque
3539 604 3876 664 occiderent:

2293 697 2348 743 et
2390 689 2475 743 hic
2513 688 2754 757 loquitur
2799 688 2853 744 in
2890 707 3119 761 persona
3159 693 3399 748 omnium
3443 695 3754 765 justorum
3782 698 3876 757 Novi

2290 776 2624 834 Tcstamenti
2672 787 2773 834 :et
2813 781 2915 836 hoc
2942 800 2961 832 1
2998 797 3029 835 a
3065 781 3346 849 juventute
3386 798 3558 850 mea,
3600 805 3624 837 ι
3666 787 3725 843 id
3759 802 3867 847 est:

2291 877 2532 938 tempore
2552 869 2711 939 primi
2733 869 2886 938 justi,
2917 885 3070 940 aquo
3092 870 3315 941 incmpit
3333 873 3615 929 Ecclesia
3649 894 3663 929 :
3697 888 3749 932 et
3769 882 3865 937 sim

2289 978 2387 1034 ego
2418 963 2557 1029 dico,
2593 963 2670 1017 sic
2704 981 2721 1013 1
2754 963 2898 1018 dicat
2935 983 2954 1015 ι
2984 963 3160 1019 omnis
3190 983 3209 1015 1
3239 963 3440 1032 lsrael,
3478 984 3500 1017 ι
3532 966 3599 1021 id
3622 977 3707 1025 est
3729 972 3855 1028 vim”.

2291 1056 2423 1110 dens
2453 1056 2642 1121 Deum,
2674 1075 2692 1107 1
2725 1071 2884 1121 nunc,
2917 1076 2936 1108 ι
2969 1055 3020 1110 id
3040 1065 3124 1112 est
3154 1056 3337 1111 statim
3372 1058 3434 1112 in
3465 1059 3593 1114 hoc
3614 1068 3851 1131 praesumi:

2290 1145 2412 1201 ideo
2446 1148 2577 1201 dicit
2615 1166 2633 1199 1
2664 1162 2840 1211 nunc,
2889 1166 2907 1199 ι
2946 1147 3075 1218 quia
3115 1148 3357 1203 futurum
3392 1158 3495 1204 est
3539 1155 3759 1221 quando
3782 1170 3848 1211 eis

2288 1239 2541 1294 clamabit
2562 1240 2723 1295 Israel
2748 1241 2812 1294 de
2841 1254 2938 1294 sua
2969 1241 3401 1313 impugnatione,
3428 1242 3667 1300 scilicet
3690 1252 3841 1318 quam

2287 1332 2391 1387 erit
2415 1331 2468 1385 in
2493 1332 2701 1386 caelesti
2733 1330 3086 1386 Hierusalem.

2358 1422 2471 1477 Hoc
2508 1424 2717 1478 scilicet
2749 1424 2893 1477 dicat
2934 1440 2946 1476 :
2990 1443 3009 1474 1
3058 1421 3211 1493 Saepe
3239 1438 3710 1497 expugnaverunt
3736 1446 3831 1485 uua

2280 1512 2565 1584 juventute
2596 1530 2714 1570 mea
2758 1533 2777 1566 ι
2810 1523 2863 1571 et
2892 1530 3017 1570 vere
3056 1531 3230 1587 saepe,
3261 1534 3282 1567 1
3316 1518 3549 1573 etenim
3575 1535 3679 1574 non
3704 1532 3830 1592 pom-

2287 1612 2413 1659 runt
2442 1605 2573 1659 mihi
2610 1625 2629 1657 »
2660 1606 2971 1676 praevalere,
2999 1607 3124 1677 quia
3151 1607 3198 1661 si
3219 1622 3306 1662 me
3336 1609 3532 1665 semel
3554 1612 3818 1673 occidissent.

2288 1712 2395 1752 non
2429 1704 2571 1751 esset
2595 1696 2941 1768 pugnandum
2966 1697 3103 1753 ultra
3124 1713 3248 1753 cum
3271 1699 3378 1754 eis.

2357 1808 2487 1864 Dico
2521 1826 2538 1860 1
2573 1818 3037 1880 expugnaverunt,
3077 1830 3095 1863 ι
3126 1817 3183 1866 et
3208 1811 3316 1865 hoc
3345 1826 3469 1867 non
3500 1821 3685 1867 tantum
3704 1814 3815 1869 infa-

2282 1994 2738 2060 fabricaverunt,»
2776 1996 2829 2050 id
2854 2003 2939 2051 est
2970 1996 3139 2052 multa
3165 1996 3306 2050 mala
3334 1996 3647 2052 intulerunt
3666 2017 3682 2049 1
3702 2014 3800 2069 squ

2286 2088 2505 2143 dorsum
2542 2103 2745 2153 meum,
2786 2106 2804 2138 ›
2840 2085 2894 2141 id
2930 2098 3015 2143 est
3055 2103 3217 2159 supra
3246 2087 3377 2143 illos
3422 2089 3498 2143 de
3537 2088 3789 2158 Ecclesia?

2283 2194 2383 2249 per
2410 2194 2466 2234 se
2490 2194 2598 2234 non
2626 2179 2826 2233 habent
2848 2193 3035 2232 verum
3062 2179 3264 2244 lumen,
3295 2180 3403 2233 sed
3432 2183 3781 2250 sequunturiet

2278 2278 2332 2325 et
2358 2271 2461 2324 hoc
2491 2269 2619 2334 diu;
2673 2279 2728 2325 et
2754 2269 2859 2325 hoc
2889 2277 2974 2326 est
3007 2288 3019 2323 :
3066 2288 3085 2321 1
3119 2269 3603 2342 prolongaverunt

2279 2370 2387 2417 tem
2426 2376 2598 2415 suam.
2638 2380 2656 2412 ι

2342 2472 2425 2526 Illi
2448 2472 2678 2542 superbe
2701 2470 3000 2529 Ecclesiam
3025 2474 3298 2544 persecuti
3326 2483 3502 2542 sunt,
3537 2495 3557 2529 1
3579 2477 3784 2532 Domina»

2272 2564 2419 2622 solus
2448 2584 2465 2615 1
2494 2563 2677 2633 justus
2714 2564 2985 2629 concidet,
3016 2584 3035 2617 ι
3070 2564 3121 2619 id
3148 2574 3232 2621 est
3284 2566 3356 2621 ad
3397 2568 3782 2624 humilitati-me

2272 2657 2463 2724 ducet,
2495 2676 2512 2708 1
2555 2657 2829 2725 cervices,
2867 2676 2887 2709 ›
2919 2658 2975 2712 id
3010 2666 3095 2713 est
3119 2658 3454 2715 altitudines
3480 2671 3543 2717 et
3568 2662 3785 2731 superbiae

2275 2768 2294 2802 1
2324 2757 2699 2819 peccatorum,
2747 2768 2765 2829 ξ
2803 2748 3010 2806 scilicet
3035 2750 3251 2807 illorum
3277 2753 3544 2809 omnium
3566 2755 3648 2824 qui
3666 2751 3781 2809 ﬁnde

2270 2843 2404 2897 siam
2427 2850 2861 2913 persequuntur.

2340 2953 2471 3009 Pars
2506 2956 2759 3010 secunda.
2792 2955 2925 3013 Dico
2967 2975 2989 3009 1
3032 2958 3284 3014 concidet
3326 2963 3578 3019 centies
3613 2972 3784 3035 ponus»

2270 3060 2429 3108 rum;
2468 3065 2485 3096 ι
2520 3046 2613 3115 qui
2643 3054 2824 3101 autem
2857 3055 2983 3103 sunt
3019 3049 3280 3105 obstinati
3300 3092 3317 3117 ,
3359 3053 3575 3110 scilicet
3595 3054 3659 3109 illi
3683 3069 3785 3108 1e:-

2272 3154 2370 3193 nes
2395 3142 2485 3207 qui
2506 3139 2742 3195 oderunt
2772 3139 2902 3196 Sion
2927 3182 2943 3207 ,
2975 3160 2994 3195 »
3028 3142 3084 3197 id
3098 3153 3187 3200 est
3211 3143 3785 3214 Ecclesiammbstiuka

3332 3255 3354 3288 1
3399 3237 3784 3295 Discediteam

2268 3319 2572 3387 maledicti,
2620 3322 2674 3377 in
2704 3322 2882 3394 ignem
2915 3334 3179 3382 aeternum
3213 3327 3431 3397 (Matth.
3468 3332 3612 3400 nr):
3636 3349 3658 3382 ι
3690 3348 3712 3380 1
3745 3340 3789 3382 et

2266 3425 2653 3471 convertantur
2688 3427 2986 3475 retrorsum
3003 3460 3021 3486 ,
3049 3438 3067 3472 ι
3107 3421 3163 3475 id
3196 3432 3285 3478 est
3310 3426 3559 3493 prireutur
3576 3438 3609 3478 a
3628 3431 3787 3491 potes-

2266 3512 2378 3560 tate
2401 3520 2562 3575 quam
2586 3506 2641 3562 in
2667 3508 2772 3564 hac
2802 3509 2911 3565 vita
2936 3525 3098 3581 super
3120 3511 3304 3581 iustos
3325 3514 3569 3570 obtinent.

2344 3618 2361 3649 1
2408 3598 2565 3653 Fiant
2610 3620 2629 3653 ι
2675 3602 2842 3656 etiam
2878 3622 2898 3655 1
2931 3604 3072 3658 sicut
3112 3604 3296 3661 fenum
3349 3616 3637 3671 tectorum.
3668 3604 3767 3674 μί

2265 3692 2582 3763 priusquam
2608 3694 2870 3750 evellatur
2895 3698 3129 3753 exaruit.
3165 3718 3183 3752 ι
3218 3699 3446 3770 Superbi
3469 3701 3563 3770 qui
3587 3713 3643 3755 se
3665 3699 3711 3752 iu
3728 3695 3776 3749 ὺ-

2266 3792 2378 3840 tum
2400 3787 2634 3858 erigunt,
2657 3790 2852 3845 merito
2870 3788 2994 3846 feno
3016 3801 3280 3849 tectorum
3298 3803 3685 3861 comparantur,
3700 3790 3785 3861 me

2264 3880 2404 3935 sicut
2443 3882 2624 3936 fenum
2654 3890 2918 3938 tectorum
2953 3900 3012 3941 se
3053 3886 3110 3940 in
3145 3886 3297 3941 altum
3316 3886 3501 3955 erigit,
3544 3893 3603 3938 et
3648 3894 3787 3939 tam

2265 3972 2381 4027 sine
2404 3974 2583 4028 radice
2601 3983 2683 4028 est
2699 4015 2714 4041 ,
2734 3974 2805 4028 ita
2830 3991 2888 4031 se
2914 3977 3015 4048 ipsi
3036 3978 3248 4050 erigunt
3268 3995 3284 4032 :
3305 3984 3359 4031 et
3375 3974 3788 4045 antequamevd—

2265 4064 2465 4132 lantur,
2491 4067 2543 4121 id
2566 4074 2651 4123 est
2672 4068 2989 4136 moriantur,
3019 4078 3275 4127 arescunt
3290 4069 3443 4124 bouis
3468 4068 3685 4131 ultime,
3704 4066 3787 4137 quia

2264 4157 2527 4212 rationem
2550 4158 2787 4214 cmlestis
2807 4160 3063 4217 doctrina:
3084 4176 3193 4216 non
3212 4169 3459 4231 quaerunt
3472 4175 3577 4215 nec
3597 4159 3785 4229 diligunt

2269 4268 2289 4300 1
2326 4250 2402 4304 De
2437 4265 2544 4319 quo
2595 4250 2754 4317 feno,
2796 4269 2815 4303 ι
2858 4252 2910 4307 id
2952 4260 3037 4308 est
3088 4254 3156 4309 de
3198 4255 3403 4324 quibus
3440 4253 3628 4318 malis,
3664 4270 3681 4302 ι
3714 4263 3785 4304 Im

2263 4342 2505 4410 implebit
2536 4359 2755 4398 manum
2786 4346 2939 4399 suam
2973 4362 2994 4398 ι
3018 4345 3248 4413 angelus
3268 4386 3282 4409 ,
3316 4363 3336 4396 1
3376 4346 3471 4415 qui
3506 4354 3683 4408 metet,
3706 4362 3723 4394 ι
3749 4340 3783 4394 id

2261 4442 2346 4487 est
2365 4434 2637 4503 separabit
2660 4435 2831 4490 bonos
2861 4450 2893 4489 a
2916 4435 3072 4491 malis
3096 4454 3109 4490 :
3139 4452 3162 4487 1
3193 4446 3251 4491 et
3280 4436 3464 4491 sinum
3487 4450 3642 4491 suum
3668 4454 3686 4487 ο
3704 4431 3783 4487 inde

2263 4528 2505 4598 angelus,
2541 4550 2558 4581 1
2598 4529 2688 4599 qui
2715 4530 3018 4601 manipulos
3049 4531 3285 4603 colliget,
3322 4550 3340 4583 ι
3373 4532 3429 4586 id
3450 4541 3539 4587 est
3559 4540 3783 4602 eorum

2184 4591 2238 4653 D
2260 4591 2530 4674 bit-bonos
2551 4591 2766 4691 (M-auh.
2791 4591 2935 4688 xui).
2968 4621 3070 4676 Per
3101 4591 3323 4677 mavnum
3344 4591 3781 4693 intelligiturvei.

2257 4724 2362 4780 per
2385 4711 2559 4764 sinum
2583 4712 2757 4780 quies.
2786 4712 2911 4766 Ideo
2934 4713 3109 4782 angeli
3131 4714 3395 4769 dicuntur
3419 4726 3641 4786 portare
3656 4713 3699 4769 il
3716 4722 3783 4763 III-

2258 4800 2420 4855 nibus
2440 4801 2558 4856 lllos
2578 4802 2670 4872 qui
2693 4802 2818 4856 boni
2844 4800 3059 4859 fuerunt
3101 4805 3372 4876 operarii,
3413 4815 3477 4861 et
3505 4807 3562 4862 in
3588 4797 3783 4861 sint!“

2256 4893 2351 4962 qui
2381 4892 2602 4947 fuerunt
2635 4896 3057 4965 contemplatlvi.

2325 5002 2450 5058 Ideo
2485 5019 2592 5059 non
2634 5005 2957 5077 colligantur
2997 5008 3066 5063 ab
3095 5006 3323 5081 angelis,
3349 5010 3489 5080 quia
3522 5012 3580 5066 in
3610 5011 3698 5066 hac
3715 5006 3788 5059 till

2254 5108 2364 5152 non
2409 5106 2732 5169 receperunt
2777 5099 3212 5156 benedictionem
3252 5101 3321 5156 ab
3360 5097 3721 5173 apostolisvel
3747 5094 3790 5148 Ib

2257 5188 2375 5244 aliis
2398 5189 2599 5245 sanctis
2620 5189 2752 5245 viris
2769 5207 2785 5258 ;
2802 5184 2865 5245 ‘et
2886 5192 2989 5247 hoc
3009 5199 3091 5248 est
3118 5211 3130 5247 :
3156 5192 3233 5248 illi
3263 5211 3281 5245 1
3303 5194 3399 5264 qui
3423 5193 3789 5267 praeteribamnl

2255 5280 2308 5336 id
2340 5291 2423 5337 est
2455 5281 2681 5352 apostoli
2712 5290 2767 5338 et
2795 5282 2885 5338 alii
2920 5285 3093 5339 sancti
3120 5284 3254 5353 viri,
3295 5286 3392 5357 qui
3433 5288 3794 5345 contemnam

2256 5374 2557 5438 terrestria,
2580 5382 2905 5441 praetereunt
2925 5375 2992 5430 ad
3018 5376 3289 5444 caelestia;
3333 5394 3354 5428 1
3393 5394 3512 5435 non
3547 5379 3793 5435 dixerunt“

2258 5467 2337 5521 eis
2366 5484 2377 5520 :
2417 5486 2435 5517 1
2467 5466 2778 5524 Benedictio
2813 5468 3025 5524 Domini
3059 5485 3220 5541 super
3239 5486 3361 5538 vos,
3410 5491 3433 5526 ι
3468 5473 3531 5528 id
3556 5480 3638 5529 est
3662 5462 3795 5526 meﬁ-

2256 5557 2473 5628 plicatio
2498 5557 2787 5625 virtutum;
2833 5567 2888 5615 et
2927 5560 3090 5615 etiam
3128 5576 3236 5617 non
3261 5562 3530 5618 dixerunt
3568 5582 3584 5618 :
3625 5580 3645 5613 1
3673 5558 3800 5616 Bent-

2257 5650 2487 5704 diximus
2517 5650 2665 5706 vobis
2707 5669 2726 5702 ι
2764 5666 2833 5706 ex
2867 5658 3023 5722 parte
3052 5660 3261 5721 nostra,
3306 5654 3379 5710 ita
3412 5656 3569 5725 quod
3602 5671 3625 5707 1
3660 5653 3710 5709 in
3732 5661 3801 5703 no-

2256 5742 2401 5796 mine
2444 5740 2653 5797 Domini
2713 5762 2731 5794 »
2777 5760 2872 5800 vos
2908 5745 3309 5814 benedicamus,
3355 5745 3411 5802 id
3448 5758 3544 5804 est
3590 5745 3721 5819 quod
3759 5740 3805 5795 de

2216 5832 2225 5837 “
2254 5844 2433 5897 vestra
2469 5834 2843 5895 benedictione
2873 5854 3067 5896 nomen
3091 5839 3304 5896 Domini
3331 5840 3663 5899 honoretur.
