3898 6476
116 396 252 458 645

587 513 657 570 ῐΝ
692 510 1019 571 PSALMUM
1056 510 1290 569 CXXIX.

480 673 723 730 ‘I‘rruws
753 692 766 730 :
798 672 1072 728 Canticum
1102 671 1382 743 graduum.

215 826 240 863 ι
278 807 355 864 De
379 808 680 880 profundis.
712 828 730 859 ι
762 807 819 861 In
840 809 945 863 hoc
965 807 1169 877 psalmo
1192 806 1390 879 gradus
1419 810 1473 859 et
1493 803 1718 858 materia

118 912 223 961 est
263 903 599 975 paenitentia.
634 902 781 957 Hanc
810 902 930 956 ideo
957 911 1078 972 post
1100 902 1297 956 multos
1322 899 1518 973 gradus
1548 900 1718 954 virtu-

122 1003 255 1050 tum
296 994 466 1064 ponit,
516 1002 575 1069 ut
614 992 814 1047 indicet
855 993 1009 1048 nobis
1056 993 1199 1063 quod
1242 1001 1717 1065 quantumcunque

124 1085 340 1156 aliquis
362 1084 418 1139 in
441 1083 730 1139 virtutibus
758 1081 1070 1154 profecerit,
1103 1090 1279 1141 tamen
1308 1082 1611 1137 necessaria
1635 1089 1719 1136 est

118 1176 457 1246 pmnitentia
484 1176 550 1230 ad
584 1175 974 1244 impetrandam
997 1172 1092 1228 Dei
1117 1171 1559 1237 misericordiam,
1590 1171 1716 1242 quia

122 1267 321 1325 nullus
358 1276 464 1322 tam
495 1265 673 1338 justus
702 1274 785 1321 est
826 1265 955 1334 quin
982 1263 1187 1334 aliquas
1214 1264 1408 1319 habeat
1458 1262 1714 1328 maculas,

124 1372 260 1433 qua:
290 1373 502 1431 semper
529 1366 654 1412 sunt
674 1356 913 1411 delendae
947 1355 1339 1410 medicamento
1365 1354 1711 1424 poenitentizc.

119 1452 195 1506 In
260 1452 432 1520 prima
478 1460 630 1520 parte
675 1449 940 1519 pmnitens
985 1449 1088 1503 iste
1130 1456 1384 1518 precatur
1438 1449 1605 1503 Deum
1657 1455 1718 1502 ut

122 1542 393 1597 exaudiat
423 1555 547 1596 eum
588 1541 911 1595 clamantem
954 1540 1020 1595 de
1067 1541 1322 1610 peccatis,
1369 1556 1471 1595 nec
1511 1539 1731 1609 judicet’

121 1647 263 1691 eum
283 1632 572 1689 secundum
603 1632 915 1703 iniquitates
945 1647 1091 1686 suas.
1122 1630 1188 1685 Et
1208 1640 1490 1702 postquam
1516 1632 1594 1686 sic
1620 1630 1713 1686 de-

120 1730 392 1792 precatus
414 1728 496 1775 est
516 1735 613 1790 per
635 1734 760 1773 suas
792 1718 1061 1785 miserias,
1088 1726 1268 1787 captat
1290 1717 1716 1773 benevolentiam

117 1826 233 1883 per
256 1813 394 1867 bona
417 1811 636 1883 judicis,
674 1818 728 1864 et
748 1810 984 1865 ostendit
1018 1809 1195 1865 laetum
1224 1810 1383 1865 finem
1415 1824 1523 1864 sua:
1544 1809 1717 1880 poeni;

1306 392 1747 454 EXPLANATIO
1785 391 1852 448 IN
1891 390 2227 450 PSALMOS.

1744 511 1796 573 Α
1819 506 2000 577 ptione
2032 508 2276 579 cognovi,
2304 521 2523 563 causam
2551 505 2849 562 sustinendi
2871 506 3160 578 cognovit:
3190 515 3246 564 et
3264 507 3393 580 quia

3287 392 3393 454 646

1821 601 1899 658 sic
1913 602 2164 669 sustinui,
2196 602 2277 658 sic
2297 601 2554 669 clamavi,
2589 601 2713 657 ideo
2746 620 2765 652 ι
2798 601 3041 672 speravit
3064 601 3243 658 anima
3270 616 3391 661 mea

1819 697 1874 753 in
1903 696 2148 752 Domino.
2185 716 2204 749 ι

1895 806 1913 837 ι
1951 787 1996 840 Α
2025 787 2287 842 custodia.
2324 805 2341 837 ι
2367 785 2503 842 Pars
2528 787 2781 841 secunda.
2806 784 2873 839 Et
2900 784 3046 843 sicut
3065 784 3245 840 anima
3267 800 3389 841 mea

1732 884 1735 891 '
1818 882 2071 952 speravit,
2113 882 2187 935 ita
2219 900 2237 932 ι
2267 880 2462 945 Israel,
2499 901 2517 931 ι
2548 880 2603 934 id
2629 887 2712 934 est
2765 879 2849 933 vir
2882 877 2971 933 ille
3004 878 3095 949 qui
3125 878 3392 949 ptenitens

1817 976 1884 1031 de
1911 974 2167 1046 peccatis,
2202 973 2474 1038 clamavit,
2508 974 2732 1026 adversa
2761 970 3035 1037 sustinuit,
3073 988 3095 1021 ι
3131 977 3309 1040 speret
3336 970 3391 1024 in

1817 1067 2042 1121 Domino
2077 1086 2095 1118 ι
2126 1072 2180 1119 et
2203 1065 2305 1119 hoc
2338 1081 2354 1113 ι
2390 1079 2419 1117 a
2449 1064 2694 1117 custodia
2745 1061 3031 1125 matutina,
3078 1080 3099 1114 ι
3140 1060 3193 1115 id
3238 1068 3325 1116 est
3360 1075 3392 1113 a

1813 1159 1990 1229 primo
2020 1158 2252 1212 adventu
2292 1155 2516 1217 Christi,
2555 1155 2648 1224 qui
2678 1168 2836 1210 mane
2869 1162 3113 1220 vocatur,
3144 1153 3269 1223 quia
3295 1167 3395 1223 per

1816 1248 1964 1301 illum
2004 1247 2093 1300 lux
2114 1248 2269 1301 nobis
2310 1260 2447 1301 vera:
2494 1245 2810 1314 cognitionis
2852 1247 3086 1302 innotuit
3140 1246 3241 1300 :in
3283 1260 3389 1314 qua

1814 1338 1936 1395 luce
1958 1339 2256 1393 adhibenda
2286 1346 2368 1394 est
2393 1338 2657 1403 custodia,
2689 1346 2748 1392 ut
2770 1339 2840 1393 ibi
2865 1338 3023 1395 ﬁdem
3044 1339 3385 1408 recipiamus,

1814 1428 2088 1485 Christum
2116 1440 2360 1484 nostrum
2392 1427 2724 1484 Salvatorem
2750 1428 3127 1500 intelligamus.
3162 1429 3275 1494 Vel,
3313 1450 3331 1481 ι
3361 1445 3391 1484 a

1816 1523 2054 1577 custodia
2080 1521 2362 1586 matutina,
2397 1540 2415 1574 ι
2442 1521 2496 1576 id
2516 1529 2599 1575 est
2632 1536 2661 1574 a
2694 1528 2938 1590 tempore
2960 1519 3392 1583 resurrectionis,

1816 1615 1872 1669 in
1899 1629 2006 1683 quo
2051 1612 2296 1669 Christus
2326 1628 2358 1667 a
2389 1612 2657 1668 militibus
2690 1612 3010 1677 custoditus,
3032 1625 3192 1666 mane
3214 1625 3395 1677 resur-

1815 1705 1957 1761 rexit
2010 1722 2025 1757 :
2083 1723 2103 1755 ι
2155 1718 2327 1773 usque
2373 1702 2443 1759 ad
2491 1712 2748 1769 noctem,
2806 1720 2826 1754 ι
2874 1703 2930 1759 id
2978 1709 3065 1761 est
3111 1714 3283 1772 usque
3326 1700 3394 1754 ad

1817 1806 2067 1853 mortem.

123 1880 323 1958 tentia:
346 1942 363 1968 ,
401 1880 607 1957 scilicet
644 1916 703 1956 se
740 1901 1026 1955 Dominum
1073 1902 1341 1957 sustinere
1394 1912 1449 1955 et
1490 1902 1541 1955 in
1598 1902 1715 1970 ipso
1744 1880 1791 1942 Β
1886 1889 2011 1945 Ῑάέο
2029 1889 2176 1959 ius”
2205 1888 2366 1943 debes
2398 1902 2639 1957 sperare.
2663 1885 2792 1956 quia
2824 1904 2842 1937 ί
2874 1886 3015 1955 390d
3040 1885 3331 1941 Dominum
3369 1904 3390 1938 ³

122 2010 381 2064 sperare,
404 2011 475 2051 ex
495 2010 601 2064 quo
624 1995 855 2050 maxime
878 2003 1051 2066 potest
1078 2012 1174 2065 per
1199 1996 1571 2067 paenitentiam
1596 2011 1717 2066 per-

124 2086 390 2142 suadere.
417 2083 475 2139 In
512 2086 779 2151 secunda,
808 2100 925 2155 quae
956 2086 1143 2155 incipit
1169 2105 1179 2139 :
1223 2107 1239 2135 ι
1268 2086 1313 2138 Α
1340 2086 1582 2141 custodia
1606 2101 1719 2139 ma-

121 2176 335 2241 tutina,
380 2196 399 2228 ι
444 2184 626 2231 monet
656 2176 785 2231 alios
807 2170 1002 2246 justos,
1048 2186 1105 2230 ut
1145 2185 1200 2231 et
1239 2177 1341 2246 ipsi
1391 2178 1444 2231 in
1492 2176 1717 2231 Domino

119 2280 286 2343 spem
317 2280 470 2321 suam
507 2276 725 2336 ponant.
760 2266 989 2322 Intentio
1028 2274 1112 2322 est
1166 2266 1396 2323 invitare
1438 2268 1506 2323 ad
1546 2266 1719 2338 poeni.

123 2360 380 2417 tentiam.

204 2460 371 2528 Quasi
401 2461 474 2515 ita
506 2462 824 2518 admoneret
848 2476 941 2518 eos
980 2476 995 2515 :
1028 2461 1169 2528 Vos,
1200 2461 1397 2516 fratres
1422 2502 1436 2525 ,
1470 2462 1560 2531 qui
1594 2460 1721 2516 tole-

120 2553 368 2623 rantiam
407 2552 641 2619 habetis,
681 2552 881 2622 quique
920 2560 1145 2607 caeteros
1187 2552 1473 2623 przcdictos
1519 2554 1719 2624 gradus

122 2646 475 2722 ascendistis,
498 2646 821 2716 poeuitentes
837 2646 900 2701 de
914 2646 1168 2716 peccatis,
1188 2645 1420 2701 clamate
1443 2643 1508 2698 ad
1546 2645 1716 2700 Deum

121 2736 380 2807 exemplo
406 2736 536 2802 mei,
562 2737 653 2805 qui
689 2756 706 2787 ‹
747 2736 971 2790 clamavi
1008 2736 1074 2795 ad
1102 2744 1175 2803 te,
1216 2737 1472 2801 Domine,
1504 2736 1569 2790 de
1599 2751 1719 2806 pro-

124 2828 346 2894 fundis,
385 2848 403 2880 ι
446 2828 501 2883 id
524 2837 606 2883 est
638 2829 705 2885 de
734 2828 1109 2905 profunditate
1140 2830 1440 2900 iniquitatis
1462 2872 1474 2895 ,
1512 2831 1717 2885 scilicet

122 2931 355 2995 propter
384 2922 524 2977 hanc
546 2921 967 2992 profunditatem
1001 2924 1053 2977 in
1077 2939 1179 2993 qua
1210 2940 1293 2978 me
1316 2939 1434 2979 esse
1466 2925 1713 2997 cegnovi,

126 3012 385 3069 clamavi.
423 3012 675 3083 lntelligit
705 3014 885 3083 justus
918 3014 1058 3069 hanc
1082 3011 1501 3085 profunditatem
1533 3013 1717 3083 quaeli—

124 3105 224 3163 bet
254 3103 527 3160 levissima
564 3114 785 3174 peccata
818 3122 829 3157 :
864 3104 1025 3160 etiam
1054 3114 1217 3160 totam
1245 3103 1402 3172 hujus
1437 3106 1560 3160 vita:
1588 3088 1714 3161 con-

127 3196 517 3263 versationem,
562 3196 615 3251 in
657 3211 764 3266 qua
806 3212 964 3251 nemo
1004 3204 1181 3266 potest
1220 3196 1320 3250 sibi
1364 3195 1637 3251 abstinere
1684 3211 1715 3249 a

126 3296 357 3365 peccato
396 3306 408 3340 :
442 3296 497 3342 et
524 3289 649 3358 quia
681 3288 759 3343 sic
792 3286 1037 3353 clamavi,
1081 3288 1331 3351 intende;
1360 3295 1415 3341 et
1444 3288 1569 3356 quia
1601 3288 1718 3342 hmc

130 3377 265 3435 talia
287 3379 513 3449 cognovi
558 3378 821 3447 profunda
857 3393 996 3441 esse,
1020 3377 1143 3430 ideo
1169 3395 1188 3427 ‹
1224 3377 1472 3442 Domine,
1522 3378 1718 3431 exaudi

128 3456 323 3526 vocem
357 3485 562 3534 meam;
604 3488 622 3520 ι
656 3469 809 3534 quasi
846 3469 1051 3523 diceret
1083 3482 1097 3521 :
1126 3466 1355 3538 Dignum
1394 3476 1476 3522 est
1520 3476 1580 3521 ut
1632 3483 1719 3522 me

136 3561 460 3616 clamantem
488 3559 561 3613 ita
597 3559 874 3614 exaudias.

128 3722 135 3731 ι
210 3658 322 3714 Nec
342 3665 545 3713 tantum
568 3658 686 3715 dico
709 3648 921 3723 exaudi,
946 3656 1038 3712 sed
1061 3657 1219 3711 etiam
1247 3656 1461 3711 intende
1483 3657 1638 3723 mihi,
1663 3668 1721 3713 ut

141 3763 248 3806 ton
272 3758 479 3804 tantum
511 3758 735 3821 peccata
764 3766 864 3819 pro
901 3748 1095 3818 quibus
1135 3748 1309 3804 clamo
1339 3749 1596 3815 dimittas,
1626 3752 1720 3806 sed
1760 3748 1761 3751 “

134 3841 303 3897 etiam
330 3855 416 3899 me
442 3840 495 3894 in
526 3839 775 3894 omnibus
801 3830 963 3893 bonis
984 3838 1305 3909 multiplices
1327 3846 1379 3894 et
1405 3840 1714 3907 custodias;

137 3935 242 3991 hoc
265 3934 393 3997 dicit
426 3953 438 3989 :
480 3953 498 3985 ‹
543 3933 699 3988 Fiant
728 3948 886 3987 aures
924 3941 1028 3987 tum
1062 3932 1405 3987 intendentcs
1432 3933 1495 4007 in
1529 3916 1716 3989 vocem

120 4024 536 4101 deprecationis
572 4039 722 4079 meae.
772 4042 793 4075 ι

208 4124 331 4180 Ideo
365 4131 488 4197 peto
538 4132 600 4178 ut
639 4123 899 4199 exaudias
934 4132 988 4179 et
1019 4134 1239 4195 peccata
1276 4126 1550 4192 dimittas,
1591 4129 1717 4199 quia

148 4244 154 4249 ε
194 4219 237 4275 si
267 4218 642 4273 observaveris
668 4194 997 4286 iniquitates,
1027 4217 1274 4284 Domine,
1302 4218 1527 4273 Domine
1548 4260 1562 4287 ,
1605 4239 1624 4271 ι
1660 4231 1719 4274 ut

140 4310 438 4370 secundum
465 4308 823 4377 easjudicare
860 4308 1024 4375 velis,
1067 4296 1089 4359 ι’
1114 4308 1235 4378 quis
1261 4310 1550 4365 sustinebit
1585 4330 1603 4363 ι
1631 4310 1719 4380 ju-

143 4398 342 4461 dicium
384 4408 565 4466 tuum,
604 4407 662 4455 ut
702 4414 801 4472 per
829 4400 1019 4455 merita
1051 4399 1221 4471 possit
1260 4398 1493 4456 salvari?
1532 4400 1719 4459 Nullus

108 4558 113 4565 ,
153 4508 351 4565 anque.

1816 1989 1902 2037 est
1942 1999 1961 2032 ι
2010 1978 2407 2044 misericordia,
2442 1998 2462 2030 ι
2493 1979 2618 2048 quia
2648 1976 2818 2047 gratis
2843 1976 3111 2032 condonat
3134 1982 3394 2044 peccata:

1825 2090 1847 2122 σ
1878 2082 1932 2126 et
1966 2071 2262 2139 redemptio
2301 2089 2320 2119 ›
2356 2076 2441 2123 est
2476 2086 2495 2119 ‹
2529 2068 2670 2138 apud
2698 2080 2843 2131 eum,
2882 2084 2903 2119 ι
2942 2065 3067 2136 quia
3110 2064 3223 2133 ipse
3253 2062 3401 2118 dedit

1819 2164 2137 2233 sanguinem
2172 2161 2293 2216 Filii
2316 2162 2430 2227 sui,
2458 2161 2692 2231 pretium
2729 2165 2929 2215 nostra:
2954 2155 3341 2225 redemptionis
3378 2171 3393 2210 :

1819 2253 2121 2321 redemptio
2144 2251 2265 2306 dico
2295 2270 2312 2302 ι
2348 2251 2582 2318 copiosa,
2634 2270 2654 2301 ι
2684 2248 2775 2317 qui
2800 2263 2906 2303 non
2932 2254 3142 2305 tantum
3176 2244 3317 2302 levia
3345 2250 3401 2298 et

1821 2343 2105 2411 erigiualia
2120 2348 2343 2412 peccata
2357 2338 2683 2405 relaxat,sed
2697 2345 3169 2408 quantumcunque
3182 2334 3395 2405 magna.

1898 2452 1915 2484 ι
1951 2432 2017 2486 Et
2048 2450 2066 2482 ›
2095 2431 2236 2501 quod
2272 2430 2360 2485 illa
2390 2429 2685 2499 redemptio
2715 2427 2787 2481 sit
2816 2427 2953 2498 apud
2982 2440 3105 2480 eum
3125 2466 3141 2492 ,
3173 2426 3276 2481 hoc
3300 2441 3397 2496 ap-

1819 2537 1974 2598 paret
1997 2526 2053 2579 in
2085 2521 2300 2589 effectu,
2327 2521 2454 2592 quia
2490 2541 2507 2571 ‹
2545 2520 2661 2591 ipse
2684 2516 3087 2575 redimetlsrael
3118 2536 3136 2568 ι
3161 2531 3399 2582 omnem,

1821 2617 2028 2672 scilicet
2056 2614 2323 2670 videntem
2353 2613 2521 2669 Deum
2545 2652 2560 2678 ,
2607 2632 2623 2663 ι
2662 2626 2728 2665 ex
2753 2610 3003 2667 omnibus
3029 2608 3403 2682 iniquitatibus

1820 2707 1938 2777 ejus
1966 2728 1983 2761 ι
2016 2708 2072 2762 in
2098 2722 2207 2777 quo
2231 2714 2456 2777 apparet
2483 2704 2626 2774 quod
2648 2705 2948 2777 redemptio
2976 2711 3063 2762 est
3092 2702 3328 2774 copiosa.

2260 2860 2328 2916 IN
2367 2855 2695 2916 PSALMUM
2737 2859 2948 2918 CXXX.

1995 2997 2232 3053 Trruws
2262 3015 2275 3051 :
2305 2994 2581 3052 Canticum
2602 2996 2863 3067 graduum
2893 2996 3216 3054 Salomonis.

1895 3150 1912 3181 ι
1956 3129 2213 3195 Domine,
2247 3146 2353 3185 non
2384 3138 2486 3186 est.
2537 3151 2555 3183 ι
2602 3130 2701 3187 Hic
2739 3131 2903 3187 habet
2942 3130 3226 3188 materiam
3256 3130 3405 3186 hunc

1746 3237 1793 3303 ο
1823 3219 2083 3291 gradum,
2128 3219 2334 3274 scilicet
2374 3219 2731 3275 humilitatem
2761 3237 2775 3275 :
2804 3228 2859 3277 et
2899 3220 3130 3276 intendit
3172 3221 3405 3278 invitare

1824 3309 1959 3362 alios
2031 3316 2090 3361 ut
2144 3309 2287 3362 hunc
2353 3310 2599 3362 eumdem
2663 3309 2889 3380 gradum
2948 3309 3276 3375 ascendant,
3343 3316 3406 3365 ut

1823 3409 2300 3472 quantumcunque
2359 3403 2465 3457 sint
2498 3400 2630 3472 justi
2666 3443 2681 3469 ,
2732 3418 2944 3474 semper
2997 3403 3051 3458 in
3102 3402 3404 3459 humilitate

1822 3494 2141 3559 consistant,
2171 3501 2225 3549 et
2246 3502 2614 3563 peccatorum,
2641 3492 2757 3550 sine
2785 3494 2983 3565 quibus
3014 3508 3134 3549 esse
3156 3506 3262 3549 non
3281 3486 3409 3565 pos--

1822 3592 1966 3649 sunt,
1998 3584 2311 3638 memoriam
2330 3585 2579 3648 habeant,
2601 3599 2720 3653 qua:
2729 3592 2814 3643 est
2826 3584 3069 3641 custodia
3082 3592 3402 3640 caeterarum

1820 3673 2103 3729 virtutum.

1894 3763 2058 3830 Quasi
2089 3763 2297 3818 diceret
2332 3780 2344 3816 :
2377 3761 2508 3828 Vos,
2539 3760 2773 3828 fratres,
2815 3763 2905 3833 qui
2926 3763 3037 3833 jam
3060 3770 3407 3834 peccatorum

1822 3853 2133 3908 obtinuistis
2161 3852 2534 3908 remissionem
2559 3864 2657 3921 per
2678 3853 3073 3922 paenitentiam,
3104 3860 3159 3908 et
3176 3851 3289 3923 jam
3316 3852 3409 3909 ﬁr-

1820 3946 1983 4000 miter
2024 3947 2079 4001 in
2116 3945 2347 4001 Domino
2396 3945 2645 4016 speratis,
2686 3944 2851 4002 nolite
2894 3946 2959 4002 de
3001 3944 3157 4002 vobis
3204 3961 3408 4016 praesu-

1820 4051 1990 4102 mere,
2019 4036 2111 4091 sed
2142 4050 2355 4106 semper
2392 4036 2625 4093 humiles
2655 4046 2855 4104 estote,
2890 4039 3138 4109 exemplo
3163 4040 3293 4107 mei,
3315 4041 3409 4110 qui

1820 4129 1875 4184 in
1930 4129 2074 4184 nullo
2124 4146 2210 4185 me
2254 4131 2523 4197 exaltavi;
2572 4140 2627 4185 et
2654 4133 2760 4187 hoc
2806 4138 2927 4188 est:
2960 4150 2979 4183 ι
3012 4122 3262 4198 Domine,
3299 4128 3419 4189 non'

1819 4228 1903 4274 est
1939 4220 2234 4274 exaltatum
2265 4235 2359 4275 cor
2384 4236 2586 4287 meum,
2625 4240 2643 4273 ι
2686 4221 2741 4275 id
2770 4227 2853 4277 est
2878 4234 2987 4275 non
3021 4220 3293 4291 superbivi
3318 4223 3404 4279 in-

1820 4311 2026 4375 terius;
2066 4329 2084 4361 ‹
2136 4326 2311 4380 neque
2350 4311 2476 4366 elati
2517 4320 2642 4366 sunt
2662 4310 2804 4367 oculi
2842 4310 2971 4378 mei,
3020 4330 3040 4363 ι
3084 4311 3136 4367 id
3169 4320 3252 4369 est
3299 4322 3408 4370 non

1819 4401 2031 4458 ostendi
2068 4402 2280 4473 signum
2317 4402 2581 4472 superbiae
2606 4402 2866 4457 exterius.

1891 4504 1957 4560 Et
1985 4504 2114 4561 licet
2154 4503 2411 4579 haberem
2436 4518 2654 4575 magna,
2699 4502 2907 4560 scilicet
2927 4501 3158 4560 virtutes
3185 4511 3241 4559 et
3276 4503 3405 4573 alia,

215 4599 275 4657 Si
299 4599 609 4671 iniquitates
627 4600 894 4665 attendas,
920 4600 1101 4656 nullus
1119 4600 1320 4669 poterit
1336 4580 1553 4670 portare
1574 4599 1721 4670 judi—
1743 4588 1798 4651 D
1824 4609 2007 4653 tamen
2039 4617 2057 4648 ι
2090 4596 2144 4650 in
2171 4598 2380 4668 magnis
2412 4615 2430 4648 ι
2463 4594 2567 4653 illis
2600 4615 2618 4648 ε
2651 4612 2827 4668 neque
2847 4595 3134 4662 ambulavi,
3173 4617 3192 4650 ι
3218 4597 3273 4652 id
3298 4604 3405 4664 est,

128 4691 308 4757 cium,
347 4690 441 4746 sed
472 4690 599 4761 quia
638 4691 904 4761 propitius
948 4707 1029 4756 es,
1065 4690 1187 4747 ideo
1220 4691 1566 4747 sustinemus.
1605 4692 1719 4749 Hoc

142 4786 278 4843 dicit
304 4803 318 4839 :
353 4804 373 4837 ι
404 4784 534 4854 quia
561 4784 701 4855 apud
734 4792 784 4839 te
801 4783 1113 4855 propitiatio
1137 4790 1240 4849 est,
1274 4803 1294 4835 ι
1325 4783 1378 4838 id
1399 4791 1482 4839 est
1503 4783 1628 4854 quia
1651 4799 1715 4841 ex

143 4876 511 4935 misericordia
537 4875 809 4931 eondonas
826 4882 1079 4945 peccata;
1111 4893 1129 4927 (
1158 4882 1215 4929 et
1247 4893 1266 4927 ι
1291 4874 1425 4930 item
1455 4893 1475 4925 ‹
1499 4882 1720 4946 prepter

144 4970 318 5041 legem
351 4976 525 5034 tuam,
561 4988 580 5020 ι
617 4966 821 5023 scilicet
850 4966 1217 5038 evangelicam
1245 4965 1570 5034 doctrinam,
1599 4982 1719 5038 quae

144 5077 249 5118 nos
286 5058 914 5131 docetlpropitiationem
951 5066 1118 5127 tuam,
1168 5078 1187 5112 ι
1226 5060 1457 5115 sustinui
1498 5068 1571 5127 te,
1627 5080 1646 5114 ι
1684 5076 1718 5117 o

150 5173 175 5209 ι
209 5151 466 5219 Domine,
500 5173 519 5204 ι
554 5152 606 5208 id
630 5160 717 5209 est
749 5158 1176 5223 quantacunque
1203 5151 1459 5208 darentur
1497 5151 1721 5209 tribula-

148 5245 345 5312 tiones,
376 5259 653 5314 nunquam
675 5260 709 5299 a
736 5253 789 5300 te
818 5243 1075 5311 discessi,
1100 5244 1198 5301 sed
1225 5259 1437 5317 semper
1458 5244 1619 5303 fidem
1644 5254 1722 5303 tev

150 5336 244 5393 nui
272 5344 327 5391 et
356 5335 528 5407 legem
554 5343 702 5391 tuam
730 5336 1013 5407 complevi.
1044 5336 1103 5391 In
1126 5337 1230 5393 hoc
1262 5352 1424 5393 versu
1451 5336 1581 5394 facit
1602 5338 1722 5409 isibi

151 5429 469 5488 benevolum
502 5429 763 5500 judicem,
802 5444 962 5499 quem
992 5430 1143 5500 prius
1171 5431 1489 5502 deprecatus
1525 5430 1718 5499 fuerat,

118 5562 125 5567 .
152 5534 479 5591 cognoscens
506 5535 630 5577 suas
658 5520 986 5590 iniquitates.

224 5610 341 5668 Non
368 5621 577 5669 tantum
606 5620 825 5683 propter
843 5614 1279 5686 propitiationem
1313 5623 1368 5672 et
1398 5616 1589 5688 legem,
1629 5616 1726 5672 sed

156 5709 318 5767 etiam
346 5728 365 5762 ι
394 5709 451 5766 in
478 5710 643 5766 verbo
684 5708 800 5777 ejus
843 5708 1098 5767 sustinuit
1130 5710 1308 5767 anima
1336 5727 1477 5779 mea,
1508 5731 1525 5763 ι
1567 5712 1622 5768 id
1642 5719 1726 5779 est

158 5805 215 5864 in
234 5804 369 5865 Filio
390 5806 530 5880 eius,
559 5822 721 5877 quem
745 5805 1133 5871 incarnandum
1160 5821 1259 5877 pro
1286 5816 1469 5877 nostra
1511 5810 1726 5867 redemg

1822 4707 1931 4747 non
1961 4690 2122 4745 talem
2144 4705 2229 4746 me
2253 4690 2461 4745 ostendi
2484 4690 2638 4761 quasi
2659 4689 2749 4760 qui
2774 4705 2966 4762 magna
2988 4690 3262 4757 haberem,
3294 4691 3404 4748 sci-

1822 4784 1949 4839 licet
1977 4784 2268 4854 superbum
2301 4801 2313 4835 :
2349 4791 2551 4838 etcum
2579 4782 2837 4839 haberem
2866 4781 3166 4850 mirabilia,
3200 4782 3407 4842 scilicet

1823 4876 1965 4944 quod
1992 4888 2203 4944 possem
2226 4872 2402 4928 facere
2425 4872 2715 4939 mirabilia,
2747 4892 2767 4925 ‹
2804 4889 2913 4928 non
2948 4893 2968 4927 ι
3000 4874 3268 4930 ambulavi
3300 4894 3318 4927 ‹
3348 4876 3405 4932 in

1824 4964 2182 5030 mirabilibus,
2220 4982 2240 5016 ›
2272 4964 2521 5034 quamvis
2541 4965 2900 5020 existentibus
2928 4984 2947 5017 ι
2977 4979 3139 5034 super
3164 4981 3271 5030 me,
3305 4985 3324 5017 ι
3349 4965 3405 5020 id

1825 5064 1906 5110 est
1956 5053 2126 5109 multo
2174 5053 2469 5126 majoribus
2515 5061 2570 5110 et
2619 5054 2951 5127 dignioribus
2998 5069 3159 5126 quam
3210 5055 3403 5127 dignus

1825 5162 1997 5204 essem
2005 5186 2019 5199 .

1896 5245 2013 5302 Non
2034 5254 2244 5301 tantum
2268 5260 2376 5301 non
2400 5245 2666 5302 ambulavi
2688 5248 2742 5302 in
2765 5247 2994 5318 magnis,
3016 5246 3110 5303 sed
3139 5267 3157 5298 ι
3180 5247 3400 5305 humili-

1826 5346 1909 5394 ter
1944 5358 1965 5390 ›
2000 5337 2142 5394 sensi
2184 5338 2249 5393 de
2278 5353 2365 5393 me
2408 5356 2421 5392 :
2466 5346 2521 5394 et
2568 5328 2597 5390 ‹“
2631 5339 2676 5394 si
2721 5352 2830 5393 non
2860 5337 3157 5395 sentiebam
3193 5359 3212 5391 )
3274 5340 3399 5406 hoc,

1826 5433 2083 5499 existens,
2103 5452 2122 5487 ί
2141 5433 2281 5491 sicut
2303 5434 2627 5501 ablactatus,
2657 5453 2676 5487 ι
2703 5433 2755 5490 id
2779 5443 2863 5490 est
2888 5443 3167 5506 separatus
3188 5450 3219 5489 a
3240 5433 3397 5500 lacte,
3416 5442 3431 5451 ’

1827 5528 1917 5600 qui
1946 5525 2092 5596 jacet
2120 5535 2175 5584 et
2201 5528 2461 5584 incumbit
2494 5546 2512 5579 ‹
2555 5541 2716 5599 super
2746 5536 2978 5584 matrem
3007 5541 3158 5583 suam
3179 5568 3192 5594 ,
3227 5547 3244 5578 ι
3273 5526 3398 5596 quia

1828 5637 1937 5678 non
1967 5636 2062 5692 per
2089 5637 2147 5677 se
2184 5629 2362 5692 potest
2397 5621 2713 5685 subsistere,
2742 5619 2848 5675 nisi
2880 5617 3135 5674 auxilium
3162 5633 3192 5672 a
3229 5625 3403 5673 matre

1827 5714 2208 5786 impendatur;
2248 5714 2301 5770 id
2336 5721 2418 5769 est
2464 5712 2509 5767 si
2539 5726 2645 5766 non
2670 5711 2855 5782 putavi
2874 5726 2962 5766 me
2988 5710 3143 5781 quasi
3169 5708 3405 5765 ablacta-

1829 5815 1944 5863 tum
1982 5815 2037 5863 et
2072 5806 2241 5864 Deum
2278 5823 2398 5864 esse
2438 5814 2665 5885 matrem
2688 5804 2778 5877 qui
2816 5818 2905 5861 me
2942 5802 3146 5860 foveret
3181 5820 3194 5857 :
3226 5803 3269 5859 si
3299 5803 3403 5858 hoc
