3898 6458
536 355 640 410 δι’]
991 351 1350 408 HAYMONIS
1391 352 1868 408 HALBERSTAT.
1910 351 2126 408 EPISC.
2168 351 2322 408 OPP.
2365 353 2544 409 PARS
2584 353 2624 409 1.
2655 383 2724 394 -
2760 351 3118 410 COMMENT.
3156 351 3327 407 BIBL.
3733 349 3848 404 6L8

533 485 640 524 non
670 467 795 533 feci,
827 485 846 519 ς
889 467 985 522 sed
1014 486 1032 518 ι
1073 465 1254 536 potius
1294 487 1312 517 ‹
1346 466 1573 520 exaltavi
1603 467 1839 520 animam
1871 480 2044 520 meam
2088 483 2108 516 ι
2142 469 2191 528 Α
2219 466 2381 522 habui
2417 474 2636 537 propter
2671 466 2968 520 custodiam
3009 465 3190 534 gregis
3231 462 3537 520 commissi.
3585 462 3836 520 Mortem

530 561 771 616 existens
803 559 1018 624 stultus,
1054 558 1196 613 sicut
1234 558 1553 623 ablactatus,
1594 558 1686 627 qui
1723 573 1783 611 se
1807 556 1935 612 facit
1959 571 2121 625 super
2221 575 2373 614 suam
2405 560 2539 614 bene
2569 573 2758 614 somno
2787 564 3093 627 comparat,
3129 556 3254 626 quia
3283 556 3358 610 ita
3386 555 3601 610 leviter
3639 571 3834 608 resur-

533 657 761 704 matrem
801 665 976 713 suam,
1026 648 1076 702 id
1122 657 1205 703 est
1243 648 1334 718 qui
1372 656 1525 718 putat
1559 662 1616 702 se
1663 649 1958 702 subsistere
2003 646 2120 702 sine
2218 651 2538 714 rexit,sicut
2562 649 2758 718 aliquis
2783 649 2850 703 de
2871 663 3061 704 somno
3087 648 3286 718 surgit:
3310 656 3367 701 et
3392 647 3686 702 describit
3708 663 3833 716 quo-

532 741 736 796 auxilio
783 740 991 805 matris,
1045 757 1065 789 ι
1113 739 1187 794 ita
1222 758 1242 792 ι
1277 739 1348 793 sit
1394 758 1412 790 ι
1460 739 1744 794 retributio
1785 738 1840 794 in
1882 737 2116 792 animam

533 846 730 886 meam.
763 850 782 884 ι

602 921 694 977 ille
724 921 816 991 qui
855 921 1097 990 superbit
1139 921 1334 977 habeat
1363 919 1774 975 retributionem
1816 919 2112 991 superbiae;

537 1035 554 1067 ε
591 1014 754 1070 Israel
791 1033 808 1066 ι
843 1024 1045 1080 autem,
1078 1015 1131 1070 id
1174 1022 1258 1069 est
1301 1013 1384 1068 vir
1405 1012 1646 1078 humilis,
1677 1011 1770 1082 qui
1805 1012 1870 1067 de
1909 1027 1969 1067 se
2009 1026 2117 1067 non

542 1109 823 1176 irzesumit,
857 1126 877 1160 c
921 1115 1103 1180 speret
1122 1107 1178 1163 in
1201 1107 1453 1175 Domino,
1475 1122 1544 1165 ex
1573 1107 1841 1172 hoc.nunc
1864 1115 1920 1162 et
1945 1121 2117 1177 usque

526 1202 581 1256 in
607 1202 884 1258 saeculum.
919 1223 939 1256 ι

961 1337 1032 1394 ΙΝ
1060 1336 1394 1394 PSALMUM
1430 1335 1666 1392 CXXXI.

694 1453 933 1509 Trrums
967 1470 982 1508 :
1020 1449 1299 1508 Canticum
1332 1451 1592 1520 graduum
1619 1449 1941 1506 Salomonis.

610 1605 629 1638 ι
654 1585 940 1642 Memento.
969 1605 989 1639 ι
1015 1585 1074 1640 In
1095 1586 1199 1642 hoc
1218 1585 1426 1656 psalmo
1452 1592 1536 1640 est
1559 1585 1786 1640 materia
1809 1583 2112 1640 incarnatio

521 1677 746 1734 Christi.
783 1677 838 1732 ln
877 1678 1049 1746 prima
1081 1686 1235 1748 parte
1277 1678 1511 1732 ostendit
1556 1677 1944 1748 promissiones
1977 1691 2114 1746 quas

520 1767 772 1823 Christus
812 1767 942 1824 facit
980 1769 1090 1823 Deo
1124 1767 1295 1832 Patri,
1347 1768 1551 1822 scilicet
1589 1767 1729 1838 quod
1769 1766 1982 1837 parabit
2007 1765 2109 1820 sibi

2215 743 2378 799 modo
2393 757 2612 798 somnus
2625 743 2839 798 eveniat
2859 741 3040 807 alicui,
3058 742 3186 812 quia
3204 742 3356 811 prius
3377 740 3707 795 dormitant
3731 742 3831 809 pal-

2214 833 2613 905 pebrae,deinde
2627 833 2788 888 datur
2808 833 3021 904 requies
3038 831 3458 902 temporibus,et
3481 829 3570 885 sic
3599 844 3824 884 somnus

2217 933 2387 981 totum
2419 933 2679 995 occcupat
2700 938 2896 993 corpus
2922 939 2936 977 :
2975 923 3054 978 sic
3088 921 3338 978 Christus
3367 921 3723 974 dormitavit
3741 936 3822 989 ap-

2213 1018 2580 1088 propinquans
2607 1016 2792 1082 morti,
2823 1015 3036 1087 quando
3058 1014 3257 1070 Judzeis
3278 1014 3525 1068 traditus
3554 1022 3675 1076 est,
3707 1015 3817 1082 quia

2215 1119 2342 1166 tunc
2376 1123 2479 1164 nec
2509 1108 2764 1164 miracula
2789 1107 2936 1172 fecit,
2967 1115 3021 1162 et
3046 1107 3208 1160 etiam
3238 1114 3365 1160 ante
3393 1103 3660 1159 Pilatum
3690 1104 3814 1157 veri-

2215 1212 2382 1259 tatem
2419 1202 2589 1258 tacuit
2633 1219 2647 1256 :
2692 1201 2934 1270 requiem
2980 1197 3316 1270 temporibus
3369 1195 3554 1259 dedit,
3615 1194 3810 1265 quando

2213 1311 2428 1352 crucem
2457 1293 2717 1350 ascendit.
2746 1292 2875 1346 lnde
2905 1291 3036 1346 dicit
3064 1307 3080 1345 :
3111 1309 3130 1343 ι
3171 1299 3226 1345 ct
3256 1309 3274 1342 ι
3309 1289 3357 1343 si
3380 1287 3605 1344 dedero
3639 1305 3660 1338 σ
3701 1289 3805 1342 dor-

2212 1389 2552 1444 mitationem
2583 1385 2854 1457 palpebris
2879 1385 3036 1452 meis,
3079 1401 3098 1436 »
3143 1383 3196 1439 id
3221 1391 3305 1438 est
3334 1382 3384 1437 si
3407 1381 3580 1453 prius
3626 1395 3800 1436 venero

2215 1479 2428 1536 clausus
2466 1480 2520 1534 in
2539 1487 2805 1549 potestate
2823 1476 3151 1532 Judaaorum.

2250 1591 2261 1602 -
2289 1591 2307 1623 ‹
2345 1571 2410 1626 Et
2433 1589 2451 1623 ›
2479 1571 2523 1626 si
2540 1570 2690 1641 prius
2712 1569 2909 1625 dedero
2930 1587 2948 1620 ι
2973 1567 3216 1638 requiem
3234 1567 3596 1636 temporibus
3617 1566 3753 1633 meis,
3772 1586 3788 1618 ι

2214 1661 2268 1717 id
2293 1669 2376 1716 est
2397 1661 2460 1716 'si
2496 1661 2645 1732 prius
2683 1674 2898 1715 crucem
2950 1658 3263 1721 ascendero,
3313 1657 3496 1711 morti
3519 1657 3786 1726 pmrimus,

2223 1769 2242 1804 ι
2279 1752 2449 1807 donec
2496 1752 2767 1807 inveniam
2795 1749 2974 1805 locum
3000 1749 3248 1814 Domino,
3285 1767 3303 1800 ›
3334 1749 3394 1802 id
3424 1757 3514 1802 est
3538 1749 3685 1802 donec
3707 1756 3783 1800 ta-

520 1856 942 1924 habitationem,
986 1858 1320 1926 praemittens
1349 1825 1786 1926 deprecationem
1821 1858 2105 1927 propheta,
2137 1825 2186 1886 Β
2213 1843 2318 1897 lem
2374 1852 2584 1912 Panem
2643 1841 2882 1896 habeam
2937 1839 3182 1893 homines
3228 1839 3285 1892 in
3348 1839 3565 1908 (ιιιίὺιιδ
3605 1839 3777 1891 Μήιῦ

516 1954 577 2001 ut
616 1947 755 2002 Deus
791 1946 1108 2018 dignitatem
1137 1948 1306 2017 ipsius
1340 1946 1539 2001 Christi
1563 1955 1617 2000 et
1643 1944 1757 2013 ejus
1792 1947 1986 2001 merita
2023 1961 2109 2000 re-

518 2040 732 2110 spiciat.
762 2038 820 2094 ln
848 2040 1103 2105 secunda,
1130 2055 1249 2109 quae
1264 2039 1451 2109 incipit
1478 2056 1490 2091 :
1523 2058 1541 2089 ε
1573 2038 1712 2116 Ecce
1732 2038 2054 2104 audivimus,
2083 2060 2102 2092 ι

515 2129 754 2186 ostendit
794 2129 1089 2200 completas
1134 2130 1524 2200 promissiones
1572 2127 1804 2194 Christi,
1862 2138 1917 2183 et
1959 2131 2110 2199 ponit

513 2223 892 2291 exoptationes
937 2237 1065 2276 suas
1101 2230 1161 2290 ut
1209 2221 1597 2291 compleantur.
1645 2221 1702 2275 ln
1756 2220 1938 2286 tertia,
1989 2236 2109 2290 quae

513 2314 703 2385 incipit
743 2332 756 2368 :
802 2335 821 2367 ι
865 2314 1076 2370 Juravit
1108 2315 1366 2369 Dominus
1414 2314 1602 2377 David,
1643 2332 1660 2364 ι
1711 2313 1948 2369 ostendit
1983 2329 2110 2384 pro-

511 2403 803 2460 missiones
832 2402 1012 2460 Patris
1037 2405 1103 2460 ad
1142 2405 1437 2470 Christum,
1468 2405 1678 2460 scilicet
1719 2406 1862 2474 quod
1888 2413 2110 2475 propter

511 2495 764 2550 meritum
806 2495 971 2566 ipsius
995 2495 1222 2562 Christi,
1252 2495 1556 2552 conformes
1594 2495 1830 2562 Christo,
1872 2495 2011 2551 filios
2051 2504 2108 2552 et

510 2587 810 2644 imitatores
839 2588 1040 2644 Christi
1069 2588 1249 2652 faciat,
1293 2589 1500 2645 scilicet
1533 2597 1592 2642 ut
1618 2589 1705 2643 hic
1734 2590 1964 2644 doceant
1988 2603 2107 2658 quae

509 2675 762 2733 Christus
791 2679 992 2743 docuit,
1029 2680 1083 2735 in
1107 2679 1314 2750 judicio
1336 2681 1602 2751 judicent,
1626 2679 1850 2752 ejusque
1867 2681 2104 2737 beatitu-

509 2768 687 2824 dinem
725 2771 1072 2841 participent.
1112 2772 1178 2826 Et
1203 2787 1298 2841 per
1321 2773 1436 2827 hac
1460 2775 1639 2828 omnia
1663 2773 1894 2828 intendit
1913 2789 2013 2828 nos
2038 2774 2106 2829 ad

510 2868 609 2913 noc
637 2859 885 2926 invitare,
916 2870 977 2916 ut
1017 2861 1149 2917 nihil
1181 2877 1279 2933 per
1309 2872 1492 2919 nostra
1527 2865 1744 2930 merita,
1773 2865 1867 2920 sed
1900 2881 1997 2935 per
2021 2881 2107 2920 so-

511 2959 618 3001 tum
643 2950 896 3004 meritum
916 2950 1117 3006 Christi
1141 2952 1528 3022 intelligamus,
1553 2963 1608 3009 et
1627 2955 1984 3024 deprecemur
2005 2970 2104 3009 no-

513 3037 598 3094 bis
639 3038 901 3108 justitiam
941 3042 1093 3107 dari,
1121 3051 1175 3096 et
1213 3043 1280 3097 ad
1307 3043 1506 3098 Christi
1541 3060 1640 3098 nos
1670 3045 2104 3102 conformitatem

512 3131 731 3201 perduci
768 3150 780 3186 :
817 3141 872 3188 et
895 3135 960 3188 ad
983 3133 1125 3190 hunc
1145 3136 1371 3206 gradum
1386 3152 1485 3206 per
1509 3136 1774 3206 psalmum
1804 3139 1965 3192 iStum
1986 3155 2100 3194 mo-

2211 1933 2356 1988 Deus
2385 1951 2396 1986 :
2429 1933 2668 1988 etdonec
2691 1931 2959 1986 inveniam
2985 1950 3004 1981 ί
3026 1931 3444 1985 tabernaculum
3463 1932 3587 1985 Deo
3604 1929 3775 1984 lamin

2211 2025 2297 2080 cui
2321 2035 2502 2080 votum
2527 2023 2659 2085 feci,
2689 2024 2897 2080 scilicet
2920 2025 2973 2077 in
3005 2023 3201 2092 quibus
3223 2022 3446 2076 habitet
3482 2022 3631 2075 Deus
3650 2037 3664 2074 :
3683 2037 3772 2090 apo-

2210 2118 2459 2189 siopesis,
2485 2117 2540 2172 id
2571 2126 2655 2172 est
2673 2115 2903 2172 defectio
2924 2116 3205 2180 orationis,
3237 2124 3295 2170 et
3319 2123 3523 2186 potest
3551 2115 3767 2185 quodlitet

2209 2209 2541 2280 impossibile
2571 2208 2844 2279 suppleri,
2889 2208 2942 2264 id
2981 2215 3064 2264 est
3117 2224 3222 2262 non
3263 2224 3362 2263 ero
3415 2207 3596 2271 Deus,
3624 2208 3694 2261 vel
3711 2209 3767 2259 ali-

2209 2302 2338 2372 quid
2368 2301 2492 2356 tale.
2527 2298 2819 2356 Sciendum
2846 2297 2991 2370 quod
3018 2307 3311 2368 antequam
3340 2297 3620 2353 Christus
3640 2313 3769 2351 ascea-

2209 2396 2380 2460 deret,
2405 2395 2586 2450 omnia
2607 2393 2818 2464 paravit
2837 2407 3174 2463 quacunque
3196 2392 3262 2446 ad
3290 2390 3614 2447 Ecclesiam
3635 2391 3768 2445 euasti

2210 2486 2464 2542 tuendam
2527 2485 2778 2555 cognovit
2839 2483 3148 2540 necessaria
3173 2523 3189 2550 ,
3251 2482 3481 2538 scilicet
3556 2481 3768 2553 apostolus

2208 2578 2468 2632 instruxit
2515 2577 2762 2632 doctrina
2800 2575 3133 2648 evangelica,
3181 2590 3346 2646 quam
3381 2576 3443 2630 in
3486 2576 3640 2632 omni
3671 2584 3766 2628 tem

2207 2669 2396 2723 audire
2425 2675 2480 2722 et
2513 2668 2754 2724 converti
2787 2668 3120 2724 seminarent
3148 2665 3496 2722 volentibus.

2285 2782 2303 2814 ι
2326 2763 2465 2819 Ecce
2491 2761 2817 2819 audivimus.
2844 2783 2863 2814 ι
2882 2761 3017 2818 Pars
3037 2761 3294 2818 secunda.
3320 2760 3763 2818 Continuatio:lt:

2206 2855 2456 2924 promisit
2479 2853 2730 2910 Christus
2749 2853 3159 2908 aediﬁcationem
3182 2852 3477 2918 Ecclesiae,
3502 2864 3562 2910 et
3586 2876 3603 2905 ‹
3632 2867 3762 2909 ecctt

2209 2949 2350 3004 sicut
2382 2948 2650 3018 promisit,
2697 2948 2964 3018 completa
3010 2962 3131 3004 esse
3177 2949 3583 3020 cognovimus;
3613 2960 3662 3005 et
3696 2950 3764 3002 hac

2207 3043 2381 3098 dicit:
2420 3062 2438 3094 ‹
2481 3043 2786 3097 audivimus
2814 3058 2877 3097 ea
2915 3063 2934 3095 ι
2967 3055 3086 3112 quae
3111 3042 3364 3099 Christus
3404 3043 3651 3112 promisit
3681 3061 3697 3092 ι
3728 3043 3765 3094 in

2208 3133 2466 3203 Ephrata,
2503 3153 2522 3185 ι
2544 3133 2598 3187 id
2623 3141 2708 3188 est
2732 3133 2784 3187 in
2813 3131 3152 3198 Bethlehem,
3177 3133 3230 3187 id
3257 3141 3346 3188 est
3368 3134 3718 3205 intelligimus,
3744 3145 3765 3183 ι

510 3241 701 3282 nemur
754 3228 1048 3284 ascendere
1085 3247 1098 3284 :
1132 3191 1186 3284 ξι
1231 3191 1683 3301 hunc-psalmum
1735 3231 1861 3286 fecit
1909 3241 2097 3286 contra
2127 3191 2172 3255 Ο
2206 3191 2408 3292 spiritu
2427 3231 2614 3278 sancto
2633 3223 2788 3278 nobis
2805 3221 3095 3289 revelante,
3114 3221 3395 3278 Christum
3417 3224 3472 3278 in
3490 3191 3764 3278 Βᾶωεδεω

511 3319 795 3376 hazreticos
827 3330 882 3376 et
906 3317 1140 3388 Iudaeos,
1173 3323 1263 3392 qui
1291 3325 1556 3393 putabant
1578 3325 1870 3380 adventum
1897 3325 2100 3380 Christi

507 3427 611 3469 non
644 3428 762 3468 esse
789 3415 1157 3470 necessarium
1183 3417 1248 3471 ad
1276 3416 1525 3471 salutem.

575 3507 742 3573 Quasi
770 3507 977 3562 diceret
1011 3527 1022 3562 :
1056 3508 1208 3564 Licet
1233 3509 1530 3564 habeamus
1554 3510 1806 3566 timorem
1841 3510 1959 3575 Dei,
1994 3511 2102 3566 cla-

505 3609 716 3651 memus
745 3596 811 3651 de
847 3599 1102 3668 peccatis,
1127 3608 1183 3654 et
1218 3600 1493 3655 humiliter
1522 3601 1842 3666 sentiamus,
1879 3603 2018 3658 sicut
2047 3604 2102 3659 in

503 3690 772 3759 praedictis
809 3693 1065 3763 gradibus
1094 3702 1370 3749 ostensum
1409 3703 1523 3761 est;
1557 3703 1735 3750 tamen
1775 3711 1872 3767 per
1916 3706 2102 3753 nostra

503 3781 695 3836 merita
720 3782 788 3837 ad
817 3782 1254 3840 conformitatem
1283 3784 1488 3841 Christi
1514 3785 1802 3856 pervenire
1824 3802 1931 3841 non
1957 3785 2104 3841 suill-

507 3871 702 3938 cimus,
739 3883 794 3929 et
821 3874 975 3942 ideo,
1009 3891 1042 3931 ο
1087 3895 1105 3927 ‹
1143 3877 1401 3942 Domine,
1432 3887 1705 3935 memento
1735 3878 1938 3944 David,
1989 3898 2006 3929 ι
2048 3879 2101 3934 id

503 3970 587 4017 est
613 3962 837 4028 Christi,
881 3980 980 4036 per
1017 3965 1172 4034 cujus
1196 3968 1471 4038 singulare
1500 3969 1755 4024 meritum
1784 3987 1882 4026 nos
1909 3985 2104 4040 possu-

504 4068 621 4108 tuus
644 4054 842 4109 salvari
878 4073 892 4110 :
925 4057 1053 4126 quia
1082 4057 1204 4112 ideo
1233 4058 1480 4113 nominat
1508 4060 1682 4114 David
1711 4063 1982 4130 propheta
2011 4078 2102 4118 no-

503 4145 646 4199 mine
675 4146 818 4202 illius
843 4148 1077 4203 carnalis
1105 4148 1274 4204 David
1299 4148 1366 4204 de
1391 4149 1545 4220 cujus
1573 4151 1780 4206 semine
1809 4154 2098 4222 processit,

503 4243 561 4290 ut
600 4251 786 4291 veram
829 4238 1001 4309 ipsius
1047 4238 1248 4296 Christi
1291 4241 1684 4297 humanitatem
1716 4243 2094 4314 significaret:

508 4347 529 4380 ο
563 4335 619 4384 et
647 4340 918 4388 memento
941 4331 1146 4400 omnis,
1176 4351 1194 4385 ι
1218 4332 1271 4389 id
1301 4341 1386 4389 est
1425 4335 1746 4392 omnimodae
1776 4355 1795 4387 ‹
1842 4334 2096 4396 mansue-

503 4423 708 4480 tudinis
733 4421 850 4490 ejus
881 4442 900 4474 ι
926 4437 1024 4493 per
1046 4439 1208 4492 quam
1232 4425 1403 4494 ipsam
1426 4426 1682 4482 invictam
1710 4427 1960 4482 militiam
1990 4429 2094 4484 im-

2204 3315 2539 3371 nasciturum
2589 3315 2654 3370 de
2683 3315 2936 3387 Virgine,
2989 3315 3043 3369 in
3085 3331 3194 3386 quo
3235 3318 3376 3372 certi
3417 3317 3599 3371 fuimus
3635 3311 3761 3382 quod

2203 3415 2412 3462 caetera:
2457 3406 2845 3477 promissiones
2893 3407 3320 3478 complerentur.
3373 3409 3459 3463 Vel
3479 3407 3751 3479 allegorice,

2201 3515 2299 3570 per
2327 3501 2587 3570 Ephrata,
2634 3501 2780 3572 quod
2811 3499 3078 3572 speculum
3110 3501 3522 3572 interpretatur,
3547 3499 3757 3571 prophe-

2206 3595 2308 3649 tias
2345 3595 2717 3666 intelligimus,
2742 3595 2798 3650 in
2829 3595 3052 3667 quibus,
3081 3597 3336 3666 quamvis
3365 3598 3564 3650 veritas
3588 3608 3747 3648 annn-

2203 3687 2384 3752 tietur,
2415 3695 2594 3741 tamen
2616 3696 2802 3758 aperte
2823 3702 2932 3741 non
2962 3685 3290 3742 declaratur.
3315 3686 3411 3740 Vel
3441 3687 3523 3742 sic
3553 3686 3751 3741 dicam

2209 3797 2227 3830 ι
2267 3779 2321 3834 in
2354 3779 2592 3850 Ephrata
2612 3820 2627 3845 ,
2676 3799 2694 3832 ι
2728 3779 2782 3835 id
2808 3787 2892 3836 est
2930 3779 2986 3834 in
3032 3779 3191 3835 dictis
3224 3779 3610 3848 prophetarum
3641 3774 3766 3832 audi-

2201 3872 2380 3927 vimus
2407 3882 2464 3928 et
2493 3873 2722 3944 legimus
2750 3886 2836 3939 ea,
2869 3871 2923 3928 id
2952 3881 3038 3928 est
3081 3870 3450 3943 promissiones
3485 3888 3501 3921 :
3543 3879 3604 3924 et
3638 3870 3774 3924 sicut

2201 3963 2273 4019 ibi
2314 3964 2652 4029 audivimus,
2693 3964 2774 4020 sic
2815 3983 2835 4017 ι
2882 3963 3190 4020 invenimus
3214 3977 3273 4018 ea
3301 3981 3318 4015 ι
3350 3960 3629 4032 completa
3675 3981 3696 4014 ι
3731 3963 3772 4017 in

2201 4057 2430 4126 campis,
2471 4076 2488 4109 ι
2538 4057 2591 4110 id
2619 4064 2702 4110 est
2737 4057 2792 4111 in
2817 4055 3126 4128 gressibus,
3160 4056 3254 4126 qui
3282 4069 3400 4110 cum
3425 4054 3589 4124 prius
3610 4061 3770 4110 essent

2204 4167 2224 4201 ι
2261 4149 2410 4204 silvae
2438 4169 2456 4201 ι
2485 4148 2794 4220 spinosique
2816 4148 3075 4218 peccatis,
3095 4163 3242 4203 nunc
3262 4145 3391 4201 facti
3416 4155 3550 4201 sunt
3570 4145 3769 4201 arabiles

2199 4249 2255 4296 et
2276 4240 2387 4295 Deo
2414 4240 2828 4296 fructiticantes.

2271 4333 2378 4389 Nos
2407 4334 2710 4390 invenimus
2727 4332 2930 4388 Christi
2946 4331 3245 4388 Ecclesiam
3275 4331 3328 4386 in
3344 4333 3640 4402 prophetis
3664 4346 3766 4402 pra»

2197 4426 2396 4482 dictam
2448 4427 2502 4480 in
2548 4425 2770 4495 campis,
2825 4423 3033 4479 scilicet
3085 4419 3432 4491 completam,
3491 4431 3553 4478 et
3605 4420 3763 4489 ιιοείρέ

503 4517 689 4590 plevit,
709 4515 838 4586 quia
862 4530 960 4586 pro
987 4517 1142 4572 nobis
1166 4517 1424 4574 obediens
1451 4518 1552 4572 fuit
1574 4535 1747 4590 usque
1767 4521 1835 4574 ad
1861 4531 2093 4577 mortem
2120 4554 2172 4615 Β
2203 4539 2222 4571 ι
2258 4519 2601 4575 introibimus
2627 4520 2684 4573 in
2717 4516 3124 4574 tabernaculum
3155 4515 3294 4585 ejus,
3333 4535 3354 4570 ι
3389 4517 3445 4571 id
3481 4527 3572 4574 est
3619 4518 3668 4572 in
3693 4515 3764 4570 tui-

501 4608 724 4680 (Philip.
767 4607 853 4677 ll),
884 4617 939 4664 et
971 4609 1110 4664 sicut
1140 4611 1256 4664 ovis
1286 4611 1353 4666 ad
1389 4613 1718 4667 occisionem
1757 4613 1950 4669 ductus
1989 4624 2092 4670 est.

572 4698 999 4754 Mansuetudinis
1039 4699 1159 4755 dico
1191 4700 1468 4765 exhibitaa,
1519 4721 1536 4753 ‹
1575 4703 1712 4758 sicut
1746 4722 1764 4754 ›
1799 4704 1912 4774 ipse
1935 4704 2097 4760 Chri-

501 4801 617 4847 stus
652 4807 671 4840 ι
705 4788 911 4858 juravit
945 4790 1196 4858 Domino,
1240 4811 1258 4844 ›
1296 4792 1349 4847 id
1379 4801 1463 4848 est
1502 4793 1732 4848 firmiter
1766 4796 2092 4865 proposuit:

500 4892 556 4939 et
584 4882 685 4938 hoc
727 4897 832 4936 non
866 4891 1120 4948 coactus,
1172 4883 1268 4938 sed
1307 4899 1374 4938 ex
1411 4875 1713 4951 voluntate;
1749 4894 1803 4939 et
1835 4886 1939 4940 hoc
1964 4894 2047 4943 est
2077 4903 2092 4940 :

506 4994 526 5026 ί
553 4982 734 5030 votum
756 4973 924 5039 vovit,
955 4994 972 5025 ι
1002 4990 1065 5029 ex
1089 4974 1364 5030 voluntate
1387 4983 1441 5030 et
1468 4974 1783 5042 affectione,
1812 4977 1908 5032 tibi
1936 4997 1954 5029 σ
1980 4978 2091 5034 Deo

497 5065 700 5130 Jacob,
749 5085 768 5118 ι
817 5066 870 5121 id
905 5075 989 5121 est
1043 5066 1276 5136 adjutori
1332 5068 1669 5123 luctantium.
1730 5089 1748 5121 ‹
1802 5068 2014 5126 Juravit
2065 5090 2084 5124 ι

501 5157 642 5221 dico,
667 5157 741 5211 ita
770 5156 954 5212 dicens
988 5174 1000 5208 ε
1039 5175 1058 5207 ι
1099 5156 1156 5212 Si
1179 5157 1438 5213 iutroiero
1468 5159 1520 5213 in
1549 5161 1957 5216 tabernaculum
1990 5163 2088 5218 do-

501 5261 622 5302 mus
655 5261 810 5311 mete,
843 5265 860 5296 ι
893 5247 938 5300 si
968 5246 1266 5301 ascendero
1295 5247 1348 5302 in
1377 5249 1597 5315 caelum,
1620 5251 1764 5321 quod
1792 5262 1877 5307 est
1904 5252 2089 5307 taber-

500 5337 752 5392 naculum
804 5347 860 5392 et
907 5338 1173 5392 habitatio
1229 5339 1280 5392 in
1315 5355 1419 5408 qua
1453 5350 1534 5395 est
1575 5357 1694 5396 mea
1748 5343 1992 5410 mansio;
2035 5352 2093 5398 et

501 5425 721 5488 etiam}
757 5432 802 5486 si
839 5433 1133 5487 ascendero
1172 5433 1224 5486 in
1257 5433 1454 5487 lectum
1483 5435 1637 5488 strati
1673 5434 1798 5499 mei,
1841 5454 1859 5486 ι
1893 5435 1946 5490 id
1983 5445 2086 5503 est,

503 5525 557 5580 in
602 5525 911 5581 omnimoda
960 5525 1175 5594 requie,
1235 5525 1390 5596 quasi
1433 5527 1487 5580 in
1529 5525 1668 5580 lecto
1715 5534 1884 5580 strato
1934 5528 2090 5584 bonis

503 5616 718 5687 pannis.

575 5707 641 5761 Et
685 5707 847 5763 etiam
896 5729 912 5759 ι
952 5709 996 5764 si
1023 5710 1224 5766 dedero
1261 5725 1531 5774 somnum,
1587 5729 1605 5762 ι
1642 5709 1693 5764 id
1724 5721 1808 5765 est
1835 5725 2082 5779 mortem,

512 5818 528 5858 ι
570 5799 739 5855 oculis
770 5800 924 5872 meis,
968 5820 986 5852 ι
1025 5803 1125 5856 hoc
1152 5811 1232 5856 est
1263 5801 1427 5875 mihi,
1458 5800 1545 5872 qui
1573 5801 1721 5872 prius
1749 5802 2084 5874 vigilantiam

2198 4611 2370 4665 litiam
2397 4609 2513 4679 ejus
2539 4609 2765 4675 Christi,
2793 4609 2921 4679 quia
2952 4623 3052 4664 nos
3082 4606 3211 4663 facti
3241 4609 3506 4664 membra
3529 4609 3762 4666 Ecclesia

2200 4701 2498 4756 militamus
2523 4700 2595 4766 ei,
2632 4708 2688 4755 et
2729 4719 2748 4752 ‹
2787 4699 3134 4756 adoravimus
3164 4700 3220 4754 in
3250 4700 3374 4756 loco
3405 4703 3509 4758 ubi
3541 4705 3764 4758 steterunt

2195 4792 2361 4864 pedes
2385 4790 2520 4860 ejus,
2557 4811 2576 4844 ›
2619 4791 2686 4846 ad
2715 4791 2973 4856 litteram,
2996 4792 3125 4862 quia
3151 4792 3330 4847 adhuc
3365 4794 3614 4849 adorant
3637 4791 3764 4849 homi-

2195 4903 2293 4942 nes
2320 4887 2412 4942 ubi
2441 4887 2702 4942 Dominus
2739 4885 2984 4942 ascendit
3018 4905 3031 4940 :
3061 4882 3218 4954 cujus
3259 4887 3624 4944 ascensionis
3653 4885 3766 4942 testis

2194 4979 2372 5034 adhuc
2401 4989 2643 5034 remanet
2676 4993 2864 5049 cespes
2889 4977 3099 5044 viridis,
3136 4992 3239 5033 nec
3267 4976 3466 5048 aliquo
3497 4980 3768 5049 pavimento

2193 5069 2310 5139 ejus
2336 5067 2582 5123 viriditas
2610 5076 2789 5138 potest
2817 5067 3100 5123 dimoveri.
3134 5063 3252 5132 Vel,
3291 5087 3309 5119 ι
3355 5069 3709 5127 adoravimus
3729 5067 3772 5120 is

2193 5160 2311 5216 loco
2347 5181 2366 5212 ι
2408 5161 2461 5216 id
2517 5169 2619 5225 est,
2669 5161 2880 5231 integra
2916 5161 3052 5226 fide,
3106 5177 3126 5211 ‹
3179 5161 3270 5216 ubi
3311 5171 3606 5219 steterunt
3643 5163 3773 5234 peds

2193 5251 2329 5320 ejus,
2361 5271 2380 5305 ι
2424 5252 2477 5307 id
2497 5261 2581 5307 est
2614 5252 2668 5306 in
2693 5267 2801 5322 quo
2847 5262 3109 5322 apparent
3133 5254 3363 5324 vestigia
3392 5271 3522 5312 sua:
3538 5256 3771 5327 justitie:

2193 5345 2286 5414 qui
2329 5344 2476 5400 enim
2522 5343 2687 5399 habet
2720 5344 3018 5414 perfectam
3072 5345 3254 5411 fidem,
3300 5361 3417 5400 non
3471 5364 3606 5416 eam
3644 5348 3776 5402 habet

2192 5437 2420 5491 otiosam
2442 5477 2456 5501 ,
2498 5436 2591 5491 sed
2631 5448 2890 5506 operatur
2919 5438 2985 5492 ad
3013 5436 3216 5492 Christi
3257 5437 3663 5498 imitationem.
3699 5439 3777 5494 Per

2192 5528 2296 5583 hoc
2322 5528 2461 5582 facta
2481 5539 2563 5582 est
2581 5527 2822 5583 Ecclesia
2845 5537 2899 5582 et
2946 5539 3156 5584 uetera:
3171 5527 3374 5584 Christi
3397 5534 3780 5600 promissiones

2191 5623 2500 5692 cornplette,
2531 5621 2659 5693 quia
2686 5621 2800 5693 ipse
2830 5624 3068 5677 surrexit
3101 5631 3155 5676 et
3191 5623 3443 5678 ascendit
3480 5628 3541 5681 in
3578 5625 3778 5697 gloriam

2190 5728 2364 5779 suam,
2415 5721 2469 5769 et
2513 5713 2640 5768 inde
2682 5713 2833 5769 misit
2875 5711 3159 5784 Spiritum,
3205 5731 3306 5786 per
3351 5731 3536 5786 quem
3575 5715 3781 5788 apostoli

2190 5806 2480 5864 confortati
2509 5807 2608 5864 sibi
2634 5806 2932 5869 Ecclesiam
2958 5815 3384 5867 construxerunt
3416 5827 3434 5864 :
3465 5821 3532 5867 et
3555 5827 3668 5883 quo
3687 5811 3783 5881 ipa
