3898 6478
101 530 214 588 649

1251 526 1691 586 EXPLANATIO
1725 527 1792 584 1N
1834 526 2168 586 PSALMOS.

3243 539 3345 592 650

98 642 359 706 ascendit,
381 639 510 697 facit
537 643 898 700 conscendere
925 656 1106 698 arcam
1123 644 1366 709 suam,id
1379 651 1463 699 est
1490 642 1675 698 Eccle-
1701 643 1751 704 Α
1777 639 1998 695 desolati
2025 641 2080 694 in
2104 641 2224 696 istis
2251 642 2503 707 terrenis,
2530 651 2584 698 et
2611 649 2784 698 tamen
2808 647 2918 699 Deo
2947 661 3097 700 suam
3126 651 3345 706 castita~

99 735 237 790 siam
263 752 275 788 :
301 734 484 790 ethoc
515 749 622 790 non
656 734 1005 801 enuntiative,
1037 736 1132 790 sed
1162 735 1516 792 desiderative
1541 733 1673 789 Pro-

96 827 264 900 pheta
287 829 587 896 annuntiat,
613 836 670 884 ut
696 845 806 885 suae
828 831 1024 886 mentis
1047 829 1383 888 aﬂ’ectionem
1407 831 1672 886 ostendat.

170 917 519 976 Continuatio
563 939 576 976 :
617 920 754 988 Quia
801 921 1035 991 impletae
1091 931 1214 977 sunt
1267 921 1674 992 promissiones,

95 1010 396 1082 perfectum
443 1022 528 1068 est
579 1011 1006 1079 tabernaculum,
1066 1014 1206 1078 ideo,
1265 1029 1298 1068 o
1357 1033 1374 1066 ‹
1427 1013 1672 1077 Domine,

98 1120 260 1174 surge
284 1104 338 1160 in
367 1105 607 1175 requiem
631 1114 801 1174 tuam,
836 1126 854 1159 ι
891 1107 948 1162 id
975 1115 1057 1163 est
1079 1107 1330 1173 ascende,
1364 1125 1382 1158 ι
1416 1116 1472 1162 et
1502 1125 1520 1158 ι
1554 1114 1678 1176 post

100 1202 160 1249 te
192 1193 448 1250 ascendat
482 1214 502 1246 ‹
539 1210 686 1262 arca,
732 1215 750 1247 ι
798 1195 849 1250 id
878 1204 960 1251 est
987 1195 1247 1262 Ecclesia,
1279 1196 1335 1250 in
1368 1210 1474 1266 qua
1503 1197 1676 1252 conti-

99 1293 300 1340 nentur
339 1285 615 1356 sapientiae
655 1294 711 1341 et
746 1287 984 1342 scientiae
1014 1306 1026 1341 :
1059 1303 1186 1343 arca
1211 1285 1334 1343 dico
1378 1307 1396 1340 ‹
1438 1288 1675 1344 sanctiﬁ-

96 1377 334 1433 cationis
365 1385 489 1443 tuae,
534 1397 554 1429 ι
588 1377 645 1432 id
665 1387 767 1444 est,
798 1395 958 1448 quam
983 1389 1040 1434 tu
1069 1380 1396 1436 sanctiﬁcas.

174 1467 242 1523 Et
271 1477 330 1524 ut
350 1483 474 1524 arca
499 1479 620 1540 post
651 1479 704 1526 te
728 1473 902 1542 possit
939 1474 1252 1539 ascendere,
1289 1474 1508 1529 interim
1545 1495 1561 1526 ‹
1590 1490 1672 1530 sa-

100 1559 348 1615 cerdotes
392 1561 471 1616 tui
515 1582 535 1614 ι
588 1563 882 1619 servientes
921 1565 1018 1620 tibi
1055 1566 1266 1630 devote,
1309 1585 1327 1616 ί
1385 1566 1676 1621 induantur

91 1650 384 1720 justitiam,
423 1674 442 1708 ι
485 1655 718 1711 habeant
760 1671 858 1727 pro
888 1656 1054 1711 infula
1102 1658 1352 1723 virtutes,
1397 1673 1518 1727 qua:
1569 1658 1676 1713 sint

97 1743 181 1800 eis
212 1754 590 1802 ornamentum
618 1747 841 1812 animae,
877 1767 896 1799 ‹
927 1756 982 1802 et
1009 1768 1027 1800 ι
1059 1747 1161 1818 ipsi
1202 1767 1220 1799 ε
1254 1748 1429 1803 sancti
1458 1748 1536 1802 tui
1576 1764 1672 1802 ex—

100 1835 305 1891 sultent
347 1857 364 1889 ι
412 1839 479 1893 de
528 1853 624 1892 sua
669 1839 898 1908 justitia.
947 1836 1068 1903 Vel,
1103 1840 1271 1894 sancti
1323 1840 1396 1894 tui
1441 1839 1676 1894 minores

102 1927 378 1982 exsultent
405 1929 472 1983 de
495 1944 593 1984 suo
618 1929 884 1999 profectu,
904 1937 957 1985 et
979 1930 1043 1984 de
1067 1931 1365 1986 imitatione
1389 1931 1670 1986 bonorum.

1777 738 1882 784 tem
1911 729 2236 797 custodiunt,
2263 747 2362 788 nec
2399 747 2522 789 cum
2551 734 2792 789 daemone
2821 735 3172 802 fornicantur,
3203 757 3220 790 ‹
3256 741 3348 797 bc-

1775 821 2028 876 nedicens
2057 821 2398 889 benedicam,
2437 843 2455 875 ι
2492 824 2543 880 id
2579 835 2661 880 est
2695 825 2909 880 assidue
2945 827 3348 898 multiplicando

1775 908 2086 974 virtutibus,
2129 930 2146 960 ‹
2179 926 2440 981 pauperes
2472 912 2586 982 ejus
2624 934 2642 964 ι
2687 912 2815 970 Sion
2849 935 2866 966 ι
2899 917 3150 974 saturabo
3190 919 3344 989 pani—

1774 999 1898 1067 bus,
1935 1019 1954 1052 ι
1986 1000 2041 1055 id
2062 1009 2145 1056 est
2164 1001 2428 1071 spirituali
2459 1004 2766 1059 refectione.

1850 1108 1868 1140 ‹
1912 1087 2234 1146 Sacerdotes
2276 1092 2392 1162 ejus
2421 1093 2634 1148 induam
2667 1095 2908 1162 salutari,
2960 1119 2977 1150 ι
3014 1099 3066 1154 id
3092 1110 3174 1157 est
3215 1119 3348 1159 cou-

1774 1178 2100 1236 formitatem
2152 1181 2354 1238 Christi
2407 1183 2678 1251 salutaris,
2707 1187 2760 1242 id
2789 1198 2871 1242 est
2917 1189 3011 1244 ﬁlii
3051 1194 3156 1247 mci
3191 1213 3202 1247 :
3239 1214 3257 1246 ‹
3295 1205 3352 1252 et

1775 1274 1948 1328 sancti
2001 1275 2116 1345 ejus
2165 1296 2184 1327 ι
2234 1277 2502 1343 minores,
2543 1281 2634 1348 qui
2683 1283 2989 1339 sacerdotes
3040 1285 3346 1356 imitantur,

1782 1362 2176 1431 (exsultatione
2204 1368 2566 1436 exsultabunt,
2593 1389 2611 1421 ι
2651 1371 2706 1425 id
2730 1380 2812 1427 est
2840 1382 3041 1430 tantam
3075 1378 3350 1435 habebunt

1775 1456 2210 1524 exsultationem,
2225 1475 2345 1528 qua:
2360 1460 2505 1515 nullo
2518 1462 2677 1518 modo
2693 1462 2869 1517 valeat
2893 1465 2962 1519 ab
2977 1466 3056 1521 eis
3083 1472 3343 1524 amoveri.

1851 1567 1870 1599 ‹
1901 1548 2048 1615 illnc,
2085 1570 2104 1602 ›
2137 1550 2190 1604 id
2219 1560 2299 1606 est
2329 1553 2384 1606 in
2411 1552 2497 1606 illa
2527 1553 2678 1619 Sion,
2719 1573 2738 1606 ι
2780 1555 3094 1623 producam,
3135 1580 3151 1611 ‹
3187 1561 3239 1614 id
3269 1571 3353 1616 est

1776 1642 2062 1695 extendam
2087 1641 2141 1695 in
2165 1641 2344 1696 futuro
2366 1642 2570 1711 judicio
2609 1665 2626 1695 (
2678 1661 2845 1701 cornu
2877 1647 3078 1714 David,
3126 1671 3142 1700 ι
3181 1652 3233 1706 id
3269 1661 3354 1707 cst

1777 1730 2088 1787 altitudines
2125 1733 2293 1802 ipsius
2318 1731 2554 1802 Christi,
2583 1736 2932 1792 manifestans
2963 1740 3131 1809 ipsius
3159 1751 3353 1810 polen-

1777 1824 1909 1878 tiam
1929 1826 2180 1880 omnibus
2212 1844 2226 1879 :
2254 1834 2310 1880 et
2334 1827 2551 1881 interim
2583 1848 2599 1878 (
2635 1830 2823 1898 paravi
2860 1829 3077 1886 Christo
3111 1849 3232 1889 meo
3267 1835 3351 1890 lu-

1779 1930 2016 1982 cernam,
2077 1937 2096 1970 ι
2143 1917 2307 1972 veluti
2347 1917 2608 1974 Joannem
2644 1928 2698 1974 et
2737 1919 2870 1975 alios
2912 1935 3219 1991 prmcones,
3262 1929 3355 1996 qui

180 2019 248 2072 Et
274 2020 398 2088 quia
430 2021 577 2075 videt
617 2021 670 2076 in
711 2021 1102 2078 illuminatione
1145 2025 1382 2094 gentium
1411 2026 1674 2080 excaecari
1702 1997 1750 2056 Β
1776 2004 1921 2058 Viam
1947 2004 2174 2060 Domino
2207 2018 2592 2076 pml’amrem'

99 2105 317 2166 Iudaeos
341 2152 354 2176 ,
395 2121 644 2181 precatur
677 2112 847 2168 Deum
883 2124 942 2168 ut
983 2115 1066 2170 vel
1104 2115 1259 2184 juxta
1292 2117 1454 2171 ﬁnem
1496 2117 1678 2172 visitet

99 2213 219 2253 cos.
274 2198 617 2257 Continuatio
647 2222 659 2256 :
695 2203 1014 2260 Sacerdotes
1042 2206 1330 2262 induantur
1350 2208 1561 2278 justitia
1582 2249 1596 2274 ,
1623 2217 1678 2264 et

97 2305 134 2345 ο
175 2308 195 2341 ι
227 2290 472 2358 Domine,
510 2314 528 2345 ι
565 2293 756 2350 faciem
792 2297 867 2351 tui
896 2296 1117 2363 Christi,
1159 2299 1213 2353 id
1246 2306 1330 2354 est
1357 2310 1677 2370 praesentem

105 2390 168 2437 et
189 2383 392 2439 claram
413 2386 774 2456 cognitionem
799 2387 916 2442 Filii
946 2389 1042 2453 tui,
1066 2405 1183 2459 quae
1202 2391 1363 2445 modo
1385 2406 1574 2446 aversa
1594 2400 1679 2447 est

96 2491 128 2528 a
174 2473 390 2542 Iudaeis,
443 2497 460 2528 ‹
499 2493 567 2532 ne
602 2488 817 2533 avertas
853 2499 871 2530 ι
922 2481 1052 2549 quin
1093 2480 1380 2550 aliquando
1424 2485 1677 2539 ostendas

93 2561 322 2631 Judaeis,
372 2565 560 2622 saltem
601 2569 746 2624 circa
791 2569 1084 2624 novissima
1129 2580 1368 2642 tempora
1413 2591 1426 2627 ε
1467 2583 1524 2628 et
1573 2574 1676 2629 hoc

95 2671 210 2709 non
249 2669 440 2724 precor
483 2668 705 2729 pr0pter
749 2661 940 2716 merita
991 2676 1200 2729 eorum,
1250 2664 1357 2719 imo
1391 2683 1410 2716 (
1457 2673 1676 2734 propter

94 2747 270 2804 David
323 2766 538 2806 servum
592 2760 762 2819 tuum,
824 2774 842 2806 ι
900 2755 1096 2822 idest,
1153 2766 1372 2826 propter
1424 2761 1675 2814 meritum

92 2840 272 2912 ipsius
299 2841 500 2898 Christi
531 2860 545 2896 :
601 2853 656 2898 et
687 2844 775 2898 hic
816 2844 976 2899 datur
1009 2845 1171 2915 plane
1203 2848 1430 2918 intelligi
1472 2848 1677 2903 nullum

95 2932 171 2986 de
191 2933 397 2989 meritis
424 2936 534 2990 suis
553 2934 748 2990 debere
769 2952 1114 3006 praesumere,
1141 2940 1236 2995 sed
1257 2956 1470 2996 omnem
1498 2941 1673 2996 salva-

95 3021 305 3078 tioncm
329 3040 394 3078 ex
417 3024 616 3081 Christi
645 3027 850 3082 meritis
875 3037 1208 3098 exspectare.

180 3132 198 3161 ‹
243 3111 450 3168 Juravit
487 3114 761 3170 Dominus.
798 3135 816 3168 ›
861 3114 994 3171 Pars
1024 3118 1199 3174 tertia.
1234 3119 1365 3175 Dico
1395 3139 1413 3171 (
1458 3129 1676 3192 propter

95 3201 290 3269 David,
325 3224 343 3257 ι
371 3220 468 3260 nec
499 3205 707 3272 dillido,
737 3226 754 3257 ‹
787 3207 911 3278 quia
941 3208 1200 3266 Dominus
1236 3232 1253 3263 ι
1291 3211 1450 3266 Pater
1484 3232 1501 3264 ‹
1525 3211 1676 3281 jura—

95 3294 203 3360 vit,
242 3316 259 3346 ›
304 3295 531 3352 ﬁrmiter
579 3299 787 3364 statuit,
833 3316 852 3350 t
908 3299 1092 3364 David,
1146 3321 1163 3350 ι
1223 3301 1278 3354 id
1312 3310 1396 3355 est
1436 3301 1674 3368 Christo,

105 3405 127 3435 ‹
160 3385 463 3453 veritatem,
517 3407 535 3439 ι
585 3389 710 3458 quia
749 3389 888 3442 sicut
926 3389 1193 3458 promisit,
1235 3389 1312 3443 sic
1357 3366 1669 3458 complevit,
1705 3366 1751 3428 Ο

108 3496 129 3527 ε
163 3488 216 3532 et
248 3495 355 3533 non
391 3478 739 3534 frustrabitur
763 3495 887 3534 eum
921 3499 941 3532 ›
975 3481 1048 3533 ita
1077 3482 1262 3536 dicens
1292 3500 1304 3536 :
1341 3502 1358 3532 ‹
1394 3483 1468 3537 De
1495 3485 1674 3540 fructu

99 3569 312 3622 ventris
367 3570 464 3634 tui,
512 3587 530 3618 ›
580 3568 634 3623 id
681 3578 765 3623 est
809 3571 875 3624 de
922 3571 1190 3639 generatis
1232 3586 1328 3640 per
1376 3573 1677 3630 doctrinam

105 3667 276 3719 tuam,
301 3673 420 3726 qua:
445 3666 630 3713 venter
657 3659 872 3725 dicitur,
903 3661 1028 3730 quia
1050 3663 1286 3717 continet
1316 3664 1365 3718 in
1394 3678 1450 3719 sc
1481 3681 1678 3720 arcana

103 3747 202 3801 Dei
229 3756 284 3802 et
312 3749 478 3803 nutrit
511 3750 774 3816 homines,
814 3751 955 3806 sicut
982 3762 1170 3808 venter
1196 3769 1421 3823 puerum
1448 3774 1460 3808 :
1487 3756 1554 3812 de
1577 3757 1680 3813 illis

101 3839 377 3903 generatis
408 3841 486 3895 sic
528 3861 546 3892 ‹
579 3857 772 3912 ponam
813 3858 976 3913 super
1015 3846 1197 3900 sedem
1241 3856 1414 3914 tuam,
1459 3869 1476 3901 ι
1506 3850 1558 3904 id
1597 3858 1682 3904 cst

99 3925 300 3982 faciant
343 3946 435 3986 eos
483 3933 728 3989 doctores
772 3935 912 3990 sicut
955 3945 1012 3991 tu
1047 3935 1197 3992 fuisti
1232 3940 1287 3993 in
1317 3940 1418 3995 hac
1455 3941 1585 4006 vita,
1628 3952 1681 3996 ct

101 4019 267 4072 etiam
293 4020 536 4089 judicare
565 4031 735 4078 totum
763 4026 1044 4080 mundum.

183 4128 200 4162 (
230 4111 432 4168 Ponam
455 4134 474 4168 ι
501 4116 621 4171 dico
654 4119 755 4174 hoc
781 4128 957 4188 pacto,
988 4139 1005 4171 ‹
1026 4119 1071 4176 si
1097 4121 1189 4176 ﬁlii
1216 4124 1294 4178 tui
1327 4125 1681 4181 custodierint

107 4212 489 4262 testamentum
520 4223 718 4276 meum,
755 4231 772 4263 ι
803 4211 856 4266 id
883 4222 966 4268 est
1003 4224 1270 4284 pracepta
1313 4217 1509 4272 veteris
1547 4217 1682 4288 legis

100 4307 161 4353 et
186 4300 594 4368 prophetarum,
633 4318 750 4372 quae
781 4303 1060 4374 proferunt
1091 4307 1456 4362 testimonium
1485 4318 1682 4365 nostra:

101 4387 232 4443 ﬁdei
267 4407 280 4443 :
321 4408 339 4440 ι
367 4399 422 4446 et
453 4393 756 4448 testimonia
787 4409 906 4449 mea
946 4396 1061 4450 haec
1094 4411 1212 4465 qua:
1245 4418 1264 4451 ›
1295 4414 1397 4466 ego
1433 4419 1449 4449 (
1481 4400 1683 4456 docebo

101 4495 228 4544 eos,
266 4499 284 4530 ›
321 4497 424 4536 non
455 4497 573 4552 quae
602 4485 703 4554 ipsi
737 4501 806 4540 ex
826 4501 920 4541 sua
952 4487 1052 4541 sibi
1082 4498 1232 4557 parte
1259 4489 1626 4546 adinveniant.

179 4572 302 4628 Filii
331 4575 406 4629 tui
437 4577 698 4632 sedebant
722 4593 882 4648 super
912 4579 1094 4634 sedem
1123 4588 1289 4646 tuam,
1321 4599 1339 4631 ‹
1377 4590 1432 4635 et
1469 4602 1486 4631 ι
1521 4585 1684 4636 etiam

110 4683 130 4715 ι
174 4664 271 4720 ﬁlii
311 4681 519 4734 eorum,
565 4686 583 4720 ι
619 4669 672 4723 id
709 4677 792 4724 est
819 4670 1137 4738 imitatores,
1181 4691 1198 4722 ‹
1240 4687 1411 4743 usque
1437 4674 1489 4727 in
1519 4690 1685 4728 sarcu-

1850 2096 2166 2154 Sacerdotes
2204 2099 2420 2156 induam
2465 2101 2715 2169 salutari,
2759 2123 2777 2155 (
2814 2105 3061 2163 inimicos
3107 2129 3126 2160 ›
3175 2121 3355 2166 autem

1787 2212 1803 2244 (
1840 2190 1954 2260 ejus
2007 2193 2223 2248 induam
2274 2194 2608 2262 confusione,
2662 2217 2680 2250 )
2729 2197 2782 2252 id
2827 2207 2909 2254 est
2959 2203 3355 2264 crubescentia.

1780 2287 1996 2352 quando
2021 2285 2348 2341 descendent
2368 2287 2422 2340 in
2445 2288 2622 2359 ignem
2642 2276 2937 2346 aeternum:
2958 2314 2974 2344 ‹
2999 2309 3159 2364 super
3182 2297 3357 2362 ipsum

1781 2383 1959 2430 autem
1991 2397 2010 2429 ι
2069 2375 2344 2432 Christum
2380 2397 2398 2430 ‹
2434 2377 2694 2434 etllorebit
2735 2384 3089 2438 sanctificatio
3139 2401 3294 2450 mea,
3333 2406 3350 2439 ο

1779 2467 1905 2535 quia
1928 2465 2045 2535 ejus
2069 2467 2424 2523 sanctiﬁcatio
2465 2478 2521 2524 et
2546 2470 2716 2541 gloria
2744 2473 2844 2526 erit
2873 2473 3354 2532 immarcescibilis.

2205 2566 2274 2621 lN
2317 2567 2647 2624 PSALMUM
2676 2569 2932 2626 CXXXII.

2108 2659 2344 2715 Tt'rULus
2386 2679 2397 2712 :
2436 2659 2710 2716 Canticum
2750 2664 3028 2732 graduum.

1781 2734 1788 2747 ’
1857 2769 1874 2800 ς
1903 2749 2041 2804 Ecce
2081 2765 2240 2820 quam
2274 2749 2492 2806 bonum.
2533 2771 2552 2804 ›
2591 2751 2646 2804 ln
2696 2751 2800 2806 hoc
2835 2753 3040 2823 psalmo
3078 2756 3358 2811 materiam

1779 2840 1982 2908 pariter
2006 2849 2061 2895 ct
2089 2843 2315 2912 gradum
2348 2842 2538 2908 habet,
2567 2841 2836 2912 Propheta
2867 2844 3208 2902 dilectionem
3229 2865 3357 2918 pro-

1779 2929 1931 2994 ximi,
1955 2939 2009 2984 et
2035 2945 2156 2985 eam
2183 2930 2524 2985 commendat
2547 2929 2792 2998 pluribus
2813 2933 2987 2988 modis
3015 2953 3025 2986 :
3054 2942 3107 2988 et
3133 2936 3363 2990 intendit

1778 3037 1877 3077 nos
1892 3023 2123 3078 invitare
2146 3032 2205 3077 ut
2225 3025 2386 3078 istum
2406 3023 2630 3094 gradum
2646 3025 3089 3092 conscendamus,
3111 3030 3225 3082 sine
3251 3045 3360 3098 quo

1779 3115 1845 3168 ad
1875 3131 2163 3186 supernam
2194 3115 2532 3172 Hierusalem
2571 3117 2880 3189 pertingere
2913 3134 3021 3173 non
3049 3135 3356 3188 possumus.

1849 3209 1926 3265 Ac
1962 3211 2007 3264 si
2051 3211 2127 3264 ita
2167 3211 2371 3265 diceret
2401 3228 2416 3265 :
2457 3211 2564 3266 Vos
2595 3211 2820 3277 fratres,
2858 3215 2951 3282 qui
2986 3229 3084 3284 per
3108 3207 3359 3270 meritum

1780 3302 1982 3357 Christi
2011 3301 2253 3366 collecti,
2287 3301 2416 3356 Sion
2443 3302 2573 3356 facti
2597 3305 2758 3369 estis,
2790 3324 2808 3354 ι
2838 3321 2964 3360 ecce
3005 3326 3023 3356 ›
3053 3307 3180 3375 quid
3206 3307 3361 3361 nobis

1784 3399 1986 3454 restat,
2022 3411 2039 3440 ‹
2078 3391 2325 3446 habitare
2350 3390 2405 3444 in
2431 3406 2597 3446 unum
2626 3413 2644 3443 ι
2671 3401 2731 3446 ut
2760 3411 2777 3442 ‹
2807 3392 3029 3460 fratres,
3065 3413 3083 3445 ›
3115 3395 3168 3448 id
3195 3404 3277 3450 est
3305 3403 3364 3448 ut

1783 3482 2075 3537 fraternam
2113 3482 2435 3537 charitatem
2463 3485 2614 3539 vobis
2641 3484 2872 3540 invicem
2896 3487 3214 3542 exhibeatis.
3238 3487 3363 3543 Ideo

1783 3575 1962 3645 potius
1984 3575 2148 3645 elegit
2178 3575 2473 3630 fraternam
2510 3577 2848 3633 dilectionem
2887 3581 3244 3650 persuadere,
3270 3581 3364 3653 qui

1783 3681 1904 3722 eam
1931 3682 2050 3737 quae
2067 3673 2150 3722 est
2171 3667 2312 3722 inter
2326 3676 2536 3738 patrem
2556 3685 2619 3724 ac
2637 3670 2794 3734 ﬁlios,
2816 3670 2900 3722 vel
2921 3671 3151 3741 aliquem
3179 3675 3364 3742 talem,

1785 3759 1910 3828 quia
1938 3774 2001 3814 ea
2031 3774 2151 3828 quae
2177 3767 2260 3813 est
2287 3759 2430 3813 inter
2459 3759 2670 3823 fratres,
2703 3761 2937 3815 maxima
2961 3763 3115 3816 estin
3143 3765 3366 3833 mquali-

1786 3861 1930 3906 tate:
1964 3867 2068 3908 non
2099 3861 2318 3921 propter
2339 3853 2442 3907 hoc
2469 3851 2598 3906 dicit
2637 3852 2882 3906 habitare
2921 3853 2975 3906 in
3007 3870 3192 3920 unum,
3225 3857 3366 3926 quod

1785 3953 2003 4000 moneat
2030 3959 2130 4000 nos
2158 3944 2226 3998 ad
2255 3943 2479 3999 localem
2515 3943 2684 3999 solam
2724 3945 3110 4001 habitationem
3131 3989 3144 4011 ,
3176 3965 3366 4018 quam-

1785 4033 1864 4086 vis
1887 4033 2050 4086 etiam
2078 4032 2278 4086 bonum
2314 4032 2386 4086 sit
2413 4031 2656 4086 localiter
2677 4032 2835 4087 simul
2857 4035 3104 4090 habitare
3124 4077 3138 4100 ,
3162 4038 3255 4091 sed
3283 4039 3364 4092 in-
3425 4105 3429 4108 ι

1785 4124 1978 4194 telligit
2003 4125 2056 4178 in
2074 4140 2238 4178 unum
2265 4123 2512 4179 habitare
2531 4124 2798 4193 quoslibet
2833 4126 3076 4182 diversos
3098 4143 3161 4182 ac
3191 4145 3365 4184 remo-

1787 4226 1871 4272 tos
1891 4257 1904 4282 ,
1944 4225 1999 4270 et
2028 4216 2191 4271 etiam
2222 4231 2480 4286 personas
2513 4231 2634 4284 quae
2672 4232 2738 4271 ex
2770 4217 2998 4272 diversis
3035 4219 3224 4272 ciliciis
3253 4221 3366 4274 suis

1785 4308 1889 4363 sibi
1927 4307 2270 4362 subserviunt
2303 4307 2563 4372 invicem,
2606 4314 2660 4360 et
2699 4307 2766 4360 ad
2807 4308 3069 4362 unitatem
3117 4310 3365 4375 tendunt,

1787 4415 1851 4454 ac
1876 4399 2090 4454 vinculo
2119 4399 2241 4454 ﬁdei
2276 4397 2515 4467 ejusdem
2547 4407 2602 4453 et
2632 4397 2935 4454 dilectionis
2961 4400 3195 4470 colligati
3220 4414 3362 4467 sunt,

1787 4496 1846 4540 ut
1869 4503 1974 4542 non
1996 4487 2139 4542 dicat
2163 4488 2335 4554 major
2357 4487 2580 4542 minori:
2613 4486 2729 4542 Non
2750 4503 2882 4559 egeo
2902 4490 3099 4545 auxilio
3123 4500 3212 4546 tuo
3237 4511 3248 4545 :
3274 4495 3366 4548 sed

1787 4585 1944 4630 orent
1975 4576 2062 4631 alii
2091 4592 2191 4646 pro
2213 4575 2352 4642 aliis,
2383 4585 2437 4631 et
2467 4577 2646 4630 οωῑοτὶ
2670 4577 2920 4646 expleant
2943 4593 3040 4633 sua
3072 4595 3192 4634 cum
3236 4581 3366 4635 dile-

1787 4669 1963 4723 ctione
2000 4666 2210 4722 oﬂicia:
2252 4650 2438 4737 pascat
2460 4669 2697 4723 rusticus
2731 4669 3007 4736 clericum,
3036 4672 3286 4727 similiter
3311 4683 3366 4728 ct

102 4757 256 4823 lum,
292 4779 312 4811 ι
344 4759 396 4813 id
421 4769 505 4814 est
541 4761 775 4830 quandiu
816 4762 1028 4818 durabit
1057 4763 1309 4818 saeculum
1347 4783 1358 4816 :
1398 4766 1559 4818 etiam
1591 4765 1683 4818 ﬁlii
1709 4749 1764 4809 D
1789 4763 1878 4817 alii
1908 4762 2112 4818 debetis
2137 4763 2380 4818 habitare
2405 4763 2458 4816 in
2489 4779 2675 4827 unum,
2710 4763 2834 4832 quia
2865 4783 2883 4814 ι
2917 4765 3138 4832 bonum,
3168 4787 3186 4819 ›
3214 4767 3366 4823 idest

102 4852 526 4908 novissimorum
572 4860 874 4924 temporum
918 4874 936 4904 (
987 4854 1252 4910 sedebunt
1295 4870 1458 4925 super
1501 4855 1681 4910 sedem

105 4953 260 4998 tuam
284 4984 298 5008 ,
337 4963 355 4996 ι
388 4954 446 4999 ut
477 4961 655 5016 supra.

179 5036 436 5095 Promisit
468 5039 706 5107 Christo,
748 5043 890 5112 quod
936 5043 1011 5098 sic
1040 5042 1290 5099 sederent
1332 5043 1427 5098 ﬁlii
1478 5046 1580 5111 sui,
1630 5053 1684 5101 et

106 5129 217 5183 hoc
242 5145 350 5185 non
401 5132 694 5188 secundum
741 5133 934 5188 merita
965 5149 1180 5199 corum,
1220 5152 1238 5184 ‹
1294 5135 1390 5189 sed
1428 5135 1680 5204 quoniam

110 5217 372 5274 Dominus
402 5220 563 5292 elegit
592 5222 742 5290 Sion,
782 5243 800 5275 ι
837 5224 891 5278 id
935 5233 1016 5279 est
1040 5224 1356 5290 Ecclesiam,
1399 5243 1416 5275 ι
1453 5225 1611 5296 elegit
1658 5247 1676 5278 ι

112 5307 238 5364 dico
265 5329 283 5362 ι
312 5325 430 5367 eam
455 5314 508 5368 in
534 5313 920 5370 habitationem
949 5315 1073 5383 sibi,
1110 5335 1128 5368 ›
1161 5325 1220 5371 ιιι
1249 5332 1354 5373 non
1377 5317 1446 5372 ad
1472 5318 1682 5382 horam,

114 5398 212 5454 sed
251 5401 463 5457 assidue
492 5403 816 5458 inhabitaret
841 5420 979 5459 eam.

195 5507 215 5542 ι
253 5491 428 5562 Elegit
465 5514 482 5544 ι
518 5494 654 5558 dico,
682 5494 756 5548 ita
782 5495 966 5550 dicens
997 5513 1010 5549 :
1047 5513 1066 5547 ι
1099 5495 1225 5552 Haec
1252 5515 1269 5548 ›
1303 5498 1510 5553 scilicet
1535 5496 1682 5563 Sion,

113 5589 203 5639 est
235 5601 282 5654 ι,
297 5586 510 5654 requies
540 5601 657 5641 mea
696 5605 714 5638 ι
752 5586 807 5641 in
842 5601 946 5657 qua
983 5588 1262 5657 requiesco
1293 5608 1302 5643 :
1337 5605 1445 5644 non
1476 5599 1712 5644 tantum.

119 5676 178 5731 in
212 5677 314 5734 hac
338 5680 465 5744 vita,
499 5680 592 5735 sed
626 5699 644 5731 ι
689 5679 741 5735 in
766 5679 1019 5736 szeculum
1054 5699 1072 5732 ι
1100 5681 1500 5737 subsecutivum
1528 5683 1687 5753 hujus

127 5789 146 5823 (
190 5771 372 5828 sarculi
403 5791 414 5826 :
447 5771 533 5829 hic
566 5790 580 5828 :
626 5792 645 5826 ι
679 5773 731 5829 id
777 5782 861 5830 est
885 5771 939 5828 in
966 5773 1068 5828 hac
1089 5773 1326 5832 Ecclesia
1359 5795 1377 5828 (
1409 5775 1684 5842 habitabo,

116 5865 375 5935 quoniam
403 5867 534 5939 elegi
575 5883 712 5924 eam.
762 5890 777 5920 ι

201 5976 219 6007 ‹
270 5955 496 6013 Viduam
535 5957 648 6027 ejus
685 5979 701 6008 ι
753 5959 1023 6026 Ecclesize,
1075 5961 1126 6016 id
1170 5971 1251 6017 est
1297 5959 1416 6018 illos
1444 5961 1532 6031 qui
1565 5970 1686 6016 sunt

526 6051 788 6110 ΡΑΉιυι.
828 6052 1041 6114 CXVI.

1786 4852 1931 4916 utile,
1962 4853 2089 4921 quia
2110 4852 2356 4923 exemplo
2386 4853 2521 4908 bene
2549 4853 2930 4922 habitantium,
2956 4858 3110 4913 multi
3148 4861 3367 4928 capiunt

1787 4942 1890 4997 sibi
1917 4943 2258 4997 commodum
2284 4943 2835 5010 bonmhabitationis,
2877 4954 2931 5001 et
2968 4965 2986 4997 ι
3034 4963 3195 5016 quam
3226 4968 3245 5000 ›
3278 4950 3368 5003 1)οι

1785 5049 1912 5088 num
1927 5034 2031 5087 est?
2052 5033 2260 5087 lnﬁnite
2274 5033 2489 5104 quidem
2513 5049 2527 5086 :
2557 5054 2574 5086 ‹
2597 5042 2650 5089 et
2669 5052 2830 5106 quam
2845 5037 3181 5110 jucundum)
3204 5052 3365 5093 suave

1785 5134 1836 5180 et
1866 5125 2224 5181 delectabile?
2253 5125 2460 5181 inﬁnite
2485 5127 2747 5184 similiter.

1858 5217 2002 5271 Bene
2057 5217 2175 5270 dico
2227 5214 2520 5284 jucundum
2578 5232 2699 5275 esse
2753 5217 2998 5274 habitare
3059 5219 3256 5278 fratres
3309 5226 3362 5280 in

1787 5325 1952 5364 unum
1973 5349 1987 5372 ,
2025 5327 2043 5359 ‹
2079 5309 2218 5363 sicut
2243 5320 2573 5382 unguentum
2604 5314 2659 5368 in
2679 5314 2884 5382 capite,
2920 5315 3064 5384 quod
3085 5317 3363 5373 descendit

1788 5399 1842 5454 in
1868 5401 2112 5466 barbam,
2139 5399 2359 5456 barbam
2384 5404 2583 5458 Aaron.
2617 5424 2635 5454 ι

1863 5509 1883 5542 ι
1919 5491 2072 5558 Quod
2113 5511 2130 5542 ι
2167 5493 2327 5546 etiam
2369 5513 2387 5545 (
2435 5494 2710 5550 descendit
2753 5495 2808 5548 in
2857 5511 3008 5552 oram
3054 5500 3356 5554 vestimenti

1791 5586 1928 5656 ejus.
1953 5604 1971 5636 ι
2012 5585 2278 5657 Unguenti
2318 5587 2722 5642 similitudinem
2765 5589 2988 5656 inducit,
3017 5591 3140 5661 quia
3171 5593 3226 5646 in
3261 5609 3359 5647 uu-

1787 5686 1985 5749 guento
2010 5679 2245 5734 maxime
2271 5679 2570 5734 delectatur
2590 5690 2644 5734 et
2668 5680 2881 5734 fovetur
2910 5697 3056 5737 caro.
3083 5685 3157 5738 De
3175 5684 3354 5739 Aaron

1789 5769 1909 5825 ideo
1943 5770 2100 5838 dicit,
2137 5773 2262 5842 quia
2299 5773 2411 5843 ipse
2445 5772 2545 5825 fuit
2572 5772 2776 5842 primus
2807 5775 3056 5831 inunctus
3089 5778 3357 5842 sacerdos,

1788 5865 1939 5936 cujus
1968 5867 2148 5922 unctio
2176 5876 2284 5921 tam
2319 5867 2530 5936 copiosa
2568 5865 2696 5932 fuit,
2725 5868 2864 5936 quod
2903 5869 3121 5924 deﬂuxit
3152 5872 3205 5925 in
3233 5872 3357 5926 bar-

1793 5960 1912 6016 bam
1951 5968 2006 6018 et
2039 5962 2091 6017 in
2124 5961 2377 6018 ulteriora
2417 5963 2753 6020 vestimenta.
2791 5965 2885 6021 Est
2927 5975 3105 6022 autem
3137 5969 3365 6038 mystica

2854 6061 2922 6119 21
