3898 6462
597 487 696 542 651
1054 474 1405 535 HAYMONIS
1443 466 1923 530 HALBERSTAT.
1963 467 2179 524 EPlSC.
2220 462 2370 525 OPP.
2412 464 2593 522 PARS
2633 466 2673 522 Ι.
2708 495 2777 506 -
2813 464 3174 525 COMMENT.
3212 460 3384 523 BIBL.
3754 475 3830 532 ω

595 602 714 657 haec
738 594 1052 659 similitudo,
1078 592 1331 662 quoniam
1346 604 1445 660 per
1464 594 1796 658 unguentum
1813 585 1868 638 in
1892 582 2069 653 capite
2089 581 2167 636 si-
2195 587 2249 647 Α
2343 579 2508 647 Quasi
2557 580 2630 636 ita
2685 590 2927 638 moneret
2960 601 2973 636 :
3009 582 3260 649 Fratres,
3306 584 3440 653 quia
3473 580 3599 652 jam
3644 584 3702 639 in
3731 586 3829 646 «ωδ

596 689 891 763 gniﬁcatur
910 684 1143 758 Spiritus
1167 692 1401 745 sanctus,
1423 681 1516 752 qui
1545 678 1647 733 fuit
1671 678 1728 733 in
1749 676 1968 732 Christo
1994 672 2170 743 capite
2272 673 2448 729 ctione
2472 672 2788 741 consistitis,
2831 694 2850 727 ι
2884 689 3009 732 ecce
3038 693 3058 729 ι
3079 676 3344 746 ,ρθτίὶαὴθ
3369 679 3524 749 quod
3565 689 3734 737 restat
3753 699 3820 739 κ-

596 789 806 846 nostro,
824 778 878 834 in
902 791 1008 848 quo
1028 773 1290 830 habitavit
1310 771 1541 842 Spiritus
1562 776 1779 825 sanctus
1799 780 1905 820 non
1932 763 2000 819 ad
2018 777 2169 817 men—
2270 765 2385 832 bis,
2437 764 2643 820 scilicet
2670 784 2688 817 ι
2715 764 3015 822 benedicite
3053 765 3321 839 Domino,
3359 787 3379 821 ι
3424 769 3486 826 id
3524 778 3618 827 est
3658 770 3822 830 laudate

596 887 776 927 suram
802 886 816 925 :
857 876 910 924 et
937 867 1003 922 de
1024 865 1200 934 capite
1227 863 1319 918 illo
1344 860 1624 917 descendit
1649 859 1705 915 in
1736 858 1990 921 barbam,
2014 854 2069 909 id
2088 859 2171 909 est
2269 855 2579 924 Dominum,
2605 859 2749 929 quod
2776 858 2833 915 in
2860 858 2952 915 tali
2975 860 3169 917 saeculo
3192 861 3321 918 facti
3349 862 3493 919 estis
3528 882 3547 917 :
3578 864 3815 935 cujushu-

596 961 648 1015 in
680 960 843 1015 fortes
867 958 1033 1021 viros,
1055 965 1109 1010 et
1134 952 1380 1025 proxime
1398 950 1709 1007 inhairendo
1730 947 1916 1020 capiti,
1939 944 2087 1001 velut
2114 944 2170 998 in
2269 948 2352 1003 dis
2380 950 2542 1006 verba
2568 950 2722 1020 ponit
2746 951 2802 1006 in
2835 952 3081 1023 sequenti
3110 952 3341 1024 psalmo,
3370 952 3599 1010 alleluia
3617 994 3633 1021 ,
3660 957 3813 1013 sciliw

595 1049 737 1119 ἱρεοε
776 1046 1049 1117 δωειοιοε
1071 1084 1087 1110 ν
1116 1043 1209 1113 (ιυὶ
1234 1050 1360 1098 sum
1384 1040 1580 1104 barba,
1620 1052 1728 1092 non
1753 1035 2043 1105 cuiusque,
2074 1032 2169 1087 sed
2268 1045 2324 1094 et
2352 1039 2455 1094 hoc
2481 1058 2499 1091 ‹
2529 1055 2703 1107 nunc,
2733 1060 2752 1093 ι
2788 1041 2843 1097 id
2874 1050 2959 1098 est
2991 1043 3108 1097 sine
3135 1057 3287 1098 mora
3315 1058 3331 1097 :
3372 1058 3483 1099 nec
3518 1060 3809 1116 quoscunque

589 1140 791 1204 Aaron,
816 1139 870 1194 id
890 1146 973 1193 est
997 1136 1217 1201 Christi,
1255 1133 1347 1206 qui
1365 1142 1587 1204 propter
1615 1129 1846 1191 ofﬁcium
1884 1125 2168 1184 sacerdotii
2268 1145 2481 1199 moneo,
2503 1133 2632 1204 quia
2664 1152 2683 1185 σ
2717 1150 2825 1191 non
2850 1142 2936 1191 est
2959 1135 3199 1206 speciosa
3220 1135 3341 1192 laus
3361 1137 3421 1192 in
3442 1151 3549 1195 ore
3571 1144 3807 1209 peccatus

591 1231 927 1302 significatur
960 1243 1057 1300 per
1081 1229 1295 1291 Aaron,
1325 1226 1490 1281 etiam
1523 1223 1817 1279 secundum
1847 1222 2169 1291 interpreta—
2270 1219 2459 1291 (Eccli.
2494 1227 2617 1296 xv),
2664 1245 2685 1278 ι
2734 1242 2754 1277 ι
2794 1226 2886 1281 sed
2926 1240 3112 1282 omnes
3149 1226 3293 1282 servi
3332 1226 3599 1295 Domini,
3638 1249 3657 1282 ι
3687 1230 3730 1286 id
3753 1242 3803 1286 ut

590 1325 790 1379 tionem
820 1321 1074 1386 nominis,
1107 1319 1232 1390 quia
1246 1316 1428 1373 Aaron
1457 1316 1841 1386 interpretatur
1862 1321 2167 1377 montanus,
2268 1317 2361 1386 qui
2381 1314 2609 1372 Domino
2636 1315 2690 1370 in
2718 1316 3002 1373 dilectione
3022 1317 3258 1385 servitis,
3276 1317 3797 1377 benediciteDomina

590 1415 837 1471 Christus
857 1427 987 1469 vero
1020 1424 1235 1480 semper
1275 1409 1330 1463 in
1363 1414 1547 1463 monte
1572 1414 1628 1462 et
1654 1405 1889 1461 maxima
1908 1403 2168 1458 virtutum
2344 1427 2363 1459 ι
2397 1406 2536 1473 Vos,
2558 1408 2728 1473 servi,
2754 1408 3083 1476 benedicite,
3110 1423 3216 1464 non
3243 1408 3339 1479 qui
3368 1408 3445 1464 ad
3485 1408 3797 1466 horamseni-

589 1505 874 1561 altitudine
900 1501 1180 1557 habitavit.
1206 1498 1322 1565 Vel,
1357 1518 1377 1550 ι
1412 1498 1469 1553 in
1490 1497 1732 1562 barbam,
1765 1514 1785 1548 ι
1815 1495 1870 1551 id
1899 1502 1985 1551 est
2008 1493 2064 1547 in
2084 1492 2168 1546 vi-
2268 1495 2373 1563 tis,
2421 1495 2516 1551 sed
2543 1495 2637 1567 qui
2669 1497 2858 1563 statis,
2902 1516 2921 1548 ι
2953 1497 3008 1553 id
3040 1506 3124 1553 est
3161 1507 3598 1568 perseveranter

591 1596 718 1651 riles
752 1603 809 1650 et
838 1594 1109 1664 sapientes
1139 1591 1316 1656 viros,
1339 1589 1431 1660 qui
1468 1604 1566 1660 per
1603 1587 1826 1644 barbam
1866 1583 2171 1656 signiﬁcan-
2276 1605 2296 1639 ι
2342 1587 2398 1642 in
2438 1587 2597 1643 domo
2637 1587 2849 1643 Domini
2880 1604 2896 1654 ;
2933 1608 2952 1641 ι
2998 1595 3054 1645 et
3100 1604 3197 1644 vos
3232 1589 3555 1659 etiam.Qui
3586 1592 3690 1647 estis
3718 1612 3732 1645 ι
3758 1594 3792 1647 is

593 1696 716 1741 tur:
754 1691 811 1740 et
834 1698 944 1739 non
977 1683 1150 1738 solum
1179 1678 1458 1736 descendit
1492 1679 1547 1733 in
1585 1676 1810 1733 barbam
1839 1681 2171 1746 unguentum
2271 1677 2452 1743 atriis,
2490 1696 2509 1729 ι
2540 1676 2594 1732 id
2625 1685 2709 1733 est
2737 1678 2791 1732 in
2818 1678 3040 1735 introitu
3079 1698 3097 1731 ι
3134 1680 3327 1737 domus
3370 1681 3487 1737 Dei
3530 1684 3681 1749 Μ,
3710 1704 3729 1736 ,
3750 1686 3790 1739 id

594 1778 720 1833 illud
745 1792 779 1832 a
813 1776 988 1848 capite
1014 1782 1200 1830 nostro
1218 1813 1233 1840 ,
1261 1772 1355 1828 sed
1386 1771 1555 1827 etiam
1583 1770 1637 1825 in
1681 1784 1836 1825 oram
1863 1765 2171 1823 vestimenti
2271 1777 2354 1823 est
2384 1766 2669 1835 Ecclesiae,
2710 1768 2805 1825 sed
2834 1778 2891 1825 et
2930 1770 3234 1841 imperfecti
3272 1780 3333 1828 et
3372 1774 3587 1829 naviter
3606 1775 3784 1831 mersi

590 1869 739 1939 ejus,
772 1867 826 1923 id
851 1875 935 1923 est
959 1866 1015 1920 in
1035 1865 1281 1921 ultimum
1319 1869 1566 1918 sanctum
1600 1860 1693 1931 qui
1726 1874 1963 1929 unquam
1988 1857 2095 1913 erit
2116 1857 2168 1911 in
2202 1936 2236 1939 _
2273 1856 2495 1914 laudent
2533 1859 2840 1917 Dominum.

590 1936 847 2023 Ecclesia,
881 1956 1169 2012 descendet
1191 1954 1425 2025 Spiritus
1450 1960 1671 2015 sanctus
1695 1951 1762 2006 ab
1784 1950 1974 2005 eodem
2001 1947 2175 2018 capite
2201 1936 2250 1997 Β
2346 1949 2637 2019 Postquam
2666 1952 2872 2006 monuit
2892 1953 2960 2007 ad
2981 1952 3325 2021 laudandum,
3352 1953 3781 2010 monetetadlw

591 2060 796 2115 nostro,
836 2048 989 2119 cujus
1019 2046 1401 2101 vestimentum
1423 2044 1678 2099 dicuntur
1703 2041 1889 2097 fideles
1915 2040 2019 2106 sui,
2048 2039 2174 2109 quia
2276 2043 2643 2113 operandum;
2683 2042 2841 2113 quasi
2869 2043 3070 2099 diceret
3098 2062 3112 2098 :
3136 2043 3256 2100 Non
3292 2053 3529 2101 tantum
3564 2061 3774 2101 monstras

592 2144 861 2197 honorant
889 2140 1064 2209 ipsum
1083 2179 1099 2206 ,
1129 2138 1271 2193 sicut
1309 2137 1630 2192 vestimenta
1665 2134 1943 2190 dominum
1975 2151 1988 2187 :
2034 2139 2090 2188 et
2117 2131 2175 2186 in
2277 2136 2345 2191 ad
2375 2133 2834 2202 benedicendum,
2856 2136 2951 2192 sed
2981 2137 3145 2192 etiam
3178 2156 3197 2190 ‹
3218 2136 3479 2196 extollite
3510 2138 3767 2194 manusua

590 2232 695 2287 hac
736 2229 827 2285 tali
871 2228 1221 2285 similitudine
1259 2222 1374 2280 vult
1425 2224 1647 2296 intelligi
1684 2223 1828 2294 quod
1869 2220 2175 2293 hujusmodi
2275 2233 2357 2279 est
2378 2223 2585 2279 elevate
2611 2225 2955 2294 operationes
2995 2244 3014 2277 ι
3049 2236 3259 2283 vestras
3279 2227 3336 2283 in
3375 2237 3580 2284 sancta
3610 2248 3628 2281 ι
3653 2237 3770 2283 sacca-

590 2321 877 2379 concordia
904 2361 920 2387 ,
952 2318 1261 2389 hujusmodi
1287 2317 1617 2373 cohabitatio
1637 2314 1884 2372 conferat
1912 2312 2172 2384 Spiritum
2276 2331 2396 2370 rum
2418 2316 2473 2370 in
2502 2314 2776 2371 caelestem
2807 2312 3105 2373 Jerusalem
3123 2358 3139 2385 ,
3168 2317 3221 2373 id
3249 2326 3337 2376 est
3367 2320 3446 2375 ad
3478 2320 3644 2391 ipsum
3665 2319 3770 2373 Das.

589 2422 878 2478 sanctum,
914 2410 1007 2481 qui
1049 2408 1313 2466 habitavit
1354 2410 1410 2464 in
1444 2424 1673 2479 corpore
1704 2415 1913 2463 nostro.
1948 2404 2017 2460 Et
2046 2416 2176 2458 vere
2275 2406 2488 2493 scilicet
2520 2421 2627 2461 non
2648 2416 2936 2476 operantes
2960 2408 3026 2463 ad
3052 2407 3267 2464 laudem
3288 2410 3585 2465 hominum
3609 2409 3772 2479 siculi}-

588 2503 665 2558 ita
697 2501 995 2574 jucundum
1025 2508 1110 2557 est
1136 2499 1380 2554 habitare
1412 2499 1468 2552 in
1498 2513 1665 2552 unum
1699 2516 1717 2548 ‹
1749 2495 1892 2551 sicut
1921 2508 2013 2548 ros
2038 2490 2176 2545 Her—
2273 2490 2516 2567 poema,
2540 2497 2624 2552 vel
2645 2512 2712 2552 ex
2735 2507 2891 2570 rapto
2910 2499 3277 2572 eleemosynas
3300 2500 3600 2568 facientes,
3620 2503 3773 2571 saw!

590 2610 737 2661 mon,
769 2593 862 2663 qui
888 2612 908 2643 ι
935 2605 1025 2647 ros
1047 2606 1154 2645 non
1168 2604 1394 2660 prorsus
1434 2586 1576 2643 idem
1616 2594 1697 2641 est
1740 2585 1834 2655 qui
1860 2590 1942 2639 est
1964 2584 2019 2639 in
2042 2582 2176 2638 Her—
2274 2589 2573 2645 intentione
2614 2588 2680 2643 ad
2716 2590 3007 2646 Dominum
3033 2598 3213 2646 vestra
3236 2606 3415 2661 opera
3444 2593 3664 2662 dirigite.
3690 2590 3775 2645 «la-

592 2700 737 2749 mon,
762 2682 858 2738 sed
884 2679 1184 2737 consimilis
1202 2679 1280 2733 illi
1310 2697 1329 2729 ι
1364 2676 1710 2733 descenditin
1730 2682 1971 2729 montem
1990 2672 2121 2728 Sion
2149 2693 2168 2725 ι
2275 2679 2443 2734 tollite
2484 2699 2503 2732 ι
2536 2679 2658 2736 dico
2690 2699 2708 2738 ς
2743 2678 2800 2737 in
2829 2682 3093 2748 noctibus,
3133 2701 3151 2734 ι
3179 2683 3232 2739 id
3260 2692 3346 2739 est
3374 2699 3484 2753 ρει-
3513 2693 3663 2740 mium
3679 2682 3776 2751 hijs

589 2773 743 2843 quasi
771 2772 976 2827 diceret
1002 2787 1015 2823 :
1050 2769 1202 2824 Sicut
1228 2782 1339 2834 ros,
1366 2765 1574 2822 scilicet
1597 2764 1939 2820 dulcissimus
1960 2761 2050 2817 ille
2075 2762 2175 2816 hu-
2273 2770 2397 2825 vita:
2423 2811 2438 2838 ,
2475 2770 2530 2825 in
2556 2786 2660 2840 qua
2688 2785 2901 2847 semper
2929 2772 2984 2828 in
3026 2773 3262 2829 tenebris
3296 2790 3500 2832 sumus
3530 2774 3773 2848 ignorantia.

590 2879 737 2930 mor,
769 2863 901 2918 facit
929 2868 1165 2917 montem
1187 2859 1359 2926 illum,
1387 2858 1593 2914 scilicet
1618 2856 1855 2912 Hermon
1873 2897 1887 2922 ,
1917 2855 2094 2909 virere
2117 2861 2173 2908 et
2274 2869 2333 2917 υι
2358 2878 2457 2933 per
2482 2862 2622 2917 bona
2649 2876 2813 2931 opera
2845 2870 3027 2918 vestra
3064 2863 3209 2935 digni
3249 2864 3378 2921 suis
3418 2867 3492 2922 de
3520 2868 3600 2923 his
3624 2866 3777 2921 imi-i5

592 2956 915 3012 fructificare
948 2975 960 3009 :
994 2954 1243 3009 similiter
1276 2960 1332 3008 et
1364 2951 1494 3007 Sion
1527 2951 1600 3004 ita
1627 2950 1877 3003 habitans
1905 2947 1961 3001 in
1998 2961 2165 3000 unum
2272 2954 2328 3011 in
2349 2968 2535 3009 veram
2565 2953 2739 3009 lucem
2766 2954 3027 3025 perduci:
3067 2973 3085 3006 ι
3121 2963 3177 3010 et
3200 2945 3225 3008 ῆι
3261 2970 3489 3029 semper
3514 2976 3533 3009 ι
3566 2956 3779 3013 benedicite

592 3049 724 3104 facit
768 3046 952 3101 ﬁdeles
991 3043 1340 3099 fructificare.
1380 3041 1703 3112 lntelligitnr
1748 3048 1928 3095 tamen
1965 3037 2171 3107 aliquid
2272 3045 2528 3111 Domino,
2560 3064 2581 3097 ι
2609 3044 2665 3099 id
2691 3055 2775 3100 est
2795 3043 3192 3100 laudateetiam
3218 3062 3349 3102 eum
3375 3049 3447 3104 de
3473 3048 3572 3105 hoc
3593 3048 3709 3119 quod
3725 3060 3782 3100 us

590 3150 645 3195 et
686 3139 742 3193 in
781 3138 883 3192 hac
908 3136 1260 3191 similitudine
1286 3149 1300 3188 :
1332 3149 1427 3205 per
1456 3148 1636 3189 rorem
1671 3131 1845 3202 gratia
1873 3130 2171 3201 spiritualis
2270 3136 2406 3191 bene
2427 3135 2639 3206 operari
2666 3136 2992 3205 permiserit.

592 3227 938 3299 intelligitur;
960 3241 1059 3297 per
1076 3224 1311 3280 Hermon
1335 3265 1349 3289 ,
1374 3220 1517 3293 quod
1543 3221 1822 3275 anathema
1848 3220 2171 3289 interpreta-

2345 3247 2365 3279 ι
2391 3227 2700 3284 Benedicat.
2731 3247 2751 3280 ι
2777 3228 2912 3284 Pars
2934 3229 3191 3285 secunda.
3216 3224 3359 3287 Cum
3383 3233 3490 3289 huc
3511 3246 3656 3302 usque
3678 3231 3787 3285 locato

590 3330 698 3387 tur,
715 3317 939 3391 gentiles
952 3317 1266 3387 accipimus,
1291 3314 1693 3385 quialiquando
1713 3312 1933 3370 fuerunt
1956 3313 2174 3367 anathe—
2199 3303 2245 3365 C
2279 3330 2363 3376 ius
2394 3321 2464 3376 sit
2492 3321 2559 3376 ad
2593 3336 2778 3377 sei-vos
2809 3321 2905 3376 Dei
2933 3321 3245 3393 pluraliter,
3274 3324 3372 3380 hic
3400 3324 3626 3382 conveni:
3651 3335 3703 3376 se
3732 3320 3787 3373 ad

587 3410 834 3467 matizati
862 3417 917 3465 et
947 3407 1184 3479 separati
1210 3421 1241 3459 a
1281 3405 1392 3461 Deo
1411 3446 1426 3471 ,
1457 3419 1592 3474 quos
1620 3403 1789 3459 nutrit
1809 3404 1982 3475 gratia
2010 3402 2172 3473 spiri-
2273 3413 2599 3485 singularem
2631 3428 2948 3485 personam,
2973 3423 3031 3469 ut
3062 3416 3323 3472 ostendat
3349 3419 3575 3475 unitatem
3597 3427 3785 3470 conser-

591 3497 1182 3568 tualis,etcompungit,
1204 3504 1258 3550 et
1285 3496 1350 3549 ad
1378 3494 1539 3549 {idem
1560 3494 1708 3549 ducit
1736 3508 1751 3547 :
1778 3500 1834 3549 et
1854 3491 1983 3548 Sion
2004 3491 2165 3548 facit:
2276 3509 2508 3563 undam
2534 3524 2654 3567 esse
2682 3508 2735 3564 in
2771 3508 3031 3565 Ecclesia.
3056 3507 3412 3569 continuatio
3440 3530 3453 3565 ε
3483 3510 3622 3576 «τυ,
3641 3509 3782 3566 homo.

589 3600 645 3647 et
669 3592 842 3647 factos
876 3589 1005 3645 Sion
1024 3628 1040 3653 ,
1076 3586 1278 3652 nutrit,
1301 3594 1356 3642 et
1380 3586 1550 3642 bonos
1577 3585 1786 3640 fructus
1813 3582 2058 3654 proferre
2085 3582 2167 3638 fa-
2271 3600 2563 3657 benedicas
2589 3601 2901 3669 Dominum,
2931 3608 2986 3657 ει
3008 3598 3270 3657 Dominus
3297 3605 3604 3667 δεηθδίρει,
3631 3623 3648 3654 ,
3670 3601 3771 3654 idea

590 3684 693 3749 cit;
728 3691 784 3737 et
801 3698 900 3753 per
926 3681 1064 3735 hanc
1085 3676 1492 3773 similitudipem
1526 3676 1641 3731 vult
1677 3675 1902 3747 intelligi
1934 3675 2076 3745 quod
2113 3674 2169 3730 hi

2272 3689 2593 3761 multiplicet
2617 3708 2636 3742 ι
2666 3702 2717 3746 te
2751 3712 2769 3745 ι
2802 3691 2959 3748 donis
2987 3693 3100 3747 suis
3127 3710 3141 3746 :
3172 3693 3429 3749 Dominus
3455 3695 3600 3759 dico,
3627 3691 3781 3745 venit!
3869 3688 3871 3773 (

588 3777 681 3843 qui
709 3770 995 3843 aliquando
1019 3767 1239 3823 fuerunt
1262 3765 1519 3832 Herfnon,
1549 3773 1606 3822 et
1627 3765 1860 3836 separati
1882 3779 1913 3820 a
1934 3765 2045 3820 Deo
2074 3778 2172 3835 per
2278 3800 2297 3832 ε
2324 3797 2391 3836 εχ
2426 3780 2555 3837 Sion
2583 3802 2601 3833 ,
2633 3783 2725 3853 qui
2754 3790 2913 3838 natus
2940 3781 3042 3838 fuit
3078 3798 3148 3839 ex
3173 3782 3301 3839 Juda
3319 3824 3334 3847 ,
3365 3784 3516 3853 cuius
3540 3780 3793 3837 benedici”

588 3864 901 3919 unanimem
928 3858 1350 3925 habitationem,
1372 3858 1506 3913 ﬁant
1535 3856 1697 3925 Sion,
1730 3857 1785 3914 id
1823 3865 1907 3914 est
1930 3855 2172 3913 Ecclesia
2272 3888 2463 3945 magna
2504 3883 2587 3930 es;
2610 3889 2625 3928 ε
2648 3876 2773 3945 quia
2808 3875 2934 3930 licet
2964 3891 3189 3947 magnus
3223 3876 3429 3939 Mssa,
3459 3881 3645 3929 “mea
3684 3874 3798 3928 mea

589 3953 870 4024 speculans
894 3951 1086 4007 Deum.

2272 3962 2388 4034 ipse
2410 3973 2497 4023 est
2527 3983 2547 4020 ι
2580 3967 2673 4037 qui
2703 3965 2834 4021 fecit
2861 3966 3058 4021 caelum
3087 3977 3144 4024 et
3167 3977 3370 4024 terram.
3399 3984 3418 4017 ι

660 4045 925 4112 Quoniam
939 4042 1082 4097 datis
1095 4039 1552 4133 similitudinibus,
1582 4040 1734 4111 ponit
1760 4055 1976 4098 causam
2005 4056 2174 4112 quare
2680 4074 2751 4130 1N
2786 4074 3121 4132 pSALMUM
3157 4074 3435 4133 CXXX“,

591 4135 942 4192 habitandum
965 4134 1037 4188 sit
1065 4133 1119 4188 in
1155 4147 1351 4195 unum;
1384 4146 1448 4187 ac
1485 4132 1531 4187 si
1553 4133 1755 4189 diceret
1789 4133 1948 4191 :ldeo
1973 4136 2174 4191 bonum

592 4238 677 4285 est
700 4227 949 4283 habitare
972 4226 1027 4280 in
1053 4240 1243 4291 unum,
1274 4243 1292 4275 ε
1321 4224 1570 4296 quoniam
1587 4223 1715 4293 illic,
1737 4245 1755 4278 ι
1785 4226 1837 4282 id
1858 4227 2016 4282 estin
2041 4243 2172 4282 con-

593 4319 745 4374 cordi
767 4317 1098 4374 habitatione
1130 4337 1149 4370 ί
1184 4314 1459 4372 mandavit
1480 4316 1755 4385 Dominus,
1791 4338 1808 4370 ι
1844 4318 1898 4374 id
1917 4327 1998 4374 est
2030 4333 2171 4388 prae-

593 4410 736 4480 cepit
760 4424 880 4466 esse
907 4428 927 4461 ι
955 4408 1404 4476 benedictionem,
1441 4429 1461 4462 ι
1488 4409 1749 4466 virtutum
1775 4411 2173 4482 multiplicatio-

591 4518 736 4570 nem,
798 4521 819 4555 ι
870 4511 929 4559 et
968 4503 1133 4558 vitam
1168 4517 1341 4574 usque
1393 4504 1449 4559 in
1497 4503 1777 4571 saeculum,
1831 4524 1851 4558 ι
1898 4505 1953 4561 id
1994 4513 2074 4561 est
2115 4505 2171 4560 in

2779 4166 3020 4223 Tn'uws
3042 4181 3057 4221 :
3089 4166 3341 4223 Alleluia.

2350 4275 2369 4308 ι
2396 4256 2634 4313 Laudate
2660 4272 2878 4313 nomen.
2908 4278 2927 4311 ι
2960 4258 3060 4314 Hic
3085 4259 3255 4314 habet
3279 4259 3553 4331 propheta
3574 4257 3797 4317 materia

2271 4349 2484 4405 laudem
2524 4348 2754 4405 Domini.
2803 4350 2859 4404 In
2892 4351 3063 4421 prima
3096 4360 3254 4420 parte
3282 4361 3475 4409 monet
3511 4370 3612 4409 nos
3642 4353 3797 4408 laudare

2272 4439 2579 4505 Dominum,
2605 4455 2912 4510 supponens
2930 4438 3098 4494 multa
3118 4440 3393 4511 inagnalia
3418 4443 3617 4512 ipsius,
3632 4458 3713 4513 per
3725 4453 3800 4510 qu

2273 4532 2388 4601 ipse
2415 4531 2700 4587 laudabilis
2729 4543 3005 4603 appareat.
3053 4531 3111 4588 In
3146 4534 3430 4602 secunda,
3477 4550 3603 4606 quae
3636 4532 3798 4603 incipit:

591 4607 873 4657 aeternum-
2192 4656 2251 4718 Β
2280 4642 2299 4675 ι
2325 4623 2526 4680 Domus
2548 4623 2735 4688 Israel,
2762 4624 3063 4681 benedicite
3086 4624 3339 4692 Domino,
3363 4647 3384 4679 ι
3412 4638 3611 4684 monet
3631 4638 3802 4683 conla-

1004 4725 1074 4783 ιΝ
1109 4725 1437 4786 ΡειΑιΜυΜ
1465 4724 1748 4784 cxxxiii,
2192 4712 2238 4718 ⁷
2275 4712 2418 4770 niter
2443 4730 2634 4771 omnes
2660 4713 2878 4770 ordines
2908 4715 3142 4771 ﬁdelium
3186 4716 3256 4770 ad
3297 4716 3645 4776 laudandum
3673 4718 3801 4773 Ml

942 4837 1214 4897 Τιτηιυεε
1241 4838 1514 4896 Canticum
1536 4840 1814 4913 graduum.
2274 4802 2505 4860 Intentio
2532 4812 2620 4913 est
2653 4819 2753 4860 nos
2782 4804 2987 4913 hortari
3013 4818 3081 4913 ut
3107 4806 3339 4913 Domino
3372 4808 3601 4865 alleluia
3627 4811 3807 4866 decante-

2273 4908 2415 4958 mus,
2445 4902 2500 4947 et
2523 4894 2798 4949 exhortari
2825 4896 2891 4949 ad
2920 4893 3164 4950 assiduas
3189 4894 3408 4964 laudes,
3438 4900 3545 4970 qui
3570 4900 3810 4956 nobism-

666 4995 688 5028 ι
720 4972 861 5032 Ecce
885 4989 1048 5031 nunc.
1084 4994 1105 5028 ι
1140 4974 1198 5030 In
1230 4976 1328 5032 hoc
1355 4976 1563 5047 psalmo
1582 4975 1866 5033 materiam
1887 4976 2048 5033 habet
2073 4992 2167 5048 pa-
2272 4983 2395 5038 tulit
2418 4984 2707 5054 praedictos
2733 4985 2949 5057 gradus.

590 5068 725 5124 riter
759 5076 813 5123 et
848 5070 1076 5140 gradum
1108 5067 1407 5139 Propheta,
1433 5069 1500 5124 ad
1540 5085 1698 5143 quam
1730 5078 1877 5125 recte
1911 5084 1977 5124 ex
2029 5070 2163 5127 dile-
2343 5072 2508 5141 Quasi
2537 5075 2612 5130 ita
2642 5074 2885 5131 diceret:
2926 5075 3038 5131 Vos
3074 5079 3166 5147 qui
3208 5078 3522 5148 praadictos
3570 5082 3816 5154 gradusa-

592 5158 773 5215 ctione
798 5159 1029 5228 proximi
1053 5158 1416 5215 ascendimus.
1446 5180 1465 5211 ‹
1499 5160 1556 5216 Si
1576 5162 1720 5216 enim
1746 5161 1989 5231 fratrem,
2009 5178 2167 5234 quem
2272 5168 2511 5240 cepistis,
2545 5188 2564 5221 ‹
2597 5169 2815 5225 laudate
2847 5185 3045 5226 nomen
3075 5170 3324 5238 Domini,
3358 5193 3380 5225 ι
3420 5175 3485 5230 id
3514 5174 3822 5242 estmirabi-

593 5251 870 5318 videmus,
896 5266 1005 5306 non
1032 5250 1321 5323 diligimus,
1353 5252 1519 5307 Deum
1538 5293 1553 5319 ,
1584 5269 1743 5323 quem
1769 5270 1874 5309 non
1903 5255 2167 5323 videmus,
2270 5261 2431 5317 bilem
2460 5260 2749 5318 Dominum
2777 5263 2940 5321 facite
2966 5283 2977 5319 :
3013 5280 3114 5321 nec
3141 5282 3519 5340 quoscunque
3549 5263 3824 5333 moceo,sd

593 5343 864 5415 quomodo
902 5342 1218 5413 diligemus?
1248 5342 1299 5414 (Ι
1329 5342 1489 5398 Joan.
1528 5345 1626 5417 ιν.)
1655 5364 1674 5396 ι
1711 5346 1768 5401 ln
1803 5348 1975 5417 prima
2015 5356 2171 5419 parte
2273 5368 2391 5421 vos,
2421 5373 2438 5405 ι
2468 5355 2632 5420 servi,
2661 5354 2877 5411 laudate
2902 5356 3208 5413 Dominum.
3236 5378 3256 5411 ι

591 5436 828 5492 ostendit
868 5437 1038 5493 Deum
1095 5436 1423 5508 diligendum
1472 5444 1527 5491 et
1582 5438 1636 5493 in
1674 5436 1831 5492 laude
1868 5448 1922 5495 et
1951 5441 2003 5495 in
2046 5455 2171 5511 ope-
2343 5446 2453 5505 Vos
2481 5448 2646 5515 tales,
2684 5466 2703 5499 ι
2730 5451 2822 5519 qui
2851 5451 3009 5506 statis
3038 5450 3093 5506 in
3120 5451 3280 5510 domo
3309 5454 3587 5523 Domini.
3634 5457 3686 5511 in
3724 5451 3831 5508 amis

592 5525 826 5583 ratione.
862 5524 922 5581 In
963 5526 1195 5580 secunda
1216 5567 1230 5591 ,
1262 5540 1382 5595 qua:
1418 5525 1603 5595 incipit
1635 5544 1647 5580 :
1692 5545 1711 5578 ‹
1745 5525 2035 5585 Benedicat
2074 5532 2167 5588 tibi
2244 5537 2463 5613 .domus
2497 5538 2593 5593 Dei
2629 5540 2826 5605 nostri,
2854 5560 2874 5593 ι
2916 5556 3015 5597 vos
3040 5541 3192 5607 tales,
3230 5559 3251 5593 ι
3278 5542 3518 5601 laudate
3559 5548 3835 5604 Dominum,

592 5617 857 5676 Dominus
877 5636 946 5676 ex
973 5619 1126 5686 Sion,
1172 5638 1191 5671 ›
1228 5619 1379 5690 ponit
1408 5634 1559 5674 suam
1582 5621 1910 5689 optationem
1942 5622 2166 5680 benedi-
2270 5628 2525 5698 quoniam
2558 5630 2730 5685 bonus
2762 5629 3055 5699 Dominus;
3089 5651 3109 5684 ι
3153 5638 3621 5695 antonomastice
3648 5614 3839 5694 dictum.

593 5713 791 5771 ctionis
818 5714 923 5770 illis
948 5715 1041 5785 qui
1065 5712 1350 5769 Dominum
1380 5712 1628 5784 diligunt.
1652 5712 1885 5770 lntendit
1905 5731 2001 5772 nos
2031 5718 2169 5773 invi-
2269 5734 2367 5789 per
2391 5722 2624 5792 seipsum
2651 5731 2734 5780 est
2758 5724 2948 5788 bonus,
2974 5734 3030 5779 et
3055 5723 3187 5780 alios
3215 5725 3388 5781 bonos
3414 5726 3671 5798 faciens,
3701 5752 3719 5784 ι
3740 5726 3845 5803 μ’

592 5810 711 5862 tare
733 5815 795 5862 ut
812 5807 956 5864 hunc
991 5807 1218 5880 gradum
1247 5805 1630 5874 ascendamus,
1662 5806 1716 5861 in
1742 5822 1847 5878 quo
1874 5809 1979 5865 erit
2015 5811 2169 5869 nobis
2270 5811 2364 5869 lite
2390 5815 2590 5870 nomini
2628 5814 2763 5883 ejus,
2795 5817 3054 5887 quoniam
3087 5832 3251 5874 suave
3278 5828 3364 5875 est
3390 5838 3414 5872 ι
3466 5834 3531 5879 et
3553 5823 3848 5894 jucundum.

592 5902 988 5959 “summano
1008 5898 1248 5957 omnium
1281 5897 1527 5956 aliorum.
2270 5913 2325 5962 et
2353 5905 2668 5964 delectabile
2694 5910 2923 5979 psallere
2949 5912 3018 5967 ei.
