3898 6458
101 460 197 524 653

1243 456 1680 517 EXPLANATIO
1715 455 1782 513 IN
1820 455 2156 514 PSALMOS.

3215 454 3319 514 654

164 575 277 630 Ideo
313 572 479 627 etiam
512 570 720 627 debetis
757 568 985 642 psallere
1021 569 1107 637 ei,
1151 588 1171 621 ι
1197 570 1455 641 quoniam
1482 589 1503 621 ι
1536 569 1650 641 ipse
1674 572 1728 635 Α
1749 583 1876 626 cere
1900 569 2087 624 oculos
2115 569 2415 634 hominum,
2464 568 2557 638 qui
2599 575 2684 623 est
2724 581 2820 623 rex
2848 568 3323 634 omniumamari-

103 685 120 716 ι
149 663 395 720 Dominus
419 659 582 732 elegit
606 658 788 726 Jacob,
825 680 844 712 ι
880 661 933 716 id
958 666 1069 724 est,
1114 658 1432 716 luctatorem
1462 668 1653 717 contra
1757 662 1992 717 cautium
2020 662 2072 716 in
2098 660 2335 732 peccatis
2357 660 2510 717 istius
2531 658 2681 714 vitae:
2717 678 2736 711 ι
2756 668 2847 715 ει»
2868 658 3033 715 etiam
3052 662 3323 731 percussit

96 756 220 811 vitia
244 774 260 806 ι
287 754 338 810 in
364 753 764 825 possessionem
792 752 915 819 sibi,
940 773 957 805 ι
990 752 1216 820 scilicet,
1241 762 1302 809 ut
1325 754 1505 809 omnia
1530 769 1654 809 cum

89 848 411 922 iucunditate
434 845 812 918 possideantur
835 862 866 900 a
886 846 1015 902 Deo.
1051 844 1149 901 Vel
1180 866 1199 897 ι
1227 844 1349 912 sibi,
1372 866 1391 899 ι
1421 848 1524 902 hoc
1548 853 1650 913 est,

1761 772 1778 805 α
1815 753 1895 824 Og
1936 768 2118 825 regem
2158 752 2355 808 Basan.
2396 772 2414 805 ›
2468 751 2547 824 0g
2595 754 2981 824 interpretatur
3022 754 3320 821 conclusio,

1754 842 1925 899 Busan
1955 844 2237 912 confusio:
2264 860 2361 915 per
2382 846 2485 900 hoc
2510 844 2859 915 intelligimus
2883 846 3201 914 daemonem,
3230 850 3320 918 qui

96 940 160 996 ad
191 938 461 995 servitium
490 952 645 994 suum
672 956 684 992 :
721 957 739 989 ι
765 933 929 994 Israel
959 958 977 990 ι
1014 948 1192 995 autem
1210 980 1225 1004 ,
1255 938 1307 994 id
1334 947 1449 1004 est,
1478 938 1653 994 virum
1754 935 2022 992 concludit
2050 934 2303 993 confusos
2332 936 2387 993 in
2413 947 2659 1007 peccato,
2682 952 2751 993 ne
2775 937 2916 992 viam
2937 937 3153 994 valeant
3180 939 3323 994 iuve-

93 1030 349 1086 videntem
385 1030 553 1084 Deum
582 1027 721 1085 facie
751 1030 818 1083 ad
846 1027 1036 1084 faciem
1057 1070 1071 1095 ,
1114 1029 1167 1084 in
1199 1027 1289 1084 illa
1318 1029 1426 1083 vita
1455 1028 1651 1099 elegit,

1754 1027 1875 1082 nire
1906 1026 2095 1083 salutis
2121 1047 2133 1081 :
2176 1048 2194 1078 ι
2226 1036 2281 1082 ει
2304 1030 2483 1084 omnia
2514 1045 2679 1101 regna
2707 1029 2982 1103 Chanaan.
3014 1051 3033 1085 ι
3067 1030 3321 1088 Chanaan

92 1140 195 1178 non
234 1131 289 1178 ut
316 1120 429 1193 jam
459 1120 694 1178 luctetur
721 1130 910 1177 contra
939 1122 1101 1187 vitia,
1146 1121 1238 1176 sed
1265 1121 1320 1175 in
1352 1121 1651 1192 possessio-
1753 1119 2029 1174 descensus
2055 1120 2458 1189 interpretatur,
2501 1130 2557 1176 et
2593 1136 2689 1191 per
2718 1122 2823 1178 hoc
2850 1121 3201 1195 intelligimus
3232 1138 3325 1179 eos

93 1230 209 1270 nem
238 1212 371 1282 sibi,
399 1212 454 1269 id
479 1219 595 1280 est,
625 1220 687 1268 ut
713 1227 839 1269 eum
866 1226 1049 1268 secum
1079 1212 1133 1268 in
1176 1211 1376 1285 gaudio
1412 1211 1651 1283 positum
1755 1210 1845 1281 qui
1869 1210 2142 1265 declinant
2168 1212 2234 1266 de
2257 1212 2399 1267 bono
2427 1213 2496 1267 ad
2523 1212 2742 1268 malum.

90 1306 368 1376 possideat.

1831 1320 1849 1353 ‹
1870 1300 1937 1356 Ει
1960 1308 2157 1357 terram
2179 1316 2366 1356 eorum
2388 1302 2778 1370 haereditatem,
2800 1323 2819 1356 ι
2847 1305 2901 1360 id
2922 1312 3029 1372 est,
3048 1306 3324 1363 caelestem

159 1397 276 1453 Ideo
314 1398 478 1453 etiam
519 1396 767 1464 laudate,
810 1413 831 1449 ι
857 1397 986 1468 quia
1015 1415 1034 1449 ι
1069 1394 1186 1467 ipse
1219 1413 1250 1480 ι.
1269 1395 1529 1453 Dominus
1572 1406 1656 1453 est
1752 1391 2001 1462 patriam,
2028 1406 2188 1461 quam
2217 1406 2314 1462 per
2337 1406 2489 1446 suam
2519 1392 2824 1462 superbiam
2849 1393 3199 1464 perdiderunt
3221 1396 3328 1450 da:-

90 1503 308 1558 magnus
335 1508 382 1553 ι,
415 1488 466 1545 id
494 1496 577 1545 est
625 1486 1002 1561 omnipotens:
1035 1495 1092 1543 et
1123 1486 1228 1542 hoc
1260 1487 1655 1559 quodumagnus
1757 1499 1967 1551 mones,
2005 1502 2024 1535 ‹
2059 1484 2204 1540 dedit
2229 1484 2596 1540 hereditatem
2625 1483 2789 1540 Israel
2816 1504 2837 1538 θ
2889 1501 2997 1542 non
3024 1487 3327 1559 cuicunque

89 1578 160 1634 sit
188 1578 416 1645 credite,
451 1579 577 1649 quia
609 1597 627 1632 ι
659 1594 761 1651 ego
790 1577 1017 1650 cognovi
1047 1598 1065 1630 ι
1115 1592 1219 1653 per;
1241 1576 1498 1648 Spiritum
1527 1593 1653 1634 san-

87 1678 267 1724 ctum:
314 1689 331 1722 ‹
364 1676 418 1725 ει
447 1689 465 1722 ι
514 1671 627 1740 ipse
676 1669 819 1724 idem
857 1687 876 1719 ι
905 1669 1046 1723 Deus
1092 1675 1276 1722 uoster
1302 1687 1321 1718 ι
1374 1674 1458 1723 εει
1496 1685 1516 1717 ς
1544 1682 1656 1737 pra:

1754 1572 1943 1639 Israel,
1972 1575 2066 1630 sed
2097 1592 2115 1626 ‹
2144 1574 2341 1646 populo
2367 1591 2483 1631 suo.
2516 1595 2534 1628 ι

1825 1665 1893 1719 Ει
1931 1665 2056 1734 quia
2096 1666 2211 1721 haec
2251 1666 2431 1721 omnia
2474 1664 2681 1732 fecisti,
2721 1682 2755 1722 ο
2796 1686 2814 1720 ι
2843 1666 3087 1735 Domine,
3129 1685 3324 1727 nomen

87 1760 330 1815 omnibus
353 1760 456 1815 diis
477 1778 496 1811 ι
527 1774 662 1830 quos
687 1758 800 1828 ipse
826 1757 1142 1812 aedificavit:
1172 1772 1281 1811 non
1307 1756 1481 1812 solum
1504 1754 1655 1812 falsis
1757 1765 1931 1823 tuum,
1961 1776 1980 1809 ι
2016 1757 2071 1811 id
2098 1765 2203 1821 est,
2236 1756 2381 1811 fama
2406 1766 2462 1812 et
2487 1756 2605 1812 laus
2636 1766 2726 1812 tua
2768 1760 2874 1813 erit
2903 1780 2920 1811 ‹
2949 1757 3004 1814 in
3034 1769 3324 1828 aeternum;

86 1848 188 1903 diis
211 1850 469 1919 gentium,
494 1849 603 1903 imo
628 1848 758 1917 ipsis
783 1845 988 1920 angelis
1011 1857 1064 1902 et
1090 1846 1209 1903 aliis
1235 1846 1356 1903 diis.

1754 1858 1809 1904 et
1836 1848 2151 1904 memoriale
2179 1857 2359 1915 tuum,
2390 1868 2409 1900 ι
2444 1848 2498 1904 id
2525 1857 2627 1915 est,
2658 1850 2822 1905 verba
2855 1858 2977 1918 tua,
3013 1867 3046 1907 ο
3080 1852 3326 1919 Domine,

157 1916 366 1992 Et'vere
386 1937 502 2007 ipse
521 1946 606 1992 est
623 1916 735 2006 pne
753 1916 1002 1991 omnibus
1021 1934 1126 1990 illis
1145 1934 1266 2002 diis,
1291 1937 1413 2006 quia
1434 1954 1452 1988 c
1473 1936 1654 1992 omnia
1680 1916 1729 1977 Β
1756 1952 1875 2008 qua:
1900 1936 1967 1991 de
2004 1945 2057 1990 te
2090 1944 2382 2009 suggerunt
2414 1937 2568 1992 nobis
2597 1952 2812 2009 semper
2836 1916 3151 1995 memoriam
3168 1982 3183 2009 ,
3226 1916 3332 1996 erit

87 2044 416 2100 quacunque
445 2028 646 2096 voluit,
688 2026 818 2084 fecit
845 2027 900 2082 in
930 2027 1069 2083 caelo
1114 2035 1169 2084 et
1211 2028 1267 2083 in
1316 2038 1489 2097 terra,
1521 2032 1656 2087 etin

1763 2048 1781 2079 ι
1809 2027 1863 2083 in
1894 2026 2241 2100 generatione
2282 2036 2337 2083 et
2365 2028 2792 2100 generationem,
2823 2050 2841 2084 ι
2891 2032 2945 2087 id
2988 2042 3110 2101 est,
3160 2049 3331 2105 usque

88 2122 225 2175 mari
249 2141 267 2173 ι
294 2119 581 2191 navigabili
607 2127 662 2175 et
691 2117 1079 2184 transmeabili,
1105 2138 1124 2171 ‹
1144 2126 1199 2174 ει
1223 2118 1473 2176 omnibus
1499 2121 1659 2193 abys—
1756 2119 1824 2175 ad
1852 2120 1994 2173 diem
2024 2127 2315 2186 aeternum,
2347 2121 2471 2191 quia
2502 2120 2698 2176 cmlum
2727 2129 2783 2176 et
2818 2130 2960 2179 terra
2993 2125 3327 2194 transibunt,

83 2210 181 2274 sis,
206 2229 224 2262 ι
255 2210 397 2265 sicut
423 2212 475 2264 in
502 2209 737 2266 Oceano.

154 2300 397 2356 Ostendit
417 2301 658 2375 quaedam
682 2288 970 2365 mirabilia,
984 2312 1103 2370 qua
1125 2299 1237 2370 ipse
1256 2297 1382 2355 fecit
1402 2300 1456 2354 in
1476 2306 1652 2356 terra:

80 2401 137 2447 et
166 2394 264 2448 hoc
290 2392 515 2458 scilicet,
546 2411 564 2443 ς
587 2391 834 2447 Educens
856 2390 1026 2446 nubes
1049 2391 1117 2445 ab
1139 2398 1384 2446 extremo
1409 2398 1599 2447 terrae:
1630 2411 1651 2445 ι

1754 2211 1918 2266 verba
1945 2218 2125 2266 autem
2152 2218 2244 2266 tua
2270 2227 2376 2266 non
2402 2212 2724 2267 transibunt.

1826 2299 1943 2357 Non
1968 2301 2251 2368 transient,
2274 2311 2329 2357 et
2355 2304 2461 2359 hoc
2487 2303 2595 2358 erit
2621 2302 2934 2360 memoriale
2963 2304 3016 2359 in
3043 2314 3327 2374 aeternum,

1764 2411 1782 2444 ι
1816 2393 1942 2462 quia
1982 2389 2243 2460 iudicabit
2289 2392 2549 2449 Dominus
2579 2414 2597 2445 ι
2651 2395 2973 2451 excaecando
3025 2416 3044 2448 ι
3076 2398 3331 2469 populum
3418 2451 3437 2474 ,

79 2485 198 2539 haec
228 2484 409 2540 omnia
438 2484 504 2539 ad
542 2483 777 2539 litteram
803 2496 1088 2554 possumus
1116 2482 1328 2552 legere,
1380 2491 1559 2538 tamen
1602 2491 1659 2540 et
1755 2496 1912 2536 suum
1939 2500 1958 2532 ι
1984 2479 2133 2554 justo
2150 2481 2355 2553 judicio
2374 2500 2492 2552 suo,
2520 2504 2539 2538 ι
2559 2492 2613 2540 ει
2634 2484 2686 2541 in
2710 2486 2884 2541 servis
2904 2484 3055 2543 suis»
3084 2488 3330 2546 fidelibus

78 2575 368 2647 allegorice
394 2574 668 2647 leguntur,
694 2574 835 2629 sicut
859 2573 1048 2636 nubes,
1075 2572 1129 2627 id
1154 2581 1256 2640 est,
1287 2581 1503 2628 sanctos
1523 2586 1659 2642 ρηε-
1756 2571 1879 2639 sibi,
1911 2590 1932 2623 ς
1958 2571 2335 2643 deprecabitur
2363 2595 2382 2626 ι
2416 2574 2469 2630 id
2496 2584 2600 2640 est,
2627 2575 2981 2649 deprecabilis
3007 2576 3130 2635 erit.

79 2669 348 2723 dicatores
374 2667 561 2723 eduxit
590 2666 659 2721 ab
682 2673 929 2722 extremo
959 2673 1147 2731 terrae,
1180 2662 1234 2720 id
1265 2673 1377 2730 est,
1408 2665 1475 2719 de
1502 2665 1654 2721 vilis-

1833 2681 1852 2714 ι
1884 2663 2203 2719 Simulacra.
2235 2684 2254 2718 ι
2288 2663 2422 2720 Pars
2442 2668 2698 2722 secunda.
2723 2666 3098 2726 Continuatio:
3126 2669 3332 2728 Tantus

76 2760 218 2816 simo
247 2772 447 2829 genere
477 2753 639 2827 hujus
686 2755 864 2812 saeculi
898 2773 917 2807 ‹
945 2755 1085 2811 sicut
1109 2755 1274 2811 Amos
1302 2755 1558 2826 propheta
1590 2754 1657 2810 de
1755 2764 1839 2811 est
1886 2756 2029 2812 Deus
2077 2767 2297 2827 noster,
2356 2761 2448 2831 qui
2499 2769 2648 2816 tanta
2698 2764 2966 2820 mirabilia
3014 2766 3182 2835 facit,
3236 2768 3331 2826 sed

79 2850 327 2907 custodia
356 2848 654 2905 bidentium
683 2844 784 2902 fuit
838 2853 1113 2916 acceptus,
1144 2853 1200 2901 et
1225 2843 1437 2909 Petrus,
1476 2853 1533 2899 et
1565 2843 1656 2901 alii

76 2943 282 3015 plures,
312 2960 334 2994 ι
379 2942 461 2998 sic
485 2948 542 2996 et
585 2957 606 2991 ι
635 2938 875 3011 fulgura,
908 2956 927 2990 ι
970 2937 1022 2991 id
1052 2944 1166 3003 εει,
1209 2936 1658 2992 comminationes

75 3034 480 3106 praedicationis
514 3048 703 3089 eorum
747 3051 765 3084 ι
805 3032 861 3087 in
905 3030 1142 3101 pluviam
1172 3028 1329 3097 fecit,
1373 3048 1392 3082 ι
1442 3030 1495 3085 id
1532 3038 1651 3095 est,

1763 2865 1783 2899 ι
1817 2848 2106 2905 simulacra
2133 2850 2373 2921 gentium
2402 2873 2422 2906 ι
2462 2853 2565 2909 hoc
2596 2870 2703 2909 non
2733 2865 2957 2925 possunt
2983 2900 2997 2924 ,
3042 2861 3168 2930 quia
3207 2870 3332 2917 sunt

1763 2958 1781 2991 ι
1811 2954 2001 2994 aurum
2023 2948 2077 2995 et
2096 2951 2401 3013 argentum,
2423 2960 2586 3015 opera
2610 2961 2863 3001 manuum
2888 2948 3198 3018 hominum;
3230 2972 3247 3003 ›
3277 2953 3330 3007 in

1754 3044 1862 3099 quo
1887 3030 2038 3085 stulti
2060 3040 2322 3101 apparent
2345 3034 2437 3103 qui
2464 3049 2528 3089 ea
2556 3035 2753 3097 colunt.
2780 3046 2833 3091 et
2856 3040 3011 3107 quasi
3032 3052 3331 3099 creatorem

76 3127 497 3183 fructificantem
519 3125 839 3190 doctrinam,
862 3130 1120 3193 quantum
1146 3120 1213 3177 ad
1238 3120 1377 3188 illos,
1403 3118 1497 3191 qui
1515 3121 1654 3177 bene
1752 3128 2099 3186 venerantur,
2123 3137 2241 3191 quae
2267 3130 2447 3195 tamen
2472 3133 2526 3179 et
2550 3123 2650 3196 ipsi
2674 3126 3047 3185 condiderunt.

78 3218 381 3274 doctrinam
408 3205 621 3271 illorum
649 3220 986 3285 receperunt.

1828 3227 1848 3262 ι
1877 3209 1950 3266 Os
1980 3210 2208 3278 habent;
2254 3222 2440 3269 etnon
2470 3214 2787 3286 loquentur,
2823 3219 3008 3277 oculos
3036 3222 3259 3293 habent,
3278 3234 3334 3281 et

148 3308 245 3365 Ille
275 3309 389 3363 haec
417 3308 562 3373 fecit,
594 3324 612 3358 ι
635 3305 726 3376 qui
756 3276 1006 3376 producit
1027 3310 1240 3366 ventos,
1268 3319 1287 3353 ι
1322 3301 1377 3356 id
1404 3307 1508 3365 est,
1532 3312 1656 3354 san-
1680 3276 1728 3340 (ἶ
1758 3315 1865 3356 non
1893 3301 2173 3357 videbunt.
2195 3276 2223 3356 τ»

76 3416 196 3463 ειοε
246 3406 516 3476 apostolos
539 3446 555 3469 ,
622 3401 885 3457 citissime
933 3399 1283 3454 decurrentes
1338 3409 1437 3465 per
1482 3402 1657 3451 totum

76 3495 364 3559 mundum,
392 3512 410 3544 ι
434 3493 501 3548 de
527 3489 797 3546 thesauris
822 3487 957 3553 suis,
979 3506 998 3539 ι
1032 3486 1085 3542 id
1107 3494 1209 3552 εει,
1236 3484 1304 3540 de
1329 3484 1658 3555 plenitudine

80 3586 364 3658 sapientiae
400 3590 455 3638 et
487 3581 727 3638 scientiae
766 3579 960 3650 quibus
997 3576 1297 3647 repleverat
1333 3591 1469 3631 eos:
1514 3593 1533 3625 ς
1565 3575 1657 3645 qui

82 3673 359 3747 percussit
379 3671 755 3743 primogenita,
776 3687 796 3721 ι
830 3668 884 3723 id
911 3675 1023 3733 est,
1077 3673 1302 3739 peccata
1350 3663 1655 3735 originalia,

83 3786 101 3818 ί
135 3765 379 3836 Ᾰῐεγμιὶ,
401 3784 418 3815 ι
450 3763 502 3818 id
526 3769 627 3827 est,
654 3761 822 3831 ipsius
848 3757 1053 3822 mundi,
1083 3755 1210 3827 quia
1235 3754 1325 3811 hic
1348 3754 1579 3810 mundus
1604 3754 1661 3809 in

78 3857 324 3913 tenebris
369 3853 687 3926 ignorantia:
730 3864 944 3919 semper
988 3847 1275 3903 consistit:
1310 3854 1366 3901 et
1396 3846 1501 3901 hoc
1538 3862 1560 3898 ι
1591 3846 1661 3901 ab

77 3947 326 4013 homine,
357 3965 375 3998 ι
410 3945 463 4001 id
491 3950 594 4010 est,
624 3939 931 3997 rationabili
960 3947 1014 3995 et
1042 3939 1306 4010 sapiente,
1346 3956 1364 3990 ο
1396 3953 1568 4011 usque
1592 3936 1660 3994 ad

71 4056 263 4115 pecus,
296 4059 314 4093 ι
343 4041 398 4096 id
422 4049 528 4107 est,
552 4052 722 4109 usque
751 4035 820 4091 ad
844 4035 1033 4090 brutos
1057 4034 1338 4090 homines:
1370 4034 1497 4104 quia
1524 4031 1659 4088 etin

73 4134 417 4207 sapientibus
439 4173 455 4199 ,
504 4142 560 4187 et
604 4132 658 4186 in
686 4128 806 4185 aliis
831 4124 1101 4183 interfecit
1126 4126 1409 4199 originalia
1437 4131 1659 4196 peccata

75 4243 178 4300 per
202 4241 375 4297 aquas
402 4222 673 4295 baptismi.

156 4339 175 4370 ι
211 4317 281 4373 Ει
308 4317 455 4372 misit
485 4315 668 4386 signa,
699 4332 719 4365 ι
754 4311 808 4368 id
835 4320 950 4378 est,
993 4308 1202 4366 minora
1233 4307 1522 4375 miracula,
1555 4325 1575 4359 ‹
1606 4317 1662 4363 ει

68 4409 351 4484 prodigia,
372 4427 391 4460 ι
428 4407 482 4461 id
509 4414 591 4462 est
610 4446 624 4472 ,
651 4403 856 4473 majora
887 4422 906 4456 ι
935 4403 991 4459 in
1027 4402 1205 4458 medio
1234 4401 1326 4467 tui,
1355 4400 1608 4472 Egypte,
1638 4418 1657 4452 ι

71 4504 131 4557 id
160 4510 267 4568 est,
298 4502 354 4556 in
382 4498 559 4554 medio
584 4497 789 4552 mundi.
829 4515 848 4547 ι
873 4496 932 4550 In
955 4494 1151 4559 medio,
1180 4514 1197 4546 ι
1224 4492 1351 4563 quia
1379 4490 1663 4546 manifesta

1837 3411 1856 3443 ι
1882 3393 2057 3450 Aures
2085 3395 2289 3450 habent
2330 3405 2385 3451 et
2421 3412 2527 3452 non
2558 3399 2798 3467 audient,
2832 3423 2850 3455 ι
2892 3412 2948 3457 ιιι
2976 3419 3136 3474 supra
3166 3422 3333 3477 expo—

1761 3485 1985 3554 suimus,
2014 3506 2032 3540 ι
2054 3486 2113 3543 In
2135 3489 2282 3545 exitu
2302 3488 2489 3545 Israel.
2514 3511 2532 3544 ι
2566 3489 2691 3548 Ideo
2712 3492 2827 3551 haec
2850 3496 3203 3554 instrumenta
3224 3515 3331 3556 non

1760 3587 2127 3647 exsequuntur
2149 3578 2343 3646 officia,
2370 3583 2496 3650 quia
2525 3600 2543 3634 ι
2570 3598 2746 3655 neque
2775 3587 2917 3642 enim
2944 3598 3025 3644 est
3048 3591 3284 3662 Spiritus
3310 3613 3327 3642 ι

1761 3677 1982 3723 sanctus
2012 3688 2030 3720 ι
2058 3670 2113 3724 in
2141 3685 2234 3725 ore
2264 3670 2521 3741 ipsorum.
2552 3693 2571 3726 ι

1838 3775 1859 3809 ‹
1890 3757 2107 3815 Similes
2150 3759 2255 3815 illis
2300 3760 2433 3817 ﬁant
2483 3763 2575 3834 qui
2624 3761 2828 3820 faciunt
2877 3781 2971 3833 ea,
3016 3778 3067 3825 et
3100 3790 3118 3822 ι
3169 3774 3332 3831 etiam

1768 3867 1788 3899 ι
1814 3865 2003 3906 omnes
2027 3853 2120 3923 qui
2147 3854 2429 3910 confidunt
2454 3855 2509 3910 in
2536 3850 2632 3912 eis.
2665 3876 2685 3909 ι

1838 3960 1857 3992 ι
1888 3941 2087 3998 Domus
2115 3942 2279 4000 Israel
2300 3986 2314 4011 ,
2350 3945 2672 4003 benedicite.
2702 3968 2721 4000 ι
2771 3948 2896 4006 Haec
2923 3954 3178 4023 praedicta
3214 3971 3337 4012 eve-

1761 4031 1914 4087 niant
1942 4030 2047 4089 illis
2072 4030 2163 4104 qui
2188 4033 2371 4092 colunt
2393 4036 2559 4102 idola,
2587 4039 2682 4093 sed
2713 4058 2732 4090 ‹
2761 4040 2951 4098 domus
2978 4042 3162 4108 Israel,
3192 4066 3211 4099 ι
3240 4062 3336 4104 vos

1768 4143 1785 4175 ι
1813 4123 2114 4181 benedicite
2142 4125 2389 4193 Domino,
2422 4148 2441 4182 ι
2479 4128 2705 4196 scilicet,
2731 4133 3032 4188 communis
3056 4135 3292 4193 Ecclesia
3320 4158 3332 4193 :

1763 4218 1815 4268 et
1846 4229 2186 4271 communem
2214 4216 2510 4273 Ecclesiam
2535 4219 2724 4275 dividit
2745 4236 2844 4291 per
2863 4230 3067 4291 partes,
3093 4224 3295 4282 addens
3321 4247 3333 4281 :

1762 4310 1816 4358 et
1844 4304 2006 4358 etiam
2042 4323 2060 4355 ‹
2091 4305 2283 4361 domus
2311 4308 2514 4374 Aaron,
2546 4329 2563 4361 ι
2600 4311 2651 4366 id
2683 4322 2784 4379 εει,
2813 4314 3059 4372 collectio
3088 4319 3336 4377 sacerdo-

1764 4405 1898 4463 tum,
1936 4415 1953 4448 ι
1981 4398 2302 4465 benedicite,
2330 4398 2577 4457 Domino.
2611 4423 2629 4455 ι

1840 4506 1858 4537 ι
1888 4484 1958 4541 Ει
1993 4488 2157 4543 etiam
2192 4489 2385 4546 domus
2424 4488 2592 4559 Levi,
2620 4514 2639 4545 ›
2689 4495 2742 4550 id
2782 4508 2897 4565 est,
2944 4500 3191 4557 collectio
3231 4505 3333 4559 mi-

73 4596 304 4651 fuerunt
346 4591 633 4649 omnibus:
678 4589 831 4644 misit
860 4587 982 4643 dico
1031 4605 1050 4639 ι
1080 4587 1136 4641 in
1166 4582 1525 4647 Pharaonem,
1558 4601 1577 4633 ι
1607 4581 1663 4637 id
1688 4624 1740 4684 Β
1766 4576 2081 4684 rumorum,
2120 4597 2139 4630 ι
2158 4579 2457 4637 benedicite
2487 4580 2768 4639 Domino.»
2796 4586 2932 4655 Quid
2961 4606 3058 4660 per
3086 4590 3339 4664 singula?

70 4696 187 4754 est,
213 4694 407 4744 contra
434 4682 793 4747 Pharaonem,
822 4681 873 4736 id
902 4690 1001 4745 est,
1031 4679 1431 4750 dissipatorem,
1456 4674 1663 4731 scilicet

71 4777 359 4836 diabolum
390 4796 409 4829 ί
443 4784 497 4832 ει
521 4789 710 4831 omnes
736 4784 921 4830 servos
949 4772 1084 4842 ejus,
1120 4790 1139 4821 ι
1174 4770 1227 4825 id
1254 4778 1357 4835 est,
1388 4767 1661 4823 ministros

72 4870 227 4939 ejus,
277 4868 484 4925 scilicet
511 4868 748 4922 minores
773 4863 1047 4929 diabolos,
1094 4862 1221 4933 quia
1260 4875 1358 4932 per
1385 4859 1475 4915 illa
1508 4858 1660 4931 signa

70 4974 209 5021 sunt
236 4964 455 5035 quidam
483 4963 646 5019 ablati
674 4963 739 5018 de
762 4969 1028 5033 potestate
1050 4957 1269 5015 diaboli.

150 5058 247 5116 Ille
272 5056 423 5114 misit
453 5075 472 5109 ι
504 5055 597 5129 qui
622 5053 889 5127 percussit
919 5058 1108 5125 gentes
1134 5050 1348 5115 multas,
1382 5070 1401 5102 ι
1453 5050 1507 5107 id
1544 5059 1658 5115 est,

72 5151 486 5207 multitudinem
507 5148 784 5213 vitiorum,
811 5165 829 5197 ι
857 5151 912 5200 ει
939 5140 1138 5200 occidit
1165 5157 1318 5213 reges
1350 5139 1537 5207 fortes,
1563 5161 1581 5194 ι
1610 5142 1663 5196 id

74 5252 165 5299 est
178 5243 545 5307 dacmones,et
564 5238 783 5295 abstulit
804 5236 883 5291 eis
901 5242 1225 5307 potestatem
1248 5248 1458 5298 eorum;
1474 5231 1661 5298 fortes,

79 5333 214 5404 quia
248 5339 498 5405 potentes
535 5335 693 5385 erant
730 5324 1002 5397 impellere
1042 5323 1290 5380 homines
1319 5322 1385 5380 ad
1420 5322 1662 5378 facinora

77 5440 311 5480 11122113.

156 5441 175 5478 ι
257 5441 311 5479 a.

156 5441 271 5569 83:5
297 5512 504 5568 scilicet
527 5522 704 5580 reges,
730 5525 748 5558 ι
772 5504 913 5562 Se0n
945 5521 1129 5576 regem
1151 5505 1612 5559 Amorrhzeorum.
1639 5522 1658 5557 ι

76 5603 233 5659 Se0n
260 5604 650 5673 interpretatur
671 5597 885 5652 tentatio
910 5594 1179 5650 oculorum
1203 5609 1221 5650 .'
1248 5594 1496 5650 diabolus
1519 5610 1668 5649 nam-

76 5711 189 5764 que
219 5692 576 5749 transformat
618 5703 677 5745 se
719 5689 772 5742 in
814 5685 1063 5757 angelum
1095 5682 1247 5749 lucis,
1280 5691 1333 5738 et
1371 5699 1468 5754 per
1502 5684 1669 5755 hypo-

76 5791 274 5844 crisin]
301 5786 501 5858 decipit
520 5784 794 5842 homines:
818 5778 1145 5843 Amorrhaei,
1166 5779 1518 5833 amaricantes
1532 5792 1549 5830 :
1572 5792 1669 5848 per

78 5882 231 5933 Se0n
265 5878 563 5933 daemonem
596 5874 744 5930 illum
776 5871 1143 5943 intelligimus,
1181 5869 1272 5938 qui
1306 5876 1477 5924 tentat
1506 5868 1664 5923 sedu-

1770 4664 1875 4721 Vos
1903 4683 2091 4725 omnes
2136 4687 2156 4720 ι
2187 4671 2279 4741 qui
2308 4671 2511 4729 timetis
2542 4672 2828 4732 Dominum
2847 4720 2861 4745 ,
2902 4678 3205 4739 benedicite
3233 4685 3338 4741 Do-

1763 4772 1929 4813 mino.
1961 4779 1979 4810 ι

1835 4849 2024 4907 Moneo
2048 4868 2144 4909 vos
2169 4852 2304 4911 alios
2331 4854 2672 4923 benedicere,
2716 4865 2772 4913 et
2812 4873 2912 4931 ego
2943 4877 3009 4917 ex
3036 4873 3189 4934 parte
3216 4881 3334 4922 mea

1762 4944 2112 5013 henedicam,
2153 4946 2336 5003 dicens
2362 4947 2478 5003 sic:
2513 4967 2529 5000 σ
2561 4947 2878 5009 Benedictus
2903 4954 3161 5011 Dominus
3191 4977 3207 5007 ι
3255 4965 3335 5011 εει

1762 5035 1903 5091 idem
1933 5037 2024 5107 qui
2062 5046 2218 5093 natus
2244 5047 2326 5094 est
2369 5058 2388 5091 ‹
2421 5057 2489 5097 ex
2519 5040 2647 5098 Sion
2683 5064 2701 5096 ι
2747 5054 2803 5099 ει
2846 5065 2864 5097 ι
2898 5046 2989 5116 qui
3031 5047 3237 5103 habitat
3278 5051 3331 5105 in

1770 5124 2121 5188 Hierusalem.
2156 5150 2173 5180 ι
2208 5129 2258 5185 id
2284 5138 2385 5190 est.
2414 5132 2467 5187 in
2494 5130 2712 5190 Visione
2734 5136 2902 5206 pacis.
2930 5136 3177 5195 Alleluia.

2187 5270 2255 5326 IN
2290 5270 2617 5330 PSALMUM
2651 5272 2909 5329 CXXXV.

2270 5378 2509 5438 Tt'ruws
2531 5398 2543 5435 :
2582 5380 2827 5435 Alleluia.

1844 5513 1862 5547 ι
1891 5493 2230 5552 Confitemini
2262 5496 2507 5552 Domino.
2540 5516 2559 5548 ι
2598 5496 2697 5552 llic
2724 5496 2988 5569 Propheta
3025 5500 3189 5557 habet
3214 5518 3331 5558 ma-

1767 5590 1957 5645 teriam
2002 5587 2423 5645 misericordiam
2471 5588 2722 5643 Domini:
2770 5600 2823 5644 et
2868 5592 2919 5645 in
2965 5593 3135 5662 prima
3182 5603 3334 5665 parte

1768 5681 2003 5737 ostendit
2030 5682 2346 5751 potentiam,
2376 5681 2601 5747 scilicet,
2634 5696 2756 5736 eum
2787 5700 2883 5753 per
2908 5684 3329 5742 miscricordiam

1770 5791 1923 5831 suam
1973 5774 2134 5829 totius
2182 5773 2363 5829 mundi
2415 5774 2739 5828 creationem
2789 5775 2999 5843 fecisse,
3053 5781 3333 5850 prmpositu

1770 5866 2129 5923 admonitione
2155 5864 2345 5920 laudis.
2392 5864 2451 5920 In
2480 5866 2712 5921 secunda
2743 5876 2924 5936 parte,
2963 5884 3080 5939 quae
3110 5871 3330 5944 incipit:
