3898 6462
578 493 681 550 655

1040 484 1391 542 HAYMONIS
1429 478 1905 539 HALBERSTAT.
1948 476 2162 533 EPISC.
2203 473 2355 534 OPP.
2395 475 2574 530 PARS
2613 475 2654 529 ι.
2692 505 2760 516 —-
2797 473 3150 532 COMMENT.
3190 473 3362 530 BIBL.
3751 475 3826 528 655

581 627 600 661 ι
627 606 728 674 Qui
759 604 1026 676 percussit
1051 601 1365 673 IEgyptum,
1397 621 1414 652 ι
1445 598 1682 654 ostendit
1707 604 1938 665 quantas
1967 592 2145 646 Domi—
2172 595 2225 653 Α
2249 589 2373 644 dum
2398 590 2560 644 istum
2591 607 2609 640 ‹
2631 603 2753 643 cum
2778 587 3170 658 primogenitis,
3195 606 3214 639 ι
3241 586 3297 641 id
3317 592 3428 650 est,
3461 599 3601 640 cum
3625 585 3826 656 origine

575 710 678 750 nus
714 692 1110 750 misericordias
1143 690 1271 744 fecit
1299 689 1591 745 Israelitico
1616 687 1830 758 populo.
1873 685 1932 738 In
1961 683 2140 747 tertia,

573 801 696 856 qua:
724 785 940 855 incipit:
966 804 982 835 ‹
1005 784 1072 837 Ει
1095 782 1240 837 dedit
1267 791 1467 836 terram
1493 794 1679 834 eorum
1705 776 2094 838 baareditatem,
2119 793 2137 824 ›

572 877 811 934 ostendit
835 891 953 946 quae
978 873 1244 930 beneﬁcia
1273 873 1438 927 faciat
1471 871 1730 925 Dominus
1766 865 1960 938 populo
1990 864 2145 920 Chri-

573 971 748 1025 stiano
774 988 784 1022 :
818 976 875 1024 et
901 981 997 1038 per
1021 968 1135 1022 haec
1159 965 1340 1021 omnia
1368 962 1597 1018 intendit
1620 960 1775 1016 nobis
1821 959 2147 1028 persuadere

573 1059 783 1115 alleluia
810 1057 1137 1113 cantandum
1165 1070 1284 1110 esse
1308 1053 1554 1108 Domino.

641 1149 806 1216 Quasi
847 1148 1094 1203 diceret:
1142 1146 1250 1201 Vos
1297 1158 1487 1198 omnes
1531 1149 1718 1212 gentes
1768 1158 1784 1189 ι
1817 1135 2144 1193 conﬁtemini

569 1241 817 1304 Domino,
867 1259 886 1290 ι
917 1245 1151 1307 utroque
1191 1249 1386 1307 genere
1423 1231 1796 1295 confessionis,
1845 1249 1862 1280 ι
1892 1227 2145 1298 quoniam

567 1334 744 1389 bonus
771 1351 790 1384 ι
833 1338 920 1386 est
948 1345 1047 1400 per
1070 1329 1334 1398 seipsum,
1362 1334 1419 1381 et
1446 1323 1581 1378 alios
1608 1323 1779 1378 bonos
1806 1321 1936 1375 facit
1961 1338 1973 1372 :
2017 1321 2144 1374 item

565 1434 789 1497 propter
835 1425 940 1478 hoc
987 1420 1351 1484 conﬁtemini,
1409 1437 1428 1468 ε
1474 1417 1727 1487 quoniam
1777 1412 2145 1469 misericordia

567 1521 685 1590 ejus
714 1538 733 1570 ι
773 1525 858 1572 est
881 1535 899 1568 ‹
934 1516 988 1570 in
1009 1524 1291 1577 aeternum,
1316 1531 1332 1562 ι
1359 1511 1487 1582 quia
1517 1511 1572 1564 in
1603 1510 1704 1564 hac
1725 1509 1834 1563 vita
1863 1523 1960 1577 per
1982 1505 2144 1560 mise-

570 1611 861 1666 ricordiam
891 1609 1160 1664 condonat
1190 1611 1431 1676 peccata,
1462 1611 1516 1658 et
1541 1600 1750 1657 confert
1784 1599 1950 1654 multa
1984 1597 2143 1667 spiri-

569 1703 733 1756 tualia
763 1701 933 1764 bona,
976 1708 1032 1753 et
1070 1698 1126 1752 in
1163 1695 1265 1751 alia
1295 1695 1407 1749 vita
1437 1700 1751 1749 remunerat
1776 1689 1962 1746 ﬁdeles
1989 1688 2146 1758 longe

568 1793 711 1848 ultra
749 1793 964 1848 merita.

634 1884 765 1938 Item
798 1902 816 1934 ‹
845 1879 1175 1937 conﬁtemini
1197 1876 1307 1933 Deo
1326 1876 1553 1932 deorum
1574 1915 1588 1939 ,
1620 1893 1638 1925 ›
1672 1872 1724 1927 id
1750 1880 1853 1937 est,
1881 1870 1970 1939 qui
1993 1883 2144 1924 crea-

2245 682 2385 738 libus
2414 682 2581 746 vitiis,
2610 689 2667 736 et
2695 696 2819 735 cum
2845 680 2965 735 aliis
2993 679 3308 748 majoribus.

2324 790 2343 823 ‹
2366 771 2467 839 Qui
2490 771 2674 826 eduxit
2692 769 2855 826 Israel
2881 772 2946 826 de
2973 770 3151 825 medio
3172 769 3308 838 ejus,
3334 789 3352 822 ι
3391 768 3452 824 id
3483 777 3605 832 est,
3638 769 3750 824 viro
3768 771 3820 826 ft-

2246 873 2332 920 cto
2362 864 2544 932 Israel,
2566 863 2680 934 jam
2697 879 2804 919 non
2823 864 3184 920 dominabitur
3203 863 3504 934 Egyptus,
3539 862 3742 918 scilicet
3764 872 3813 918 ta-

2247 958 2429 1012 nebrae
2456 956 2614 1026 hujus
2639 957 2849 1022 mundi,
2880 971 2980 1010 nec
3007 955 3292 1028 originalia
3318 965 3592 1026 peccata.

2325 1067 2342 1098 (
2366 1047 2601 1102 Eduxit»
2636 1047 2757 1102 dico
2788 1065 2806 1098 ί
2829 1047 2883 1100 in
2912 1061 3073 1100 manu
3096 1046 3329 1116 potenti,
3353 1067 3376 1099 ι
3413 1047 3473 1102 id
3505 1056 3620 1114 est,
3649 1059 3804 1120 potest;

2247 1149 2303 1196 et
2328 1140 2625 1197 invincibili
2657 1141 2991 1210 operatione,
3033 1159 3052 1191 ι
3080 1148 3136 1194 et
3177 1141 3415 1196 brachio
3458 1145 3733 1210 excelso,»
3770 1151 3803 1203 id

2247 1239 2356 1296 est,
2386 1232 2772 1301 omnipotentia
2797 1247 2862 1287 ex
2890 1247 2994 1301 qua
3020 1233 3309 1302 processit,
3348 1243 3414 1288 et
3457 1233 3701 1292 eﬂ‘ectum
3736 1241 3795 1294 ha-

2247 1324 2367 1379 buit
2389 1332 2580 1393 potens
2607 1323 2871 1394 operatio.

2317 1417 2659 1473 Conﬁtemini
2699 1433 2912 1488 quoque
2955 1418 3050 1485 illi,
3105 1439 3125 1472 ‹
3153 1420 3245 1490 qui
3299 1421 3501 1477 divisit
3540 1438 3678 1478 mare
3712 1423 3785 1478 Rs-

2247 1509 2405 1564 brum
2435 1510 2492 1564 in
2524 1508 2834 1589 divisiones,
2867 1529 2886 1562 ι
2922 1510 2989 1565 ad
3025 1510 3259 1566 litteram
3297 1513 3433 1568 ideo
3462 1513 3718 1584 pluraliter
3731 1519 3783 1569 di-

2248 1601 2501 1688 cit,.quia
2535 1602 2816 1657 duodecim
2852 1603 2951 1658 viae
2989 1603 3224 1659 fuerunt.
3257 1605 3371 1661 Per
3413 1623 3571 1662 mare
3597 1607 3780 1664 Rubrum

2246 1693 2594 1766 intelligimus
2621 1693 2946 1763 baptismum
2967 1737 2980 1759 ,
3016 1696 3105 1764 qui
3141 1697 3300 1751 rubet
3341 1701 3595 1768 sanguine
3617 1701 3772 1754 Christi

2245 1795 2594 1843 consecratus
2627 1805 2639 1842 :
2671 1802 2832 1856 quem
2860 1787 3043 1842 divisit
3071 1787 3370 1870 Dominus,
3428 1793 3556 1860 quia
3587 1793 3670 1846 aliis
3704 1802 3768 1847 est

2247 1878 2314 1934 ad
2344 1879 2531 1945 vitam,
2560 1877 2680 1933 aliis
2709 1878 2776 1932 ad
2803 1877 3225 1946 damnationem,
3258 1881 3490 1936 scilicet
3517 1895 3769 1954 contempto-

565 1989 649 2033 tor
675 1985 757 2031 est
788 1975 1133 2046 angelorum,
1160 1980 1216 2026 et
1242 1970 1470 2024 aliorum
1499 1972 1810 2022 sanctorum
1828 2003 1841 2027 ,
1874 1975 2007 2031 quos
2033 1961 2144 2030 ipse
2173 1972 2222 2032 Β
2249 1969 2417 2036 ribus,
2452 1971 2577 2040 quia
2609 1970 2662 2023 in
2694 1970 2796 2024 hoc
2825 1970 3053 2040 amplius
3078 1980 3537 2042 transgressores
3568 1975 3766 2030 meum.

557 2068 823 2139 justiﬁcat
848 2074 904 2121 et
930 2062 1159 2120 mdiﬁhat
1178 2104 1192 2129 ,
1229 2081 1246 2112 ε
1276 2060 1530 2131 quoniam
1564 2057 1620 2111 iu
1647 2065 1906 2110 aeternum
1935 2051 2145 2106 miseri-

565 2161 753 2216 cordia
779 2158 930 2228 ejus:
962 2177 981 2210 »
1031 2159 1177 2212 hunc
1215 2153 1464 2209 eumdem
1503 2147 1724 2220 apponit
1766 2145 1989 2216 singulis
2018 2158 2140 2198 ver-

563 2253 737 2317 sibus,
761 2258 956 2304 notans
979 2248 1159 2306 omnia
1186 2261 1253 2301 ex
1280 2244 1392 2299 sola
1418 2239 1788 2297 misericordia
1811 2238 1906 2292 Dei
1932 2236 2091 2290 facta.

637 2363 654 2393 ε
682 2339 1023 2397 Conﬁtemini
1056 2337 1282 2392 Domino
1310 2334 1674 2396 dominorum,
1705 2349 1722 2381 ι
1778 2329 1830 2382 id
1877 2336 1977 2391 est,
2016 2325 2141 2396 quia

561 2435 676 2504 ipse
701 2434 1004 2488 dominatur
1031 2430 1281 2485 omnibus
1309 2426 1543 2482 dominis
1578 2432 1634 2478 et
1673 2420 2010 2492 principibus
2042 2419 2142 2473 hu-

553 2523 645 2594 jus
669 2526 813 2580 vitaa.
845 2522 901 2577 In
924 2521 1187 2593 principio
1211 2527 1267 2574 et
1284 2519 1339 2572 in
1363 2517 1471 2570 ﬁne
1494 2515 1647 2586 ponit
1679 2531 1698 2564 ‹
1728 2510 2089 2575 Conﬁtemini,
2118 2529 2134 2560 ι

559 2625 614 2671 et
641 2631 739 2686 per
761 2622 934 2670 totum
963 2612 1197 2668 medium
1223 2622 1507 2680 possumus
1535 2606 1699 2662 etiam
1728 2611 1975 2674 repetere
2003 2642 2017 2667 ,
2061 2602 2140 2657 sic

561 2707 805 2763 dicentes
834 2723 848 2759 :

632 2797 976 2855 Conﬁtemini
1001 2797 1164 2852 etiam
1194 2795 1291 2861 illi,
1325 2815 1342 2846 ‹
1366 2794 1458 2865 qui
1490 2791 1625 2848 facit
1649 2788 1916 2844 mirabilia
1949 2803 2142 2860 magna

563 2891 731 2956 solus,
761 2909 780 2940 ι
823 2890 877 2944 id
919 2897 1022 2954 est,
1061 2889 1178 2942 sine
1225 2885 1495 2955 adjutorio
1539 2879 1785 2950 alicujus,
1837 2880 1928 2950 qui
1977 2880 2142 2934 etiam

561 2984 708 3052 ipsos
756 2982 1036 3038 ministros
1081 2978 1229 3032 fecit.
1373 2967 1386 2981 ’

632 3074 713 3128 11ιί
759 3073 880 3128 dico
929 3090 948 3123 ι
976 3069 1305 3126 conﬁtemini
1327 3107 1342 3134 ,
1367 3087 1385 3120 ι
1443 3085 1462 3118 ί
1489 3066 1583 3135 qui
1630 3065 1758 3120 fecit
1796 3063 1962 3119 cmlos
1993 3081 2011 3114 ι
2047 3081 2059 3115 :
2089 3070 2144 3116 et

566 3159 711 3216 istud
740 3165 824 3212 est
845 3171 973 3228 pars
1003 3155 1330 3210 mirabilium
1361 3171 1373 3206 :
1404 3151 1683 3222 pluraliter
1713 3171 1732 3202 ‹
1757 3150 1921 3206 caelos
1940 3170 1958 3202 ›
1985 3149 2142 3213 dixit,

565 3252 688 3322 quia
717 3250 898 3320 plures
925 3247 1088 3304 caelos
1111 3246 1379 3316 intelligit,
1407 3243 1532 3300 licet
1557 3243 1714 3299 nobis
1750 3259 1857 3297 non
1895 3243 1966 3297 sit
2004 3240 2140 3296 dilli-

563 3344 733 3398 nitum
761 3349 890 3414 quot
915 3342 1050 3408 sint;
1083 3348 1139 3395 et
1168 3338 1287 3394 illos
1311 3337 1477 3394 coelos
1517 3351 1623 3392 non
1657 3335 1786 3391 fecit
1817 3335 1884 3389 ad
1923 3333 2138 3404 aliquod
2167 3325 2211 3388 C

477 3479 492 3484 -
563 3435 856 3505 exemplar,
885 3434 978 3488 sed
1008 3431 1318 3486 «intellectu
1342 3451 1360 3483 ι
1389 3438 1549 3501 prout
1567 3430 1621 3484 in
1640 3436 1820 3484 mente
1845 3443 1942 3483 sua
1964 3428 2140 3496 dispo-

565 3525 694 3590 suit,
734 3525 826 3579 sed
853 3539 947 3593 per
984 3537 1134 3578 suam
1159 3521 1512 3591 sapientiam,
1556 3521 1609 3575 in
1647 3535 1755 3589 quo
1795 3519 2142 3591 intelligimus

563 3615 683 3673 illos
709 3615 872 3672 caelos
899 3624 1085 3670 ornate
1111 3623 1165 3670 et
1188 3614 1352 3684 polite
1372 3629 1492 3668 esse
1521 3612 1717 3668 factos.

633 3708 812 3764 Etiam
847 3707 1178 3764 conﬁtemini
1229 3707 1304 3760 illi
1345 3706 1477 3776 «qui
1506 3705 1743 3760 ﬁrmavit
1769 3714 1995 3771 terram,
2021 3724 2039 3757 ι
2074 3703 2142 3758 ad

560 3798 815 3865 litteram,
847 3816 866 3850 σ
891 3811 1070 3868 super,
1097 3817 1115 3849 ι
1148 3798 1200 3852 id
1233 3805 1334 3863 est,
1365 3795 1520 3865 juxta
1565 3816 1582 3849 ι
1606 3811 1777 3866 aquas
1797 3815 1815 3848 ι
1873 3797 2000 3865 quia
2034 3795 2141 3851 cir-

562 3902 900 3958 cumcunque
938 3887 1056 3941 ﬁuit
1078 3887 1342 3943 Oceanus.
1382 3886 1474 3942 Vel
1497 3902 1594 3957 per
1621 3895 1825 3942 terram
1850 3887 2141 3956 accipimus

558 3981 876 4046 Ecclesium,
904 3994 1065 4049 quam
1093 3979 1327 4032 ﬁrmavit
1353 3979 1495 4033 Deus
1531 3984 1696 4049 Super
1725 3993 1916 4048 aquas,
1952 3977 2006 4032 id
2034 3987 2138 4044 cst,

559 4072 939 4130 inundationes
978 4068 1139 4140 hujus
1186 4069 1365 4124 saeculi
1390 4087 1405 4124 :
1429 4068 1515 4124 vel
1553 4084 1724 4138 aquas
1764 4069 2039 4138 baptismi,
2080 4079 2140 4124 ut

557 4165 802 4221 Ecclesia
835 4172 1052 4235 superet
1079 4163 1213 4218 istas
1247 4162 1638 4228 inundationes,
1672 4172 1726 4217 et
1754 4177 2028 4232 nunquam
2054 4162 2136 4218 di-

558 4264 834 4328 mergatur
857 4255 925 4309 ab
953 4254 1102 4320 istis,
1133 4254 1272 4309 sicut
1303 4261 1446 4310 terra
1481 4253 1641 4310 realis
1679 4262 1901 4326 superat
1947 4270 2134 4325 aquas,

558 4364 679 4420 quae
705 4364 978 4418 nunquam
1008 4346 1325 4416 dimergitur
1351 4347 1418 4402 ab
1448 4346 1574 4402 illis.

625 4441 708 4497 Illi
736 4439 1084 4506 conﬁtemini,
1127 4457 1147 4490 ι
1167 4439 1259 4508 qui
1291 4437 1418 4494 fecit
1450 4439 1734 4493 luminaria
1774 4454 1966 4509 magna
1994 4459 2011 4489 ι
2046 4446 2138 4494 :et

554 4551 654 4608 per
675 4537 780 4593 hoc
803 4549 1087 4608 possumus
1116 4533 1425 4604 signiﬁcare
1460 4543 1679 4590 sanctos
1712 4535 1952 4606 angelos,
1998 4552 2133 4606 quos

554 4632 761 4689 creavit
787 4631 1047 4686 Dominus
1080 4629 1137 4684 in
1168 4629 1404 4682 maxima
1432 4627 1697 4683 claritate.

627 4724 859 4793 Exponit
893 4723 982 4777 illa
1017 4721 1334 4787 luminaria,
1378 4720 1566 4776 dicens
1595 4739 1608 4774 :
1644 4739 1662 4771 ι
1691 4721 1870 4776 Solem
1910 4721 2038 4778 fecit
2076 4723 2129 4778 in

554 4824 875 4889 potestatem
903 4814 1030 4880 diei,
1061 4834 1079 4867 ι
1110 4829 1229 4884 qua:
1252 4821 1496 4883 potestas
1521 4813 1628 4869 diei
1663 4821 1886 4884 apparet
1913 4815 2039 4884 quia
2070 4815 2132 4869 il-

555 4907 785 4965 luminat
825 4921 1004 4962 aerem
1039 4914 1094 4961 et
1131 4905 1332 4976 prmbct
1363 4905 1520 4961 nobis
1557 4905 1750 4961 lucem.
1807 4905 2128 4977 Allegorice,

551 5012 652 5068 per
683 4996 852 5052 solem
883 4995 1204 5065 sapientiam
1235 5009 1523 5065 possumus
1561 4996 1824 5067 accipere,
1860 5012 1979 5066 quae
2019 4996 2130 5051 illu-

554 5090 724 5144 minat
744 5089 906 5145 corda
931 5088 1189 5154 ﬁdelium,
1220 5095 1277 5142 et
1299 5087 1428 5144 facit
1453 5089 1508 5144 in
1533 5090 1613 5144 eis
1639 5089 1818 5144 lucere
1841 5089 2127 5159 quamdam

554 5176 720 5242 diem,
747 5177 953 5232 scilicet
975 5177 1338 5249 cognitionem
1368 5177 1535 5247 ipsius
1568 5178 1892 5232 Divinitatis.

621 5267 776 5323 Fecit
809 5269 970 5323 etiam
1017 5287 1036 5319 ι
1063 5267 1313 5334 lunam,»
1363 5269 1715 5334 materialem,
1755 5270 1982 5336 scilicet,
2039 5281 2130 5326 «et

551 5357 737 5414 stellas
782 5359 837 5412 in
873 5366 1139 5428 potestate
1179 5359 1372 5415 noctis.
1405 5378 1424 5410 ι
1478 5359 1581 5414 Per
1617 5361 1798 5415 lunam
1841 5377 2129 5431 possumus

553 5448 854 5522 intelligere
885 5450 1192 5522 generalem
1221 5448 1547 5516 Eeclesiam,
1579 5465 1676 5519 per
1706 5449 1888 5507 stellas
1917 5452 2127 5508 diversa

552 5541 726 5599 ofﬁcia
762 5543 1019 5598 Ecclesia:
1046 5563 1056 5597 :
1089 5559 1210 5614 qua:
1237 5542 1478 5599 Ecclesia
1515 5542 1782 5599 illuminat
1809 5554 2040 5611 noctem,
2073 5545 2126 5602 id

555 5642 660 5699 est,
692 5635 950 5690 mundum
973 5634 1136 5690 istum
1157 5635 1374 5706 plenum
1399 5634 1674 5693 erroribus
1705 5643 1760 5691 et
1785 5637 2125 5708 ignorantiis,

555 5725 691 5780 sicut
724 5725 848 5780 luna
876 5727 1017 5782 nocti
1047 5739 1316 5798 pmparat
1342 5729 1544 5785 lumen.

633 5837 657 5877 ι
679 5819 782 5886 Qui
811 5823 1096 5890 percussit.
1131 5843 1147 5874 ι
1181 5822 1313 5879 Pars
1344 5823 1595 5879 secunda.
1644 5822 1769 5880 Ideo
1802 5825 1962 5880 etiam
2001 5839 2127 5879 con-

555 5908 782 5968 ﬁtemini
807 5913 902 5979 illi,
937 5935 953 5966 ‹
977 5915 1066 5984 qui
1088 5917 1351 5986 percussit
1372 5913 1685 5988 :Egyptum,
1713 5937 1729 5969 ι
1761 5917 1814 5974 id
1843 5924 1951 5982 est,
1979 5932 2124 5973 mun-

2157 4692 2210 4750 D

2246 2069 2335 2116 tur
2365 2079 2380 2116 :
2409 2069 2464 2115 et
2498 2061 2600 2116 hoc
2639 2081 2657 2111 ι
2679 2061 2735 2115 in
2771 2061 3084 2126 divisiones,
3110 2082 3128 2114 ι
3161 2064 3288 2133 quia
3314 2065 3389 2119 ibi
3426 2067 3756 2138 ineipiuutialt-

2242 2152 2321 2209 les
2349 2153 2561 2208 initium
2589 2153 2799 2206 viarum
2829 2168 3074 2215 suarum,
3091 2170 3188 2224 per
3213 2170 3355 2224 quas
3387 2159 3623 2212 tendunt
3645 2160 3752 2211 adiu-

2242 2243 2468 2298 minum.
2531 2241 2629 2297 Vel
2668 2257 2768 2313 per
2802 2259 2953 2298 mare
2989 2243 3232 2299 Rubrum
3271 2249 3556 2302 mundum
3595 2252 3752 2318 intengL

2242 2352 2382 2402 mus,
2415 2337 2507 2406 qui
2538 2352 2686 2392 mare
2715 2337 2930 2402 dicitur,
2958 2338 3084 2408 quia
3112 2355 3328 2410 semper
3354 2343 3411 2396 in
3444 2343 3614 2398 ﬂuctu
3636 2355 3754 2400 ests

2241 2428 2430 2498 plenus
2461 2428 2610 2483 omni
2641 2428 3031 2484 amaricatione
3060 2449 3073 2484 :
3105 2432 3305 2486 rubens
3336 2432 3583 2498 dicitur,
3619 2445 3752 2504 pinges:

2242 2522 2558 2594 sanguinem
2602 2530 2916 2577 sanctorum
2963 2530 3258 2594 martyrum
3292 2543 3306 2578 :
3338 2540 3472 2595 qua:
3526 2545 3546 2578 ι
3572 2527 3755 2580 divisus

2242 2613 2554 2678 divisiones,
2586 2633 2605 2665 ι
2644 2613 2771 2683 quia
2791 2613 3019 2669 diversis
3044 2615 3287 2672 diversos
3319 2617 3504 2685 dedit,
3533 2619 3689 2689 quibus
3704 2633 3755 2686 pst

2242 2709 2387 2764 hunc
2424 2708 2685 2764 mundum
2725 2708 2979 2764 festinent
3026 2709 3094 2763 ad
3135 2710 3432 2782 Dominum
3474 2732 3492 2765 :
3526 2713 3647 2766 alius
3672 2712 3754 2766 eras

2241 2813 2338 2869 per
2357 2799 2582 2871 jejunia,
2613 2799 2750 2854 alius
2774 2815 2871 2870 per
2900 2800 3291 2872 eleemosynas,
3315 2802 3414 2857 alii
3439 2818 3548 2872 per
3568 2803 3674 2858 alias
3692 2803 3752 2854 vir.

2243 2900 2405 2948 tutes.

2320 3001 2338 3035 ι
2368 2983 2436 3038 Et
2478 2983 2663 3038 eduxit
2701 2981 2867 3039 Israel
2908 2997 3005 3053 per
3044 2983 3281 3040 medium
3310 2983 3461 3052 ejus,
3489 3006 3508 3038 ι
3554 2985 3700 3044 maris,
3728 2985 3758 3037 i=1

2243 3083 2346 3139 est,
2380 3090 2479 3145 per
2516 3074 2751 3130 medium
2785 3073 2942 3141 hujus
2969 3074 3185 3139 mundi,
3217 3073 3350 3143 quia
3381 3075 3538 3130 nullis
3564 3075 3758 3130 illecebr‘s

2245 3167 2404 3236 hujus
2441 3165 2625 3220 mundi
2653 3164 2828 3234 potuit
2854 3164 2936 3217 vir
2964 3163 3132 3219 Israel
3173 3164 3353 3220 factus
3401 3166 3641 3237 impediri.
3679 3164 3758 3226 Vel,

2245 3272 2341 3328 per
2379 3255 2614 3311 medium
2654 3253 2928 3326 baptismi,
2970 3255 3094 3324 quia
3131 3270 3233 3324 per
3282 3257 3443 3313 ﬁdem
3481 3259 3757 3320 catholicam,

2241 3364 2402 3418 quam
2428 3350 2484 3403 in
2512 3348 2780 3418 baptismo
2808 3346 3036 3416 accepit,
3068 3347 3233 3403 Israel
3267 3350 3460 3405 eduxit.

2317 3460 2335 3492 ι
2368 3439 2434 3494 Et
2467 3439 2706 3495 excussit
2729 3438 3091 3504 Pharaonem,
3119 3459 3139 3490 ›
3178 3440 3232 3495 id
3265 3452 3373 3507 est,
3399 3443 3642 3507 diabolum,
3673 3461 3688 3491 ι
3708 3450 3755 3496 et

2241 3532 2494 3587 virtutem
2525 3532 2660 3602 ejus,
2691 3551 2709 3584 ›
2749 3531 2803 3587 id
2835 3540 2937 3597 est,
2979 3533 3263 3590 ministros
3300 3536 3464 3606 ipsius
3484 3579 3496 3598 ,
3535 3537 3626 3590 iin
3655 3537 3752 3590 mari

2242 3621 2446 3690 Rubro,
2475 3645 2493 3677 ι
2535 3624 2588 3678 id
2619 3632 2722 3689 est,
2756 3624 2809 3678 in
2839 3623 3132 3694 baptismo,
3165 3627 3220 3680 in
3249 3643 3358 3696 quo
3386 3628 3601 3697 quilibet
3626 3630 3740 3696 datu-

2245 3721 2440 3770 testate
2465 3714 2663 3770 diaboli
2689 3712 2922 3784 ejicitur.

2313 3806 2549 3862 Laudate
2569 3809 2730 3862 etiam
2750 3822 2892 3872 eum,
2925 3827 2942 3858 ι
2972 3805 3063 3876 qui
3089 3807 3309 3863 traduxit
3321 3808 3577 3877 populum
3597 3826 3736 3865 suum
3754 3829 3765 3854 ι

2243 3901 2308 3956 de
2349 3901 2545 3955 virtute
2599 3901 2653 3954 in
2697 3900 2989 3966 virtutem;
3045 3919 3062 3950 ι
3097 3917 3186 3972 per
3214 3901 3486 3966 desertum,
3522 3920 3543 3951 ι
3596 3903 3656 3956 id
3689 3915 3773 3958 est

2241 3990 2498 4044 mundum
2537 3989 2721 4056 istum,
2766 4004 2864 4059 per
2908 4005 3068 4059 quem
3119 3997 3378 4046 transeunt
3422 3991 3599 4044 sancti
3644 4007 3774 4060 quasi

2239 4081 2667 4153 peregrinantes,
2698 4090 2752 4137 et
2786 4083 2854 4137 ad
2890 4097 3073 4137 veram
3111 4093 3304 4138 terram
3333 4083 3698 4154 promissionis
3722 4081 3772 4136 fe

2239 4172 2520 4229 stinantes.

2315 4283 2334 4316 ι
2356 4264 2460 4332 Qui
2499 4265 2764 4335 percussit
2803 4279 2959 4336 reges
2995 4279 3242 4336 magnos,
3267 4284 3288 4315 ι
3328 4265 3379 4320 id
3405 4273 3514 4331 est,
3547 4266 3668 4321 vitia
3690 4279 3769 4318 m-

2237 4369 2342 4428 gna
2408 4371 2530 4425 quae
2579 4355 2970 4411 insidiabantur
3010 4355 3112 4421 eis,
3155 4363 3212 4411 et
3257 4355 3523 4412 volebant
3570 4356 3767 4428 impedit!

2237 4447 2342 4503 iter
2380 4447 2532 4519 regni
2577 4447 2828 4504 caelestis.

2311 4560 2330 4592 ε
2356 4540 2423 4596 Et
2449 4540 2645 4596 occidit
2680 4554 2834 4611 reges
2862 4540 3048 4606 fortes,
3080 4559 3098 4592 ι
3135 4539 3191 4594 id
3233 4549 3339 4604 est.
3379 4541 3523 4597 vitia
3564 4542 3643 4597 illa
3676 4557 3768 4610 qur.

2236 4633 2362 4689 licet
2403 4647 2510 4687 non
2541 4640 2722 4688 essent
2755 4633 2810 4688 in
2844 4633 3093 4688 omnibus
3124 4648 3320 4704 magna
3345 4674 3359 4698 ,
3409 4644 3604 4690 tamen
3634 4635 3678 4688 in
3710 4632 3768 4685 ali-

2235 4726 2429 4799 quibus
2457 4733 2615 4782 erant
2640 4724 2798 4780 fortia
2829 4726 2896 4782 ad
2922 4724 3245 4796 ejiciendum
3282 4738 3528 4798 propter
3557 4737 3773 4785 consum

2231 4819 2429 4876 dinem.

2302 4911 2412 4967 llos
2446 4911 2615 4966 fortes
2656 4925 2810 4982 reges
2857 4928 2875 4961 ‹
2906 4910 3046 4965 Seon
3080 4923 3262 4981 regem
3297 4909 3772 4968 Amorrhzeorumu

2307 5020 2327 5054 ε
2356 5001 2425 5056 Ει
2448 5000 2528 5072 0g
2553 5015 2732 5071 regem
2753 4999 2950 5064 Basan,
2983 5019 2999 5051 ι
3034 5007 3093 5054 ιιι
3120 5015 3282 5070 supra
3307 5005 3636 5073 expositum
3660 5010 3736 5057 est.

2300 5092 2433 5148 Pars
2475 5092 2651 5149 tertia.
2715 5111 2732 5143 ι
2772 5091 2840 5146 Et
2884 5091 3031 5147 dedit
3085 5100 3289 5146 terram
3317 5091 3551 5151 eorum
3610 5089 3780 5151 heredi:

2238 5192 2421 5239 tatem.
2461 5202 2479 5233 ι

2307 5274 2374 5328 Et
2407 5282 2608 5330 terram
2655 5287 2842 5329 eorum
2875 5272 3026 5344 prius
3056 5272 3294 5328 deditam
3335 5274 3503 5332 vitiis
3545 5275 3694 5348 hujus
3722 5286 3789 5326 sa.-

2233 5363 2360 5429 culi,
2393 5363 2478 5419 cui
2514 5361 2661 5418 dedit
2698 5361 3090 5418 excolendam?
3130 5361 3240 5418 Illis
3281 5363 3466 5432 ipsis;
3515 5375 3574 5421 et
3614 5366 3704 5420 hoc
3735 5369 3793 5414 est

2234 5455 2375 5528 quod
2400 5454 2609 5511 subdit:
2643 5473 2661 5506 ‹
2679 5454 3046 5510 hereditatem
3070 5454 3426 5512 Israel'servo
3449 5473 3582 5526 suo,
3610 5478 3628 5509 ι
3652 5467 3704 5510 ιιι
3723 5450 3794 5524 ipsi

2231 5545 2358 5601 lacti
2380 5545 2563 5611 Israel,
2589 5545 2702 5616 jam
2728 5543 2986 5614 abjiciant
3005 5545 3072 5601 de
3095 5561 3154 5601 se
3179 5544 3386 5615 spinas,
3426 5558 3492 5603 et
3521 5551 3717 5603 bonum
3736 5557 3796 5598 se-

2232 5656 2354 5695 men
2381 5637 2637 5694 nutriant.
2687 5635 2782 5694 γει
2815 5647 3014 5694 terram
3043 5639 3336 5704 cmlestem,
3368 5655 3559 5710 quam
3589 5639 3802 5712 possede-

2232 5741 2356 5790 runt
2382 5733 2669 5798 daemones,
2702 5731 2849 5788 dedit.
2872 5731 3035 5789 Israel
3059 5750 3071 5788 :
3101 5749 3205 5789 non
3229 5730 3423 5788 Judmo
3456 5735 3710 5800 cuilibet.
3732 5727 3804 5788 sed

2232 5843 2390 5884 SCI‘VO
2417 5843 2532 5882 Sllﬂ.

2303 5919 2604 5990 lntelligens
2635 5918 2957 5990 prophetase
2993 5936 3155 5976 unum
3194 5919 3260 5976 de
3292 5919 3401 5978 illis
3440 5923 3550 5992 qui
3588 5915 3812 5993 posside
