3898 6490
157 469 265 524 657

1329 463 1766 522 EXPLANATIO
1803 464 1871 520 lN
1910 465 2244 523 PSALMOS.

3303 468 3404 526 658

152 581 284 637 bant
317 576 461 633 illam
493 578 880 643 baereditatem,
911 577 1074 631 dicit:
1104 576 1226 630 ldeo
1261 576 1375 633 haec
1414 580 1595 633 omnia
1633 594 1724 634 no-
1749 579 1802 640 Α
1827 594 1986 648 quam
2015 589 2192 634 tamen
2220 579 2464 636 oblivisci
2509 595 2616 636 suae
2653 581 2868 651 patriae,
2905 582 3112 637 scilicet
3145 582 3402 639 Hierusa-

154 670 240 727 bis
267 668 413 735 fecit,
449 686 468 720 ι
491 668 617 738 quia
652 682 857 723 memor
888 665 988 722 fuit
1030 667 1218 731 nostri,
1245 687 1264 719 ι
1309 669 1472 723 veluti
1512 669 1726 738 quando

152 759 348 817 Filium
367 773 523 814 suum
543 757 675 814 fecit
693 758 979 814 incarnari.
1016 776 1034 810 ‹
1063 758 1121 812 In
1147 759 1451 816 humilitate
1473 769 1678 828 nostra,
1702 782 1720 814 ι

154 852 281 924 quia
307 866 404 907 nos
428 852 760 907 ostendimus
789 851 1042 917 humiles,
1067 851 1289 918 scilicet,
1318 863 1725 922 cognoscentes,

153 959 331 1014 neque
355 942 674 1011 naturalem,
703 958 877 1014 neque
909 943 1165 1014 scriptam
1197 942 1368 1014 legem
1397 944 1549 1000 nobis
1576 944 1724 1000 sufﬁ-

153 1049 279 1090 cere
303 1035 370 1089 ad
396 1034 643 1090 salutem.

229 1145 248 1178 c
279 1125 346 1179 Et
370 1146 388 1179 ι
425 1127 550 1196 quia
579 1141 787 1181 memor
809 1125 928 1193 fuit,
960 1127 1081 1182 ideo
1106 1147 1125 1180 ‹
1152 1127 1376 1182 redemit
1397 1142 1516 1193 nos,
1544 1147 1564 1181 ι
1597 1130 1724 1184 dato

150 1215 327 1287 pretio
370 1217 644 1287 sanguinis
677 1217 798 1271 Filii
837 1218 951 1283 sui;
1005 1236 1023 1268 ε
1052 1218 1120 1272 ab
1159 1217 1392 1274 inimicis
1433 1219 1665 1286 nostris,
1698 1240 1718 1274 ι

151 1307 514 1376 daemonibus,
564 1309 619 1363 in
665 1323 892 1380 quorum
939 1318 1202 1380 potestate
1249 1310 1447 1380 captivi
1508 1312 1725 1368 teneba-

151 1417 294 1457 mur.
943 1397 955 1409 '

222 1494 396 1549 Etiam
433 1495 757 1551 conﬁtemini
794 1496 890 1563 illi,
931 1517 949 1550 ι
977 1498 1069 1569 qui
1101 1499 1193 1554 dat
1231 1513 1410 1554 escam
1431 1539 1446 1566 ,
1471 1518 1490 1551 ι
1530 1499 1584 1554 id
1618 1509 1720 1568 est,

149 1583 498 1641 refectionem
527 1587 880 1656 spiritualem,
914 1607 933 1640 ι
960 1589 1107 1642 omni
1127 1590 1298 1656 carni,
1327 1609 1344 1640 ι
1381 1590 1434 1644 id
1460 1599 1562 1658 est,
1593 1591 1724 1646 fide-

148 1675 290 1732 libus
341 1677 408 1733 de
452 1679 598 1733 omni
649 1680 884 1733 natione.
934 1679 1028 1735 Vel
1073 1695 1169 1750 per
1223 1696 1438 1736 omnem
1500 1699 1723 1740 carnem

148 1783 313 1825 omne
365 1770 564 1825 animal
617 1770 981 1842 intelligamus
1006 1813 1020 1840 ,
1075 1773 1162 1828 cui
1209 1772 1348 1829 Deus
1389 1776 1722 1844 corporalem

149 1862 354 1930 praebet
400 1875 600 1920 escam.

1829 671 1934 726 lem
1986 686 2250 740 supernae.
2307 672 2363 726 ln
2415 673 2684 739 secunda,
2727 688 2845 742 quae
2887 673 3110 742 incipit:
3153 693 3172 724 ι
3200 673 3405 731 Memor

1828 772 1963 828 esto,
1995 762 2239 828 Domine,
2286 763 2517 819 filiorum
2543 765 2733 831 Edom,
2764 785 2782 817 ι
2813 775 3067 836 precatur
3111 767 3400 844 vindictam

1828 854 1893 909 de
1922 853 2174 918 inimicis,
2207 861 2262 907 et
2285 853 2416 908 dicit
2436 856 2576 924 quod
2605 857 2717 926 ipse
2745 855 2811 911 de
2831 867 2983 926 parte
3009 856 3302 911 vindicabit
3320 871 3398 923 se,

1827 944 2031 1000 scilicet
2062 945 2126 998 de
2165 944 2452 1014 Babylonis
2480 946 2587 1001 ﬁlia
2611 987 2625 1012 ,
2659 947 2714 1003 id
2739 956 2842 1014 est,
2876 949 2941 1003 de
2968 949 3182 1019 propria
3212 963 3398 1004 carne.

1825 1037 2056 1093 Intentio
2080 1045 2165 1092 est
2188 1037 2476 1093 admonere
2496 1055 2594 1095 nos
2615 1040 2684 1095 ad
2705 1041 3150 1112 compassionem,
3175 1042 3398 1110 scilicet,

1824 1138 1886 1184 ut
1919 1130 1984 1184 de
2018 1130 2172 1185 malis
2207 1131 2576 1200 proximorum
2617 1131 2916 1200 doleamus,
2968 1143 3022 1188 et
3063 1135 3295 1190 maxime
3337 1133 3403 1190 de

1824 1225 2208 1297 Spiritualibus,
2235 1225 2442 1282 scilicet
2465 1226 2532 1282 de
2559 1228 2756 1282 damno
2785 1229 2998 1282 animae.
3357 1277 3364 1284 .

1895 1315 2010 1370 Vox
2047 1317 2342 1386 prophetae,
2391 1333 2499 1372 non
2544 1325 2751 1372 tantum
2796 1319 2851 1372 in
2896 1334 3122 1388 persona
3167 1319 3270 1382 sui,
3310 1318 3403 1371 sed

1822 1408 1986 1466 etiam
2016 1409 2272 1476 aliorum;
2302 1411 2456 1480 quasi
2487 1411 2561 1465 ita
2589 1410 2796 1464 diceret
2823 1428 2836 1463 :
2861 1409 3104 1476 Fratres,
3131 1408 3406 1479 deplorate

1823 1500 2102 1554 nobiscum
2152 1501 2515 1571 captivitatem
2560 1509 2800 1554 nostram
2846 1509 2903 1554 et
2941 1500 3142 1555 civium
3194 1507 3408 1553 nostro-

1823 1609 1965 1656 rum,
1994 1593 2119 1661 quia
2150 1606 2248 1646 nos
2277 1592 2528 1662 captivati
2548 1607 2644 1660 per
2664 1599 2947 1661 peccatum
2975 1589 3138 1660 primi
3167 1590 3409 1660 parentis

1823 1700 1854 1739 a
1887 1683 2096 1738 diabolo
2121 1684 2175 1737 in
2203 1683 2492 1754 Babylone,
2518 1683 2571 1737 id
2597 1693 2698 1749 est,
2731 1684 2782 1737 in
2813 1682 3128 1738 confusione
3158 1690 3409 1752 peccato-

1823 1790 1943 1830 rum
1984 1789 2168 1829 sumus
2201 1791 2214 1827 :
2242 1788 2344 1828 nec
2386 1781 2592 1828 tantum
2629 1773 2741 1842 jam
2780 1789 2966 1828 sumus
3008 1774 3062 1827 in
3099 1772 3408 1827 ﬂuminibus

1823 1864 2148 1936 Babyloniaa,
2181 1865 2235 1919 id
2267 1873 2373 1928 est,
2405 1865 2459 1918 in
2483 1864 2848 1935 profunditate
2873 1865 3149 1929 vitiorum,
3177 1879 3297 1933 qua:
3332 1863 3409 1917 ita

223 1951 289 2004 Et
333 1953 459 2022 quia
498 1955 612 2009 haec
647 1955 826 2010 omnia
865 1955 1012 2022 facit,
1053 1957 1174 2013 ideo
1207 1977 1227 2010 ‹
1252 1959 1585 2016 confitemini
1612 1930 1724 2017 Deo
1751 1949 1799 2010 B
1826 1930 2147 2028 demergunt
2179 1930 2655 2022 hominemisicut
2691 1957 2968 2026 quodlibet
3009 1930 3410 2026 rapidissimum

151 2040 300 2107 coeli,
330 2061 348 2093 ι
385 2043 440 2098 id
471 2052 574 2113 est,
605 2046 745 2116 quod
781 2049 1026 2118 superius
1056 2051 1212 2115 dixit,
1241 2070 1259 2102 ι
1289 2051 1401 2107 Deo
1421 2053 1664 2108 deorum.
1697 2074 1716 2108 ι

1826 2046 2045 2113 ﬂumen,
2098 2047 2194 2102 sed
2244 2066 2262 2097 ‹
2291 2063 2450 2117 super
2491 2047 2712 2102 ﬂumina
2761 2048 3078 2120 Babylonis,
3112 2069 3129 2100 ι
3194 2047 3250 2101 id
3305 2055 3410 2112 est,

221 2131 289 2185 Et
318 2133 444 2188 item
464 2144 684 2206 propter
707 2138 808 2194 hoc
835 2139 1180 2207 conﬁtemini,
1210 2145 1463 2212 quoniam
1487 2146 1600 2215 ipse
1626 2149 1721 2201 do-
1817 2137 1974 2207 juxta
2001 2152 2252 2206 magnam
2279 2137 2696 2207 profunditatem
2722 2139 2977 2194 vitiorum
3000 2180 3016 2205 ,
3051 2140 3177 2210 quia
3209 2147 3286 2192 tot
3314 2139 3410 2194 ha-

148 2219 386 2276 minatur
427 2227 675 2284 omnibus
721 2231 1066 2300 potentibus;
1109 2233 1212 2288 hoc
1251 2243 1336 2289 est
1366 2237 1509 2305 quod
1548 2237 1718 2292 dicit:

151 2332 170 2364 ‹
190 2313 536 2374 Confitemini
567 2321 794 2378 Domino
821 2325 1179 2393 dominorum,
1205 2329 1458 2396 quoniam
1489 2330 1542 2384 in
1567 2339 1723 2385 aeter—

147 2424 274 2462 num
323 2411 690 2469 misericordia
738 2417 892 2486 ejus:
923 2436 942 2470 ι
988 2434 1193 2488 ponens
1223 2438 1234 2472 :
1272 2438 1292 2471 ‹
1319 2419 1660 2476 Confitemini
1695 2443 1715 2476 ι

145 2499 200 2552 in
237 2500 499 2572 principio
523 2512 578 2558 et
605 2505 660 2559 in
683 2504 811 2571 line,
842 2507 1042 2562 indicat
1075 2508 1230 2564 nobis
1259 2518 1430 2565 totum
1454 2511 1720 2580 psalmum

147 2588 201 2641 in
235 2588 626 2648 laudeversari
659 2594 827 2664 ipsius
859 2595 976 2652 Dei.
1013 2597 1258 2654 Alleluia.

559 2725 631 2781 ΙΝ
665 2725 992 2784 PSALMUM
1029 2728 1310 2785 CXXXVI.

238 2835 476 2894 TtrULus
516 2855 529 2892 :
574 2835 818 2894 Psalmus
864 2840 1034 2896 David
1080 2854 1286 2913 propter
1328 2845 1630 2901 Jercmiam.

223 2969 241 3000 ‹
277 2949 451 3022 Super
473 2952 692 3008 ﬂumina
717 2955 1021 3025 Babylonis.
1052 2975 1071 3008 ι
1113 2955 1358 3013 Psalmus
1380 2958 1480 3013 iste
1507 2968 1591 3014 est
1618 2959 1722 3016 Da-

144 3046 257 3112 vid,
284 3056 339 3101 et
365 3056 448 3103 est
472 3064 610 3104 unus
632 3049 696 3105 de
716 3051 1116 3120 captivitatibus
1138 3050 1675 3124 Hierosolymitarum
1701 3074 1716 3111 :

142 3147 200 3193 et
226 3139 342 3194 haec
367 3140 648 3209 captivitas
677 3140 821 3197 facta
861 3151 945 3197 est
981 3157 1013 3196 a
1055 3141 1552 3200 Nabuchodonosor
1589 3160 1720 3218 rege

141 3230 579 3303 Babyloniorum.
634 3233 809 3288 Aliam
855 3249 982 3290 vero
1030 3251 1191 3304 quam
1237 3245 1464 3291 narrat‘:
1513 3238 1713 3304 «Deus,

142 3297 409 3380 venerunt
428 3319 614 3395 gentes
631 3297 1068 3396 (Psal.r.xxvm),
1098 3346 1116 3377 ι
1145 3325 1273 3380 fecit
1295 3325 1595 3382 Antiochus
1621 3297 1718 3383 res
1746 3297 1791 3360 C

141 3415 457 3468 eorumdem
488 3414 920 3485 Babyloniorum.
977 3413 1159 3468 Tertia
1196 3429 1324 3470 vero
1360 3435 1372 3468 :
1410 3437 1428 3467 ι
1459 3417 1531 3473 Ut
1565 3419 1715 3489 quid,

141 3506 287 3560 Deus
315 3503 487 3574 (Psal.
519 3506 732 3572 num),
756 3525 774 3556 ›
809 3519 964 3575 reges
996 3503 1240 3560 fecerunt
1269 3505 1530 3573 Romani,
1566 3509 1720 3565 Titus

141 3606 199 3650 et
227 3596 622 3666 VeSpasianus;
655 3596 860 3651 scilicet
885 3597 984 3653 iste
1009 3606 1092 3654 est
1119 3599 1358 3666 psalmus
1381 3598 1548 3655 David
1577 3600 1722 3658 lere-

143 3686 270 3741 miae
293 3686 358 3740 de
379 3687 685 3755 captivitate
704 3687 992 3759 Babylonis
1024 3706 1037 3741 :
1067 3688 1157 3743 alii
1183 3690 1376 3760 psalmi
1403 3690 1571 3746 David
1603 3701 1720 3747 tan-

146 3787 281 3833 tum.
343 3778 637 3834 Attendens
684 3778 884 3835 Esdras
928 3781 1246 3850 prophetam
1291 3781 1460 3837 David
1507 3785 1562 3838 in
1616 3785 1720 3842 hoc

142 3869 353 3938 psalmo
379 3869 683 3938 deplorasse
724 3870 1089 3940 captivitatem
1124 3874 1320 3928 civium
1358 3873 1716 3945 Hierusalem,

143 3977 253 4016 non
289 3970 399 4016 tam
429 3962 763 4031 corporalem
791 3978 954 4034 quam
977 3965 1308 4033 spiritualem
1338 3985 1350 4019 :
1379 3977 1433 4022 et
1466 3970 1608 4037 quod
1630 3969 1718 4024 Je-

145 4051 345 4105 remias
380 4050 674 4122 deploravit
708 4052 868 4107 simul
906 4054 1239 4124 spiritualem
1277 4071 1398 4111 cum
1429 4059 1714 4128 corporali,

145 4158 308 4213 quam
323 4143 475 4209 vidit,
494 4153 546 4198 et
555 4147 971 4216 prophetaverat
983 4148 1064 4204 eis
1077 4147 1332 4215 futuram,
1349 4151 1718 4221 hujuscemodi

147 4233 359 4288 titulum
392 4236 656 4305 apposuit,
697 4237 788 4307 qui
834 4238 913 4292 sic
946 4238 1181 4310 legitur;
1210 4239 1455 4296 Psalmus
1485 4242 1586 4298 iste
1614 4242 1719 4297 Da-

146 4325 255 4391 vid,
285 4325 338 4378 in
363 4339 469 4395 quo
497 4327 662 4382 David
688 4327 927 4399 deplorat
952 4330 1318 4400 captivitatem
1357 4331 1554 4386 civium
1592 4331 1718 4388 Hie-

147 4416 402 4482 rusalem,
428 4425 511 4472 est
533 4416 801 4485 Jeremize,
827 4419 1041 4475 habitus
1070 4420 1137 4476 de
1157 4421 1467 4491 captivitate
1493 4422 1719 4494 Babylo-

148 4507 264 4571 nis,
295 4523 455 4576 quam
485 4509 781 4579 deploravit
805 4509 1068 4567 Jeremias
1095 4528 1203 4568 non
1232 4522 1438 4568 tantum
1465 4530 1718 4584 corpora-

149 4598 272 4664 lem,
305 4614 466 4669 quam
492 4612 811 4672 praesentem
838 4603 990 4669 vidit,
1027 4604 1122 4659 sed
1153 4605 1317 4660 etiam
1361 4605 1715 4675 spiritualem,

148 4705 311 4759 quam
347 4691 402 4746 in
440 4692 706 4763 corporali
731 4694 1070 4762 significavit.
1120 4695 1342 4753 Materia
1373 4673 1498 4753 sunt
1527 4700 1583 4754 in
1615 4673 1720 4757 hoc
1741 4673 1796 4733 D

150 4781 353 4852 psalmo
383 4783 526 4838 cives
558 4783 890 4840 Hierusalem
919 4787 974 4841 in
1000 4786 1290 4860 Babylonia
1323 4790 1541 4860 captivi.
1584 4789 1723 4847 Sunt

150 4873 294 4928 enim
325 4873 442 4929 dua:
467 4876 752 4930 contrariae
774 4878 1039 4944 civitates,
1071 4895 1179 4934 una
1207 4895 1328 4950 qua:
1362 4881 1558 4937 dicitur
1596 4881 1721 4938 Hie-

151 4969 406 5036 rusalem,
437 4969 645 5025 scilicet
675 4970 864 5026 civitas
897 4972 1131 5027 fidelium
1159 4988 1175 5027 :
1205 4973 1331 5044 quia
1369 4989 1489 5045 qua:
1525 4975 1722 5031 dicitur

151 5058 460 5132 Babylonia,
489 5069 574 5116 est
598 5061 786 5117 civitas
817 5063 1056 5117 omnium
1091 5063 1354 5119 malorum
1380 5084 1393 5118 :
1427 5074 1513 5120 est
1540 5075 1720 5122 autem

153 5152 342 5208 civitas
369 5152 603 5209 fidelium
628 5155 837 5224 captiva
860 5155 913 5210 in
940 5156 1042 5211 hoc
1070 5157 1271 5212 mundo
1299 5155 1638 5228 Babyloniis,
1668 5160 1723 5215 id

153 5254 257 5313 est,
288 5262 320 5300 a
353 5245 508 5303 malis
553 5248 878 5316 hominibus,
924 5251 1016 5320 qui
1063 5265 1276 5320 semper
1317 5249 1507 5306 ﬁdeles
1550 5251 1721 5321 impu-

154 5349 339 5410 gnant,
369 5349 423 5396 et
451 5357 482 5395 a
509 5341 857 5410 dremonibus,
888 5343 978 5412 qui
1010 5352 1216 5399 tentare
1250 5342 1436 5398 fideles
1464 5359 1572 5398 non
1600 5356 1719 5399 ces-

155 5439 293 5487 sant.
345 5431 558 5488 Habent
585 5432 746 5487 etiam
770 5431 872 5486 viri
891 5432 1022 5501 justi
1045 5442 1100 5487 et
1125 5433 1288 5488 alium
1312 5433 1521 5488 hostem
1539 5473 1554 5500 ,
1585 5433 1724 5488 scili-

155 5530 241 5577 cet
267 5522 540 5592 propriam
569 5537 810 5588 carnem,
841 5537 962 5591 quae
983 5537 1193 5592 semper
1213 5530 1412 5592 pugnat
1437 5523 1718 5578 adversum
1771 5578 1776 5580 _

157 5612 427 5669 hominem
455 5612 796 5679 interiorem;
831 5613 971 5667 unde
1003 5611 1287 5682 Apostolus
1319 5631 1332 5666 :
1366 5631 1383 5664 ι
1411 5611 1552 5667 Caro
1587 5627 1718 5668 con-

157 5706 381 5775 cupiscit
401 5705 657 5761 adversus
689 5705 956 5775 spiritum,
995 5703 1213 5774 spiritus
1255 5711 1434 5757 autem
1466 5703 1722 5759 adversus

156 5811 372 5853 carnem
396 5795 535 5869 (Gal.
564 5797 638 5869 v).
662 5817 680 5848 ›
720 5796 775 5850 ln
799 5797 970 5866 prima
1003 5804 1155 5866 parte
1176 5794 1410 5849 ostendit
1431 5794 1574 5849 cives
1603 5793 1722 5848 Hie-

157 5888 387 5946 rusalem
426 5890 628 5958 positos
660 5889 712 5943 in
742 5887 1102 5956 captivitatem
1129 5884 1461 5955 Babyloniae.
1493 5899 1590 5940 nec
1616 5900 1716 5937 un-

1822 2227 2013 2282 bemus
2046 2227 2294 2282 inimicos
2320 2229 2374 2282 in
2401 2229 2608 2283 civibus
2628 2229 2953 2300 Babyloniae,
2981 2230 3073 2299 qui
3100 2244 3198 2284 nos
3223 2225 3412 2284 volunt

1823 2333 1934 2374 suae
1972 2317 2234 2372 voluntati
2271 2317 2628 2383 conformare,
2667 2320 2811 2388 quod
2845 2336 2874 2373 a
2911 2320 3279 2390 profunditate
3316 2336 3410 2374 ne-

1823 2407 2008 2477 quitiae
2034 2406 2448 2478 Babyloniorum
2486 2409 2868 2478 dcmergimur,
2910 2418 2965 2464 et
3005 2418 3184 2464 tamen
3223 2423 3411 2478 super-

1823 2515 2032 2565 sumus,
2068 2500 2324 2569 quoniam
2348 2500 2453 2554 illis
2472 2517 2579 2555 non
2606 2502 2988 2556 consentimus.
3039 2501 3107 2556 Et
3136 2517 3236 2557 nos
3259 2501 3412 2556 habi-

1825 2602 2004 2648 tantes
2035 2611 2054 2642 ‹
2082 2592 2210 2655 illic,
2244 2611 2264 2642 ι
2296 2593 2349 2647 id
2378 2601 2482 2658 est,
2513 2593 2656 2648 inter
2679 2593 3024 2664 Babylonios,
3052 2614 3070 2644 ε
3097 2593 3354 2659 sedimus,
3385 2614 3402 2645 ι

1822 2685 1876 2739 id
1909 2691 2011 2751 est,
2047 2683 2379 2753 aliquantum
2405 2686 2572 2741 erecti
2598 2685 2798 2742 fuimus
2831 2706 2842 2740 :
2873 2689 2998 2757 quia
3028 2688 3130 2742 etsi
3161 2687 3413 2742 miserias

1824 2777 1878 2830 in
1911 2778 2015 2831 hac
2042 2777 2172 2841 vita,
2209 2777 2262 2831 id
2295 2785 2377 2832 est
2412 2778 2465 2832 in
2505 2778 2799 2849 Babylone,
2839 2781 3210 2844 sustinuimus,
3243 2780 3408 2835 etiam

1820 2883 1919 2938 per
1961 2868 2330 2939 suggestiones
2366 2869 2546 2924 carnis
2584 2871 2652 2923 ad
2690 2871 2869 2941 aliqua
2911 2887 3130 2926 manum
3159 2869 3407 2925 extendi-

1823 2975 1943 3014 mus
1980 2959 2164 3013 illicita
2184 2999 2198 3021 ,
2235 2967 2410 3014 tamen
2437 2959 2564 3028 quia
2591 2975 2624 3014 a
2651 2961 2988 3031 gravioribus
3027 2960 3406 3026 abstinuimus,

1820 3049 1987 3104 erecti
2021 3048 2189 3104 fuisse
2226 3058 2281 3102 et
2321 3049 2527 3105 sedisse
2565 3051 2796 3105 dicimur
2826 3070 2838 3103 ε
2874 3053 2996 3107 ideo
3025 3037 3220 3126 tentati
3239 3065 3407 3104 unum

1819 3141 2045 3196 verbum
2071 3141 2272 3211 posuit,
2308 3142 2497 3198 sedere
2524 3161 2537 3196 :
2574 3142 2797 3207 scilicet,
2832 3144 2956 3212 quia
2982 3144 3025 3199 si
3048 3143 3271 3208 diceret,
3300 3153 3408 3197 ste-

1822 3233 2004 3299 timus,
2029 3234 2376 3303 praesumptio
2400 3221 2707 3300 videretur;
2738 3236 2782 3289 si
2804 3250 2953 3300 vero,
2971 3235 3261 3305 jacuimus,
3293 3234 3407 3289 rui-

1823 3339 1951 3378 nam
1985 3324 2096 3393 pati
2128 3324 2438 3378 videremur
2469 3342 2482 3375 :
2515 3325 2635 3378 dico
2675 3345 2691 3374 ι
2727 3325 2963 3379 sedimus
3009 3333 3063 3378 et
3109 3324 3352 3378 ﬂevimus
3381 3343 3398 3375 ι

1822 3413 1888 3468 de
1919 3413 2218 3484 prolatione
2256 3414 2427 3468 nostri
2458 3413 2743 3480 incolatus,
2786 3422 2841 3468 et
2889 3414 3231 3469 miseriarum
3272 3430 3407 3484 quas

1823 3504 2149 3560 sustinemus
2174 3522 2188 3559 :
2229 3525 2247 3557 ι
2275 3504 2518 3560 ﬂevimus
2547 3525 2565 3557 ι
2593 3505 2714 3561 dico
2743 3546 2756 3571 ,
2792 3524 2811 3556 (
2840 3505 2968 3561 dum
2996 3507 3407 3562 recordaremur

1823 3597 1922 3662 tui,
1956 3617 1972 3649 ι
2020 3613 2053 3652 ο
2092 3617 2109 3649 ι
2142 3598 2296 3664 Sion,
2329 3617 2347 3650 ι
2378 3597 2632 3664 caelestis,
2658 3613 2776 3668 quae
2803 3613 2861 3653 es
2885 3613 3013 3654 vera
3036 3608 3182 3654 terra
3207 3609 3405 3655 nostra:

1821 3689 2213 3758 promissionis.

1893 3779 2028 3847 Quia
2057 3779 2248 3835 ﬂentes
2277 3794 2462 3835 sumus
2479 3819 2495 3846 ,
2528 3787 2583 3834 et
2606 3780 2662 3834 in
2683 3777 2860 3834 medio
2880 3793 3170 3848 porcorum
3198 3781 3408 3836 habita-

1821 3886 1962 3937 mus,
2001 3871 2121 3925 ideo
2174 3890 2192 3922 ‹
2222 3870 2600 3942 suspendimus
2640 3885 2840 3940 organa
2887 3878 3104 3936 nostra,
3135 3889 3153 3921 ι
3198 3871 3252 3925 id
3299 3880 3404 3940 est,

1821 3977 2096 4018 cessamus
2122 3978 2153 4016 a
2180 3964 2346 4018 verbo
2372 3961 2787 4032 praedicationis.
2834 3960 2943 4015 Nos
2965 3961 3085 4016 dico
3109 3962 3404 4020 existentes

1826 4075 1844 4106 (
1872 4055 1926 4108 in
1954 4053 2228 4116 salicibus,
2261 4073 2278 4104 ›
2311 4053 2364 4106 id
2388 4061 2489 4118 est,
2521 4053 2661 4107 inter
2682 4052 2799 4106 illos
2819 4052 2913 4121 qui
2938 4062 3063 4107 sunt
3084 4052 3404 4109 infructuosi

1820 4153 1876 4200 et
1898 4144 2127 4208 steriles,
2153 4142 2311 4199 sicuti
2337 4143 2530 4198 salices
2559 4161 2572 4196 :
2607 4159 2715 4198 non
2744 4144 2888 4197 enim
2911 4140 3289 4200 seminandum
3317 4154 3402 4201 est

1819 4237 2043 4291 verbum
2069 4235 2164 4289 Dei
2195 4234 2338 4288 inter
2363 4249 2586 4304 porcos;
2626 4242 2680 4290 et
2715 4235 2819 4289 hoc
2860 4253 2878 4284 ι
2911 4235 2964 4289 in
2994 4235 3171 4290 medio
3208 4236 3345 4306 ejus,
3375 4255 3394 4288 ι

1819 4326 2145 4397 Babyloniae,
2197 4325 2251 4379 id
2289 4334 2371 4381 est
2407 4327 2462 4380 in
2508 4326 2839 4396 plenitudine
2879 4326 3225 4391 confusionis,
3275 4329 3400 4396 quia

1819 4416 2056 4485 undique
2074 4415 2470 4470 circumdamur
2495 4430 2525 4468 a
2555 4415 2761 4470 civibus
2782 4415 3108 4485 Babyloniis.

1888 4504 2012 4560 ldeo
2038 4504 2438 4575 suspendimus,
2467 4523 2484 4554 ι
2513 4505 2638 4574 quia
2669 4503 2796 4569 illic,
2828 4524 2846 4555 ι
2879 4504 2932 4559 id
2965 4512 3048 4558 est
3077 4505 3130 4559 in
3163 4505 3265 4559 hac
3295 4505 3396 4558 Ba-

1819 4595 2035 4666 bylone,
2065 4596 2121 4649 in
2145 4610 2250 4664 qua
2274 4594 2529 4663 captivati
2566 4604 2842 4660 tenemur,
2882 4612 2900 4645 r
2930 4594 3401 4664 interrogaverunt

1822 4704 1920 4744 nos
1945 4688 2109 4744 verba
2135 4687 2464 4753 cantionum,
2498 4707 2517 4739 ›
2549 4687 2603 4742 id
2629 4695 2728 4751 est,
2759 4687 2952 4742 divinae
2979 4686 3395 4756 praedicationis,

1823 4797 1942 4852 qua:
1984 4789 2103 4835 erat
2141 4782 2297 4837 nobis
2335 4780 2528 4846 dulcis,
2573 4783 2713 4835 sicut
2753 4778 2990 4834 audienti
3028 4779 3264 4848 jucunda
3316 4789 3400 4835 est

1824 4877 1965 4931 canti
1989 4891 2120 4940 ena,
2154 4884 2208 4931 et
2233 4875 2436 4930 ludicra
2462 4875 2613 4945 quasi
2643 4873 2833 4929 fabulae
2859 4894 2871 4928 :
2903 4874 3008 4940 illi,
3040 4874 3192 4941 dico,
3224 4876 3393 4931 inter-

1823 4975 2164 5038 rogaverunt,
2202 4986 2220 5018 ‹
2248 4967 2338 5036 qui
2367 4968 2608 5038 captivos
2649 4967 2918 5023 duxerunt
2966 4982 3086 5032 nos,
3117 4986 3137 5018 ι
3189 4967 3242 5020 id
3288 4976 3390 5029 est,

1822 5059 2296 5129 praecipitaverunt
2341 5059 2392 5112 in
2436 5065 2688 5128 peccata,
2739 5057 3026 5128 aliquando
3073 5055 3396 5114 reducentes

1823 5151 1890 5205 ad
1941 5148 2372 5205 conformitatem
2420 5150 2521 5204 sui.

1892 5239 2010 5295 Non
2034 5248 2237 5294 tantum
2263 5238 2336 5294 illi
2359 5241 2448 5310 qui
2480 5255 2577 5295 nos
2601 5239 2654 5294 in
2678 5239 2873 5293 malum
2902 5236 3392 5308 praecipitaverunt,

1822 5331 1986 5386 verba
2013 5330 2318 5385 cantionum
2353 5330 2698 5399 quaesierunt,
2741 5325 2835 5382 sed
2880 5346 2897 5378 ι
2925 5337 2980 5381 et
3022 5328 3113 5396 qui
3154 5327 3389 5382 abduxe-

1823 5429 1950 5476 runt
1986 5435 2102 5485 nos,
2134 5439 2152 5471 ι
2203 5420 2256 5475 id
2296 5429 2399 5486 est,
2431 5421 2522 5490 qui
2557 5421 2624 5474 de
2650 5419 2792 5473 bono
2827 5433 2926 5473 nos
2952 5417 3218 5472 removeri
3246 5418 3390 5474 fece-

1825 5521 1966 5579 runt,
2017 5522 2384 5584 praeceperunt
2431 5513 2588 5567 nobis
2621 5511 2898 5566 dicentes:
2931 5529 2949 5561 ι
2976 5509 3201 5565 Cantate
3239 5509 3393 5565 nobis

1821 5608 2098 5677 hymnum,
2132 5628 2151 5659 ι
2201 5615 2457 5677 quantum
2505 5604 2574 5658 ad
2621 5617 2736 5667 vos,
2780 5603 2870 5673 qui
2907 5601 3087 5656 dicitis
3124 5602 3229 5655 hoc
3270 5615 3392 5656 esse

1820 5701 2033 5756 laudem
2071 5699 2166 5754 Dei
2207 5699 2401 5762 nostri,
2445 5715 2462 5747 ι
2491 5696 2557 5750 de
2594 5694 2818 5749 canticis
2850 5692 3014 5757 Sion,
3045 5711 3063 5744 ι
3107 5691 3157 5746 id
3191 5700 3296 5754 est,
3323 5690 3389 5743 de
3455 5681 3460 5686 ⁷

1819 5791 2063 5848 laudibus
2088 5790 2190 5846 illis
2239 5804 2372 5859 quas
2395 5801 2489 5843 vos
2509 5785 2736 5842 cantatis
2765 5785 2819 5840 in
2844 5783 2992 5850 Sion,
3019 5783 3070 5838 id
3099 5792 3181 5838 est
3206 5783 3258 5836 in
3288 5781 3387 5836 Ec-

1819 5882 1997 5938 clesia.
