3898 6480
519 479 622 536 659
984 477 1337 535 HAYMONIS
1376 475 1853 534 HALBEHSTAT.
1894 472 2108 535 EPlSC.
2149 471 2299 528 OPP.
2340 472 2518 530 PARS
2556 473 2597 531 1.
2630 506 2701 518 -
2736 474 3088 532 COMMENT.
3126 472 3295 529 BlBL.
3707 463 3798 523 su

587 593 688 662 ipsi
734 602 1058 651 monuerunt
1102 603 1161 649 ut
1202 599 1543 649 cantaremus
1566 635 1580 660 ,
1626 596 1718 651 sed
1766 594 1892 666 quia
1938 593 2093 665 quasi
2119 592 2169 650 A
2195 586 2414 644 Christi.
2440 589 2679 657 -Quando
2705 591 2845 646 enim
2868 605 3048 662 pravae
3072 588 3446 660 suggestiones
3479 594 3549 641 et
3583 583 3668 640 illi
3688 600 3793 643 mo-

518 686 675 740 alieni
706 693 885 753 erant,
916 696 969 742 et
996 701 1172 750 canes,
1207 693 1261 741 et
1285 686 1455 756 porci,
1490 684 1635 741 nullo
1660 687 1819 742 modo
1838 687 2092 741 cantaba-
2191 689 2275 735 tus
2298 680 2467 735 illiciti
2503 680 2815 751 subrepunt,
2864 687 2991 735 tunc
3038 680 3295 735 debemus
3334 677 3407 733 ad
3455 678 3787 734 memoriam

517 793 637 833 mus
660 778 769 845 eis;
803 789 857 834 et
894 782 995 835 hoc
1031 789 1114 835 est
1142 795 1155 832 :
1193 800 1211 831 ‹
1238 777 1516 846 Quomodo
1543 781 1879 837 cantabimus
1916 783 2087 838 canti-

518 884 642 923 cum
687 870 920 937 Domini,
951 891 968 921 ι
1025 871 1357 927 seminantes
1401 872 1626 927 verbum
1676 874 1943 941 divinum,
1994 874 2090 929 «in

519 969 663 1017 terra
702 962 918 1018 aliena?
946 983 965 1018 ι
1021 965 1243 1020 Terram
1289 964 1520 1020 alienam
1570 974 1745 1030 vocat,
1796 966 1850 1022 in
1895 983 2001 1038 qua
2044 966 2092 1023 si

2190 773 2445 828 reducere
2476 787 2638 843 quam
2665 772 2892 829 viriliter
2915 773 3163 830 Christus
3192 772 3249 827 in
3284 785 3386 827 sua
3417 770 3551 823 vita
3581 768 3719 839 egit,
3742 778 3785 827 ϐ

2189 879 2288 920 nos
2315 864 2365 919 ei
2392 862 2754 934 conformare,
2782 872 2841 919 ut
2866 878 2932 920 ex
2960 873 3071 919 toto
3101 862 3383 919 valeamus
3414 859 3557 916 illos
3595 862 3777 917 exstin-

2190 970 2352 1026 guere
2381 955 2435 1011 in
2464 955 2637 1012 nobis.

516 1055 739 1109 verbum
780 1055 872 1111 Dei
922 1057 1241 1123 seminatur,
1284 1073 1393 1113 non
1433 1056 1743 1123 fructiﬁcat,
1791 1058 1887 1114 sed
1923 1058 2092 1130 spinis

516 1146 767 1215 nequitiae
796 1146 1107 1204 sulfocatur.

582 1235 692 1292 Illis
716 1238 809 1307 qui
838 1246 962 1292 sunt
985 1238 1146 1293 alieni
1170 1253 1276 1293 non
1308 1240 1670 1306 cantabimus,
1697 1240 1812 1306 sed,
1843 1255 1876 1295 o
1898 1239 2092 1296 Hieru-

514 1324 681 1381 salem
722 1326 978 1392 cmlestis,
1028 1343 1303 1398 nunquam
1340 1330 1418 1384 tui
1456 1329 1605 1386 obliti
1640 1346 1854 1397 sumus;
1898 1340 1953 1386 et
1990 1331 2094 1387 hoc

513 1425 597 1471 est
636 1435 649 1470 :
697 1435 716 1469 ι
747 1416 806 1473 Si
859 1410 1059 1473 oblitus
1104 1417 1259 1473 fuero
1312 1419 1411 1485 tui,
1464 1418 1819 1487 Hierusalem,
1871 1422 2091 1476 dextera

515 1522 656 1573 mea,
686 1527 705 1559 ι
739 1508 793 1564 id
816 1517 898 1564 est
928 1509 1066 1564 bona
1093 1510 1335 1579 operatio
1360 1525 1502 1574 mea,
1539 1530 1556 1561 ε
1585 1511 1739 1566 detur
1762 1510 2037 1577 oblivioni,
2068 1529 2086 1562 ι

514 1612 545 1649 a
571 1598 701 1662 Deo,
733 1597 786 1651 id
823 1606 938 1663 est,
980 1598 1176 1653 nullam
1219 1599 1285 1654 de
1328 1598 1576 1655 omnibus
1616 1599 1911 1656 benefactis
1957 1599 2094 1657 meis

516 1688 1002 1744 remunerationem
1051 1688 1330 1760 accipiam.

587 1776 702 1835 Non
739 1788 943 1837 tantum
983 1782 1124 1849 dico,
1176 1801 1195 1835 ι
1223 1784 1267 1839 si
1312 1783 1510 1840 oblitus
1544 1783 1717 1851 fuero,
1746 1804 1765 1838 ι
1800 1784 1916 1840 hmo
1962 1784 2093 1840 mihi

516 1869 657 1924 mala
692 1873 960 1941 eveniant,
988 1874 1080 1930 sed
1115 1893 1133 1925 ‹
1163 1874 1208 1929 si
1250 1890 1359 1930 non
1398 1877 1695 1932 meminero
1729 1877 1829 1942 tui,
1860 1898 1877 1929 ι
1905 1876 1959 1932 id
1989 1885 2091 1946 est,

2577 1085 2645 1143 IN
2690 1084 3018 1145 PSALMUM
3071 1084 3383 1145 CXXXVII.

2502 1196 2741 1254 Ttruws
2773 1215 2787 1253 :
2822 1196 3067 1254 Paulinus
3114 1200 3213 1271 ipsi
3224 1236 3229 1239 -
3254 1199 3463 1254 υυυω.

2267 1328 2286 1359 ι
2313 1306 2636 1365 Conﬁtebor.
2666 1329 2686 1361 ι
2734 1309 3002 1382 Propheta
3040 1313 3133 1381 qui
3172 1312 3263 1367 hic
3301 1311 3586 1381 loquitur,
3626 1322 3761 1366 mate-

2192 1403 2329 1457 riam
2352 1402 2722 1459 liberationem
2742 1404 2922 1470 habet,
2946 1404 3145 1459 factam
3170 1420 3269 1475 per
3290 1404 3604 1459 adventum
3623 1404 3756 1474 ipsius

2192 1493 2414 1549 Christi.
2474 1492 2609 1548 Nota
2650 1494 2775 1564 quia
2804 1493 3041 1565 psalmus
3064 1494 3170 1550 iste
3197 1494 3349 1549 mirae
3386 1493 3693 1550 sanctitatis
3715 1495 3753 1549 in

2192 1584 2373 1641 Veteri
2411 1586 2757 1642 Testamento
2795 1585 2960 1642 fuisse
3005 1586 3215 1657 legitur.
3267 1582 3508 1657 Legitur
3541 1586 3675 1640 enim
3710 1585 3751 1640 in

2192 1677 2637 1749 Paralipomenon
2666 1679 2808 1749 quod
2835 1686 3116 1734 cantantes
3139 1679 3282 1733 hunc
3312 1676 3579 1748 psalmum
3606 1678 3748 1732 mise-

2194 1769 2424 1824 ricordia
2446 1768 2574 1833 Dei,
2604 1769 2756 1838 quasi
2797 1768 2921 1823 miri
2955 1768 3137 1823 odoris
3173 1766 3380 1832 fumus,
3427 1765 3751 1821 cit-cumfulsit

2196 1859 2250 1914 in
2307 1859 2650 1914 tabernaculo
2704 1878 2715 1913 :
2767 1874 2910 1914 nunc
2969 1867 3144 1914 autem
3193 1857 3433 1911 minoris
3483 1857 3743 1911 sanctitatis

516 1961 559 2016 si
582 1978 687 2018 non
710 1980 923 2036 semper
948 1967 1188 2023 habuero
1212 1976 1264 2022 te
1291 1968 1343 2022 in
1368 1969 1620 2038 pratsenti
1645 1970 1925 2036 memoria,
1960 1989 1978 2022 ι
2000 1972 2093 2027 ad-
2121 1952 2170 2012 Β
2194 1948 2416 2003 minime
2448 1962 2569 2038 ⁸⁵⁸⁸
2604 1948 2874 2038 "edim"
2913 1947 3056 2017 quoa
3091 1947 3134 2001 Si
3174 1961 3315 2038 9""?
3348 1955 3636 2038 amulum
3664 1948 3737 2038 imi.

515 2056 723 2111 haereat
760 2057 939 2126 lingua
982 2074 1101 2114 mea
1137 2058 1382 2115 faucibus
1421 2060 1577 2125 meis,
1607 2079 1625 2112 ι
1677 2061 1729 2115 id
1775 2070 1877 2126 est,
1914 2070 2094 2119 mutus

519 2144 665 2203 ﬁam.

587 2234 655 2289 Et
685 2235 848 2290 etiam
886 2255 905 2288 ε
927 2237 971 2291 si
1009 2252 1114 2293 non
1150 2253 1478 2309 proposuero
1502 2259 1521 2292 ι
1566 2250 1638 2308 ιε,
1694 2238 2087 2308 «Hierusalem,

516 2323 569 2377 in
598 2324 863 2393 principio
900 2325 1096 2382 laetitias
1128 2343 1282 2395 meae,
1312 2347 1331 2381 ι
1388 2329 1444 2385 id
1489 2337 1589 2395 est,
1640 2331 1683 2385 si
1734 2346 1841 2385 non
1888 2332 1999 2387 eris
2035 2339 2093 2385 tu

514 2415 833 2485 principium
871 2427 925 2472 et
964 2433 1124 2474 causa
1156 2422 1320 2477 totius
1349 2422 1566 2485 laetitiae,
1603 2423 1877 2479 adhaereat
1904 2423 2093 2479 simili-

515 2512 598 2558 ter
634 2503 814 2575 lingua
854 2522 973 2561 mea
1010 2506 1255 2565 faucibus
1297 2512 1448 2566 meis.

587 2614 606 2646 ι
640 2594 845 2652 Memor
876 2608 1013 2655 esto.
1052 2619 1070 2653 ι
1131 2601 1265 2656 Pars
1304 2605 1557 2658 secunda.
1610 2604 1745 2672 Quia
1795 2620 1895 2678 ego
1947 2605 2091 2667 facio

510 2685 844 2743 Hierusalem
868 2691 1192 2762 principium
1218 2692 1417 2748 laetitiae
1443 2710 1591 2761 mere,
1616 2695 1751 2760 ideo,
1782 2712 1815 2752 ο
1843 2698 2087 2772 Domine,

510 2793 720 2834 memor
743 2789 861 2837 esto
880 2785 1319 2854 persequentium
1358 2802 1479 2853 nos,
1526 2788 1593 2842 ad
1631 2790 1982 2860 iudicandum
2035 2795 2090 2852 in

510 2868 623 2936 eis;
678 2878 731 2925 et
781 2873 883 2928 hoc
926 2882 1044 2929 est:
1071 2874 1323 2932 «Memor
1370 2886 1507 2946 esto,
1555 2880 1810 2949 Domine,
1855 2883 2093 2942 ﬁliorum

509 2961 700 3029 Edom,
735 2983 755 3016 ι
785 2964 841 3019 id
869 2974 954 3021 est
979 2976 1338 3036 terrenorum,
1375 2971 1488 3026 sive
1539 2974 1977 3045 sanguineorum,
1999 2979 2091 3049 qui

512 3060 758 3107 nostrum
784 3052 1066 3111 effundunt
1098 3060 1431 3129 sanguinem,
1471 3070 1526 3116 et
1560 3078 1657 3119 nos
1690 3065 1758 3119 ad
1799 3069 2092 3138 appetitum

514 3145 844 3201 terrenitatis
873 3147 1069 3204 ducere
1089 3150 1294 3205 volunt.
1346 3151 1497 3207 Tunc
1526 3153 1667 3220 dico,
1699 3174 1717 3208 ‹
1742 3171 1951 3213 memor
1975 3168 2093 3217 esto

2193 2038 2434 2095 secordia
2472 2037 2566 2093 Dei
2616 2037 2797 2093 statim
2853 2037 3005 2092 adest
3059 2037 3435 2092 cantantibus.
3502 2035 3561 2089 In
3609 2036 3728 2105 plin:

2191 2138 2344 2201 parte
2381 2145 2439 2186 se
2472 2130 2691 2185 laudare
2728 2130 2915 2194 Deum,
2954 2136 3010 2183 et
3045 2143 3103 2183 se
3140 2128 3275 2183 bene
3303 2128 3544 2198 operari
3569 2128 3726 2196 proni:-

2193 2225 2278 2291 tit,
2314 2224 2521 2294 positus
2555 2224 2694 2279 inter
2728 2222 3002 2293 angustias
3039 2219 3196 2288 hujus
3234 2220 3377 2275 vitae.
3423 2219 3496 2273 In
3535 2220 3716 2277 seruata.

2192 2330 2311 2386 qua:
2348 2314 2537 2385 incipit
2571 2329 2586 2368 :
2634 2332 2653 2366 ε
2680 2312 3050 2369 Conﬁteantur
3086 2312 3205 2377 tibi,
3244 2309 3513 2374 Domine,
3546 2330 3566 2361 ι
3603 2318 3714 2363 ω

2191 2406 2325 2461 alios
2364 2406 2586 2461 laudare
2623 2413 2846 2475 propter
2886 2403 3046 2457 aliam
3094 2416 3314 2459 causam
3349 2410 3591 2471 propter
3616 2416 3706 2469 «μ

2191 2503 2245 2550 ει
2280 2496 2394 2565 ipse
2432 2495 2657 2560 laudat,
2694 2493 2901 2548 scilicet
2936 2492 2991 2547 in
3029 2490 3477 2547 consideratione
3518 2492 3714 2547 liberatis-

2190 2585 2315 2651 nis;
2357 2593 2412 2640 et
2450 2585 2502 2639 in
2548 2586 2650 2640 hac
2686 2594 2840 2654 parte
2875 2592 3024 2654 patet
3056 2582 3303 2638 intentio.
3356 2582 3599 2637 latendi!
3626 2581 3715 2635 ω

2191 2694 2291 2734 nos
2329 2693 2548 2734 monere
2585 2680 2651 2735 ad
2685 2679 3063 2735 exsultandum
3103 2688 3157 2735 et
3194 2678 3535 2735 laudandum
3573 2679 3717 2737 Dan.

2188 2785 2288 2841 pro
2335 2770 2651 2827 liberatione
2699 2770 2841 2825 facta
2875 2785 2972 2841 per
3007 2769 3282 2826 Christum
3307 2811 3327 2835 ,
3379 2770 3530 2825 sicut
3574 2770 3619 2823 in
3652 2767 3718 2822 alia

2190 2877 2290 2918 nos
2326 2864 2535 2917 monuit
2571 2863 2635 2917 de
2672 2863 2984 2932 captivitate
3020 2858 3443 2932 Babyloniorum
3486 2860 3659 2916 dolere.

2258 2953 2337 3007 Ac
2371 2954 2416 3008 si
2455 2954 2528 3008 ita
2566 2954 2771 3010 diceret
2805 2971 2818 3007 :
2857 2952 2987 3019 Vos,
3024 2951 3253 3017 fratres,
3296 2951 3617 3007 conﬁtemini
3644 2948 3718 3003 Do‘

2192 3045 2339 3100 mino
2386 3044 2633 3115 exemplo
2685 3046 2827 3109 mei,
2874 3046 3017 3114 quod
3053 3059 3159 3098 non
3196 3058 3320 3099 sum
3372 3044 3471 3098 tibi
3496 3083 3511 3107 ,
3541 3058 3574 3096 o
3607 3062 3622 3093 ι
3644 3042 3718 3095 Do-

2190 3139 2335 3193 mine
2358 3158 2376 3190 »
2418 3139 2661 3210 ingratus
2699 3139 2765 3192 de
2801 3138 3076 3193 beneﬁciis
3114 3137 3255 3202 tuis,
3294 3152 3511 3206 semper
3547 3154 3564 3186 ι
3589 3131 3717 3188 mni-

512 3230 745 3289 ﬁliorum
804 3237 858 3291 in
915 3236 1003 3293 die
1071 3238 1402 3297 Hierusalem
1432 3283 1449 3309 ,
1485 3262 1505 3294 ι
1574 3244 1628 3298 id
1696 3254 1809 3313 εει,
1877 3252 2092 3320 quando
2121 3301 2163 3320 η
2194 3230 2348 3286 tebor
2386 3231 2481 3287 tibi
2514 3249 2533 3281 ι
2574 3231 2633 3286 in
2681 3229 3018 3287 confessione
3064 3228 3241 3285 laudis
3300 3249 3319 3281 ‹
3348 3232 3403 3285 in
3451 3238 3547 3284 toto
3585 3226 3715 3282 εοεαε

514 3324 794 3393 apparebit
840 3326 1059 3384 claritas
1113 3329 1346 3386 ﬁdelium
1375 3372 1392 3397 ,
1434 3301 1661 3389 'scilicet
2117 3301 2163 3363 α
2194 3338 2315 3379 meo
2336 3363 2350 3389 ν
2382 3343 2401 3375 ι
2445 3325 2566 3379 ideo
2589 3364 2605 3389 υ
2651 3341 2670 3374 ⁸
2698 3324 2949 3394 (ἰυοηίδῐυ
2988 3323 3183 3379 audis“
3222 3323 3387 3380 verba
3420 3324 3511 3378 0'73
3538 3321 3652 3381 ’πάν
3679 3337 3699 3369 ¹

513 3413 664 3469 dicii.

591 3522 609 3554 ‹
636 3504 758 3572 Qui,
782 3526 802 3559 ι
851 3509 1054 3565 scilicet
1088 3510 1182 3567 ﬁlii
1219 3510 1389 3569 Edom
1442 3516 1701 3572 «dicunt:
1744 3534 1849 3574 non
1887 3523 2086 3585 verbis,

512 3594 608 3649 sed
658 3594 837 3663 factis,
891 3618 912 3650 ‹
937 3599 1239 3669 Exinanite,
1283 3605 1577 3673 exinanite,
1611 3627 1630 3659 ›
1674 3609 1726 3663 id
1762 3618 1874 3677 est,
1916 3620 2089 3668 totum

512 3697 769 3744 evacuate
795 3692 1053 3761 quidquid
1088 3692 1314 3762 justitiaa
1356 3697 1411 3750 in
1446 3698 1525 3753 eis
1563 3708 1686 3754 est:
1733 3703 2043 3760 «exinanite
2066 3726 2084 3757 ›

512 3779 634 3836 dico
667 3790 838 3838 totum
877 3780 1035 3851 illud,
1075 3802 1282 3857 «usque
1317 3789 1385 3844 ad
1423 3788 1829 3849 fundamentum
1880 3816 1899 3847 ι
1949 3798 2091 3866 quod

511 3881 596 3927 est
628 3893 646 3925 ‹
673 3873 727 3928 in
760 3889 854 3941 ea,
880 3895 896 3926 ι
933 3876 1138 3932 scilicet
1164 3878 1294 3933 illud
1320 3880 1461 3947 quod
1489 3881 1542 3935 in
1573 3881 1652 3936 eis
1677 3892 1930 3954 apparet,
1968 3901 2091 3940 eva-

512 3972 688 4020 cuate.
755 3964 1185 4023 Fundamentum
1249 3970 1405 4024 istius
1463 3971 1794 4028 Hierusalem
1845 3974 2091 4032 Christus

513 4061 636 4119 est,
689 4055 777 4110 vel
837 4055 1009 4120 fides,
1063 4073 1169 4126 quo
1219 4070 1575 4124 remanente,
1624 4062 1815 4118 civitas
1859 4064 1963 4119 ista
2002 4068 2092 4121 de-

513 4142 649 4195 strui
705 4156 811 4195 non
847 4148 1143 4210 potest:et
1194 4143 1246 4197 in
1294 4144 1398 4199 hoc
1445 4144 1593 4199 stulti
1632 4144 1911 4217 apparent,
1967 4152 2090 4222 quia

514 4237 829 4284 remanente
880 4229 1262 4300 fundamento,
1318 4242 1511 4290 caetera
1566 4237 1749 4292 statim
1798 4241 2091 4296 reaediﬁca-

515 4319 731 4373 buntur.

590 4429 607 4459 ε
641 4408 793 4464 Filia.
833 4430 851 4462 ι
896 4410 1187 4468 Precamur
1214 4424 1274 4470 ut
1304 4415 1545 4473 vindices
1588 4418 1642 4473 in
1680 4418 1804 4475 ﬁliis
1840 4419 2008 4475 Edom
2039 4430 2094 4476 et

514 4513 612 4552 nos
649 4497 750 4568 ipsi
791 4500 1125 4557 vindicamus
1159 4503 1215 4557 in
1251 4513 1433 4573 parte;
1480 4515 1536 4561 et
1571 4509 1671 4564 hoc
1702 4518 1785 4564 est
1814 4524 1829 4563 :
1856 4525 1889 4563 ο
1934 4530 1953 4561 ι
1982 4511 2090 4565 ﬁlia

515 4587 833 4660 Babylonis,
855 4609 874 4642 ι
910 4591 963 4646 id
997 4601 1110 4657 est,
1142 4608 1269 4648 caro
1293 4605 1477 4651 nostra
1511 4607 1635 4654 nata
1668 4600 1722 4653 in
1752 4601 2085 4665 confusione,

514 4688 568 4733 et
605 4694 819 4750 semper
859 4695 1086 4738 monens
1128 4683 1531 4754 confusionem,
1572 4698 1625 4743 et
1663 4690 1783 4745 ideo
1827 4709 1846 4742 ι
1870 4692 2087 4757 misera,

516 4772 745 4827 beatust
798 4782 882 4829 est
928 4774 1019 4830 ille
1066 4778 1196 4846 «qui
1236 4779 1502 4835 retribuat
1539 4781 1634 4835 tibi
1678 4782 2088 4840 retributionem

514 4875 677 4931 quam
706 4864 1004 4920 retribuiin
1034 4868 1206 4935 nobis,
1237 4889 1256 4921 ›
1284 4870 1337 4924 id
1357 4879 1460 4936 est,
1484 4872 1575 4942 qui
1606 4888 1703 4943 pro
1726 4872 2011 4929 afﬂictione
2031 4875 2087 4929 in

512 4952 771 5023 peccatis,
802 4955 869 5009 ad
894 4970 1014 5026 quae
1043 4966 1098 5012 tu
1125 4973 1337 5029 semper
1360 4976 1546 5017 mones
1576 4963 1889 5019 interiorem
1920 4966 2089 5022 homi-

512 5058 668 5109 nem,
703 5044 890 5100 reddet
922 5045 1020 5101 tibi
1055 5046 1429 5117 aﬁlictionem,
1453 5051 1763 5122 jejunando,
1797 5055 2081 5125 vigilando,

513 5144 568 5189 et
597 5137 806 5192 caeteris
836 5140 1008 5195 modis
1032 5139 1336 5199 aictionis
1369 5152 1420 5198 te
1448 5160 1689 5213 carnem,
1720 5146 2006 5219 Babylonis
2027 5149 2088 5203 ﬁ-

513 5226 662 5290 liam,
692 5230 1032 5284 macerando.

584 5317 651 5372 Et
679 5318 843 5373 etiam
876 5338 895 5371 ι
924 5320 1114 5377 beatus
1147 5342 1166 5374 ι
1204 5331 1288 5378 est
1318 5324 1407 5380 ille
1441 5344 1459 5376 ι
1488 5329 1580 5397 qui
1606 5330 1858 5399 parvulos
1888 5340 2032 5398 tuos,
2064 5352 2082 5385 ι

515 5413 566 5466 id
591 5424 696 5480 est,
730 5418 1098 5487 suggestiones
1118 5430 1484 5489 peccatorum,
1522 5439 1656 5493 quos
1693 5434 1748 5481 tu
1781 5430 1835 5483 in
1870 5431 2089 5489 homine

515 5521 762 5575 generas,
787 5525 906 5579 quas
931 5511 1182 5567 dicuntur
1206 5517 1415 5584 parvuli
1444 5516 1567 5571 dum
1597 5519 1898 5587 insurgunt,
1932 5533 1986 5578 et
2020 5525 2087 5577 ad

516 5606 694 5652 actum
730 5614 836 5654 non
870 5602 1261 5670 perducuntur,
1317 5627 1335 5658 ι
1360 5608 1622 5674 tenebit,»
1682 5625 1749 5664 ne
1794 5614 2091 5682 procedant

514 5701 684 5757 usque
714 5691 780 5745 ad
805 5699 1003 5758 actum,
1044 5709 1065 5745 ι
1084 5703 1139 5749 ει
1160 5714 1177 5747 ι
1212 5696 1373 5752 etiam
1413 5717 1430 5747 ι
1453 5698 1694 5764 allidet,i
1734 5702 1785 5757 id
1818 5714 1919 5771 est,
1948 5720 2090 5760 com-

517 5777 711 5845 primet
733 5788 789 5836 et
808 5784 1127 5854 confringet,
1166 5805 1183 5837 ι
1213 5789 1278 5841 ad
1310 5804 1542 5859 pe'ram,
1572 5811 1590 5844 ι
1629 5793 1680 5847 id
1711 5803 1809 5859 est,
1838 5797 1903 5850 ad
1938 5797 2093 5853 Chri-

521 5876 681 5936 stum,
710 5874 915 5930 scilicet
937 5894 1034 5949 per
1054 5882 1364 5936 memoriam
1392 5893 1446 5939 et
1472 5885 1901 5945 conformitatem
1926 5891 2093 5965 ipsius

2190 3417 2315 3486 quia
2352 3416 2547 3471 misisti
2589 3415 2780 3471 Filium
2820 3415 3089 3471 incarnari
3118 3458 3132 3483 ,
3174 3424 3236 3471 ut
3274 3433 3367 3473 nos
3394 3418 3613 3471 eximeres
3642 3411 3698 3465 de

2189 3517 2453 3579 potestate
2487 3507 2723 3574 diaboli,
2759 3508 2823 3562 de
2861 3523 2964 3577 qna
3004 3509 3071 3563 ad
3112 3518 3164 3564 te
3201 3508 3487 3564 clamamus
3516 3503 3708 3560 assidue.

2259 3599 2325 3655 Et
2364 3615 2471 3655 non
2511 3606 2718 3654 tantum
2756 3599 3091 3665 conﬁtebor,
3144 3602 3238 3655 sed
3287 3601 3448 3656 etiam
3495 3596 3700 3669 «psam

2191 3692 2322 3758 tibi,
2352 3711 2370 3743 ι
2415 3692 2469 3747 id
2506 3699 2587 3746 est
2609 3732 2622 3758 ,
2662 3691 2800 3746 bene
2836 3691 3101 3761 operabor
3136 3691 3202 3746 ad
3238 3691 3443 3746 laudem
3481 3701 3646 3751 tuam;
3672 3696 3707 3740 et

2190 3782 2292 3837 hoc
2349 3803 2367 3835 ‹
2395 3783 2450 3837 in
2498 3790 2787 3852 conspectu
2838 3781 3148 3852 angelorum
3175 3802 3232 3846 ,ι
3282 3782 3336 3836 id
3382 3781 3551 3837 estin
3581 3780 3718 3835 bene-

2189 3873 2390 3943 placito
2426 3886 2633 3927 eorum.
2672 3870 2792 3926 1am
2830 3872 2974 3926 enim
3010 3872 3206 3943 angeli,
3239 3879 3601 3941 cognoscentes
3635 3882 3729 3921 nos

2190 3979 2311 4019 esse
2346 3964 2591 4018 concives
2627 3976 2771 4028 suos,
2807 3962 3042 4033 gaudent
3072 3964 3142 4017 de
3175 3960 3404 4032 operibus
3425 3958 3619 4013 nostris
3641 3957 3730 4012 bo-

2193 4055 2278 4109 nis
2305 4093 2320 4119 ,
2368 4060 2422 4108 et
2474 4051 2725 4121 adjuvant
2768 4067 2885 4107 nos.
2950 4071 2969 4103 (
3007 4053 3071 4107 Ει
3122 4051 3355 4107 adorabo
3399 4051 3464 4105 ad
3497 4048 3727 4117 templum

2192 4155 2435 4201 sanctum
2475 4155 2659 4209 tuum,
2691 4165 2709 4197 ο
2752 4145 2805 4200 id
2843 4154 2925 4201 est
2962 4146 3028 4200 ad
3066 4147 3238 4216 ipsam
3274 4144 3471 4200 Christi
3507 4141 3724 4197 humani-

2192 4243 2358 4290 tatem
2390 4276 2405 4301 ,
2448 4236 2500 4289 id
2537 4242 2621 4290 est
2658 4234 2830 4305 ipsam
2864 4236 3044 4291 debita
3095 4243 3152 4290 et
3197 4234 3506 4291 omnimoda
3542 4246 3725 4288 venera-

2194 4330 2337 4383 tione
2370 4330 2672 4384 venerabor
2702 4371 2715 4395 ,
2759 4338 2818 4384 et.
2851 4329 3183 4384 divinitatem
3224 4328 3532 4398 specialiter
3566 4328 3613 4381 in
3646 4327 3727 4396 ipso

2193 4419 2521 4474 habitantem
2574 4419 2853 4486 adorabo;
2900 4438 2919 4471 c
2946 4428 3001 4475 et
3029 4441 3048 4473 ι
3089 4421 3254 4475 etiam
3297 4440 3316 4471 ι
3344 4419 3635 4476 conﬁtebor
3662 4430 3724 4471 no-

2192 4512 2323 4566 mini
2364 4519 2475 4577 tuo,
2506 4531 2525 4564 »
2570 4511 2623 4566 id
2661 4518 2747 4566 est
2784 4512 3014 4568 laudabo
3053 4522 3121 4567 te.

2271 4625 2289 4655 ι
2325 4605 2499 4677 Super
2531 4606 2903 4662 misericordia
2944 4617 3032 4663 tua
3068 4616 3121 4662 et
3148 4608 3382 4663 veritate
3419 4618 3554 4674 tua,
3585 4625 3601 4659 ι
3639 4603 3724 4674 quia

2194 4697 2619 4768 redemptionem
2658 4712 2758 4767 per
2792 4698 3222 4754 miscricordiam
3254 4698 3413 4761 facis,
3463 4711 3521 4754 et
3558 4695 3731 4771 promis-

2193 4788 2393 4853 siones,
2417 4803 2551 4857 quas
2577 4802 2675 4858 per
2698 4789 2989 4858 pr0phetas
3016 4790 3366 4859 promiseras,
3394 4789 3651 4859 adimples
3668 4798 3731 4854 per

2191 4879 2367 4948 ipsum
2388 4878 2687 4945 Christum,
2714 4879 2796 4934 vel
2826 4881 2891 4934 de
2922 4881 3290 4936 misericordia
3317 4895 3493 4951 quam
3525 4880 3646 4935 facis
3666 4878 3733 4931 huc

2192 4985 2350 5024 mano
2389 4971 2573 5041 generi
2616 4971 2671 5026 in
2712 4974 2962 5042 praesenti
2992 4974 3143 5027 vita:
3187 4993 3205 5024 ι
3236 4980 3338 5029 ets
3384 4975 3461 5029 de
3508 4995 3528 5026 α
3560 4973 3736 5029 veritate

2192 5069 2281 5116 tua
2303 5081 2322 5114 ι
2351 5062 2685 5133 complenda,
2704 5067 2921 5135 quando
2946 5066 3125 5122 ﬁdeles
3152 5075 3291 5130 tuos,
3315 5070 3617 5123 secundum
3639 5061 3743 5135 quod

2189 5155 2505 5225 promisisti,
2530 5157 2919 5221 remunerabis,
2944 5158 3311 5215 miserlcm'dia
3334 5166 3391 5214 et
3408 5160 3644 5214 veritate
3657 5156 3737 5207 diu

2192 5246 2311 5300 ideo
2338 5245 2597 5313 exhibita,
2622 5265 2641 5298 ‹
2662 5261 2824 5316 quam
2850 5248 3230 5318 magniﬁcasti,
3260 5268 3281 5299 ι
3312 5246 3365 5301 id
3396 5254 3504 5315 est,
3534 5258 3744 5318 magnum

2190 5333 2364 5389 fecisti
2390 5353 2409 5385 ι
2436 5344 2682 5391 sanctum
2706 5345 2855 5391 tuum
2880 5357 2898 5388 ι
2926 5338 3270 5409 singularem,
3300 5339 3353 5393 id
3376 5349 3483 5403 est,
3508 5340 3746 5396 Christum

2197 5443 2216 5475 ι
2245 5440 2406 5495 super
2434 5441 2595 5481 omne
2622 5443 2840 5493 nomen,
2870 5448 2888 5480 ι
2922 5429 2975 5483 id
3005 5437 3120 5494 est,
3160 5446 3323 5501 super
3345 5446 3517 5488 omne
3538 5431 3748 5486 nomina-

2193 5517 2328 5585 bile;
2377 5521 2518 5573 unde
2557 5519 2792 5576 Paulus:
2826 5539 2845 5571 c
2876 5523 3106 5578 Donavit
3140 5523 3217 5577 illi
3256 5539 3489 5591 nomen,
3533 5522 3751 5595 quodest

2193 5623 2355 5678 super
2377 5625 2538 5665 omne
2564 5625 2758 5666 nomen
2783 5610 3006 5683 (Philip.
3032 5614 3096 5683 ι).
3128 5634 3147 5667 ι

2262 5709 2413 5765 Licet
2441 5721 2621 5766 autem
2647 5712 2825 5783 justus
2853 5716 2956 5771 iste
2994 5716 3049 5771 in
3089 5717 3320 5772 adventu
3346 5718 3557 5774 Christi
3587 5717 3753 5772 libera-

2196 5802 2395 5856 tionem
2431 5805 2765 5874 accepisset,
2812 5815 2993 5863 tamen
3036 5811 3159 5879 quia
3203 5810 3341 5865 mala
3379 5813 3665 5865 imminere
3689 5807 3752 5859 τί·

2194 5895 2314 5960 det,
2359 5897 2615 5954 auxilium
2645 5911 2833 5956 contra
2869 5902 2969 5958 hoc
3000 5906 3338 5974 deprecatur.
3380 5902 3749 5963 Continuatio;
