3898 6484
90 392 217 449 661

1289 397 1730 460 EXPLANA'I‘IO
1765 401 1833 456 IN
1871 402 2205 462 PSALMOS.

3267 415 3372 470 662

82 510 248 580 Quia
279 509 356 565 ita
383 522 609 581 magnus
631 521 711 578 es,
738 510 879 577 ideo,
902 525 936 568 o
959 510 1209 579 Domine,
1246 529 1265 573 ι
1292 513 1487 569 exaudi
1517 529 1604 569 me
1633 513 1685 568 in
1715 518 1767 576 Α
1790 530 1889 571 nos
1914 516 1966 569 in
1995 517 2176 582 ﬁnem,
2201 518 2253 573 id
2277 528 2382 585 est,
2403 521 2469 576 ad
2493 520 2660 590 ipsius
2686 519 2885 575 Christi
2911 521 3369 582 conformitatem.

82 604 157 657 in
191 614 522 672 quacunque
560 600 680 668 die,
710 621 728 653 ι
769 602 823 657 id
851 610 965 670 est,
1011 602 1064 658 in
1097 618 1416 674 quocunque
1449 613 1689 675 tempore

93 712 118 746 α
156 694 494 750 invocavero
530 700 603 748 te.
636 713 656 746 ι
712 693 849 749 Cum
885 694 1046 760 dicit,
1099 715 1117 746 ι
1144 704 1257 750 tota
1297 696 1415 763 die,
1446 715 1467 751 ι
1516 703 1689 752 totum

86 793 328 856 tempus
348 783 479 854 justi
502 784 765 850 nominat,
786 785 913 855 quia
935 784 1112 854 justus
1140 800 1352 856 semper
1374 787 1611 843 ambulat
1634 788 1689 843 in

80 892 238 934 vera
278 876 587 947 cognitione
625 885 681 931 et
721 876 1151 932 illuminatione:
1192 878 1330 943 dico,
1363 878 1592 944 exaudi,
1634 885 1690 933 et

84 983 339 1025 securus
366 978 519 1033 sum,
548 967 805 1038 quoniam
842 977 900 1023 tu
933 987 954 1022 ι
981 969 1379 1039 multiplicabis,
1414 990 1433 1024 ι
1479 971 1533 1026 id
1574 979 1686 1036 est,

86 1058 461 1129 multiplicem
482 1058 635 1115 dabis
654 1076 675 1110 ι
693 1058 948 1115 virtutem
969 1060 1023 1114 in
1040 1060 1220 1116 anima
1241 1076 1361 1117 mea
1378 1079 1398 1113 ι
1417 1075 1515 1131 per
1528 1075 1688 1133 quam

88 1158 303 1208 contra
329 1149 634 1221 ingruentia
656 1149 797 1203 mala
820 1150 1022 1220 possim
1048 1152 1342 1206 resistere.‘

179 1261 202 1295 ι
237 1241 629 1298 Conﬁteantur.
660 1261 680 1295 ι
729 1240 862 1297 Pars
896 1241 1149 1297 secunda.
1194 1241 1295 1297 Hic
1336 1242 1690 1301 intentionem

91 1346 265 1389 suam
291 1332 484 1402 aperit.
518 1332 584 1387 Et
608 1332 732 1402 quia
758 1332 1057 1388 conﬁtebor
1077 1334 1195 1399 tibi,
1222 1334 1344 1389 ideo
1363 1348 1487 1390 meo
1509 1350 1692 1391 exem-

90 1426 215 1496 plo,
240 1439 275 1480 o
296 1443 317 1478 ι
337 1424 582 1490 Domine,
596 1424 952 1481 conﬁteantur
972 1426 1065 1481 tibi
1086 1441 1275 1482 omnes
1296 1441 1452 1497 reges
1475 1435 1685 1494 terrae,»

94 1516 158 1571 id
191 1524 309 1581 est,
350 1531 538 1572 omnes
574 1515 650 1571 illi
686 1515 904 1571 laudent
932 1525 985 1573 te
1013 1519 1105 1588 qui
1137 1518 1504 1575 terrenitatem
1535 1533 1689 1574 suam

92 1608 249 1662 bene
274 1616 489 1679 regunt.
536 1607 606 1662 Et
628 1608 735 1663 nisi
768 1608 1004 1665 confessi
1032 1609 1268 1677 fuerint,
1298 1611 1691 1669 inexeusabiles

93 1711 304 1765 erunt,
356 1717 377 1751 ι
408 1700 534 1769 quia
561 1718 581 1751 ι
628 1700 730 1771 ipsi
779 1719 796 1751 ι
827 1701 1115 1770 audierunt
1157 1705 1337 1759 omnia
1373 1708 1539 1760 verba
1579 1707 1692 1761 oris

96 1788 210 1853 tui,
238 1807 258 1840 ι
295 1804 417 1858 qua:
437 1804 534 1845 ore
557 1799 651 1846 tuo
672 1805 770 1861 per
788 1789 986 1846 Filium
1010 1802 1160 1848 tuum
1184 1796 1462 1852 observari
1486 1812 1688 1867 praece-

93 1881 254 1952 pisti,
274 1882 401 1951 quia
422 1901 442 1933 ι
463 1884 518 1938 in
534 1898 749 1938 omnem
768 1892 968 1943 terram
988 1886 1155 1942 exivit
1173 1901 1338 1945 sonus
1355 1903 1564 1958 eorum,
1577 1900 1683 1948 etc.
1715 1874 1764 1935 Β

97 1972 287 2044 (Psal.
313 1974 491 2047 xviri).
519 1994 539 2027 ι
1462 2046 1471 2053 Ι

180 2064 252 2119 Ει
296 2065 385 2121 isti
425 2080 585 2138 reges
622 2068 785 2137 positi
820 2085 843 2121 ι
871 2069 928 2126 in
951 2070 1057 2127 viis
1082 2070 1330 2138 Domini,
1356 2089 1376 2123 ι
1410 2072 1465 2129 id
1489 2081 1601 2140 est,
1639 2076 1693 2129 in

96 2158 398 2227 praeceptis
425 2157 559 2228 eius,
589 2178 609 2212 ι
634 2169 877 2228 cantent,
906 2180 926 2214 ι
952 2162 1008 2217 id
1027 2172 1141 2231 est,
1164 2164 1485 2219 annnntient
1507 2164 1695 2223 laudes

95 2247 325 2303 Domini
357 2250 508 2317 aliis;
555 2252 675 2307 ideo
703 2260 923 2308 cantent
954 2271 975 2305 ι
1002 2270 1166 2324 quam
1193 2266 1387 2326 magna
1415 2264 1499 2311 est
1526 2256 1694 2327 gloria

98 2337 350 2404 Domini,
377 2358 396 2393 ι
421 2356 542 2410 qum
564 2349 620 2409 et
641 2341 840 2398 Iudaeis
866 2352 922 2399 et
947 2344 1196 2414 gentibus
1220 2353 1305 2399 est
1331 2347 1638 2416 praeposita.

176 2429 247 2483 Et
270 2444 398 2486 vere
425 2446 619 2502 magna
647 2442 729 2489 est
756 2434 947 2505 gloria,
983 2453 1003 2487 ‹
1029 2436 1285 2506 quoniam
1314 2437 1573 2492 Dominus
1600 2452 1695 2491 ex-

102 2520 291 2576 celsus
320 2540 337 2573 »
376 2530 460 2576 εει
488 2536 652 2594 super
676 2523 972 2593 quamlibet
998 2534 1343 2580 creaturam:
1378 2543 1395 2575 ι
1425 2533 1478 2581 ει
1506 2546 1524 2577 ι
1569 2525 1696 2581 licet

101 2610 181 2664 ita
218 2610 468 2666 excelsus
498 2613 602 2677 sit,
649 2622 829 2668 tamen
873 2612 1060 2669 ﬁdeles
1099 2629 1226 2669 suos
1260 2629 1366 2668 non
1397 2613 1693 2683 despiciet,

102 2703 204 2758 sed
231 2704 410 2773 potius
443 2723 463 2758 ι
492 2705 710 2774 respicit
737 2704 986 2772 homilia,
1009 2726 1028 2759 ι
1064 2704 1119 2761 id
1142 2718 1247 2772 est,
1279 2705 1515 2761 humiles
1539 2706 1694 2762 oculo

103 2795 499 2857 misericordiae
526 2797 855 2859 conferendo
884 2798 1113 2864 auxilia,
1144 2807 1198 2853 et
1228 2798 1563 2854 incrementa
1588 2798 1693 2851 vir-

105 2894 309 2953 tutum,
331 2896 436 2943 etc.
462 2888 529 2943 Et
557 2904 681 2944 cum
708 2898 891 2962 posset
913 2891 1094 2947 dicere
1122 2890 1416 2960 superbus:
1450 2889 1697 2958 Quando-

102 2976 327 3046 quidem
354 2979 572 3035 humilia
603 2989 812 3041 tantum
836 2983 1082 3059 respicit,
1102 2998 1232 3056 ergo
1258 2998 1447 3039 secure
1471 3000 1693 3056 possum

105 3085 357 3141 peccare,
387 3073 515 3144 quia
542 3089 630 3128 me
658 3089 767 3130 non
796 3075 1029 3142 videbit,
1067 3084 1124 3131 et
1160 3076 1267 3135 hoc
1292 3086 1535 3134 removet
1568 3078 1649 3134 sic
1676 3096 1689 3132 :

1794 606 1849 661 In
1876 607 1976 661 hoc
1996 607 2203 676 psalmo
2223 608 2471 665 Christus
2494 619 2575 665 est
2604 609 2829 665 materia
2851 611 3146 665 secundum
3168 621 3376 668 utram-

1792 714 1896 769 que
1924 708 2211 756 naturam:
2256 718 2423 771 pauca
2454 704 2668 774 quidem
2703 712 2926 773 tangens
2965 704 3030 759 dc
3070 705 3372 774 divinitate,

1792 789 1890 845 sed
1939 789 2092 861 plura
2138 792 2356 862 quidem
2404 807 2707 863 exsequens
2754 793 2818 847 de
2863 808 2960 847 sua
3013 793 3370 849 humanitate.

1792 880 2038 937 Ostendit
2084 883 2227 938 enim
2280 898 2339 939 se
2388 883 2612 939 humilia
2660 883 2984 940 sustinuisse
3032 882 3101 940 ad
3152 883 3368 938 modum

1793 973 2019 1030 aliorum
2067 976 2373 1043 hominum,
2405 985 2464 1030 ut
2489 976 2794 1031 humilitate
2831 990 3017 1031 veram
3059 974 3373 1046 comprobet

1793 1083 1945 1122 suam
1974 1068 2362 1125 humanitatem
2389 1087 2402 1123 :
2436 1069 2671 1124 ostendit
2706 1077 2761 1124 et
2788 1068 3080 1133 altissima,
3111 1067 3276 1122 veluti
3317 1067 3373 1121 in

1792 1160 2227 1225 resurrectione,
2280 1169 2335 1214 et
2385 1175 2508 1215 cum
2564 1175 2659 1231 per
2709 1160 2884 1229 ipsum
2934 1159 3169 1215 tenebrat
3214 1156 3374 1228 huius

1794 1255 1979 1309 mundi
2012 1253 2327 1309 illmninata:
2353 1261 2509 1319 sunt,
2553 1260 2608 1307 et
2636 1250 2741 1306 alia
2768 1266 2965 1322 magna
2985 1292 2999 1317 ,
3047 1259 3107 1305 ut
3132 1263 3232 1321 per
3258 1249 3375 1306 haec

1794 1345 2176 1415 comprobaret
2202 1359 2261 1399 se
2287 1359 2394 1398 non
2424 1341 2596 1398 solum
2635 1342 2944 1407 hominem;
2985 1340 3128 1395 sicut
3165 1349 3221 1395 et
3257 1339 3328 1394 ibi
3357 1358 3369 1392 :

1798 1457 1816 1490 ι
1846 1437 2042 1493 Beatus
2080 1437 2173 1507 qui
2215 1435 2466 1506 intelligit
2513 1449 2674 1504 super
2709 1448 2935 1503 egenum
2983 1440 3038 1488 et
3082 1444 3376 1502 pauperem

1794 1527 1966 1601 (Psal.
1993 1529 2105 1601 ιιι).
2136 1548 2154 1580 ι
2197 1527 2310 1584 Hoc
2336 1537 2514 1582 autem
2535 1526 2703 1583 voluit
2724 1525 2990 1596 Propheta
3015 1524 3081 1579 de
3109 1522 3224 1593 ipso
3250 1536 3376 1593 pro-

1794 1620 2045 1674 nuntiare
2075 1628 2263 1675 contra
2287 1627 2461 1675 sectas
2480 1617 2835 1688 quorumdam
2861 1616 3259 1681 hmreticorum,
3283 1614 3376 1685 qui

1794 1725 1918 1765 eum
1950 1719 2283 1781 negaverunt
2309 1724 2496 1763 verum
2531 1709 2804 1765 hominem
2843 1722 2961 1763 esse
2989 1725 3003 1763 :
3038 1706 3376 1761 altitudinem

1792 1818 1945 1869 vero,
1990 1811 2179 1859 contra
2220 1802 2453 1869 Judzeos,
2499 1803 2589 1872 qui
2631 1817 2753 1856 eum
2785 1801 2957 1856 solum
3000 1801 3276 1854 hominem
3320 1804 3375 1852 et

1793 1913 1899 1953 non
1929 1897 2097 1952 Deum
2128 1896 2375 1951 arbitrati
2404 1902 2548 1950 sunt.
2595 1894 2654 1949 In
2695 1893 2867 1964 prima
2909 1901 3062 1964 parte
3096 1890 3376 1961 praemissa

1794 1998 1876 2045 est
1895 2004 2125 2054 summa,
2150 2003 2311 2058 quam
2332 1996 2518 2059 postea
2540 2001 2638 2057 per
2654 1984 2849 2056 psalmi
2875 1992 3167 2039 tractatum
3191 1988 3376 2037 osten-

1795 2082 1894 2148 dit,
1926 2081 2133 2137 scilicet
2161 2080 2438 2139 scientiam
2471 2078 2569 2134 Dei
2599 2077 2665 2133 de
2694 2092 2753 2131 se
2779 2076 2993 2132 Christo
3026 2074 3290 2139 habitam,
3318 2080 3375 2128 et

1793 2186 1891 2243 per
1924 2172 2097 2241 ipsum
2125 2168 2399 2225 Christum
2427 2167 2724 2223 mirabilem
2756 2165 2975 2221 factam.
3018 2164 3077 2218 In
3114 2162 3370 2227 secunda,

1794 2275 1913 2330 quae
1944 2258 2169 2329 incipit:
2208 2278 2225 2310 ι
2254 2257 2372 2325 Quo
2400 2257 2489 2312 ibo
2519 2272 2549 2310 a
2575 2256 2765 2327 spiritu
2791 2255 2909 2310 tuo?
2937 2274 2956 2307 ι
2990 2252 3226 2309 ostendit
3254 2259 3375 2306 tan-

1794 2358 1906 2404 tam
1935 2348 2031 2403 Dei
2058 2348 2386 2419 potentiam,
2418 2362 2578 2417 quam
2607 2345 2784 2400 nullus
2810 2345 2980 2415 possit
3012 2343 3281 2414 effugere:
3321 2349 3375 2396 et

1793 2451 2013 2514 prepter
2039 2457 2200 2511 quam
2232 2440 2466 2495 tenebrae
2496 2438 2680 2493 mundi
2726 2452 2831 2492 non
2875 2442 3166 2507 potuerunt
3180 2433 3375 2489 occul-

1795 2533 1927 2596 tari,
1973 2532 2083 2587 imo
2110 2533 2226 2601 ipse
2260 2546 2356 2601 per
2386 2544 2505 2585 eam
2533 2529 2717 2583 mundi
2746 2528 2999 2585 tenebras
3029 2525 3368 2580 illuminavit.

1792 2623 1851 2678 In
1880 2622 2061 2688 tertia,
2098 2638 2218 2693 quae
2248 2622 2475 2692 incipit:
2508 2639 2528 2672 ι
2555 2620 2865 2677 Conﬁtcbor
2896 2618 3025 2684 tibi,
3056 2637 3077 2672 ι
3111 2617 3238 2687 quia
3266 2624 3375 2671 ter-

1796 2713 2028 2769 ribiliter
2054 2712 2434 2784 magniﬁcatus
2464 2727 2542 2777 es,
2588 2712 2824 2766 ostendit
2863 2725 2921 2765 se
2959 2709 3178 2764 laudare
3205 2707 3374 2762 Deum

1794 2822 1893 2877 pro
1922 2806 2201 2862 beneﬁciis
2227 2820 2347 2875 quae
2379 2804 2482 2860 sibi
2512 2802 2743 2859 confert.
2790 2803 2848 2858 in
2888 2811 3115 2875 quarta,
3144 2816 3265 2872 quae
3290 2801 3375 2854 in-

1794 2897 1951 2967 cipit:
1976 2917 1994 2950 ι
2017 2896 2148 2952 Mihi
2175 2904 2355 2951 autem
2376 2895 2538 2950 nimis
2562 2894 2902 2950 honoriﬁcati
2924 2903 3071 2959 sunt,
3096 2911 3115 2946 ι
3139 2891 3378 2948 ostendit

1791 3006 1890 3062 per
1932 3005 1991 3046 se
2035 2991 2208 3045 bonos
2251 2988 2606 3052 exaltandos,
2663 2987 2835 3042 malos
2879 2986 3261 3056 deprimendos
3306 2998 3374 3040 ac

1794 3080 2128 3134 damnandos
2153 3097 2166 3133 τ
2200 3079 2352 3149 ponit
2394 3078 2449 3132 in
2488 3077 2595 3131 ﬁne
2615 3078 2905 3146 quamdam
2934 3076 3335 3132 conclusionem
3355 3115 3373 3141 ,

78 3210 83 3215 ,
107 3162 349 3220 Humilia
376 3166 601 3237 respicit
634 3185 653 3218 ι
682 3176 737 3223 ει
763 3166 870 3225 alta
898 3187 918 3219 ι
958 3168 1153 3234 etiam,
1190 3167 1245 3225 id
1275 3176 1387 3233 est,
1429 3170 1692 3239 superbos
1727 3229 1763 3239 ⁸
1795 3185 1918 3224 cum
1946 3169 2115 3224 dicit:
2143 3187 2164 3221 ι
2195 3167 2370 3225 Proba
2398 3181 2509 3232 me,
2537 3169 2710 3222 Deus:
2736 3185 2754 3218 ι
2780 3174 2986 3221 tantam
3008 3165 3372 3231 altitudinem,

114 3276 132 3307 ι
161 3229 522 3328 cognoscit,»
567 3258 661 3312 sed
701 3258 805 3314 hoc
849 3277 869 3311 ι
901 3274 934 3313 a
960 3229 1150 3330 longe,
1181 3278 1201 3311 ι
1236 3229 1380 3330 quia?
1405 3267 1461 3314 et
1494 3229 1584 3315 hic
1611 3261 1692 3317 eis
1719 3229 1764 3291 C
1795 3260 1999 3315 Christi
2028 3259 2361 3322 describens,
2389 3229 2619 3312 intendit
2639 3258 2964 3327 persuadere
2991 3272 3113 3313 eum
3140 3229 3374 3312 honora;

108 3345 341 3415 gratiam
369 3346 668 3413 subtrahit,
693 3356 748 3402 et
774 3347 831 3402 in
851 3345 1058 3415 judicio
1086 3347 1361 3417 separabit
1387 3362 1419 3402 a
1447 3349 1582 3412 suis,
1613 3350 1695 3405 di-

110 3448 242 3492 cens
267 3453 282 3489 :
312 3456 330 3487 ι
359 3436 627 3499 Discedite
651 3451 683 3491 a
708 3451 816 3501 me,
843 3435 1138 3501 maledicti,
1168 3456 1188 3490 ι
1218 3444 1326 3492 etc.

182 3525 252 3580 Et
278 3526 425 3595 quod
453 3525 543 3581 ille
570 3525 792 3581 humilia
824 3526 1062 3596 respicit,
1093 3526 1146 3581 in
1175 3541 1261 3583 me
1284 3536 1532 3605 apparet,
1568 3528 1695 3599 quia

120 3637 139 3670 ι
171 3618 219 3673 si
247 3616 594 3675 ambulavero
638 3620 691 3674 in
729 3617 910 3675 medio
937 3618 1326 3682 tribulationis,
1356 3639 1376 3671 ›
1419 3628 1500 3686 ιιι,
1529 3621 1692 3687 Deus,

122 3728 141 3760 ι
171 3707 471 3764 viviﬁcabis
498 3723 608 3775 me,
638 3728 656 3761 ι
692 3708 746 3771 id
780 3719 894 3777 est,
926 3708 1048 3765 lzcto
1073 3710 1256 3766 animo
1281 3709 1448 3766 facies
1477 3726 1564 3767 me
1595 3711 1688 3765 tri-

114 3796 418 3855 bulationes
460 3798 579 3861 illas
619 3798 862 3869 recipere
911 3819 929 3859 ι
962 3808 1018 3855 ει
1042 3819 1061 3851 ι
1102 3800 1270 3856 etiam
1311 3818 1329 3852 ι
1363 3815 1527 3871 super
1555 3800 1694 3859 iram

117 3888 457 3945 inimicorum
481 3899 713 3957 tuorum,
739 3913 756 3944 ι
784 3892 838 3946 id
861 3902 963 3956 est,
987 3908 1149 3963 super
1172 3894 1420 3953 inimicos
1446 3895 1537 3964 qui
1565 3895 1695 3950 mihi

115 3994 179 4035 ex
212 3980 323 4045 ira,
364 3996 470 4035 non
496 3997 562 4037 cx
590 3982 785 4039 merito
814 3998 958 4050 meo,
1002 3983 1146 4038 mala
1177 3983 1413 4051 faciunt,
1450 4003 1469 4036 ι
1501 3994 1692 4040 exten-

117 4071 240 4128 disti
263 4087 479 4127 manum
508 4080 683 4141 tuam,
715 4092 733 4124 ι
765 4073 819 4128 id
842 4062 1338 4144 est,'operationem
1370 4084 1538 4142 tuam,
1567 4076 1694 4145 quia

117 4163 184 4219 de
224 4163 539 4233 quibusdam
582 4163 903 4228 vindicasti,
954 4165 1216 4234 quosdam
1258 4164 1421 4220 etiam
1465 4179 1691 4220 conver-

120 4257 229 4313 tisti
253 4274 264 4311 :
297 4277 316 4309 ι
335 4265 389 4313 ει
419 4257 640 4312 dextera
670 4264 783 4323 tua,
806 4276 825 4309 ι
856 4257 911 4312 id
938 4263 1043 4322 est,
1069 4254 1379 4327 propitiatio
1406 4263 1519 4320 tua,
1550 4273 1569 4306 ι
1591 4254 1694 4310 sal-

120 4363 243 4403 vum
282 4363 366 4403 me
405 4344 614 4413 fecit,’r
667 4347 719 4404 id
766 4358 880 4416 est,
930 4347 1153 4402 illaesum
1201 4361 1289 4402 me
1334 4346 1624 4403 custodivit
1663 4361 1692 4400 a

122 4436 490 4493 conformitate
513 4452 723 4494 eorum.

195 4547 213 4580 ι
241 4529 496 4585 Dominus
526 4548 543 4579 ι
576 4528 689 4599 jam
719 4526 959 4589 extendit
989 4541 1207 4582 manum
1234 4540 1396 4596 super
1419 4525 1686 4589 inimicos,

126 4626 180 4675 et
204 4620 376 4675 adhuc
407 4639 425 4671 ι
452 4620 717 4675 retribuet
745 4633 843 4689 pro
869 4633 954 4673 me
976 4638 993 4671 ι
1022 4618 1310 4674 vindictam
1339 4617 1574 4673 inimicis
1598 4636 1611 4673 :
1638 4628 1693 4675 ει

127 4708 234 4778 ipse
251 4707 428 4776 justus
456 4717 636 4763 motus
663 4708 863 4778 pietate
884 4722 1045 4778 super
1066 4708 1338 4777 proximos
1361 4721 1507 4772 suos,
1528 4708 1695 4761 vertit

127 4813 181 4854 se
203 4799 267 4854 ad
298 4800 472 4870 ipsum
497 4800 685 4863 Deum,
716 4798 988 4869 precando
1013 4799 1093 4854 eis
1119 4798 1543 4855 miscricordiam
1574 4796 1688 4865 Dei,

129 4891 201 4946 sic
224 4891 441 4946 dicens:
473 4889 518 4945 0
545 4910 562 4941 ι
591 4890 837 4954 Domine,
882 4890 1254 4945 misericordia
1299 4898 1391 4945 tua
1438 4890 1492 4944 in
1525 4905 1694 4945 saecu-

129 4982 253 5048 lum,
278 5001 295 5033 ι
326 4982 452 5053 quia
483 4981 579 5036 toti
610 4979 805 5036 saeculo
835 4980 1125 5035 exhibuisti
1156 4979 1612 5035 misericordiam:
1638 4988 1693 5035 et

131 5073 261 5139 ideo,
286 5089 319 5129 ο
346 5072 590 5139 Domine,
629 5092 647 5124 ι
677 5088 838 5144 Opera
870 5087 1128 5127 manuum
1164 5082 1401 5137 tuarum,
1432 5091 1450 5124 ι
1494 5072 1547 5127 id
1575 5084 1684 5138 est,

133 5164 271 5235 ipsos
299 5165 579 5232 homines,
625 5166 717 5237 qui
761 5166 1012 5220 dicuntur
1050 5164 1287 5237 speciale
1326 5180 1462 5236 epus
1507 5173 1687 5229 tuum,

140 5276 158 5308 ι
179 5273 240 5313 ηε
259 5259 540 5329 despicias,
566 5260 654 5314 »ιιι
675 5266 780 5325 εει,
798 5275 903 5315 non
925 5258 1214 5314 subtrahas
1234 5259 1314 5316 eis
1331 5259 1420 5315 hic
1439 5261 1688 5331 gratiam,

134 5356 341 5421 propter
360 5350 505 5421 quod
527 5350 912 5406 damnarentur
933 5349 988 5405 in
1010 5349 1115 5404 alia
1138 5351 1267 5405 vita.

504 5479 572 5535 IN
609 5479 939 5535 PSALMUM
977 5479 1305 5537 CXXXVIII.

382 5589 622 5647 Tt'wws
647 5609 659 5645 :
697 5589 763 5644 In
791 5590 950 5661 ﬁnem
978 5591 1212 5661 psalmus
1238 5590 1434 5647 David.

207 5707 498 5773 «Domine,
540 5707 779 5776 probasti
822 5720 925 5761 me.
958 5725 976 5758 ι
1019 5705 1266 5761 Psalmus
1302 5707 1405 5762 iste
1440 5708 1692 5763 convenit

140 5816 256 5856 vero
283 5800 468 5866 David,
505 5800 597 5871 qui
635 5798 723 5854 hic
756 5798 1010 5869 loquitur.
1036 5796 1284 5854 Psalmus
1310 5799 1431 5854 dico
1455 5799 1693 5871 dirigens

1795 3348 1984 3413 bilem,
2013 3356 2072 3402 ut
2097 3348 2147 3401 ei
2173 3348 2412 3405 debitum
2433 3346 2781 3402 exhibeamus
2806 3348 3084 3403 honorem.

1867 3437 1985 3493 Vox
2014 3436 2138 3493 Filii
2168 3438 2233 3493 ad
2265 3437 2515 3503 Patrem,
2543 3458 2560 3489 ι
2588 3437 2813 3494 Domine
2841 3459 2859 3492 ι
2895 3437 3072 3503 Pater,
3109 3445 3165 3497 tu
3194 3455 3212 3488 ι
3242 3451 3369 3507 pro-

1794 3526 1936 3583 basti
1955 3541 2061 3593 me,
2084 3546 2103 3581 ›
2130 3542 2235 3583 non
2261 3527 2403 3598 quod
2423 3528 2533 3582 Deo
2554 3526 2700 3587 Patri
2722 3526 2920 3596 aliquid
2942 3526 3132 3583 fuisset
3152 3527 3374 3583 dubium

1758 3616 1766 3621 ’
1796 3619 1851 3674 in
1876 3617 2113 3682 Christo,
2139 3618 2219 3673 vel
2262 3619 2315 3696 in
2344 3616 2521 3686 aliqua
2551 3617 2654 3673 alia
2685 3632 2763 3681 re,
2791 3618 2888 3673 sed
2923 3636 2940 3668 ι
2971 3617 3211 3687 probasti
3240 3636 3258 3667 ι
3294 3616 3375 3671 di-

1796 3709 1895 3773 cit,
1955 3708 2008 3762 id
2051 3716 2161 3776 est,
2215 3709 2501 3779 probatum
2550 3707 2668 3762 aliis
2724 3707 3004 3763 ostendisti
3058 3723 3155 3776 per
3204 3707 3374 3762 multa

1795 3799 2166 3870 experimenta
2214 3815 2228 3857 :
2284 3798 2433 3855 velut
2480 3814 2602 3854 eum
2655 3804 2890 3853 tentatus
2941 3796 3043 3852 fuit
3090 3813 3122 3851 a
3161 3797 3375 3854 diabolo

1796 3886 2014 3958 (Matth.
2041 3887 2137 3958 ιν),
2180 3896 2237 3943 ει
2275 3889 2324 3944 ei
2356 3887 2504 3943 nullo
2534 3887 2691 3943 modo
2719 3887 3021 3953 consensit,
3065 3894 3120 3942 et
3156 3886 3374 3958 propria

1794 3986 1969 4035 morte
2011 3994 2069 4034 se
2122 3993 2371 4035 veracem
2433 3992 2553 4034 esse
2614 3977 2973 4034 conﬁrmavit.
3022 3997 3039 4028 ι
3072 3974 3319 4032 Probasti
3350 3995 3369 4028 ι

1794 4066 1935 4134 dico,
1965 4085 1984 4118 ι
2013 4077 2069 4123 ει
2095 4067 2393 4138 cognovisti
2425 4082 2531 4132 me,
2563 4087 2581 4119 ι
2616 4065 2668 4120 id
2698 4075 2801 4132 est,
2825 4067 3101 4138 cegnitum
3127 4076 3183 4121 et
3209 4066 3376 4137 placi-

1794 4168 1909 4215 tum
1938 4161 2034 4216 tibi
2067 4176 2154 4216 me
2179 4160 2413 4216 habuisti
2440 4178 2453 4213 :
2487 4179 2503 4210 ι
2528 4168 2602 4223 ιιι,
2628 4178 2647 4211 ι
2673 4158 2922 4226 Domine,
2951 4178 2969 4211 ι
2997 4159 3317 4229 cognovisti,
3344 4178 3364 4210 ›

1794 4251 1848 4306 id
1883 4260 1998 4316 est,
2037 4250 2376 4323 approbasti,
2416 4269 2434 4300 ι
2465 4250 2792 4315 sessionem,
2824 4268 2844 4303 ι
2891 4248 2945 4303 id
2971 4260 3083 4315 est,
3130 4249 3374 4321 requiem

1800 4358 1819 4392 ι
1846 4355 2041 4407 meam,
2072 4360 2089 4391 ι
2126 4340 2332 4397 scilicet
2359 4350 2588 4396 mortem
2614 4355 2814 4404 meam,
2846 4339 2901 4393 in
2931 4355 3036 4409 qua
3070 4341 3308 4410 requievi.
3338 4356 3374 4396 a

1796 4430 2028 4486 tumultu
2070 4431 2229 4503 hujus
2269 4430 2490 4486 saeculi:
2538 4450 2556 4481 ι
2584 4440 2640 4486 ει
2670 4448 2688 4485 ι
2734 4429 3033 4501 cognovisti
3081 4451 3098 4481 ι
3129 4446 3373 4486 resurre-

1794 4522 2235 4578 ctionem'meam
2264 4542 2281 4574 ι
2315 4522 2441 4593 quia
2472 4530 2526 4576 et
2551 4536 2671 4577 eam
2700 4521 2903 4589 fecisti,
2944 4529 2999 4577 et
3036 4521 3133 4578 tibi
3162 4529 3369 4591 gratam

1797 4611 2052 4668 habuisti.
2099 4610 2157 4665 In
2187 4611 2290 4666 hoc
2317 4627 2474 4667 versu
2504 4612 2597 4667 ubi
2626 4611 2757 4669 dicit
2786 4627 2845 4667 se
2870 4612 3185 4682 probatum,
3229 4612 3372 4667 sicut

1796 4703 1887 4757 alii
1930 4702 2174 4757 homines
2214 4703 2529 4772 probantur,
2562 4701 2693 4757 dicit
2727 4716 2786 4757 se
2820 4702 3020 4758 habere
3046 4703 3363 4768 sessionem,

1796 4795 1846 4848 id
1879 4803 1988 4857 est,
2024 4800 2255 4848 mortem
2283 4812 2294 4847 :
2332 4795 2397 4848 de
2426 4809 2484 4848 se
2520 4795 2743 4848 humilia
2775 4795 3060 4864 loquendo,
3102 4795 3370 4868 signiﬁcat

1795 4887 1950 4941 nobis
1979 4901 2164 4941 veram
2194 4902 2347 4942 suam
2374 4886 2796 4942 humanitatem:
2823 4903 2947 4943 cum
2972 4902 3102 4944 vero
3127 4889 3370 4945 nominat

1794 4994 1945 5033 suam
1979 4979 2448 5043 resurrectionem,
2487 4979 2592 5034 alta
2623 4980 2687 5035 de
2714 4996 2772 5035 se
2794 4980 2924 5037 dicit
2950 4997 2962 5033 ;
3005 4988 3059 5035 et
3087 4980 3243 5035 sicin
3267 4981 3370 5034 hoc

1792 5088 1953 5128 versu
1992 5072 2230 5127 breviter
2257 5071 2493 5142 tangitur
2519 5086 2726 5127 summa
2767 5073 2929 5126 totius
2969 5070 3181 5140 psalmi.
3232 5068 3369 5125 Nota

1792 5165 1918 5235 quia
1948 5163 2037 5217 hic
2067 5162 2239 5216 utitur
2264 5161 2529 5216 artiﬁciali
2553 5163 2742 5218 ordine
2768 5181 2780 5216 :
2821 5162 2971 5232 prius
3008 5160 3153 5215 enim
3182 5160 3371 5232 incipit

1795 5268 1826 5307 a
1851 5251 2257 5323 gloriﬁcatione,
2290 5251 2482 5306 deinde
2511 5267 2541 5305 a
2572 5251 2967 5307 resurrectione
2995 5259 3048 5305 et
3074 5251 3325 5320 passione
3351 5267 3364 5303 :

1799 5343 1863 5398 ad
1891 5343 2136 5397 ultimum
2164 5343 2230 5398 ab
2256 5352 2427 5407 utero,
2457 5342 2508 5397 id
2533 5351 2631 5408 est,
2662 5343 2728 5397 ab
2755 5342 3143 5397 incarnatione.

1868 5432 2115 5488 Probasti
2149 5433 2286 5498 dico,
2327 5453 2345 5485 ι
2372 5432 2701 5505 cognovisti,
2735 5452 2754 5483 ι
2799 5432 2961 5486 etiam
3008 5451 3024 5481 ι
3058 5431 3368 5487 intellexisti

1798 5526 2150 5598 cogitationes
2177 5541 2325 5582 meas
2350 5525 2417 5581 de
2435 5527 2615 5596 longe,
2635 5544 2654 5578 ι
2682 5525 2737 5579 id
2757 5533 2856 5589 est,
2884 5526 3051 5579 multo
3079 5534 3370 5595 antequam

1798 5617 2111 5687 cogitarem,
2143 5618 2267 5687 quia
2300 5619 2368 5673 ab
2394 5626 2597 5671 :eterno
2624 5616 2785 5670 etiam
2828 5636 2845 5666 ι
2879 5616 3231 5687 investigasti,
3265 5636 3283 5667 ι
3314 5616 3369 5672 id

1798 5719 1902 5775 est,
1927 5709 2084 5779 plane
2105 5711 2401 5782 cognovisti
2429 5726 2447 5760 ι
2468 5709 2688 5764 semitas
2712 5722 2883 5774 meas,
2907 5728 2926 5761 ι
2956 5710 3011 5763 id
3032 5718 3134 5773 est,
3158 5709 3367 5765 occulta

1799 5815 1962 5871 opera
2010 5814 2165 5867 mea,
2210 5809 2267 5856 et
2309 5799 2520 5856 occulta
2560 5799 2880 5866 voluntatis,
2924 5819 2946 5853 ι
2977 5811 3031 5856 ει
3069 5801 3367 5858 funiculum
