3898 6504
476 396 581 448 663
937 383 1293 441 HAYMONIS
1331 378 1806 436 HALBERSTAT.
1849 376 2063 435 EPISC.
2105 366 2480 447 OPPQPARS‘
2513 372 2551 428 l.
2592 401 2661 412 --
2696 369 3049 428 COMMENT.
3089 370 3261 425 BlBL.
3317 360 3322 364 ἢ
3677 373 3798 427 664

473 519 679 568 meum,
712 522 730 553 ι
771 502 823 556 id
859 508 970 564 est,
1007 497 1272 568 judicium
1291 484 1316 561 ,’
1350 494 1587 558 scilicet,
1629 493 2042 556 discretionem,
2072 491 2125 550 A
2148 502 2237 553 es;
2268 489 2313 542 si
2339 488 2670 544 descendero
2692 487 2760 541 ad
2789 485 3091 550 infernum,
3119 502 3140 535 ι
3165 499 3274 555 quo
3299 499 3432 540 vere
3462 485 3792 543 descendit

473 611 635 666 quam
661 608 762 662 ego
786 592 952 646 habui
989 591 1130 645 inter
1157 590 1356 642 bonum
1381 595 1437 640 et
1463 585 1665 639 malum
1692 604 1704 638 :
1736 593 1794 639 tu
1821 585 2048 639 investi-
2154 579 2331 634 anima
2357 580 2592 634 humana
2627 593 2753 634 cum
2777 576 3088 641 divinitate,
3124 593 3143 626 ι
3177 575 3326 630 ades.
3361 593 3383 626 ι

471 685 646 758 gasti,
694 683 750 736 id
790 690 904 747 est,
951 679 1191 752 perfecte
1229 675 1569 748 cognovisti,
1621 675 1764 730 sicut
1808 675 2051 744 perfecte

470 775 795 845 investigata
814 773 970 841 plene
992 778 1408 840 cognoscuntur.
1424 766 1543 820 Alia
1567 765 1847 820 translatio
1867 765 2048 831 habet,

477 883 496 918 ι
525 863 874 919 directionem
902 874 1097 914 meam.
1130 877 1148 909 ι
1190 856 1294 911 Per
1320 854 1620 910 funiculum
1647 868 1776 910 vero
1804 854 2052 910 directio-

471 975 600 1015 nem
629 969 684 1012 et
711 964 915 1011 rectum
939 954 1204 1022 judicium
1233 952 1480 1021 accipere
1506 966 1812 1020 possumus,
1843 950 1968 1022 quia
1994 951 2051 1005 in

2228 709 2246 742 ι
2293 690 2350 746 Si
2379 706 2584 762 pennas
2605 704 2790 755 meas,
2830 707 2848 740 ι
2878 688 2934 744 id
2977 695 3090 752 est,
3135 701 3301 782 opera
3343 687 3562 782 divinat-
3599 699 3784 782 rote-

2153 784 2340 849 statis,
2373 800 2493 853 qua:
2520 799 2621 854 ego
2647 782 2860 848 dimisi,
2902 795 2968 836 ex
2998 796 3103 850 quo
3132 781 3246 851 ipse
3278 780 3359 835 fui
3390 781 3449 835 in
3479 780 3784 850 potestate

2152 873 2460 931 Iudaeorum
2479 917 2493 942 ,
2524 876 2651 944 quia
2680 889 2780 930 nec
2803 873 2907 929 feci
2937 873 3232 939 miracula,
3267 888 3375 928 nec
3403 873 3593 928 etiam
3635 890 3775 944 pra-

2153 966 2362 1032 dicavi,
2396 986 2415 1017 c
2454 981 2736 1036 sumpsero
2772 964 3035 1030 diluculo,
3083 983 3101 1014 ι
3137 964 3191 1018 id
3227 972 3348 1030 est,
3396 965 3453 1018 in
3511 980 3774 1019 resurre-

470 1046 712 1106 funiculo
747 1044 1073 1115 carpentarii
1119 1052 1176 1098 et
1219 1042 1310 1097 alii
1340 1041 1576 1112 operarii
1613 1041 1852 1112 dirigunt
1887 1055 2054 1112 opera

473 1158 594 1199 sua.

540 1233 611 1288 Et
641 1246 749 1287 non
777 1238 987 1286 tantum
1017 1226 1335 1298 cognovisti,
1364 1225 1459 1282 sed
1490 1243 1510 1276 ‹
1533 1224 1695 1280 etiam
1722 1239 1912 1280 omnes
1935 1225 2054 1279 vias

469 1339 642 1389 meas,
669 1342 688 1373 ι
733 1322 786 1377 id
814 1329 929 1386 est,
959 1319 1142 1375 omnia
1169 1316 1456 1372 manifesta
1486 1330 1650 1385 opera
1688 1331 1837 1382 mea,
1871 1333 1890 1366 ι
1918 1331 2055 1386 prae-

468 1414 655 1470 vidisti
702 1433 720 1464 ›
783 1411 954 1466 multo
1005 1418 1294 1477 antequam
1339 1407 1534 1462 tierent
1575 1425 1587 1460 :
1648 1406 1770 1461 ideo
1817 1407 1895 1461 sic
1933 1406 2055 1461 dico

477 1523 496 1554 ι
527 1501 862 1564 intellexisti,
891 1498 1210 1569 praevidisti,
1241 1518 1259 1550 ι
1291 1505 1346 1552 et
1372 1497 1592 1561 similia,
1627 1517 1644 1548 ι
1673 1498 1798 1566 quia
1828 1512 1938 1551 non
1971 1505 2057 1552 est

471 1607 652 1647 sermo
682 1611 700 1643 ι
745 1591 862 1644 sine
897 1604 976 1644 re.
1035 1587 1184 1644 Unde
1229 1587 1332 1640 alia
1377 1587 1509 1642 dicit
1537 1586 1842 1652 translatio,
1896 1607 1914 1637 ι
1945 1602 2054 1642 non

474 1687 653 1751 dolus,
678 1686 731 1738 in
767 1684 949 1753 lingua
974 1697 1135 1737 mea:
1172 1699 1194 1733 ι
1229 1697 1352 1735 cum
1383 1679 1513 1735 dicit
1551 1695 1609 1735 se
1648 1680 1704 1734 in
1735 1680 1918 1750 lingua
1944 1695 2052 1734 non

471 1792 748 1848 peccasse,
806 1776 860 1829 in
913 1790 1018 1845 qua
1067 1773 1284 1846 gravius
1332 1780 1422 1827 est
1457 1781 1625 1838 stare,
1654 1771 1830 1826 innuit
1870 1786 1928 1827 se
1952 1785 2053 1826 nec

472 1871 527 1924 in
553 1870 671 1924 aliis
697 1870 955 1925 cecidisse
980 1889 991 1924 :
1022 1878 1076 1924 et
1100 1884 1197 1938 per
1223 1869 1328 1924 hoc
1357 1883 1416 1922 se
1444 1853 1556 1922 Deo
1584 1883 1681 1938 per
1707 1868 1888 1922 omnia
1916 1868 2053 1922 bene
2080 1841 2130 1902 Β

470 1962 756 2032 placuisse.
806 1962 971 2029 Quasi
1010 1961 1271 2016 dixisset:
1311 1961 1450 2014 Dum
1481 1959 1816 2030 investigasti
1845 1961 2051 2032 cegita-

473 2057 649 2110 tiones
706 2055 834 2116 Adae
881 2055 1044 2124 primi
1086 2053 1366 2124 parentis,
1410 2051 1661 2116 semitas,
1700 2050 1963 2120 judicium
2003 2061 2057 2107 et

473 2144 610 2207 vias,
639 2159 701 2197 ac
730 2142 964 2196 filiorum
993 2140 1130 2210 ejus,
1158 2143 1283 2212 quia
1311 2141 1494 2196 dolosa
1522 2142 1840 2213 cognovisti,
1873 2143 2057 2214 displi-

473 2243 701 2289 cuerunt
748 2234 882 2289 tibi:
930 2247 1016 2287 me
1058 2241 1237 2288 autem
1281 2249 1379 2304 per
1420 2234 1601 2288 omnia
1646 2235 2052 2304 cognoscendo,

474 2327 606 2382 nihil
659 2328 713 2382 in
761 2343 848 2382 me
892 2327 1146 2382 invenisti
1193 2327 1249 2381 in
1297 2342 1403 2396 quo
1454 2325 1820 2382 offenderetur
1867 2328 2056 2383 oculus

475 2427 617 2474 tuus.

549 2552 568 2581 ι
615 2530 784 2594 Ecce,
822 2551 841 2581 ι
874 2529 1004 2600 quid
1031 2543 1344 2585 enumerem
1370 2543 1468 2600 per
1513 2530 1762 2602 singula?
1791 2549 1809 2581 ι
1849 2539 1925 2597 ιιι,
1952 2530 2058 2584 Do-

478 2621 622 2676 mine
639 2663 653 2686 ,
679 2621 977 2692 cognovisti
1003 2621 1187 2674 omnia
1210 2620 1535 2685 novissima,
1566 2640 1584 2671 ›
1612 2619 1846 2684 scilicet,
1870 2621 1936 2674 de
1960 2622 2059 2674 hu-
2083 2672 2085 2674 .

475 2714 701 2768 militate
727 2728 872 2779 mea,
901 2732 920 2765 ι
951 2720 1004 2768 et
1035 2733 1053 2764 ι
1089 2713 1269 2768 omnia
1303 2731 1320 2763 ‹
1350 2713 1572 2782 antiqua
1600 2733 1619 2765 ι
1645 2728 1787 2779 mea,
1805 2713 1967 2768 veluti
1993 2713 2059 2768 de

475 2802 759 2858 divinitate
784 2818 935 2868 mea,
962 2818 1124 2872 quam
1149 2812 1327 2858 tecum
1350 2804 1518 2860 habes
1545 2804 2058 2860 consubstantialem

478 2896 574 2950 tibi
597 2897 664 2950 ab
693 2905 893 2952 aeterno
925 2915 936 2951 :
993 2917 1009 2948 ι
1055 2906 1113 2951 ιιι
1139 2897 1387 2953 formasti
1414 2913 1533 2964 me,
1579 2918 1598 2951 ›
1632 2900 1928 2955 secundum
1959 2901 2060 2954 hu-

479 2989 828 3055 manitatem;
861 2998 918 3044 et
961 3009 979 3040 ι
1012 3004 1170 3060 super
1208 3006 1327 3055 me,
1364 3010 1381 3042 ι
1413 2989 1705 3046 formatum
1751 2992 2055 3059 hominem,

485 3099 502 3130 ι
538 3081 765 3148 posuisti
791 3095 1013 3161 manum
1043 3090 1195 3136 tuam
1214 3121 1229 3148 ,
1265 3102 1284 3132 ι
1319 3082 1373 3136 id
1400 3089 1512 3149 est,
1545 3084 1768 3137 verbum
1797 3090 1947 3138 tuum
1966 3124 1981 3150 ,
2007 3084 2061 3139 id

2152 1058 2331 1112 ctione
2363 1057 2505 1113 facta
2545 1057 2809 1122 diluculo,
2848 1075 2866 1107 ι
2919 1065 2974 1112 et
3015 1056 3333 1111 habitavero
3388 1057 3446 1110 in
3493 1061 3766 1112 extremis

2152 1147 2340 1213 maris,
2373 1148 2480 1202 i'id
2506 1155 2621 1213 est,
2653 1148 2706 1201 in
2736 1146 3077 1202 extremitate
3105 1144 3287 1200 saeculi
3312 1185 3328 1211 ,
3371 1146 3473 1200 sed
3498 1146 3634 1215 jam
3668 1163 3762 1201 non

2153 1240 2340 1294 vivens
2367 1239 2480 1294 vita
2510 1237 2746 1293 mortali.
2772 1237 3023 1293 Christus
3049 1237 3196 1292 enim
3217 1252 3527 1308 resurgens
3561 1250 3602 1289 ει
3627 1255 3756 1293 mor-

2158 1334 2291 1401 tuis,
2321 1333 2436 1403 jam
2461 1349 2568 1389 non
2592 1332 2824 1388 moritur
2854 1329 3055 1402 (Rom.,
3089 1331 3187 1401 vi).
3226 1331 3387 1398 Quod
3417 1341 3620 1386 autem
3656 1334 3754 1402 ipse

2155 1431 2309 1477 extra
2342 1423 2527 1478 mundi
2548 1422 2710 1476 vitam
2743 1421 2949 1476 viveret
2969 1461 2984 1486 ,
3007 1420 3336 1492 significavit
3362 1437 3495 1476 cum
3527 1423 3680 1476 stetit
3702 1422 3745 1475 in

2155 1511 2361 1580 littore,
2389 1513 2664 1584 discipulis
2690 1511 3069 1582 navigantibus
3099 1511 3161 1581 in
3187 1510 3332 1564 mari
3361 1510 3597 1582 (Matth.
3627 1513 3740 1578 ny},

2155 1604 2302 1674 quod
2322 1603 2663 1675 significabat
2685 1604 2742 1658 in
2765 1603 2876 1668 eis,
2905 1602 3046 1672 quod
3089 1601 3268 1656 adhuc
3307 1601 3430 1655 vita
3464 1602 3650 1656 mundi
3675 1604 3742 1656 vi-

2155 1705 2363 1752 verent.
2403 1697 2711 1766 Antequam
2754 1695 3000 1750 Christus
3050 1702 3403 1764 resurgeret,
3444 1709 3552 1747 cum
3579 1695 3730 1748 disci-

2155 1787 2266 1859 puli
2293 1788 2610 1858 navigarent
2632 1827 2648 1853 ,
2674 1787 2790 1858 ipse
2811 1786 3040 1857 pedibus
3063 1784 3300 1854 desuper
3321 1799 3489 1839 mare
3511 1785 3720 1839 ambula.

2155 1879 2266 1944 vit,
2299 1877 2609 1946 significans
2637 1877 2695 1931 in
2721 1873 2899 1946 seipso
2929 1873 3072 1945 quod
3101 1874 3284 1928 adhuc
3311 1873 3371 1928 in
3404 1873 3603 1928 munde
3621 1889 3722 1943 pro-

2157 1968 2358 2024 celloso
2382 1968 2608 2022 viveret.

2232 2063 2290 2116 Si
2318 2062 2396 2116 ita
2423 2076 2704 2132 sumpsero
2731 2073 2938 2130 pennas
2956 2099 2970 2126 ,
3005 2059 3166 2124 ades,
3194 2066 3250 2114 et
3283 2073 3422 2114 vere
3460 2059 3595 2113 ades
3621 2078 3638 2110 ι
3668 2068 3718 2112 ei—

2155 2156 2299 2211 enim
2325 2154 2453 2209 illuc
2491 2174 2510 2207 )
2542 2153 2748 2210 scilicet
2769 2161 2830 2208 ut
2851 2152 3089 2208 habitem
3117 2151 3174 2206 in
3195 2153 3474 2208 extremis

2156 2256 2267 2316 est,
2293 2255 2352 2302 ut
2377 2246 2480 2302 sim
2506 2253 2660 2302 extra
2679 2246 2845 2301 vitam
2877 2243 3190 2308 mortalem,
3223 2263 3240 2295 ι
3275 2259 3489 2299 manus
3512 2253 3623 2306 tua,
3649 2264 3664 2293 δ
3683 2244 3713 2295 ιι

2157 2354 2260 2408 est,
2293 2342 2538 2413 operatio
2576 2351 2703 2407 tua,
2741 2360 2760 2392 ι
2794 2341 3020 2396 deducet
3044 2353 3166 2404 me,
3206 2358 3226 2392 ι
3262 2349 3321 2395 et
3363 2340 3549 2394 etiam
3585 2341 3630 2393 in
3653 2340 3715 2391 in

2159 2432 2428 2488 mortalite
2465 2447 2553 2487 me
2578 2445 2934 2503 perseverare
2978 2429 3170 2495 faciet;
3215 2438 3273 2484 et
3321 2429 3433 2484 hoc
3489 2437 3614 2484 est:
3643 2438 3712 2481 «et

2159 2527 2380 2581 dextera
2425 2535 2545 2591 tua,
2581 2543 2600 2575 ›
2633 2524 2688 2578 id
2717 2531 2834 2589 est,
2875 2521 3046 2576 Filius
3085 2528 3229 2587 tuus,
3267 2519 3498 2576 scilicet
3523 2519 3712 2574 Verbum

2158 2629 2311 2674 tuum
2341 2619 2474 2674 mihi
2501 2618 2711 2675 unitum
2744 2635 2763 2668 ‹
2801 2615 3004 2671 tenebit
3027 2627 3134 2670 me.
3171 2632 3190 2665 ι

2230 2734 2342 2804 Ego
2363 2732 2486 2787 dico
2512 2750 2531 2781 ‹
2561 2731 2785 2786 dextera
2806 2729 3042 2795 tenebit,
3078 2748 3098 2781 ι
3127 2746 3147 2780 ι
3182 2737 3240 2782 et
3258 2747 3278 2780 ι
3307 2727 3489 2782 etiam
3512 2746 3532 2779 ι
3553 2727 3674 2791 dixi,
3702 2749 3711 2774 ι

2163 2826 2221 2881 id
2261 2834 2376 2891 est,
2426 2823 2753 2888 deliberavi,
2803 2841 2821 2873 ι
2864 2820 3092 2876 forsitan
3137 2819 3401 2874 tenebrae.
3440 2838 3464 2870 ι
3513 2819 3711 2881 Ironicc,

2164 2918 2318 2989 quasi
2353 2915 2558 2970 diceret
2586 2927 2602 2966 :
2627 2913 2764 2969 Cum
2791 2921 2940 2968 tanta
2967 2913 3038 2967 sit
3065 2912 3116 2967 ei
3141 2919 3389 2982 potestas
3407 2951 3423 2976 ,
3453 2920 3515 2965 et
3536 2912 3716 2965 dextera

2163 3026 2261 3067 sua
2285 3010 2360 3064 ita
2386 3023 2473 3062 me
2502 3016 2716 3072 teneat,
2745 3006 2974 3060 stultitia
2998 3013 3081 3060 est
3106 3004 3152 3058 si
3179 3004 3304 3073 quis
3323 3012 3486 3074 putat
3513 3002 3640 3073 quod
3659 3012 3715 3054 te.

2162 3105 2375 3167 nebrae,
2409 3100 2463 3156 id
2485 3107 2570 3156 est
2589 3141 2602 3166 ,
2629 3097 2903 3154 tenebrosi
2924 3097 3078 3152 istius
3106 3095 3233 3150 vitae
3282 3115 3301 3145 ι
3363 3110 3454 3150 me
3487 3114 3506 3145 ι
3538 3094 3714 3148 valeant

479 3181 592 3235 est,
639 3172 834 3228 Filium
868 3183 1049 3240 tuum,
1083 3190 1192 3244 quo
1219 3177 1495 3246 operaria,
1525 3175 1748 3231 induisti
1790 3190 1922 3234 mea:
1961 3179 2058 3233 hu-

2168 3193 2481 3250 conculcare
2511 3209 2524 3244 :
2553 3190 2788 3244 tenebrae
2817 3204 2922 3243 non
2952 3203 3077 3243 eum
3110 3206 3128 3238 ι
3161 3186 3554 3242 conculcahunt
3592 3207 3608 3236 ι
3638 3184 3713 3239 sed

481 3267 748 3321 manitati.

555 3377 714 3443 Dico,
746 3387 803 3434 tu
828 3379 1185 3435 meformasti
1208 3419 1224 3446 ,
1259 3388 1314 3435 et
1341 3395 1440 3451 ego
1466 3380 1748 3436 scientiam
1781 3389 1930 3436 tuam
1957 3381 2061 3437 feci

480 3468 781 3524 mirabilem
812 3486 826 3523 :
854 3479 910 3526 et
941 3474 1043 3526 hoc
1081 3477 1167 3526 est
1201 3487 1214 3524 :
1251 3489 1269 3521 ι
1307 3471 1537 3526 scientia
1584 3479 1674 3525 tua
1694 3512 1712 3538 ,
1750 3470 1802 3526 id
1832 3480 1944 3537 est,
1975 3472 2061 3526 lex

483 3573 574 3618 tua
600 3563 805 3618 scilicet
832 3564 1137 3634 evangelica
1167 3563 1411 3618 doctrina
1429 3604 1445 3630 ,
1470 3564 1526 3618 in
1548 3579 1654 3633 qua
1684 3563 2063 3619 manifestatur

480 3654 730 3710 voluntas
760 3663 882 3719 tua,
921 3674 938 3705 ι
970 3662 1053 3710 est
1073 3654 1216 3710 facta
1245 3673 1265 3706 ι
1310 3654 1621 3709 hominibus
1655 3673 1673 3706 (
1713 3669 1781 3709 ex
1808 3668 1914 3720 me,
1952 3674 1971 3706 ι
2006 3654 2061 3708 id

480 3753 586 3811 est,
614 3760 681 3800 ex
705 3759 823 3799 mea
849 3745 1229 3814 praedicatione
1253 3753 1308 3800 et
1335 3745 1670 3815 operatione,
1698 3764 1717 3795 ι
1745 3745 2011 3800 mirabilis
2036 3766 2055 3798 ι

481 3839 608 3910 quia
636 3839 690 3894 in
718 3853 780 3894 ea
811 3846 1142 3906 cognoscunt
1162 3838 1534 3894 remissionem
1562 3846 1909 3908 peccatorum
1944 3837 2061 3893 fieri

480 3947 578 4002 per
597 3930 804 3997 Iesum,
827 3940 882 3986 et
903 3932 1068 3985 vitam
1091 3940 1346 3985 aeternam
1363 3930 1524 3998 justis
1543 3930 1684 3996 dari,
1704 3938 1760 3984 et
1776 3939 2062 4000 perpetuas

480 4040 671 4096 ptenas
699 4025 908 4092 impiis;
941 4032 996 4078 et
1035 4024 1154 4078 ideo
1186 4022 1336 4076 illam
1365 4021 1645 4076 scientiam
1676 4022 2014 4076 admirantur
2043 4039 2058 4078 :

479 4124 537 4170 et
562 4130 670 4169 non
693 4122 902 4167 tantum
932 4111 1073 4166 facta
1107 4121 1190 4166 est
1221 4125 1319 4181 per
1341 4126 1428 4165 me
1452 4111 1741 4176 mirabilis,
1781 4114 1874 4167 sed
1899 4113 2063 4168 etiam

481 4219 580 4275 per
605 4219 691 4259 me
724 4224 742 4256 ι
780 4202 1083 4258 confortata
1109 4211 1193 4257 est
1231 4219 1251 4253 ›
1283 4211 1339 4257 et
1367 4217 1474 4256 non
1503 4202 1718 4268 titubat,
1743 4203 1835 4258 sed
1862 4204 1934 4258 ita
1964 4203 2058 4258 fir-

484 4297 647 4351 miter
665 4301 747 4349 est
771 4295 874 4349 sita
905 4295 960 4348 in
987 4294 1240 4348 cordibus
1271 4294 1552 4348 hominum
1573 4335 1588 4360 ,
1619 4304 1680 4350 ut
1697 4311 1796 4352 nec
1820 4296 2061 4366 periculo

482 4385 676 4440 mortis
701 4385 910 4455 possint
956 4385 1025 4439 ab
1069 4399 1132 4438 ea
1173 4384 1436 4440 dimoveri
1465 4403 1479 4439 :
1511 4399 1611 4457 ego
1651 4387 1729 4442 sic
1760 4387 2059 4442 mirabilem

483 4475 626 4539 feci,
655 4475 734 4531 sic
757 4475 1082 4540 confortavi,
1113 4495 1131 4527 ι
1167 4483 1222 4531 et
1253 4496 1272 4529 ι
1306 4485 1488 4532 tamen
1523 4497 1542 4529 ι
1571 4492 1677 4532 non
1703 4486 1890 4548 potero
1923 4497 1939 4529 ι
1969 4493 2056 4533 se-

484 4568 715 4623 cundum
740 4566 1148 4630 humanitatem,
1171 4567 1240 4621 ad
1267 4583 1388 4623 eam
1416 4588 1435 4621 ›
1461 4569 1743 4624 scientiam
1766 4568 2056 4639 adaquari,
2086 4554 2139 4614 D

484 4661 540 4714 id
565 4667 680 4725 est,
702 4659 804 4730 ipsi
830 4657 943 4713 Deo
961 4698 976 4724 ,
1000 4657 1056 4712 in
1085 4672 1192 4728 quo
1219 4658 1353 4714 nihil
1374 4667 1457 4714 est
1481 4658 1626 4713 aliud
1645 4658 1870 4714 scientia
1894 4673 2060 4728 quam

485 4752 600 4822 ipsa
621 4750 905 4806 Divinitas.

557 4863 674 4931 Quo
701 4862 824 4916 ibo?
847 4862 982 4918 Pars
1010 4863 1267 4918 secunda.
1297 4861 1442 4917 Bene
1470 4861 1591 4916 dico
1623 4876 1731 4917 non
1774 4869 1965 4931 potero
1993 4862 2062 4917 ad

484 4971 604 5014 eam
644 4956 948 5024 adzequari,
981 4955 1106 5025 quia
1152 4962 1299 5008 tanta
1345 4962 1429 5009 est
1470 4962 1709 5024 potestas
1739 4954 1795 5009 in
1839 4955 2057 5023 eadem,

483 5049 626 5120 quod
656 5046 834 5102 nullus
875 5054 1052 5118 potest
1079 5045 1317 5117 effugere
1343 5059 1488 5099 eam.
1528 5043 1642 5100 Hoc
1685 5044 1852 5100 dicit:
1892 5065 1908 5096 ι
1945 5044 2062 5111 Quo

485 5141 606 5209 ibo,
642 5161 661 5194 ι
692 5157 792 5211 ego
813 5149 1053 5198 remotus
1089 5160 1105 5190 ι
1143 5155 1172 5194 a
1203 5139 1406 5209 Spiritu
1435 5148 1554 5204 tuo,
1586 5160 1606 5191 ‹
1644 5141 1696 5194 id
1731 5149 1842 5205 est,
1877 5156 1907 5194 a
1938 5139 2062 5210 Spi-

484 5237 593 5291 ritu
621 5235 841 5290 sancto?
867 5254 883 5284 ι
909 5242 964 5289 et
989 5249 1096 5302 quo
1121 5231 1317 5302 fugiam
1336 5254 1354 5284 ι
1379 5241 1614 5288 remotus
1641 5252 1658 5284 ι
1683 5249 1714 5287 a
1735 5233 1869 5289 facie
1896 5241 2007 5298 tua,
2039 5253 2056 5286 ι

486 5327 541 5381 id
565 5334 649 5379 est
689 5341 719 5379 a
763 5325 1012 5394 praesenti
1053 5333 1107 5380 et
1149 5322 1430 5378 manifesta
1462 5325 1772 5394 cognitione
1805 5327 1930 5380 tua?
1961 5325 2064 5380 Per

488 5414 682 5468 faciem
711 5428 995 5484 personam
1021 5413 1201 5469 Patris
1229 5413 1321 5468 hic
1348 5413 1628 5484 intelligit,
1659 5431 1818 5484 quam
1845 5416 1966 5471 ideo
1985 5416 2065 5470 fa-

488 5505 625 5561 ciem
659 5506 932 5571 nominat,
963 5505 1090 5576 quia
1127 5505 1312 5560 omnia
1342 5505 1630 5575 praesentia
1671 5518 1797 5561 sunt
1829 5508 1878 5562 ei
1909 5511 2059 5578 quasi

488 5597 542 5650 in
581 5594 719 5650 facie
757 5597 878 5651 sita.

530 5765 532 5768 ,
560 5707 831 5779 Nusquam
860 5723 1144 5778 possumus
1169 5708 1364 5764 faciem
1391 5707 1654 5779 effugere,
1683 5712 1806 5780 quia
1847 5729 1864 5763 ι
1901 5713 1945 5768 si
1971 5729 2059 5769 as—

493 5798 720 5854 cendero
751 5800 804 5854 in
834 5798 1061 5864 etelum,
1096 5819 1114 5852 ι
1159 5799 1301 5855 sicut
1327 5814 1454 5854 vere
1489 5800 1760 5865 ascendit,
1798 5820 1815 5852 ι
1861 5811 1918 5855 ιιι
1954 5803 2062 5858 illic

2160 3287 2340 3358 potius
2383 3305 2399 3335 ς
2436 3299 2574 3344 nox,
2614 3303 2632 3333 ι
2661 3283 2855 3352 ἰᾱβει,
2888 3281 3135 3335 homines
3158 3278 3310 3349 pleni
3361 3279 3634 3349 ignorantia
3665 3285 3712 3329 et

2162 3377 2401 3450 peccatis
2435 3377 2490 3430 in
2540 3376 2642 3430 hac
2689 3375 2829 3438 vita,
2879 3360 2966 3427 vel
3016 3370 3180 3426 etiam
3218 3370 3418 3425 mortui
3442 3366 3608 3424 κιαιιὶ
3646 3366 3694 3418 in

2165 3479 2340 3528 morte
2367 3469 2597 3535 inferni,
2639 3467 2767 3522 facti
2804 3485 2823 3518 ι
2858 3455 3180 3520 illuminatio
3206 3479 3364 3529 mea,
3391 3483 3409 3515 ι
3443 3462 3493 3516 id
3515 3457 3701 3524 est,“-

2166 3563 2414 3619 luminati
2441 3577 2471 3615 a
2498 3575 2614 3625 me,
2648 3567 2805 3613 erunt
2837 3576 2854 3608 ‹
2888 3557 2945 3611 in
2970 3555 3179 3611 deliciis
3209 3555 3378 3620 meis,
3415 3574 3434 3604 ι
3464 3551 3514 3606 id
3535 3559 3640 3612 est,
3665 3548 3705 3601 in

2163 3655 2433 3726 paradiso.
2468 3649 2760 3706 Paradisus
2794 3663 3030 3717 namque
3066 3645 3268 3700 deliciw
3311 3647 3694 3715 interpretatur:

2165 3746 2285 3802 illos
2312 3744 2455 3799 enim
2482 3757 2617 3812 quos
2644 3739 2851 3796 invenit
2876 3739 3018 3808 apud
3039 3736 3270 3801 inferos,
3302 3735 3453 3791 duxit
3492 3735 3548 3788 in
3575 3746 3711 3802 para-

2165 3838 2362 3893 disum.
2394 3833 2462 3889 Hi
2490 3841 2670 3888 autem
2697 3831 2790 3901 qui
2817 3830 3038 3895 vivunt,
3064 3825 3178 3898 jam
3213 3841 3299 3895 spe
3321 3831 3448 3881 sunt
3475 3825 3532 3879 in
3562 3837 3716 3892 para-

2166 3929 2282 3984 diso
2303 3969 2320 3993 ,
2349 3926 2472 3982 licet
2499 3924 2738 3982 nondum
2768 3938 2847 3978 re.

2233 4041 2358 4096 ldeo
2397 4039 2503 4094 erit
2530 4037 2675 4093 facta
2717 4035 3038 4091 illuminatio
3065 4034 3240 4090 noctis
3259 4073 3273 4099 ,
3299 4031 3421 4102 quia
3439 4041 3524 4097 tu,
3550 4031 3719 4094 Deus,

2163 4132 2495 4190 illuminabis
2527 4134 2778 4188 tenebras
2815 4138 2870 4184 et
2893 4136 3144 4194 noctem;
3177 4136 3235 4183 et
3267 4127 3371 4182 hoc
3395 4133 3481 4180 est
3510 4144 3525 4178 :
3564 4145 3582 4176 ι
3614 4125 3719 4195 quia

2164 4227 2430 4290 tenebrae,
2471 4245 2489 4276 ι
2540 4224 2594 4278 id
2635 4231 2748 4288 est,
2800 4221 2876 4276 illi
2916 4221 3009 4291 qui
3055 4231 3180 4276 sunt
3227 4219 3497 4274 tenebrosi
3528 4229 3720 4288 propter

2165 4317 2563 4389 ignorantiam,
2614 4335 2631 4365 ι
2677 4329 2784 4368 non
2822 4313 3258 4369 obscurabuntur
3297 4327 3328 4366 a
3363 4321 3450 4377 te,
3485 4331 3503 4362 ι
3540 4312 3592 4366 id
3629 4321 3718 4374 est,

2165 4426 2273 4466 non
2308 4409 2592 4485 permittes
2637 4423 2730 4463 eos
2777 4407 3090 4473 obscurari,
3121 4406 3216 4461 sed
3252 4406 3434 4476 potius
3482 4406 3718 4460 illumina-

2163 4506 2383 4560 buntur.
2417 4521 2435 4553 ι
2470 4501 2538 4557 Ει
2573 4519 2592 4551 ι
2635 4500 2798 4555 etiam
2833 4519 2851 4550 ι
2890 4514 3030 4565 nox,
3062 4499 3116 4555 id
3146 4507 3267 4564 est,
3301 4497 3529 4554 obscuri
3553 4509 3604 4553 et
3625 4511 3715 4566 pes

2167 4593 2401 4651 sumdati
2421 4595 2477 4648 in
2499 4593 2752 4664 peccatis,
2779 4611 2796 4644 ‹
2833 4590 3227 4646 illuminabitur
3256 4611 3276 4642 ι
3301 4607 3333 4644 a
3362 4599 3414 4646 te
3433 4632 3451 4658 ,
3478 4602 3536 4647 et
3563 4592 3717 4645 deinde

2165 4687 2271 4743 erit
2306 4707 2324 4738 ι
2359 4687 2502 4742 sicut
2525 4685 2670 4751 dies,
2709 4704 2728 4736 ι
2764 4683 2817 4739 id
2841 4692 2956 4749 est,
2994 4683 3134 4739 sicut
3161 4681 3362 4751 aliquis
3394 4684 3630 4753 sapiens,
3654 4683 3718 4750 qui

2164 4793 2440 4849 nunquam
2470 4777 2526 4831 in
2555 4785 2704 4832 tanta
2722 4774 3088 4846 profunditate
3113 4783 3476 4844 peccatorum
3505 4788 3719 4845 permane

2163 4871 2314 4928 serit.
2344 4869 2475 4924 Dico
2516 4889 2534 4921 ι
2580 4884 2688 4923 nox
2720 4867 3129 4933 illuminabitur,
3166 4887 3182 4916 ι
3213 4875 3266 4921 et
3295 4886 3312 4918 ι
3347 4866 3502 4921 sicut
3525 4865 3722 4921 tenebrae

2164 4960 2279 5030 ejus
2302 5002 2316 5024 ,
2350 4961 2424 5015 ita
2459 4970 2514 5014 et
2553 4960 2735 5013 lumen
2777 4958 2925 5030 ejus,
2962 4977 2981 5008 ι
3012 4957 3136 5026 quia
3175 4964 3379 5026 quanta
3425 4963 3723 5028 cognoscent

2167 5055 2332 5126 aliqui
2354 5061 2577 5124 peccata
2597 5054 2723 5118 sua,
2749 5058 2954 5106 tantam
2984 5049 3245 5120 recipient
3274 5049 3721 5104 illuminationem.

2167 5145 2320 5202 Unde
2371 5145 2702 5216 Augustinus
2733 5161 2747 5196 :
2781 5141 3056 5210 Quatenus
3086 5141 3248 5196 homo
3278 5141 3568 5210 agnoscit,
3612 5145 3724 5192 eate-

2167 5253 2267 5293 nus
2293 5237 2396 5294 sibi
2421 5238 2564 5293 Deus
2589 5235 2836 5306 ignoscit.

2237 5349 2306 5403 Et
2330 5348 2446 5402 haec
2471 5347 2648 5402 omnia
2675 5361 2741 5401 ex
2769 5345 2872 5400 hoc
2900 5345 3248 5415 provenient,
3277 5363 3295 5394 ι
3329 5344 3468 5414 quia
3492 5355 3549 5400 tu
3579 5356 3728 5414 posse-

2170 5439 2294 5494 disti
2321 5453 2479 5493 renes
2508 5452 2657 5493 meos
2676 5477 2691 5503 ,
2728 5455 2747 5488 ι
2778 5435 2834 5490 id
2867 5443 2981 5501 est,
3011 5435 3386 5490 fortitudinem
3413 5445 3472 5491 et
3500 5435 3730 5491 directio-

2168 5545 2291 5584 nem
2321 5543 2528 5593 meam,
2569 5527 2776 5583 scilicet
2818 5541 2905 5580 me
2941 5525 3116 5581 fecisti
3147 5524 3341 5580 fortem
3375 5537 3432 5581 et
3455 5528 3727 5581 immunem

2170 5635 2198 5672 a
2246 5628 2498 5688 peccato;
2551 5629 2607 5674 et
2657 5621 2955 5686 directum,
3004 5635 3110 5674 non
3138 5634 3366 5690 pronum
3415 5621 3486 5674 ad
3523 5620 3724 5675 illicita:

2169 5728 2275 5767 non
2310 5721 2517 5766 tantum
2544 5714 2665 5768 dico
2692 5733 2711 5764 ι
2747 5713 3067 5783 possedisti,
3104 5731 3123 5763 ι
3157 5711 3251 5767 sed
3277 5712 3446 5767 etiam
3509 5732 3527 5764 ι
3567 5723 3727 5767 susce-

2166 5807 2291 5875 pisti
2315 5821 2400 5860 me
2422 5807 2486 5860 de
2511 5813 2663 5862 utero
2683 5805 2870 5861 matris
2893 5820 3045 5871 mea},
3085 5824 3103 5857 ι
3130 5805 3247 5861 sine
3267 5805 3547 5874 voluptate
3564 5804 3726 5862 carnis
