3898 6484
1180 377 1218 409 θ’
1269 361 1271 365 ,

193 437 298 498 665

1339 428 1788 490 EXPLANATIO
1828 428 1896 484 ΙΝ
1938 431 2270 490 ΡεΑιΜοε.

3335 439 3438 497 666

190 566 280 609 me
305 546 514 618 concipi
549 545 761 602 voluisti
783 586 798 612 ,
826 554 880 602 et
907 553 1092 616 postea
1123 545 1241 600 sine
1273 552 1497 616 peccato
1541 557 1760 598 conscr-
1785 543 1839 604 Α
1861 545 2155 612 praevidisti
2190 564 2203 600 :
2233 555 2286 600 et
2329 545 2468 602 sicut
2502 547 2822 617 praevidisti,
2868 548 2946 603 sic
2983 549 3259 621 implebis,
3312 552 3438 621 quia

189 641 350 697 vasti.

267 751 285 784 ι
320 729 629 787 Conﬁtebor
685 728 798 783 libi.
837 748 855 778 ›
909 728 1041 783 Pars
1089 728 1268 784 tertia.
1321 729 1387 782 Et
1431 729 1555 798 quia
1606 742 1762 782 renes

188 837 340 879 meos
374 821 449 876 ita
493 812 807 891 possedisti,
851 833 949 889 per
1000 835 1087 875 me
1136 820 1387 876 tenebras
1419 818 1758 884 illuminasti,

187 922 244 969 et
284 919 476 968 caetera
521 908 730 975 fecisti,
763 909 884 964 ideo
914 928 932 960 ι
971 908 1269 964 conﬁtebor
1316 909 1440 975 tibi,
1485 928 1503 958 ι
1539 908 1592 962 id
1643 916 1760 974 est,

187 1003 418 1060 laudabo
465 1011 562 1058 te:
598 1009 654 1056 et
702 1002 928 1068 merito,
962 1022 980 1053 ι
1028 1003 1152 1071 quia
1191 999 1565 1072 magniﬁcatus
1609 1015 1701 1065 es,
1736 1019 1755 1052 ι

189 1095 244 1150 id
291 1102 408 1160 est,
454 1107 682 1164 magnus
730 1107 993 1163 appares,
1052 1100 1106 1147 et
1154 1092 1257 1147 hoc
1307 1109 1325 1140 (
1364 1089 1696 1156 terribiliter,
1737 1109 1755 1140 ι

187 1194 447 1256 quantum
475 1185 542 1238 ad
567 1183 737 1239 malos
755 1223 770 1250 ,
795 1183 887 1253 qui
913 1184 968 1238 in
999 1185 1234 1237 futuram
1261 1182 1661 1236 damnationem
1689 1189 1763 1236 at-

191 1277 416 1332 tendunt
434 1274 536 1330 sibi
557 1275 612 1330 in
629 1275 830 1346 judicio
850 1293 863 1330 :
881 1275 1001 1330 ideo
1024 1273 1398 1345 magniﬁcatus
1413 1273 1538 1343 quia
1560 1293 1578 1323 ‹
1597 1288 1762 1344 opera

189 1377 283 1423 tua
320 1386 341 1420 ι
372 1369 438 1422 de
465 1366 804 1437 reparatione
835 1366 1056 1420 humani
1085 1366 1318 1436 generis,
1350 1372 1404 1418 et
1427 1371 1620 1419 caetera
1645 1379 1764 1433 qua;

186 1458 356 1524 facis,
384 1465 510 1512 sunt
540 1477 558 1508 ι
607 1457 908 1523 mirabilia,
947 1465 1002 1512 et
1032 1457 1212 1512 anima
1261 1473 1381 1513 mea
1421 1465 1709 1529 cognoscet
1735 1477 1756 1510 ι

187 1549 278 1602 illa
326 1563 489 1618 opera
523 1567 541 1599 ι
575 1548 770 1615 nimis,
811 1568 829 1600 ›
864 1548 920 1604 id
966 1557 1082 1615 est,
1135 1547 1308 1603 valde.
1359 1547 1458 1604 llic
1494 1549 1764 1604 invehitur

185 1647 373 1696 contra
402 1639 520 1694 illos
561 1639 654 1710 qui
683 1646 874 1709 putant
903 1637 1177 1693 Christum
1211 1638 1383 1693 solum
1429 1653 1623 1708 corpus
1665 1639 1765 1694 hu-

185 1747 407 1786 manum
427 1773 442 1797 ,
468 1746 568 1786 nec
599 1732 836 1786 animam
865 1731 1155 1786 humanam
1186 1731 1478 1802 accepisse.

255 1823 374 1879 Non
403 1831 612 1878 tantum
643 1832 768 1878 sunt
797 1831 924 1879 nota
958 1823 1088 1878 mihi
1117 1838 1280 1894 opera
1321 1833 1442 1892 tua,
1479 1825 1573 1880 sed
1599 1825 1760 1880 etiam

1864 649 2052 690 omnes
2097 635 2172 690 illi
2202 651 2336 706 quos
2380 638 2676 708 praevidisti
2719 639 2788 692 ad
2831 638 2975 693 illam
3022 639 3435 709 perfectionem,

1862 725 2168 780 scribentur
2196 725 2250 778 in
2277 725 2418 781 libro
2447 733 2573 792 tuo,
2599 728 2654 782 id
2684 738 2798 795 est,
2828 728 2882 783 in
2906 729 3168 786 memoria
3195 738 3286 785 tua
3311 747 3326 787 :
3354 732 3439 788 vel

1862 815 1918 870 in
1947 830 2036 870 me
2064 816 2180 886 ipso
2201 855 2216 882 ,
2241 817 2334 886 qui
2363 832 2484 871 sum
2527 817 2686 883 liber,
2726 819 2793 873 ad
2821 818 2973 888 cujus
3005 819 3436 876 conformitatem

1862 892 2184 961 scribuntur.
2211 905 2333 971 alii,
2380 915 2438 960 et
2481 923 2639 962 nemo
2668 908 2722 961 in
2752 909 2864 975 eis;
2903 924 3028 964 nam
3060 925 3218 966 nemo
3262 910 3393 966 dicit
3422 929 3434 964 :

1866 996 1978 1068 Ego
2005 1013 2123 1053 sum
2146 997 2432 1064 Paulinus,
2459 999 2544 1054 vel
2570 999 2819 1057 Petrinus
2839 1043 2853 1067 ,
2881 1003 2977 1058 sed
3006 1001 3364 1059 Christianus.

1943 1107 1962 1139 ‹
1989 1088 2118 1143 Mihi
2151 1097 2350 1144 autem.
2391 1109 2410 1142 ι
2445 1088 2577 1145 Pars
2607 1101 2816 1161 quarta.
2851 1093 2927 1148 llli
2967 1109 3102 1164 quos
3144 1095 3438 1165 praevidisti

1865 1179 2192 1245 scribentur,
2234 1179 2310 1234 illi
2350 1188 2528 1234 autem
2569 1181 2661 1250 qui
2705 1183 2817 1252 jam
2864 1192 2990 1238 sunt
3017 1203 3037 1236 ‹
3073 1185 3228 1240 amici
3276 1187 3376 1252 tui,
3415 1208 3432 1240 ›

1863 1284 1897 1324 o
1930 1288 1948 1321 ι
1986 1269 2150 1336 Deus,
2189 1290 2207 1323 ι
2241 1271 2386 1325 velut
2410 1271 2655 1341 apostoli,
2679 1271 2792 1340 jam
2825 1293 2844 1324 ε
2879 1284 3005 1329 ειιηι
3036 1277 3376 1333 honoriﬁcati
3415 1301 3432 1332 ›

1863 1371 1917 1418 ει
1944 1364 2048 1419 hoc
2075 1383 2094 1415 ‹
2127 1363 2289 1419 nimis
2318 1383 2336 1416 ι
2371 1363 2423 1418 id
2445 1371 2546 1428 est,
2572 1363 2726 1418 valde
2750 1382 2762 1417 :
2793 1374 2848 1420 et
2872 1367 2974 1422 hoc
2999 1385 3018 1418 ‹
3045 1369 3176 1424 mihi
3206 1389 3224 1421 ι
3253 1371 3305 1425 id
3333 1379 3437 1436 est,

1864 1455 1931 1510 ad
1963 1456 2224 1510 honorem
2247 1470 2451 1521 meum,
2475 1455 2600 1524 quia
2626 1471 2724 1526 per
2749 1471 2836 1510 me
2856 1466 2938 1512 est
2963 1458 3138 1514 honor
3157 1468 3211 1515 et
3241 1481 3259 1512 ‹
3292 1463 3441 1532 prin-

1864 1547 2074 1618 cipatus
2103 1562 2288 1602 eorum
2323 1566 2341 1598 ›
2377 1547 2431 1602 id
2473 1555 2574 1612 est,
2605 1556 2866 1617 potestas,
2894 1563 3056 1617 quam
3097 1565 3257 1620 super
3285 1567 3441 1622 reges

1863 1647 2023 1693 terra:
2058 1638 2282 1705 habent,
2317 1657 2335 1690 ε
2371 1647 2455 1693 εει
2480 1638 2640 1694 nimis
2677 1659 2696 1691 ι
2732 1640 2786 1695 id
2812 1648 2914 1705 est,
2949 1640 3126 1706 valde,
3169 1660 3187 1693 ι
3223 1641 3438 1698 confor-

1864 1738 2032 1797 tatus,
2068 1751 2086 1784 ι
2118 1732 2244 1801 quia
2287 1731 2464 1786 adhuc
2485 1739 2708 1802 apparet
2735 1733 2790 1787 in
2828 1735 3229 1790 successoribus
3273 1735 3436 1800 Petri,

1865 1831 1921 1878 et
1949 1823 2176 1877 aliorum
2202 1823 2591 1893 apostolorum.

183 1913 566 1981 inferioribus;
595 1923 649 1969 et
679 1915 779 1969 hoc
806 1922 890 1969 est
925 1931 938 1967 :
979 1932 997 1964 ι
1029 1929 1091 1969 os
1119 1928 1331 1981 meum,
1368 1935 1388 1967 ι
1423 1916 1478 1970 id
1509 1924 1625 1982 est,
1653 1917 1757 1973 Ec-
1786 1920 1834 1980 B
1934 1915 2064 1970 Dico
2095 1935 2112 1966 ‹
2160 1916 2497 1986 principatus
2543 1923 2628 1970 est
2654 1916 2988 1972 confortatus
3010 1959 3024 1983 ,
3064 1939 3082 1970 ι
3129 1927 3184 1972 ει
3217 1919 3292 1973 illi
3334 1935 3441 1975 non

192 2006 359 2061 clesia
383 2045 398 2072 ,
447 2025 465 2057 ‹
505 2004 647 2075 quod
681 2025 700 2058 ι
735 2020 831 2072 οε,
863 2014 920 2060 ιιι
954 2025 973 2057 ι
1006 2005 1180 2061 fecisti
1217 2025 1235 2057 ι
1284 2008 1604 2077 quandoque
1656 2028 1674 2059 ί
1704 2009 1759 2062 in

179 2099 427 2166 occulto,
474 2118 492 2151 ›
542 2100 596 2155 id
645 2106 765 2164 est,
811 2106 1056 2169 tempore
1083 2101 1500 2170 prophetarum,
1531 2099 1622 2169 qui
1663 2115 1762 2168 per

177 2189 322 2245 solas
357 2189 558 2262 ﬁguras
590 2205 788 2261 corpus
823 2189 1026 2246 Christi
1075 2206 1192 2247 esse
1233 2190 1550 2260 judicabant
1579 2191 1764 2247 Eccle-

176 2283 359 2336 siam:
388 2297 450 2338 os
495 2281 624 2337 illud
665 2296 844 2337 meum
882 2303 899 2328 σ
937 2299 1046 2338 non
1076 2292 1160 2339 est
1189 2283 1519 2338 occultatum
1553 2298 1584 2337 a
1618 2290 1696 2347 te,
1735 2301 1754 2332 ι

173 2375 304 2444 quia
351 2391 456 2430 non
502 2375 818 2442 occultasti,
861 2377 970 2430 imo
1004 2375 1333 2432 manifestati
1377 2376 1519 2446 quod
1546 2385 1665 2430 erat
1693 2375 1760 2430 de

175 2465 392 2520 ossibus
420 2465 573 2520 meis.
601 2465 697 2520 Vel
725 2485 742 2516 ι
781 2466 837 2520 in
862 2465 1100 2532 occulto,
1136 2486 1154 2516 ι
1183 2467 1234 2520 id
1255 2474 1362 2533 est,
1392 2466 1444 2518 in
1466 2466 1755 2536 baptismo,

177 2561 233 2608 et
257 2554 525 2609 Dominici
554 2555 800 2625 corporis
823 2555 1250 2623 consecratione,
1270 2564 1324 2612 et
1346 2556 1401 2610 in
1431 2555 1550 2610 aliis
1576 2571 1758 2610 sacra-

174 2645 376 2700 mentis
402 2645 653 2700 Ecclesiae
691 2665 705 2700 :
749 2666 766 2698 ι
805 2654 860 2702 ει
884 2647 1182 2702 substantia
1213 2661 1334 2702 mea
1373 2666 1390 2696 ι
1421 2661 1527 2701 non
1553 2657 1636 2702 εει
1666 2661 1758 2702 oc-

174 2737 379 2793 cultata
409 2739 483 2793 ita
519 2757 538 2790 ι
574 2739 630 2793 ἱη
659 2737 1006 2796 inferioribus
1034 2747 1193 2794 terra:
1213 2779 1228 2805 ,
1264 2760 1281 2792 ι
1317 2739 1371 2794 id
1398 2747 1513 2804 εει,
1548 2739 1603 2793 in
1628 2754 1759 2811 gen-

177 2830 324 2885 tibus
350 2845 470 2900 quae
502 2839 626 2886 sunt
669 2829 954 2888 inferiores
979 2829 1178 2886 Iudaeis
1200 2873 1213 2898 ,
1242 2832 1369 2902 quia
1412 2832 1528 2886 sine
1560 2832 1678 2902 lege
1703 2841 1758 2887 et

173 2923 295 2977 sine
321 2921 465 2977 cultu
485 2922 582 2976 Dei
610 2923 758 2992 prius
772 2931 947 2977 erant.
976 2921 1319 2994 Cagnoscunt
1339 2923 1483 2977 enim
1505 2924 1758 2978 substan-

173 3017 309 3071 tiam
334 3015 534 3070 Christi
565 3023 778 3087 gentes,
810 3023 865 3070 et
890 3028 1011 3072 eum
1035 3030 1220 3070 verum
1246 3017 1416 3071 Deum
1442 3029 1560 3070 esse
1588 3024 1640 3070 et
1665 3031 1758 3070 ve-

173 3124 298 3162 rum
345 3109 619 3165 hominem
667 3109 912 3166 credunt.
964 3109 1117 3177 Quod
1162 3109 1401 3165 Ecclesia
1439 3124 1502 3165 os
1542 3109 1756 3164 dicatur

173 3202 378 3257 Christi
416 3201 581 3257 habet
601 3201 827 3273 ﬁguram
852 3204 905 3257 in
931 3203 1204 3258 creatione
1221 3201 1461 3256 mulieris
1481 3215 1548 3255 ex
1575 3202 1752 3271 primo

1863 2007 2022 2078 pauci
2069 2015 2225 2072 sunt,
2289 2007 2382 2061 sed
2433 2021 2533 2078 ego
2571 2025 2589 2057 ι
2641 2008 2994 2064 dinumerabo
3034 2023 3163 2074 eos,
3212 2020 3267 2064 et
3313 2030 3331 2060 ι
3366 2011 3440 2064 illi

1871 2118 1888 2148 ι
1932 2097 2431 2167 multiplicabuntur
2463 2117 2482 2149 ι
2512 2113 2738 2152 numero
2783 2107 2838 2152 et
2884 2099 3174 2154 virtutibus
3218 2118 3235 2149 ι
3283 2115 3444 2169 super

1863 2203 2106 2253 arenam,
2142 2208 2160 2240 ι
2195 2188 2403 2242 scilicet
2444 2197 2503 2241 ut
2545 2189 2715 2243 multo
2746 2189 3015 2260 digniores
3050 2189 3157 2244 sint
3183 2205 3342 2260 quam
3373 2191 3444 2244 sit

1863 2295 2048 2343 arena,
2075 2279 2127 2333 id
2157 2288 2257 2344 εει,
2286 2279 2607 2334 infructuosi
2634 2264 2882 2335 homines
2915 2301 2926 2334 :
2961 2290 3016 2336 et
3041 2284 3155 2337 haec
3186 2283 3442 2351 multipli-

1863 2373 2004 2428 catio
2037 2388 2104 2427 ex
2152 2373 2255 2428 hoc
2299 2372 2598 2442 proveniet,
2629 2373 2758 2442 quia
2796 2389 2893 2444 ego
2924 2393 2943 2423 «ι
2987 2375 3300 2438 exsurrexi,
3331 2384 3386 2429 et
3419 2395 3436 2424 ι

1862 2475 2044 2522 tamen
2073 2485 2093 2518 ‹
2130 2467 2306 2521 adhuc
2349 2481 2468 2520 sum
2515 2474 2716 2532 tecum,
2764 2486 2782 2519 ›
2816 2467 3061 2522 occultus
3111 2467 3250 2522 sicut
3297 2467 3444 2536 prius

1862 2557 1960 2623 fui,
1989 2557 2114 2626 quia
2144 2556 2382 2610 nondum
2411 2565 2494 2611 est
2528 2555 2813 2612 manifesta
2851 2557 3102 2612 omnibus
3138 2572 3257 2611 mea
3286 2566 3439 2627 pote-

1863 2657 1997 2713 stas,
2042 2662 2162 2717 quae
2191 2647 2404 2701 tandem
2433 2647 2486 2700 in
2511 2645 2716 2716 judic‘io
2756 2649 3007 2703 omnibus
3049 2648 3262 2720 cognita
3315 2648 3441 2703 crit.

1861 2737 1994 2792 Nota
2022 2737 2438 2807 promissionem
2464 2736 2666 2791 factam
2690 2738 2950 2805 Abrahae,
2981 2741 3148 2804 hanc,
3183 2739 3387 2794 scilicet
3423 2756 3438 2795 :

1859 2826 2224 2897 Multiplicabo
2271 2842 2455 2883 semen
2505 2835 2655 2881 tuum
2701 2843 2863 2897 super
2912 2827 3096 2883 stellas
3139 2827 3300 2904 coeli,
3329 2835 3436 2882 etc.

1860 2916 2012 2990 (Gen.
2044 2933 2159 2972 χχιι
2187 2928 2234 2972 et
2261 2917 2430 2989 xm).
2457 2917 2561 2973 Per
2606 2918 2790 2974 stellas
2827 2918 3214 2974 fructiﬁcantes
3241 2918 3437 2974 intelli-

1857 3011 2033 3081 gimus
2063 3010 2154 3079 qui
2187 3010 2315 3064 licet
2346 3025 2573 3065 numero
2599 3012 2881 3081 pauciores
2906 3011 3032 3077 sint,
3053 3012 3234 3082 plures
3257 3021 3437 3066 tamen

1857 3109 1984 3156 sunt
2026 3103 2080 3156 in
2108 3101 2308 3156 virtute
2354 3109 2407 3156 et
2449 3101 2725 3158 beneﬁciis
2752 3103 2847 3158 Dci
2881 3119 3016 3173 :per
3048 3118 3268 3158 arenam
3311 3119 3438 3158 vero

1858 3192 2073 3249 steriles
2102 3193 2412 3262 accipimus.

173 3293 394 3348 homine
436 3291 586 3364 (Gen.
627 3293 708 3365 ιι).
750 3294 903 3349 Sicut
943 3294 1090 3347 enim
1135 3307 1196 3347 os
1241 3302 1325 3346 est
1373 3301 1644 3361 sumptum
1687 3293 1753 3347 de
1780 3278 1825 3340 Ο
1934 3285 2110 3339 AmiCi
2141 3283 2218 3338 ιιιὶ
2254 3291 2379 3338 sunt
2409 3283 2778 3350 honoriﬁcali,
2808 3293 2940 3350 8th
2986 3285 3114 3351 sed,
3147 3301 3180 3339 ο
3213 3307 3230 3337 ι
3264 3285 3435 3351 Deus,

171 3383 294 3437 viro
320 3383 388 3437 ad
414 3382 704 3437 creandam
728 3382 1011 3436 mulierem
1029 3421 1044 3445 ,
1073 3388 1128 3434 et
1150 3381 1301 3435 locus
1319 3381 1458 3434 ossis
1485 3395 1650 3435 carne
1676 3395 1760 3434 re-

175 3472 352 3541 pletus
381 3479 495 3534 est,
528 3471 606 3524 sic
647 3469 899 3526 Christus
939 3469 1196 3524 Ecclesia
1239 3485 1349 3524 sum
1390 3485 1452 3524 os
1482 3484 1673 3534 suum,
1705 3469 1760 3524 id

175 3571 262 3616 cst
281 3603 296 3624 ,
325 3561 489 3615 robur
516 3569 571 3615 et
591 3561 929 3615 divinitatem
959 3577 1111 3616 suam
1133 3562 1391 3628 contulit,
1418 3563 1544 3631 quia
1572 3576 1759 3618 omnes

180 3650 366 3705 fideles
407 3665 532 3705 suos
561 3651 734 3706 sancti
771 3650 1003 3721 Spiritus
1039 3653 1330 3724 participes
1363 3653 1569 3719 effecit,
1600 3653 1761 3725 parti-

179 3756 308 3810 ceps
333 3739 554 3797 effectus
575 3756 686 3797 suae
711 3741 852 3798 illius
879 3745 1246 3800 humanitatis.
1274 3745 1426 3800 Unde
1445 3744 1757 3814 Apostolus,

178 3845 305 3884 cum
351 3830 418 3886 de
459 3831 572 3886 viro
619 3843 674 3886 et
712 3833 937 3888 muliere
978 3834 1305 3905 disputaret,
1347 3835 1468 3889 ait:
1506 3855 1523 3886 ί
1563 3834 1758 3892 Sacra-

177 3929 422 3975 mentum
467 3921 685 3991 quidem
734 3938 991 3994 magnum
1039 3935 1166 3980 est:
1197 3940 1297 3995 ego
1345 3933 1522 3980 autem
1549 3925 1670 3982 dico
1703 3926 1759 3980 in

177 4008 395 4066 Christo
420 4019 475 4067 et
500 4011 740 4070 Ecclesia
765 4012 981 4086 (Ephes.
1013 4014 1089 4085 v).
1125 4034 1145 4067 ι

254 4101 569 4159 Substantia
593 4120 711 4160 mea
740 4119 848 4161 non
874 4115 959 4160 est
1000 4107 1271 4162 occultata
1297 4108 1349 4161 in
1379 4107 1756 4175 inferioribus,

179 4196 276 4250 sed
315 4216 332 4247 ‹
373 4195 744 4268 imperfectum
791 4214 1002 4265 meum,
1041 4220 1061 4252 ι
1110 4199 1164 4256 id
1192 4209 1302 4267 est,
1349 4201 1758 4271 completionem

181 4286 427 4356 corporis
454 4288 595 4354 mei,
625 4303 744 4358 quae
772 4289 951 4343 futura
978 4298 1063 4345 est
1092 4284 1148 4345 in
1175 4290 1278 4345 alia
1307 4291 1446 4356 vita,
1481 4305 1598 4361 quae
1626 4304 1761 4344 non-

181 4378 310 4432 dum
342 4387 426 4432 est
449 4378 718 4448 perfecta,
751 4398 770 4431 ‹
807 4380 1059 4436 viderunt
1083 4381 1223 4437 oculi
1252 4383 1358 4448 tui,
1394 4402 1412 4435 ι
1451 4382 1506 4438 id
1532 4390 1649 4449 est,
1680 4397 1761 4437 so-

181 4467 267 4523 lus
293 4470 589 4540 cognovisti
623 4491 641 4522 ‹
677 4480 735 4527 ει
757 4486 945 4527 omnes
980 4493 998 4525 ι
1045 4472 1121 4528 illi
1157 4473 1250 4544 qui
1293 4474 1349 4528 in
1382 4481 1587 4528 aeterna
1614 4473 1723 4528 vita
1744 4515 1758 4540 ,

182 4559 310 4615 licet
358 4561 516 4616 modo
559 4561 765 4628 desint,
816 4563 1160 4633 complebunt
1210 4579 1407 4634 corpus
1447 4572 1628 4631 tuum,
1676 4564 1759 4620 vel

181 4666 394 4718 meum,
423 4652 658 4718 scilicet,
692 4671 711 4704 ι
749 4653 802 4707 in
843 4653 983 4708 libro
1010 4662 1101 4709 tuo
1130 4655 1454 4718 scribentur,
1498 4675 1516 4705 ›
1553 4657 1605 4710 id
1643 4664 1755 4723 est,

183 4739 236 4793 iu
278 4749 478 4795 aaterna
506 4741 768 4796 memoria
806 4750 901 4796 tua
946 4741 1303 4797 indelebiliter
1328 4745 1754 4812 permanebunt,

181 4844 238 4891 et
266 4838 499 4908 aequales
540 4848 721 4905 erunt,
750 4857 769 4888 ‹
798 4838 1178 4894 formabuntur
1208 4839 1324 4894 dies
1347 4859 1365 4892 ›
1401 4839 1659 4904 lucentes,
1703 4841 1757 4896 id

183 4929 662 4999 est,cognitionem
679 4931 914 4985 divinam
939 4931 1217 4986 habentes.
1235 4931 1428 4997 Vel,ut
1449 4930 1552 4985 alia
1581 4941 1757 4987 trans-

185 5020 316 5075 latio
347 5021 542 5087 habet,
585 5043 602 5072 ι
641 5021 1018 5077 formabuntur
1042 5022 1146 5088 dii,
1183 5042 1202 5074 ι
1238 5022 1324 5078 vel
1352 5023 1470 5089 dei,
1494 5021 1698 5078 scilicet
1725 5038 1756 5077 a

183 5111 502 5179 divinitate,
523 5127 643 5181 qua:
668 5111 924 5168 formabit
951 5127 1047 5167 eos
1072 5112 1139 5167 de
1171 5111 1406 5167 tenebris
1447 5113 1502 5166 in
1548 5111 1754 5178 lucem;

185 5201 269 5254 vel
314 5200 709 5270 formabuntur,
759 5222 776 5254 ι
811 5213 868 5258 ει
903 5219 1063 5259 nemo
1095 5224 1112 5255 ›
1146 5202 1468 5259 formabitur
1498 5225 1515 5255 ί
1548 5205 1603 5260 in
1632 5205 1712 5261 eis
1737 5225 1757 5259 ι

187 5294 316 5364 quia
350 5295 478 5349 nulli
507 5304 760 5366 poterunt
781 5295 1340 5365 conferrejustitiam;
1369 5298 1509 5352 unde
1535 5297 1764 5368 Aposto-

187 5385 271 5440 lus
306 5404 318 5439 :
348 5387 451 5454 Qui
477 5388 619 5443 enim
654 5389 862 5458 plantat
905 5398 998 5443 aut
1039 5389 1130 5460 qui
1175 5390 1316 5459 rigat
1342 5389 1477 5444 nihil
1521 5398 1627 5456 est,
1671 5392 1767 5447 sed

191 5477 332 5532 Deus
358 5479 447 5548 qui
478 5479 868 5533 incrementum
897 5479 987 5534 dat
1012 5479 1064 5550 (1
1092 5479 1214 5534 Cor.
1247 5480 1325 5537 ν).
1352 5479 1446 5535 Vel
1474 5495 1764 5556 possumus

192 5569 438 5639 accipere
486 5571 892 5642 imperfectum,
938 5571 1080 5640 quod
1130 5571 1304 5625 adhuc
1351 5571 1500 5627 deest
1551 5572 1764 5642 corpori

193 5660 420 5726 Christi,
454 5662 557 5717 nisi
587 5663 678 5733 qui
708 5664 773 5718 de
799 5663 1042 5718 Ecclesia
1069 5662 1249 5718 fuerit.
1277 5663 1374 5718 Vel
1412 5665 1457 5719 si
1505 5665 1717 5719 dicatur
1750 5685 1762 5719 :

197 5755 570 5825 imperfectum
599 5772 776 5812 meum
796 5798 811 5823 ,
849 5757 902 5812 id
929 5764 1013 5812 est
1037 5756 1155 5811 illos
1180 5755 1271 5826 qui
1300 5756 1354 5812 in
1386 5757 1488 5812 hac
1514 5758 1622 5812 vita
1654 5773 1772 5812 cor-

197 5867 298 5922 pus
340 5866 516 5907 meum
558 5851 861 5922 perficient,
892 5872 909 5903 ε
940 5851 1189 5906 viderunt
1209 5849 1350 5907 oculi
1377 5852 1484 5916 tui,
1518 5871 1535 5901 ι
1565 5850 1616 5905 id
1647 5859 1729 5906 cst
1756 5890 1772 5915 ,

1859 3379 1905 3434 si
1931 3375 2218 3441 occideris,
2255 3395 2274 3427 ι
2302 3375 2474 3442 idest,
2501 3376 2842 3431 damnaveris
2869 3395 2886 3425 ‹
2935 3386 3270 3446 peccatores,
3309 3398 3326 3428 ι
3363 3379 3438 3432 ita

1859 3470 2045 3525 dicens
2071 3469 2151 3524 eis
2186 3485 2199 3521 :
2237 3484 2255 3518 ι
2291 3466 2408 3521 Viri
2439 3467 2782 3536 sanguinum,
2809 3465 3073 3522 declinate
3103 3483 3132 3520 a
3154 3483 3260 3533 me,
3297 3487 3314 3520 ι
3344 3481 3439 3537 per

1858 3560 2378 3627 dissimilitudinem,
2402 3561 2469 3616 ad
2498 3577 2656 3631 quem
2683 3561 2910 3631 potestis
2930 3577 3027 3632 per
3048 3562 3217 3617 solam
3245 3563 3436 3618 simili-

1863 3652 2102 3707 tudinem
2142 3652 2419 3707 accedere.
2450 3650 2545 3704 Vel
2591 3653 2661 3706 ita
2699 3649 2880 3706 :Vere
2915 3669 3034 3706 sum
3074 3662 3286 3723 tecum,
3314 3655 3440 3724 quia

1859 3750 1914 3797 et
1963 3741 2083 3797 illos
2129 3741 2346 3796 viviﬁco
2377 3757 2510 3811 quos
2561 3750 2616 3794 tu
2658 3740 2936 3809 viviﬁcas,
2982 3751 3038 3797 et
3083 3743 3202 3798 illos
3250 3745 3438 3799 occido

1859 3848 1996 3902 quos
2029 3841 2084 3886 tu
2113 3831 2347 3898 occidis;
2381 3841 2435 3886 et
2460 3834 2563 3888 hoc
2589 3841 2692 3897 est,
2731 3851 2749 3884 ι
2788 3833 2833 3886 si
2865 3832 3134 3888 occideris
3163 3848 3177 3886 :
3216 3853 3235 3886 ι
3262 3843 3318 3888 ει
3343 3850 3442 3904 per

1860 3925 1964 3979 hoc
1991 3931 2145 3978 notat
2179 3938 2302 3977 eum
2323 3923 2582 3994 aequalem
2611 3923 2781 3978 Patri.

1929 4014 2056 4069 Ideo
2104 4013 2405 4080 discedite,
2443 4033 2461 4065 ‹
2511 4014 2637 4082 quia
2687 4013 2866 4069 dicitis
2914 4015 2969 4068 in
3021 4015 3374 4085 c0gitatione,
3415 4035 3434 4068 ι

1860 4107 1964 4162 hoc
2015 4105 2225 4161 scilicet
2263 4122 2276 4159 :
2318 4125 2336 4156 ‹
2373 4105 2655 4175 Accipiam
2701 4124 2723 4158 ι
2758 4103 3048 4161 Christiani
3082 4107 3189 4172 illi,
3241 4108 3292 4160 id
3327 4117 3437 4171 est,

1862 4205 2175 4253 removeant
2203 4213 2233 4251 a
2267 4196 2422 4251 nobis
2455 4213 2475 4248 ι
2505 4195 2753 4252 civitates
2775 4212 2920 4264 suas,
2956 4219 2973 4249 ι
3004 4198 3056 4252 id
3085 4207 3187 4263 est,
3209 4214 3444 4254 conven-

1863 4291 2036 4346 tiones
2066 4304 2213 4354 suas,
2243 4288 2550 4343 habitantes
2580 4307 2598 4339 ‹
2633 4289 2688 4342 in
2714 4289 2986 4354 vanitate,
3030 4309 3046 4339 ι
3097 4289 3148 4344 id
3182 4300 3292 4355 est,
3326 4291 3441 4346 ina-

1863 4381 2024 4446 niter,
2049 4379 2176 4448 quia
2205 4378 2373 4433 nubes
2394 4386 2448 4432 et
2471 4377 2652 4431 inania
2685 4376 2888 4432 colunt.

1934 4471 1992 4526 Si
2037 4481 2095 4524 tu
2133 4471 2207 4524 ita
2251 4468 2545 4534 occideris,
2577 4476 2631 4524 et
2657 4483 2757 4537 ego
2784 4469 3058 4537 occidam;
3092 4478 3146 4526 et
3176 4471 3279 4527 hoc
3313 4481 3394 4528 est
3425 4490 3438 4526 :

1870 4581 1889 4615 ι
1922 4561 2110 4616 Nonne
2135 4561 2226 4630 qui
2251 4560 2480 4614 oderunt
2512 4567 2597 4625 te,
2632 4559 2878 4628 Domine,
2913 4561 3168 4616 oderam?
3201 4581 3220 4614 ι
3255 4563 3307 4616 id
3336 4573 3439 4629 est,

1785 4637 1838 4697 D
1865 4655 2095 4728 gratiam
2129 4653 2510 4708 subtrahebam
2540 4670 2554 4709 :
2580 4653 2801 4708 oderam
2844 4654 3050 4723 utique,
3087 4671 3106 4704 ‹
3136 4661 3190 4708 ει
3222 4673 3241 4705 ι
3277 4653 3439 4708 etiam

1873 4766 1890 4798 ‹
1933 4760 2093 4816 super
2117 4743 2364 4798 inimicos
2400 4751 2519 4797 tuos
2558 4743 2918 4808 tabescebam,
2955 4763 2972 4797 ι
3008 4744 3060 4799 id
3092 4752 3194 4809 est,
3228 4744 3444 4800 deﬁcie-

1865 4840 1988 4894 bam
2016 4837 2202 4893 dolore
2226 4851 2324 4907 pro
2366 4835 2622 4900 inimicis,
2661 4836 2803 4906 quod
2831 4845 2952 4893 tuos
2990 4845 3046 4893 et
3066 4845 3215 4893 tuum
3245 4852 3440 4893 nomen

1866 4930 2269 5002 impugnabant.

1942 5041 1960 5074 ε
1991 5020 2239 5076 Perfecto
2267 5018 2390 5074 odio
2419 5017 2636 5072 oderam
2661 5017 2800 5074 illos.
2839 5039 2857 5071 ι
2887 5017 3132 5075 Perfecte
3166 5017 3301 5083 odit,
3344 5017 3438 5086 qui

1866 5116 2008 5186 quod
2037 5113 2236 5167 malum
2267 5119 2351 5165 est
2389 5111 2532 5177 odit,
2576 5121 2631 5166 et
2672 5114 2815 5182 quod
2840 5120 3012 5167 estex
3053 5109 3195 5176 Deo,
3236 5108 3441 5166 scilicet

1865 5213 2189 5268 creaturam,
2217 5203 2426 5276 diligit:
2456 5211 2509 5257 et
2539 5203 2664 5272 quia
2690 5203 2768 5258 sic
2790 5202 3028 5266 oderam,
3061 5202 3200 5256 sicut
3234 5200 3436 5256 inimici

1866 5299 1962 5364 tui,
1997 5297 2072 5352 ita
2099 5295 2261 5350 etiam
2298 5314 2314 5344 ι
2358 5294 2560 5347 inimici
2588 5293 2716 5348 facti
2745 5300 2868 5346 sunt
2896 5291 3025 5346 mihi
3062 5311 3080 5343 ι
3114 5307 3198 5347 me
3234 5290 3440 5346 haben.

1867 5401 1947 5445 tes
1968 5389 2110 5444 odio.
2145 5386 2242 5442 Vel
2265 5385 2312 5442 si
2338 5386 2410 5440 sit
2440 5386 2495 5439 in
2525 5385 2739 5449 littera,
2767 5402 2784 5435 ι
2825 5382 3091 5453 accipiant
3117 5383 3171 5436 in
3203 5381 3444 5438 vanitate

1870 5483 2130 5546 civitates,
2174 5499 2190 5531 ι
2227 5480 2305 5534 sic
2347 5478 2590 5534 dicamus
2618 5492 2632 5528 :
2662 5473 2720 5530 Si
2753 5473 3033 5541 occideris,
3064 5474 3223 5540 Deus,
3253 5487 3444 5543 pecca-

1872 5584 2017 5631 tores
2045 5573 2100 5626 in
2125 5570 2382 5641 peccatis,
2411 5576 2465 5622 et
2495 5574 2779 5622 convertes
2822 5563 2889 5636 ad
2931 5564 3219 5635 justitiam,
3249 5564 3320 5617 ita
3357 5563 3444 5618 di-

1871 5679 1996 5721 cens
2016 5661 2297 5718 obstinatis
2328 5661 2382 5714 in
2411 5658 2565 5714 malis
2589 5673 2602 5711 :
2633 5677 2651 5708 (
2677 5656 2789 5712 Viri
2816 5656 3153 5726 sanguinum,
3176 5653 3443 5711 declinate

1873 5772 1900 5810 a
1950 5769 2034 5809 me
2055 5795 2068 5820 ,
2109 5774 2126 5806 ι
2157 5754 2288 5823 quia
2315 5750 2492 5806 dicitis
2519 5749 2572 5804 in
2601 5747 2956 5821 cogitatione,
2981 5747 3034 5801 id
3059 5755 3169 5813 est,
3201 5761 3445 5801 murmu~

1876 5847 2009 5904 ratis
2036 5854 2222 5900 contra
2254 5855 2338 5897 me
2365 5860 2378 5895 :
2409 5842 2452 5897 si
2489 5841 2567 5898 sic
2591 5839 2872 5905 occideris,
2905 5838 2980 5894 illi
3011 5838 3173 5894 occisi
3205 5837 3282 5893 sic
3305 5837 3443 5891 acci-
