3898 6468
405 455 511 511 667
560 482 565 487 -
868 452 1223 512 HAYMONIS
1261 452 1741 510 HALBERSTAT.
1780 453 1994 512 EPlSC.
2034 452 2185 511 OPP.
2222 450 2404 509 PARS
2437 451 2480 507 ι.
2517 482 2585 492 -
2618 450 2974 508 COMMENT.
3009 449 3179 506 BIBL.
3592 450 3707 506 668

397 567 549 638 piant
575 565 822 621 Civitates
864 581 1018 633 suas,
1063 565 1117 620 id
1166 572 1280 632 εει,
1322 565 1533 636 priores
1564 573 1743 621 sectas
1770 581 1895 622 suas
1926 567 1982 621 in
2008 572 2062 632 Α
2086 564 2321 630 assidue,
2352 564 2476 633 quia
2512 578 2783 632 nunquam
2813 571 2897 618 est
2936 560 3178 617 Ecclesia
3221 558 3342 615 sine
3385 561 3705 630 impugna-

397 659 651 724 vanitate,
676 661 801 732 quia
823 676 959 716 vana
981 660 1301 732 reputabunt
1327 676 1445 731 quae
1467 661 1619 732 prius
1639 660 1970 716 dilexerunt:
2076 657 2223 712 tione
2248 656 2444 711 diaboli
2466 666 2518 710 et
2548 655 2917 711 ministrorum
2942 654 3077 723 ejus.

399 762 456 809 tu
506 754 641 810 dicis
688 752 1002 819 obstinatis,
1058 773 1077 805 ι
1133 753 1442 820 Declinate,
1484 773 1502 806 ι
1557 762 1614 811 ει
1661 770 1837 813 nonne
1878 771 1978 830 ego
2119 738 2392 802 'Ostendit
2413 746 2751 816 quaep'raelia,
2768 745 2896 815 quia
2918 745 3158 802 haeretici
3178 744 3368 814 pran’s
3386 746 3702 799 sententiis

398 846 616 902 eosdem
649 845 907 901 oderam?
931 854 1036 903 etc.
2078 838 2190 894 suis
2211 835 2506 892 Ecclesiam
2529 844 2959 907 persequuntur;
2985 834 3108 890 inde
3136 834 3266 889 dicit
3291 853 3305 888 :
3340 854 3362 886 ι
3394 833 3702 889 Acuerunt

471 935 758 993 Conclusio
783 944 867 992 est
885 951 951 991 ex
973 936 1278 1009 pradicas,
1302 937 1457 1008 quasi
1481 938 1557 993 ita
1581 938 1765 994 dicat:
1797 937 1978 1006 Quan-
2078 927 2288 999 linguas
2314 943 2441 983 suas
2469 928 2611 983 sicut
2634 935 2934 998 serpentes,
2968 946 2986 978 ι
3014 927 3246 992 scilicet,
3274 935 3487 981 acutas
3521 936 3583 979 et
3608 941 3698 979 ex-

398 1028 686 1101 doqut'dem
717 1028 791 1083 ila
820 1043 908 1085 me
927 1029 1191 1097 probasti.
1224 1039 1279 1085 et
1307 1031 1423 1085 haec
1462 1030 1605 1085 bona
1635 1030 1758 1085 inde
1789 1044 1980 1101 prove-
2081 1021 2307 1091 qnisitas
2335 1019 2632 1075 sententias
2659 1019 2759 1075 sibi
2782 1027 3245 1090 praeparaverunt,
3272 1018 3427 1071 unde
3456 1028 3696 1087 possent

397 1121 568 1185 nient,
599 1134 747 1192 ergo,
774 1135 808 1181 ο
834 1139 854 1173 ι
889 1120 1053 1186 Deus,
1076 1121 1245 1191 proba
1283 1136 1390 1187 me,
1430 1141 1449 1173 ›
1476 1122 1529 1177 id
1551 1118 1665 1189 est,
1695 1123 1979 1199 probatum

2104 1111 2190 1166 :ito
2218 1111 2537 1181 transﬁgere
2559 1111 2723 1167 corda
2743 1109 3071 1175 auditorum,
3099 1108 3241 1173 sicut
3266 1114 3580 1176 serpentes
3605 1121 3697 1176 per

394 1209 618 1266 ostende
634 1225 733 1282 per
759 1209 967 1282 aliquas
992 1211 1389 1280 tentationesu
1416 1214 1622 1269 etscito
1641 1229 1735 1270 cor
1752 1230 1933 1271 meum
1958 1240 1976 1266 ο
2082 1202 2318 1272 linguam
2366 1203 2515 1256 virus
2561 1202 2861 1267 mil-lentes,
2902 1201 3030 1272 quia
3075 1215 3353 1255 venenosa
3400 1210 3463 1255 et
3498 1202 3687 1258 nociva

396 1302 452 1357 id
499 1309 616 1368 est,
658 1301 743 1357 fac
789 1304 1040 1379 cognosci
1082 1303 1415 1359 voluntatem
1460 1321 1669 1373 meam;
1715 1313 1771 1362 et
1815 1308 1982 1363 etiam

401 1412 420 1446 ι
452 1392 729 1466 interroga
764 1411 869 1461 me,
908 1418 928 1451 ι
960 1397 1167 1453 scilicet
1201 1412 1298 1468 per
1325 1400 1564 1456 maxima
1593 1412 1861 1458 tormenta
1893 1404 1982 1460 fac

394 1481 595 1553 inquiri
639 1484 975 1541 voluntatem
1008 1499 1204 1549 meam,
1243 1486 1451 1543 scilicet
1494 1505 1593 1560 per
1620 1490 1980 1558 qumstiones;

401 1590 421 1624 ι
458 1580 513 1625 ει
542 1588 811 1643 cognosce
847 1575 1068 1632 semitas
1092 1592 1259 1643 meas,
1292 1597 1311 1629 ι
1346 1579 1398 1633 id
1421 1587 1524 1645 est,
1548 1580 1635 1636 fac
1662 1582 1905 1652 cognitas
1930 1593 1987 1641 et

397 1664 724 1734 probabiles,
754 1667 1053 1724 strictiores
1081 1676 1135 1723 et
1161 1669 1401 1725 occultas
1429 1671 1546 1726 vias
1571 1686 1743 1729 meas.

474 1773 493 1805 ι
540 1754 605 1808 Ει
642 1773 661 1806 ι
693 1755 773 1810 sic
797 1775 818 1807 ι
852 1757 994 1823 vide,
1017 1757 1063 1812 si
1098 1756 1182 1811 via
1213 1758 1514 1829 iniquitatis
1549 1760 1603 1815 in
1626 1776 1714 1817 me
1741 1773 1844 1829 εει,
1884 1780 1903 1814 ι
1929 1762 1985 1818 id

399 1853 501 1912 est,
535 1845 580 1901 si
601 1846 657 1900 in
687 1863 772 1902 me
793 1858 1056 1918 apparent
1079 1848 1307 1921 vestigia
1336 1849 1535 1906 diaboli
1562 1868 1574 1904 :
1604 1850 1710 1907 hoc
1733 1852 1863 1906 dicit
1886 1866 1986 1923 per

2083 1304 2239 1350 erant
2283 1296 2447 1350 verba
2491 1309 2712 1362 eorum,
2759 1294 2898 1349 sicut
2944 1309 3157 1348 morsus
3207 1295 3499 1363 serpentis
3538 1310 3552 1345 :
3600 1309 3686 1348 nec

2083 1387 2279 1441 mirum
2311 1386 2357 1440 si
2391 1386 2552 1441 verba
2574 1395 2728 1440 erant
2758 1392 3045 1451 venenata,
3075 1384 3200 1455 quia
3230 1405 3247 1436 ι
3301 1385 3410 1438 sub
3444 1384 3634 1451 labiis,
3664 1405 3679 1436 ι

2085 1475 2138 1530 id
2185 1484 2288 1540 est,
2334 1476 2433 1530 sub
2482 1475 2677 1544 linguis
2709 1494 2725 1526 t
2760 1490 2981 1540 eorum,
3015 1494 3032 1527 ι
3068 1474 3279 1531 scilicet
3318 1475 3380 1527 in
3429 1476 3679 1529 cordibus

2085 1579 2273 1619 eorum
2306 1583 2317 1617 :
2354 1581 2473 1636 qua:
2499 1564 2751 1620 dicuntur
2778 1565 2877 1621 sub
2904 1566 3121 1635 linguis,
3155 1567 3286 1635 quia
3318 1582 3449 1635 qua:
3489 1567 3547 1619 in
3572 1581 3676 1619 wr—

2087 1656 2244 1712 dibus
2264 1656 2450 1723 latent,
2474 1672 2570 1726 per
2591 1657 2805 1729 linguas
2830 1657 3245 1712 manifestantur
3273 1672 3287 1710 :
3313 1669 3445 1710 erat
3469 1677 3487 1708 ι
3523 1672 3666 1711 γεοε-

2086 1763 2237 1813 num,
2273 1767 2291 1798 ι
2327 1747 2382 1802 id
2422 1755 2535 1813 est,
2580 1748 2760 1802 odium
2802 1755 2857 1802 et
2902 1748 3100 1802 invidia
3130 1757 3330 1803 contra
3367 1749 3649 1811 Eodesiam,

2095 1857 2113 1891 ι
2147 1838 2415 1909 aspidum,
2451 1858 2469 1891 ι
2503 1837 2557 1893 id
2603 1846 2707 1906 est,
2755 1839 3084 1905 incurabile,
3127 1840 3257 1910 quia
3307 1856 3425 1894 non
3474 1848 3655 1909 poterat

400 1935 604 2001 simile,
652 1936 778 2006 quia
808 1937 949 1992 sicut
988 1938 1213 2010 vestigia
1260 1939 1526 2012 serpentis
1567 1940 1625 1994 in
1658 1939 1836 2010 lapide
1883 1954 1991 1995 non
2019 1941 2066 2002 B
2093 1929 2333 1986 abSll'ahi
2355 1932 2423 1985 ab
2451 1931 2531 1986 eis
2558 1945 2655 2001 Per
2678 1931 3060 2001 Ρνίέάίοθιοτθδ
3080 1931 3196 1997 θεῖ,
3226 1932 3380 1987 Sicut
3402 1946 3505 1987 nec
3526 1945 3668 1985 “398-

397 2038 678 2099 apparent,
705 2029 799 2085 sed
828 2029 885 2083 in
912 2029 1157 2100 pulvere,
1188 2030 1262 2085 ita
1288 2032 1516 2101 vestigia
1549 2032 1750 2087 diaboli
1782 2033 1837 2087 in
1863 2032 1992 2089 torti

399 2119 539 2187 viro,
564 2119 770 2177 scilicet
798 2119 1037 2187 Christo,
1055 2136 1163 2177 non
1186 2129 1576 2191 apparuerunt,
1599 2134 1993 2193 quantumcun-

400 2227 552 2282 quea
573 2211 785 2268 diabolo
817 2220 1142 2280 tentaretur;
1167 2222 1280 2268 «ει»
1309 2228 1432 2267 cum
1454 2214 1653 2269 videris
1681 2214 1736 2269 in
1760 2229 1847 2269 me
1870 2213 1993 2269 nul-

400 2304 510 2360 lam
536 2319 661 2361 esse
681 2303 1043 2375 iniquitatem,
1065 2324 1083 2357 ‹
1119 2303 1291 2361 deduc
1314 2319 1400 2360 me
1431 2304 1484 2359 in
1511 2304 1650 2359 viam
1671 2312 1986 2371 aeternam,»

312 2388 315 2389 ⁷
402 2392 457 2449 id
482 2404 567 2451 est
583 2435 598 2462 ,
628 2395 683 2451 in
706 2395 1066 2451 aeternitatem
1084 2436 1099 2461 ,
1123 2411 1243 2466 quae
1261 2412 1359 2467 per
1390 2411 1477 2450 me
1505 2394 1647 2451 facta
1668 2404 1753 2455 est
1781 2396 1988 2469 pervia.

812 2527 881 2583 IN
916 2527 1252 2584 PSALMUM
1287 2528 1576 2583 CXXXIX.

668 2640 912 2698 Tt't'ULus
945 2658 958 2695 :
991 2640 1059 2696 In
1078 2642 1235 2710 ﬁnem
1269 2641 1503 2713 psalmus
1533 2641 1724 2697 David.

477 2774 496 2807 ‹
534 2754 697 2826 Eripe
737 2770 845 2811 me.
879 2740 1044 2811 {Vox
1086 2758 1396 2827 prophetat,
1435 2757 1520 2813 vel
1555 2754 1781 2826 alicujus
1815 2756 1949 2830 justi
1973 2798 1989 2827 ,

401 2864 511 2905 non
538 2858 744 2905 tantum
768 2849 822 2904 in
853 2851 1068 2923 propria
1100 2866 1331 2922 persona
1357 2867 1479 2917 sua,
1508 2851 1603 2908 sed
1632 2851 1909 2920 Ecclesiae,
1937 2863 1993 2909 et

400 2942 587 3015 dirigit
614 2958 713 2999 nos
739 2944 793 2997 in
823 2942 1003 2998 linem.
1025 2943 1250 3000 Materia
1276 2952 1359 3000 est
1384 2944 1499 3015 ipsa
1523 2943 1785 3011 Ecclesia,
1815 2945 1990 3015 posita

402 3033 547 3088 inter
593 3034 853 3104 pericula,
894 3043 951 3089 et
991 3035 1258 3090 exteriora
1289 3043 1345 3093 et
1390 3035 1668 3090 interiora.
1717 3036 1777 3090 ln
1816 3036 1991 3108 prima

404 3132 563 3196 parte
592 3132 849 3195 precatur
871 3124 1089 3178 liberari
1118 3140 1150 3178 a
1181 3124 1435 3194 periculis
1463 3125 1841 3194 exterioribus,
1872 3142 1991 3198 qua:

404 3213 617 3269 faciunt
638 3214 912 3269 daemones
942 3215 1228 3282 tentando,
1270 3215 1354 3270 vel
1401 3231 1499 3287 per
1528 3215 1805 3272 ministros
1848 3218 1987 3273 mala

2092 2038 2223 2077 num
2248 2024 2317 2078 ab
2344 2023 2528 2093 aspide
2548 2039 2645 2094 per
2674 2023 3061 2079 incantatores.

2162 2116 2294 2171 Dico
2338 2135 2356 2166 ι
2393 2117 2573 2186 eripe,
2609 2135 2628 2167 ι
2675 2122 2734 2169 ιιι
2765 2124 2978 2171 cessent
3007 2116 3189 2169 mala:
3230 2115 3470 2170 interim
3509 2124 3663 2171 aula

2092 2208 2219 2263 dum
2250 2207 2559 2261 imittuntur
2586 2206 2749 2273 mala,
2778 2225 2797 2257 ι
2845 2206 3055 2262 custodi
3102 2221 3191 2261 me
3235 2205 3305 2259 de
3352 2223 3551 2269 manu,
3584 2225 3603 2259 ι
3630 2206 3667 2260 id

2091 2307 2196 2364 est,
2230 2297 2295 2352 de
2318 2305 2585 2367 potestate
2619 2314 2637 2346 ‹
2672 2298 3009 2366 peccatoris,
3048 2315 3067 2349 ι
3102 2296 3157 2351 id
3185 2304 3291 2362 est,
3322 2297 3563 2359 diaboli,
3599 2295 3667 2367 ᾳὶ

2091 2395 2178 2444 εει
2221 2403 2383 2443 causa
2413 2389 2578 2443 totius
2607 2388 2812 2459 peccati
2842 2408 2854 2441 :
2894 2408 2911 2440 ι
2952 2388 3019 2443 Ει
3049 2390 3117 2445 ab
3148 2389 3473 2444 horninibus
3499 2389 3670 2458 iniquis

2093 2482 2243 2550 eripe
2272 2495 2383 2547 me,
2411 2482 2657 2549 Domine,
2691 2502 2710 2535 ι
2734 2490 2795 2538 ιιι
2837 2488 3050 2538 εεεεειιι
3091 2482 3234 2537 mala
3269 2497 3399 2552 quae
3442 2482 3578 2537 mihi
3606 2481 3667 2535 fa-

2094 2573 2265 2629 ciunt.

2171 2685 2191 2719 ι
2234 2656 2337 2733 Qui
2386 2685 2404 2720 ι
2442 2666 2692 2725 homines
2738 2666 2911 2739 iniqui
2950 2685 2969 2719 ι
3014 2667 3397 2740 cogitaverunt
3446 2669 3672 2741 supplan-

2093 2767 2211 2815 tare
2252 2774 2470 2831 gressus
2507 2775 2675 2825 meos,
2707 2779 2725 2811 ι
2757 2760 2812 2816 id
2841 2768 2951 2828 est,
2976 2761 3115 2816 bona
3141 2776 3309 2832 opera
3341 2776 3511 2827 mea,
3543 2762 3670 2833 quasi

2092 2854 2335 2911 facerent
2378 2854 2585 2911 foveam
2627 2856 2680 2909 in
2724 2855 2812 2910 via
2844 2855 2898 2912 iu
2924 2871 3086 2926 quam
3118 2870 3204 2911 me
3252 2856 3663 2927 praecipitarent.

2095 2946 2420 3017 Supplantat
2470 2946 2759 3003 haereticus
2801 2961 3080 3016 gressum,
3126 2946 3349 3016 quando
3394 2946 3561 3001 alicui
3600 2946 3673 2999 ha-

2091 3038 2240 3095 benti
2280 3045 2485 3092 rectum
2517 3053 2733 3093 sensum
2773 3035 3065 3109 Scripturae
3091 3034 3320 3106 apponit
3362 3034 3672 3090 intellectus

2094 3144 2251 3184 suum
2299 3143 2558 3198 pravum,
2608 3136 2665 3183 et
2708 3127 2762 3181 in
2805 3142 2929 3182 eum
2977 3125 3188 3182 fidelem
3244 3126 3477 3181 inducit.
3515 3122 3671 3181 Etiam

2100 3238 2120 3272 ι
2154 3217 2393 3290 superbi,
2430 3238 2448 3270 ι
2479 3216 2626 3273 velut
2663 3217 2925 3283 haeretici,
2969 3218 3062 3288 qui
3088 3218 3156 3271 de
3183 3231 3245 3272 se
3269 3225 3603 3286 praesumunt
3624 3224 3670 3269 et

402 3305 711 3373 inferendo,
733 3313 788 3361 et
815 3306 981 3361 etiam
1006 3305 1202 3380 linguis
1226 3306 1627 3364 haereticorum.
1651 3306 1709 3385 In
1733 3310 1987 3375 secunda,
2019 3298 2067 3362 C
2096 3326 2195 3382 per
2221 3325 2278 3364 se
2301 3307 2589 3381 justiﬁcari
2611 3323 2669 3363 se
2694 3307 3020 3379 intelligunt,
3050 3328 3069 3359 ι
3103 3309 3530 3371 absconderant,
3569 3328 3590 3359 ι
3618 3307 3663 3360 id

402 3414 523 3471 qua:
576 3397 765 3469 incipit
797 3415 811 3453 :
850 3416 868 3449 ι
907 3396 1028 3453 Dixi
1061 3397 1328 3453 Domino:
1373 3399 1515 3454 Deus
1560 3415 1713 3457 meus
1753 3413 1813 3454 es
1840 3407 1930 3465 ιιι,
1967 3420 1986 3455 ι

401 3498 658 3562 precatur
685 3489 904 3544 liberari
930 3490 999 3545 ab
1025 3490 1374 3547 interioribus
1406 3486 1692 3561 periculis,
1726 3491 1930 3548 scilicet
1961 3507 1993 3547 a

404 3579 673 3637 desiderio
709 3578 986 3645 interiori,
1034 3578 1241 3635 scilicet
1266 3594 1333 3635 ne
1373 3578 1545 3636 fomes
1571 3581 1812 3650 peccatis
1838 3581 1994 3638 insti-

404 3687 563 3752 gatus
605 3676 935 3750 aspiratione
970 3675 1202 3743 diaboli,
1247 3676 1417 3746 possit
1451 3677 1552 3732 sibi
1598 3676 1886 3733 dominari.
1933 3675 1993 3732 ιιι

403 3768 590 3834 tertia,
613 3782 733 3838 quae
764 3765 954 3837 incipit
985 3783 999 3819 :
1024 3784 1043 3817 ι
1072 3764 1245 3836 Caput
1270 3765 1529 3820 circuitus
1559 3781 1746 3821 eorum
1779 3785 1798 3817 ι
1823 3782 1994 3822 ειιιιιι-

403 3861 507 3916 tiat
536 3858 938 3915 damnationem
967 3872 1156 3912 eorum
1194 3856 1287 3927 qui
1318 3856 1615 3912 Eeclesiam
1662 3872 1997 3928 persequun-

406 3961 516 4019 tur,
556 3961 609 4008 ει
646 3948 1139 4007 remunerationem
1181 3962 1371 4001 eorum
1401 3947 1492 4021 qui
1537 3947 1807 4017 patienter
1832 3947 1993 4002 susti-

406 4056 537 4103 nent
563 4045 703 4101 mala
725 4044 996 4114 ipsorum:
1021 4049 1077 4095 et
1094 4055 1191 4111 per
1211 4040 1315 4095 hoc
1336 4040 1567 4095 intendit
1586 4055 1685 4095 nos
1706 4040 1996 4095 admonere

407 4138 475 4193 ad
504 4135 896 4199 fortitudinem,
922 4131 1130 4187 scilicet
1152 4140 1209 4185 ut
1232 4129 1374 4184 virili
1403 4131 1583 4185 animo
1603 4138 1657 4184 et
1682 4131 1922 4186 exterius
1943 4139 1998 4186 et

408 4227 638 4282 interius
681 4222 1069 4279 tentationibus
1116 4222 1434 4278 resistamus
1476 4239 1488 4274 :
1527 4237 1627 4291 per
1655 4222 1758 4277 hoc
1797 4224 1993 4291 securi,

409 4316 554 4388 quod
582 4330 705 4371 cum
732 4314 880 4369 vultu
904 4313 1116 4370 Domini
1152 4312 1533 4370 habitabimus.

478 4407 548 4463 Et
589 4416 874 4477 antequam
904 4413 1067 4477 ponat
1108 4404 1378 4476 pericula,
1410 4404 1545 4476 petit
1585 4404 1995 4475 liberationem,

409 4498 489 4554 sic
516 4497 701 4553 dicens
732 4510 786 4550 :t
817 4495 979 4566 Eripe
1007 4510 1112 4561 me,
1139 4495 1382 4562 Domine,
1417 4515 1435 4547 ι
1460 4495 1512 4549 id
1543 4505 1645 4562 est,
1669 4495 1753 4551 fac
1781 4513 1995 4554 cessare

411 4588 550 4646 mala
571 4629 586 4654 ,
621 4606 640 4637 ι
692 4586 761 4641 ab
791 4587 1009 4641 homine
1037 4585 1210 4652 malo,
1243 4604 1262 4637 ι
1310 4584 1363 4640 id
1396 4596 1511 4652 est,
1538 4584 1753 4642 diabolo
1774 4627 1788 4653 ,
1831 4603 1990 4657 quem

2096 3408 2199 3467 est,
2229 3399 2459 3454 latenter
2479 3406 2805 3471 paraverunt
2838 3417 2856 3450 ι
2891 3398 3144 3471 laqueum
3176 3401 3334 3467 mihi,
3358 3421 3376 3453 ι
3393 3401 3444 3455 id
3466 3409 3563 3464 est,
3589 3397 3656 3453 lac

2094 3500 2302 3548 tentem
2335 3493 2725 3562 deceptionem.

2170 3583 2302 3640 Dico
2321 3603 2339 3635 ι
2362 3582 2759 3640 absconderunt
2772 3582 3049 3654 laqueum,
3068 3593 3153 3638 iet
3172 3582 3323 3639 illum
3344 3582 3668 3653 multiplim

2094 3684 2150 3733 et
2185 3675 2379 3732 fortem
2413 3676 2689 3744 fecerunt;
2722 3677 2826 3732 hoc
2871 3674 3003 3730 dicit
3037 3694 3051 3730 :
3085 3695 3102 3727 ι
3134 3684 3188 3731 ει
3225 3675 3416 3742 funes,
3448 3695 3467 3727 ι
3510 3676 3566 3729 id
3594 3682 3671 3737 est.

2098 3780 2375 3827 tortuosas
2403 3770 2700 3825 sententias
2721 3776 2774 3825 et
2796 3769 2900 3825 sibi
2923 3768 3154 3825 invicem
3174 3783 3464 3833 connexas,
3491 3768 3682 3837 quibus

2098 3852 2330 3917 ﬁrmiter
2375 3861 2605 3933 ligarent
2646 3861 2855 3932 aliquos
2905 3860 3061 3932 quasi
3094 3859 3313 3923 funibus,
3343 3876 3365 3907 ι
3413 3858 3690 3912 extende-

2098 3961 2242 4017 runt,
2285 3972 2302 4003 ι
2339 3951 2393 4006 id
2421 3961 2535 4016 est,
2581 3960 2804 4006 extense
2834 3960 2889 4005 et
2926 3949 3277 4021 multipliciter
3314 3956 3688 4018 paraverunt,

2096 4052 2158 4100 ut
2186 4045 2229 4097 si
2258 4043 2496 4113 aliquam
2518 4041 2837 4098 sententiam
2862 4057 3055 4097 eorum
3090 4041 3366 4103 evitarem,
3393 4038 3531 4092 inde
3554 4039 3689 4094 inci-

2097 4132 2281 4188 derem
2310 4132 2363 4186 in
2394 4131 2527 4186 alias
2552 4148 2565 4185 :
2589 4150 2607 4183 ι
2636 4131 3024 4198 Extenderunt,
3052 4151 3069 4183 ι
3089 4131 3227 4196 dico,
3251 4149 3270 4181 ‹
3306 4128 3363 4183 in
3387 4128 3647 4198 laqueum
3668 4147 3685 4179 ι

2096 4233 2156 4281 ιιι
2196 4241 2293 4296 per
2340 4223 2495 4279 funes
2536 4224 2656 4280 illos
2703 4224 3059 4295 illaquearent
3103 4236 3220 4287 me,
3270 4229 3324 4276 et
3358 4222 3465 4275 hoc
3491 4239 3512 4272 ι
3544 4219 3687 4288 juxta

2094 4318 2221 4383 iter,
2252 4337 2271 4369 ι
2302 4331 2409 4371 ιιοιι
2436 4317 2490 4370 in
2522 4317 2607 4370 via
2627 4357 2641 4381 ,
2675 4316 2913 4381 scilicet,
2943 4316 2989 4370 si
3030 4315 3242 4370 ﬁdelem
3273 4324 3507 4385 possunt
3534 4314 3687 4369 decli-

2095 4422 2228 4462 nare
2258 4421 2289 4461 a
2317 4415 2463 4462 recta
2492 4407 2602 4473 via,
2633 4416 2762 4461 tunc
2801 4417 3025 4476 possunt
3062 4406 3365 4477 illaqueare
3394 4423 3409 4459 :
3444 4406 3544 4461 sed
3573 4406 3685 4459 dum

2096 4506 2180 4554 est
2221 4498 2275 4553 in
2320 4499 2442 4563 via,
2488 4512 2593 4552 non
2635 4499 3115 4569 comprehenditur
3144 4512 3177 4551 a
3205 4497 3423 4568 laqueis
3460 4497 3683 4551 illorum.

2097 4591 2162 4646 Et
2210 4605 2335 4646 cum
2381 4606 2487 4645 non
2517 4598 2813 4661 potuerunt
2842 4606 2927 4645 me
2974 4590 3271 4660 illaqueare
3314 4589 3555 4644 occultis
3579 4602 3688 4658 per-

410 4678 539 4733 dicit
568 4677 863 4743 hominem,
878 4677 1022 4749 quia,
1040 4694 1160 4732 cum
1192 4677 1308 4748 ipse
1330 4678 1477 4732 εεεει
1505 4686 1720 4731 creatus
1749 4677 1991 4747 spiritus,
2022 4653 2073 4715 D
2099 4682 2473 4748 suasionibus,
2508 4701 2526 4732 ‹
2558 4689 2857 4751 posuerunt
2904 4680 3214 4736 scandalum
3245 4680 3382 4735 mihi
3402 4722 3416 4743 ,
3460 4701 3477 4732 ι
3513 4676 3574 4734 id
3593 4690 3683 4741 est,

412 4769 534 4825 fecit
564 4785 621 4823 se
654 4770 875 4824 humum
901 4767 1217 4823 lutulentam
1241 4783 1338 4838 per
1376 4783 1572 4839 pravas
1601 4768 1991 4838 concupiscen—

413 4860 554 4915 tias:
585 4860 786 4915 etiame
816 4876 846 4913 a
872 4860 987 4914 viro
1020 4860 1225 4929 iniquo,
1257 4878 1278 4911 ι
1299 4858 1351 4913 id
1376 4867 1476 4921 est,
1506 4857 1724 4913 homine
1747 4858 1996 4914 ministro

412 4953 627 5020 diaboli,
658 4953 751 5024 qui
792 4952 991 5011 dicitur
1022 4952 1257 5022 iniquus,
1285 4951 1410 5022 quia
1449 4958 1642 5021 peccat
1687 4951 1803 5006 sine
1831 4965 1993 5008 causa

413 5047 466 5102 in
499 5046 802 5117 proximum
831 5062 846 5101 :
878 5046 1055 5100 virum
1098 5047 1217 5101 ideo
1242 5046 1391 5114 dicit,
1420 5047 1545 5117 quia
1588 5047 1643 5101 hi
1688 5046 1820 5102 tales
1868 5058 1996 5102 sunt

412 5146 662 5210 potentes
689 5149 744 5193 et
770 5138 936 5196 fortes
962 5139 1016 5193 in
1042 5140 1144 5193 hoc
1175 5138 1368 5194 sreculo
1401 5158 1413 5192 :
1448 5156 1479 5194 a
1508 5140 1599 5194 tali
1633 5140 1750 5195 viro
1781 5160 1799 5190 ι
1833 5140 1993 5212 Eripe

416 5245 523 5295 me,
557 5249 575 5283 ι
603 5230 655 5285 id
678 5238 781 5294 est,
805 5229 891 5286 fac
915 5229 1057 5285 mala
1084 5245 1297 5287 cessare
1333 5246 1451 5301 quae
1474 5231 1573 5301 ipsi
1605 5232 1735 5287 mihi
1767 5231 1990 5288 faciunt.

358 5314 363 5319 ’
486 5317 731 5375 Ostendit
761 5321 1034 5377 exteriora
1078 5318 1337 5392 pericula,
1382 5337 1411 5374 a
1455 5323 1651 5391 quibus
1684 5322 1840 5395 petiit
1864 5322 1996 5378 libe-

415 5412 561 5479 rari;
589 5413 745 5483 quasi
780 5414 924 5470 dicat
952 5432 965 5467 :
996 5414 1117 5469 Ideo
1147 5427 1366 5469 necesse
1407 5422 1489 5469 est
1535 5424 1593 5468 ut
1618 5414 1838 5483 eripias,
1870 5415 1994 5486 quia

412 5506 578 5562 homo
608 5505 778 5562 malus
805 5514 861 5563 et
890 5507 971 5560 vir
1015 5506 1229 5577 iniquus
1263 5505 1519 5578 cogitavit
1556 5507 1850 5581 adversum
1876 5523 1991 5577 me;

419 5614 439 5649 ι
474 5597 569 5668 qui
608 5616 628 5650 ι
662 5597 946 5669 perficiunt
972 5612 1089 5668 qua:
1124 5615 1142 5647 ι
1181 5598 1555 5668 cogitaverunt
1585 5596 1635 5650 in
1673 5596 1854 5663 corde,
1895 5617 1913 5649 ι
1945 5598 1998 5654 id

416 5697 528 5754 est,
561 5705 683 5746 cum
727 5704 920 5761 magna
951 5702 1077 5743 cura
1124 5687 1485 5759 inquisierunt
1520 5706 1538 5738 ι
1584 5686 1934 5759 iniquitates:
1973 5708 1992 5742 ι

415 5787 473 5835 ει
510 5796 615 5835 non
654 5789 863 5837 tantum
902 5779 1300 5850 cogitaverunt,
1332 5779 1427 5835 sed
1454 5777 1616 5834 etiam
1647 5797 1666 5829 ι
1704 5779 1997 5835 constitue-

415 5870 547 5930 bant
574 5873 760 5945 praslia
790 5894 810 5926 ι
839 5881 1029 5931 contra
1059 5887 1165 5941 me,
1192 5882 1246 5928 et
1270 5873 1376 5931 hoc
1407 5891 1427 5926 ι
1465 5880 1578 5928 tota
1606 5870 1720 5942 die,
1758 5891 1776 5925 ι
1814 5871 1867 5929 id
1894 5882 1996 5942 est,

2048 4781 2052 4785 '
2100 4773 2441 4828 manifestam
2488 4771 2974 4842 impugnationem,
3004 4787 3107 4840 qua
3139 4786 3227 4826 me
3255 4772 3357 4825 sibi
3388 4770 3687 4826 conforma-

2098 4873 2261 4920 rent:
2308 4872 2362 4921 et
2400 4865 2505 4919 hoc
2540 4878 2755 4933 quoque
2790 4863 2945 4934 juxta
2992 4863 3114 4929 iter,
3161 4863 3290 4933 quia
3338 4862 3493 4916 nulla
3529 4863 3688 4931 impii.

2098 4957 2282 5028 gnatio
2311 4963 2489 5026 potest
2518 4968 2714 5009 nocere
2732 4953 2901 5023 justo,
2932 4954 3058 5010 dum
3090 4962 3235 5010 recta
3271 4954 3356 5008 via
3401 4954 3624 5009 incedit.

2175 5067 2192 5099 ι
2233 5045 2353 5101 Dixi
2400 5046 2649 5102 Domino.
2690 5065 2708 5096 ι
2738 5044 2872 5100 Pars
2904 5045 3160 5101 secunda.
3206 5042 3305 5098 llic
3336 5052 3428 5097 est
3463 5041 3689 5112 diapsal-

2101 5152 2221 5193 mus
2248 5155 2261 5190 :
2289 5137 2356 5191 Et
2374 5137 2500 5206 quia
2532 5136 2671 5191 inter
2700 5143 2781 5191 tot
2804 5135 3042 5206 pericula
3073 5149 3159 5190 me
3185 5134 3556 5199 conservasti,
3580 5133 3691 5187 ideo

2107 5246 2125 5279 ι
2157 5228 2266 5283 dixi
2296 5225 2543 5292 Domino,
2578 5246 2596 5278 ι
2616 5227 2671 5282 id
2698 5235 2801 5291 est,
2833 5226 2911 5282 sic
2945 5228 3095 5281 oravi
3125 5226 3193 5281 ad
3222 5225 3544 5289 Dominum,
3574 5226 3691 5295 quia

2107 5342 2125 5374 ι
2164 5321 2305 5377 Deus
2345 5335 2497 5376 meus
2538 5335 2597 5375 es
2627 5327 2716 5385 ιιι,
2752 5340 2770 5371 ι
2802 5319 2855 5376 id
2879 5330 2997 5387 est,
3026 5334 3186 5389 quem
3217 5334 3318 5390 ego
3363 5319 3503 5373 mibi
3557 5317 3696 5372 facio

2102 5412 2421 5467 familiarem
2458 5429 2470 5465 :
2497 5413 2617 5467 ideo
2646 5432 2665 5463 ‹
2699 5411 2913 5480 exaudi,
2938 5412 3186 5476 Domine,
3218 5425 3407 5465 vocem
3436 5411 3699 5485 depreca-

2105 5505 2266 5560 tionis
2312 5519 2447 5559 meze
2492 5523 2511 5556 ι
2557 5512 2749 5560 contra
2799 5505 3014 5559 interna
3057 5501 3329 5574 pericula,
3375 5501 3447 5556 de
3495 5502 3701 5570 quibus

2105 5594 2349 5650 dicturus
2371 5602 2475 5649 est.

2176 5687 2305 5743 Dico
2337 5707 2355 5740 ι
2394 5689 2607 5755 exaudi,
2650 5709 2667 5741 ι
2699 5698 2775 5755 et,
2800 5704 2832 5745 ο
2864 5707 2883 5741 ι
2921 5689 3175 5754 Domine,
3226 5689 3479 5753 Domine,
3521 5708 3543 5739 ι
3589 5704 3704 5742 ma-

2105 5796 2268 5851 gnum
2298 5780 2536 5836 declarat
2570 5782 2950 5853 ingeminando
2973 5797 3128 5838 suum
3159 5780 3408 5836 allectum
3430 5821 3445 5844 ,
3475 5780 3615 5849 quia
3649 5790 3705 5832 tn

2105 5889 2166 5930 es
2191 5892 2209 5924 ι
2243 5873 2436 5939 virtus,
2475 5892 2493 5924 ι
2523 5873 2577 5928 id
2606 5879 2690 5930 est
2718 5874 2809 5944 qui
2838 5873 2972 5929 mihi
2998 5873 3189 5929 dedisti
3218 5873 3476 5928 virtutem
3500 5882 3705 5926 contra
