3898 6484
177 450 289 507 669

1347 446 1782 505 EXPLANATIO
1816 443 1884 501 IN
1922 445 2256 506 PSALMOS.

3326 448 3428 503 670

174 573 437 621 extranea
471 562 707 633 pericula
736 580 749 617 :
783 581 802 614 ι
838 560 1021 618 Virtus
1066 580 1088 616 ι
1120 561 1241 619 dico
1269 580 1289 615 ι
1326 563 1515 618 salutis
1545 578 1698 630 mea,
1731 582 1750 614 ι
1782 563 1826 623 Α
1856 565 1911 613 et
1956 567 2081 614 sunt
2111 561 2334 616 materia
2378 560 2477 633 ipsi
2497 558 2650 632 justi,
2679 558 2734 614 in
2761 558 3014 629 periculis
3039 560 3334 616 clamantes
3361 561 3429 615 ad

176 657 233 711 id
266 665 370 720 est,
403 668 521 723 quae
552 666 639 708 me
661 652 789 708 fecit
814 652 1023 707 salvum
1052 667 1084 705 a
1105 654 1456 724 suprapositis
1481 653 1752 724 periculis,

174 749 307 819 quia
332 755 385 800 tu
404 764 424 797 ι
444 744 796 810 obumbrasti,
819 763 839 796 ι
864 743 920 797 id
946 751 1030 798 est
1046 784 1062 809 ,
1090 744 1559 799 obumbrationem
1585 752 1754 807 tuam,

173 850 249 891 ne
291 835 525 905 aliquem
566 845 757 889 astam
803 832 1061 900 sentiret,
1103 834 1327 904 posuisti
1355 853 1374 885 ι
1410 848 1571 903 super
1597 841 1759 903 caput

171 940 398 990 meum,
438 948 456 977 ι
492 923 547 979 id
570 932 684 990 est,
713 922 1025 988 Christum,
1053 931 1110 979 et
1133 926 1235 980 hoc
1271 943 1291 977 ι
1328 926 1383 980 in
1421 924 1508 979 die
1536 924 1696 989 belli,
1731 942 1751 976 ι

174 1016 286 1070 hoc
310 1023 414 1079 est,
442 1014 497 1070 in
528 1015 616 1071 die
653 1015 952 1084 passionis,
996 1015 1050 1070 in
1080 1031 1188 1086 quo
1232 1016 1345 1085 ipse
1388 1031 1511 1072 cum
1546 1015 1757 1071 diabolo

174 1108 475 1178 pugnavit:
508 1122 617 1178 quo
642 1108 874 1173 devicto,
900 1123 1068 1179 genus
1097 1111 1392 1165 humanum
1416 1109 1682 1166 liberavit.

250 1195 320 1251 Et
349 1196 475 1267 quia
519 1196 779 1253 beneﬁcia
818 1197 933 1265 jam
973 1198 1105 1253 mihi
1152 1200 1500 1270 praemgasti,
1528 1199 1684 1267 ideo,
1720 1217 1759 1257 ο

183 1306 204 1340 ι
242 1287 472 1344 Domine
489 1329 504 1354 ,
534 1301 605 1343 ne
632 1288 815 1343 tradas
843 1303 930 1343 me
949 1273 1251 1357 peccato—ri,
1280 1310 1300 1341 ι
1327 1289 1381 1345 id
1407 1297 1493 1346 est
1518 1289 1754 1355 diabolo,

176 1392 210 1431 a
237 1377 505 1434 desiderio
531 1393 672 1442 meo,
696 1377 749 1432 id
774 1386 858 1432 est
878 1377 1021 1446 quod
1049 1392 1157 1432 non
1192 1386 1397 1437 tantum
1430 1379 1757 1435 accendatur

176 1468 523 1539 suggestione
546 1467 744 1525 diaboli
766 1461 938 1523 fomes
958 1469 1183 1538 peccati,
1207 1469 1299 1538 qui
1316 1470 1492 1529 adhuc
1511 1469 1567 1525 in
1591 1484 1755 1526 carne

175 1571 366 1617 nostra
385 1570 491 1626 est,
515 1570 573 1615 ut
594 1576 689 1632 per
712 1561 814 1615 hoc
837 1560 1115 1615 tradamur
1129 1560 1183 1615 in
1204 1560 1498 1616 dominium
1519 1559 1715 1615 diaboli
1737 1578 1749 1610 :

177 1655 299 1711 ideo
340 1670 476 1725 opus
499 1663 582 1711 est
629 1653 840 1724 precari
876 1671 896 1704 ‹
941 1668 1011 1709 ne
1049 1653 1262 1719 tradas,
1296 1674 1316 1704 ι
1346 1652 1473 1722 quia
1508 1672 1526 1704 ι
1567 1660 1752 1707 contra

175 1761 266 1801 me
292 1747 684 1817 cogitaverunt;
720 1764 740 1796 ι
774 1742 971 1799 diaboli
1016 1751 1072 1798 et
1108 1743 1340 1798 ministri
1360 1740 1476 1810 ejus
1501 1759 1516 1808 ;
1544 1745 1639 1798 sed
1669 1751 1749 1807 tu,

179 1837 422 1901 Domine,
444 1854 462 1887 ι
491 1850 558 1890 ne
576 1834 919 1904 derelinquas
941 1848 1052 1899 me,
1073 1851 1093 1885 ι
1117 1832 1481 1889 subtrahendo
1500 1832 1748 1903 gratiam,

1856 652 2161 706 Dominum.
2194 653 2250 708 In
2287 655 2460 724 prima
2503 662 2658 725 parte
2684 653 2878 708 clamat
2923 655 2988 707 ad
3024 655 3329 722 Dominum,
3360 671 3430 713 ne

1853 741 1991 796 male
2013 742 2238 813 cogitet:
2257 744 2342 798 vel
2368 752 2422 799 et
2440 744 2487 799 si
2508 744 2647 799 male
2674 743 2897 814 cogitet,
2918 743 3057 812 quod
3081 745 3430 813 cogitationes

1854 852 1966 894 suae
1996 853 2104 893 non
2149 848 2504 909 prorumpam
2534 840 2587 894 in
2636 840 2797 895 verba
2829 857 2842 893 :
2871 838 2954 893 vel
3002 838 3047 893 si
3092 836 3232 892 male
3268 840 3429 892 etiam

1854 927 2118 999 loquatur,
2150 943 2219 985 ne
2245 946 2397 985 suam
2428 929 2681 986 defendat
2703 930 2986 997 malitiam,
3021 930 3087 985 ad
3115 930 3258 1000 quod
3290 930 3434 986 videt

1855 1033 1915 1075 se
1937 1034 2166 1092 pronum
2196 1035 2303 1075 non
2341 1028 2546 1075 tantum
2576 1035 2643 1075 ex
2673 1028 2863 1075 natura
2895 1020 3073 1075 carnis
3092 1061 3106 1084 ,
3135 1019 3227 1074 sed
3267 1019 3430 1072 etiam

1854 1125 1918 1166 ex
1960 1111 2225 1169 malorum
2254 1110 2557 1176 consortio,
2584 1110 2673 1182 qui
2706 1110 2820 1165 haec
2858 1111 3036 1167 omnia
3068 1108 3308 1165 faciunt:
3343 1110 3432 1181 qui

1854 1208 1909 1257 et
1937 1201 2076 1258 male
2098 1201 2395 1273 cogitantes
2413 1243 2426 1264 .
2465 1201 2604 1255 mala
2633 1200 2945 1274 loquuntur,
2985 1211 3041 1258 et
3069 1218 3222 1257 suam
3253 1201 3434 1257 defen-

1855 1292 1988 1351 dunt
2046 1292 2325 1347 malitiam.
2369 1291 2427 1346 ln
2482 1292 2715 1346 secunda
2760 1303 2952 1362 parte,
3004 1306 3123 1361 qum
3187 1284 3432 1361 incipit.i

1861 1401 1879 1434 ι
1909 1382 2177 1455 Corripiet
2215 1398 2302 1438 me
2332 1381 2542 1453 justus,
2583 1403 2601 1434 ι
2639 1383 2872 1438 ostendit
2917 1398 2975 1439 se
3017 1384 3196 1454 potius
3237 1382 3434 1454 eligere

1854 1476 2221 1531 correctiones
2239 1473 2510 1545 justorum
2537 1490 2697 1545 quam
2728 1474 2925 1540 oleum,
2955 1475 3007 1529 id
3048 1483 3130 1529 est
3172 1475 3435 1529 adulatio-

1854 1580 1979 1620 nem
2001 1565 2301 1635 peccatoris
2328 1584 2341 1619 :
2366 1564 2654 1620 ostendens
2680 1564 2841 1618 etiam
2865 1563 3008 1633 quod
3028 1578 3149 1618 cum
3176 1564 3300 1618 mali
3329 1578 3436 1617 non

1853 1665 2185 1725 possuntper
2207 1652 2383 1711 dolum
2403 1653 2688 1727 proﬁcere,
2708 1652 2915 1708 faciunt
2933 1653 3095 1707 etiam
3121 1652 3438 1707 manifestas

1853 1749 2297 1817 persecutiones:
2338 1757 2391 1804 et
2434 1754 2622 1802 contra
2650 1745 2753 1800 hoc
2792 1744 2942 1815 ponit
2984 1758 3136 1799 suam
3183 1745 3438 1814 depreca-

1854 1841 2072 1896 tionem.
2102 1840 2329 1897 Intentio
2347 1846 2447 1905 est,
2477 1846 2537 1892 ut
2558 1838 2611 1891 in
2634 1835 2982 1891 tribulatione
3001 1834 3172 1890 solum
3194 1834 3435 1889 divinum

183 1950 201 1980 ι
232 1944 302 1984 ne
346 1926 487 1983 forte
525 1925 832 1980 exaltentur
866 1943 884 1976 ι
918 1932 974 1979 et
1001 1923 1314 1994 glorientur,
1359 1923 1407 1979 si
1449 1938 1536 1978 me
1568 1930 1756 1992 potue-
1785 1921 1831 1980 B
1857 1935 2118 1991 auxilium
2150 1934 2412 2005 eligamus
2444 1929 2729 2002 refugium.

180 2030 308 2076 runt
336 2021 435 2076 sibi
458 2018 817 2075 conformare.

254 2129 274 2161 ι
303 2110 496 2181 Caput.
529 2129 547 2162 ι
582 2108 718 2164 Pars
764 2106 942 2163 tertia.
982 2104 1341 2175 Diapsalmus.
1382 2102 1495 2159 Nec
1535 2102 1757 2174 dignum

172 2208 260 2257 est
286 2203 427 2271 quod
455 2201 558 2271 ipsi
586 2201 910 2264 exaltentur,
941 2198 1067 2268 quia
1087 2207 1143 2253 et
1175 2214 1195 2250 ι
1224 2205 1386 2268 caput
1407 2210 1618 2262 eorum,
1649 2215 1669 2249 ι
1704 2195 1757 2250 id

171 2300 258 2348 est
289 2292 554 2359 diabolus,
576 2309 596 2344 ι
626 2300 709 2347 est
728 2291 1003 2353 circuitus,
1036 2310 1056 2341 ι
1081 2290 1173 2359 qui
1197 2294 1469 2358 nunquam
1496 2295 1641 2342 recte
1670 2286 1757 2340 in-

173 2384 335 2449 cedit,
368 2383 462 2439 sed
489 2397 704 2451 semper
727 2382 1113 2437 circumeundo
1140 2400 1153 2434 :
1183 2388 1239 2435 et
1264 2399 1283 2432 ι
1315 2379 1468 2435 labor
1490 2378 1754 2432 labiorum

175 2476 439 2547 ipsorum,
470 2492 491 2526 ι
516 2474 567 2528 id
592 2482 677 2529 est
693 2472 1053 2537 mendacium,
1074 2473 1143 2527 ad
1162 2471 1306 2541 quod
1331 2470 1758 2540 componendum

170 2578 260 2623 est
289 2568 641 2623 laborandum
669 2583 683 2619 :
708 2566 800 2636 qui
821 2566 967 2621 enim
985 2579 1174 2620 verum
1200 2564 1353 2628 dicit,
1382 2577 1487 2618 non
1515 2561 1753 2627 laborat;

171 2661 375 2715 veritas
419 2660 789 2731 per'seipsam
828 2674 890 2714 se
927 2657 1161 2714 ostendit
1205 2655 1515 2712 credibilem
1557 2672 1569 2706 :
1604 2654 1758 2708 labor

171 2752 289 2823 ipse
330 2752 535 2823 operiet
559 2765 675 2816 eos,
707 2749 763 2805 id
805 2757 887 2804 est
934 2748 1171 2804 involvet
1192 2756 1249 2802 et
1294 2746 1604 2816 illaqueabit
1639 2760 1752 2800 eos.

173 2841 291 2907 Vel,
320 2857 390 2896 ne
413 2842 599 2897 tradas
627 2855 714 2896 me
739 2838 1042 2911 peccaturi,
1071 2845 1381 2907 separatum
1413 2852 1446 2893 a
1485 2836 1627 2891 bono
1663 2835 1754 2891 de-

172 2931 375 2988 siderio
396 2948 536 2997 meo,
559 2947 667 3002 quo
700 2930 966 2986 desiderio
985 2929 1054 2984 ad
1085 2937 1136 2984 te
1164 2928 1447 2998 pervenire
1483 2926 1624 2982 volo.

242 3023 312 3078 Et
350 3022 473 3093 quia
505 3021 642 3077 tales
670 3027 828 3083 sunt,
860 3019 983 3075 ideo
1013 3037 1033 3071 ι
1061 3019 1257 3075 cadent
1296 3032 1461 3088 super
1493 3031 1615 3082 eos,
1648 3036 1668 3070 ι
1699 3015 1755 3071 id

172 3122 257 3171 est
286 3120 570 3169 conterent
593 3114 738 3183 ipsos
766 3130 786 3164 ι
813 3111 1097 3176 carbones,
1132 3131 1151 3163 ι
1182 3110 1235 3166 id
1263 3119 1348 3166 est
1375 3109 1599 3165 ardores
1623 3107 1753 3165 mali

174 3206 751 3277 eonenpiscentiarum,
769 3212 825 3261 et
846 3205 1060 3260 tandem
1081 3224 1100 3256 ι
1121 3204 1445 3273 dejicieseos
1465 3203 1517 3257 in
1534 3204 1709 3274 ignem
1726 3223 1749 3256 ι

1929 2028 2095 2097 Quasi
2127 2029 2199 2082 ita
2228 2027 2433 2082 diceret
2467 2044 2478 2078 :
2515 2024 2621 2080 Vos
2650 2020 2809 2092 positi
2844 2021 2897 2075 in
2937 2018 3314 2082 tribulatione,
3348 2032 3439 2073 so-

1856 2121 1965 2177 lum
2005 2120 2244 2175 divinum
2287 2118 2440 2174 vobis
2486 2115 2683 2170 sumite
2708 2112 2965 2167 auxilium
2987 2153 3001 2177 ,
3024 2110 3270 2181 exemplo
3306 2108 3436 2174 mei,

1857 2210 1982 2281 quia
2017 2225 2117 2281 ego
2169 2209 2223 2263 in
2276 2207 2654 2270 tribulatione,
2703 2222 2735 2259 ο
2783 2223 2800 2255 ι
2858 2202 3114 2269 Domine,
3171 2222 3189 2254 ι
3225 2214 3440 2270 semper

1863 2320 1881 2353 ‹
1916 2298 2143 2355 clamavi
2174 2297 2238 2351 ad
2268 2306 2346 2361 te;
2386 2315 2404 2347 ι
2441 2302 2495 2348 et
2524 2293 2642 2348 ideo
2676 2311 2693 2344 ‹
2727 2292 2918 2347 exaudi
2950 2306 3034 2345 me
3069 2311 3088 2342 ι
3124 2289 3351 2345 clamavi
3379 2297 3433 2342 et

1857 2390 2099 2449 clamabo
2123 2429 2140 2454 ,
2177 2396 2231 2443 et
2274 2401 2399 2443 cum
2452 2384 2755 2440 clamavero
2801 2384 2866 2437 ad
2912 2392 2997 2449 te,
3027 2403 3044 2432 ι
3075 2381 3291 2435 intende
3319 2379 3439 2436 voci

1858 2495 2011 2537 mete.
2048 2499 2066 2531 ι
2096 2478 2333 2556 Dicendo
2359 2475 2587 2532 clamavi
2622 2482 2678 2531 et
2713 2473 2990 2539 clamabo,
3024 2481 3171 2527 notat
3208 2472 3437 2528 assidui-

1861 2580 2026 2627 tatem
2055 2570 2340 2625 orationis.

1930 2661 2060 2717 Dico
2093 2679 2112 2712 ι
2144 2658 2385 2725 intende,
2421 2678 2440 2711 ι
2473 2664 2527 2713 et
2562 2672 2658 2728 per
2687 2655 2834 2711 illam
2861 2654 3214 2709 intentionem
3246 2671 3265 2704 ‹
3306 2651 3440 2707 diri-

1860 2759 2018 2823 gatur
2047 2752 2222 2806 oratio
2248 2765 2368 2805 mea
2388 2750 2444 2804 in
2468 2756 2759 2818 conspectu
2787 2754 2899 2811 tuo,
2923 2746 3061 2802 sicut
3085 2744 3385 2808 incensum,
3417 2762 3435 2795 ι

1859 2842 2004 2912 quod
2033 2841 2266 2913 positum
2299 2854 2463 2911 super
2508 2839 2705 2909 ignem,
2747 2836 2920 2891 reddit
2950 2837 3149 2891 bonum
3193 2835 3438 2898 odorem,

1762 2948 1765 2949 '
1860 2933 1935 2988 ita
1979 2933 2154 2989 oratio
2195 2947 2315 2987 mea
2349 2932 2568 2985 incensa
2597 2928 2718 3000 igne
2745 2925 3204 2997 compunctionis,
3236 2924 3443 2994 placeat

1858 3024 1976 3090 tibi,
2012 3032 2068 3079 et
2091 3024 2161 3079 sit
2187 3042 2205 3074 ‹
2240 3020 2565 3079 sacrificium
2591 3021 2980 3088 vespertinum,
3014 3036 3032 3068 ι
3067 3016 3118 3070 id
3144 3024 3227 3071 est
3256 3017 3308 3069 in
3336 3013 3442 3068 ﬁne

1856 3115 1981 3170 vitae
2016 3129 2150 3170 mete
2184 3130 2197 3169 :
2240 3127 2340 3168 nec
2363 3110 2734 3182 qualecunque
2767 3108 3122 3173 sacriﬁcium,
3154 3106 3248 3162 sed
3281 3123 3299 3156 ι
3328 3105 3439 3160 ele-

1857 3203 2004 3258 vatio
2028 3217 2308 3268 manuum,
2341 3220 2360 3253 ι
2390 3201 2443 3256 id
2466 3210 2551 3255 est
2572 3197 2797 3253 directio
2818 3215 2836 3248 ‹
2861 3210 3105 3251 mearum
3133 3214 3150 3246 ι
3176 3195 3439 3249 bonarum

174 3309 465 3364 aeternum;
495 3308 551 3354 et
589 3298 645 3353 hi
680 3270 812 3352 tales
854 3296 1014 3366 positi
1038 3315 1057 3345 ι
1093 3295 1150 3349 in
1187 3270 1427 3349 miseriis
1457 3312 1477 3345 ι
1503 3270 1669 3347 veluti
1698 3292 1757 3348 in
1783 3270 1827 3332 Ο
1861 3295 2260 3366 operationum.

177 3391 296 3460 igne
337 3389 678 3459 praecedente
709 3387 903 3441 faciem
934 3383 1165 3455 judicis,
1199 3400 1219 3433 ι
1253 3398 1362 3437 non
1408 3382 1703 3437 subsistent
1729 3400 1751 3436 ι

178 3478 303 3547 quia
334 3476 673 3530 involventur
702 3473 792 3528 illo
823 3473 964 3540 igne,
992 3481 1046 3525 et
1074 3471 1397 3526 inducentur
1431 3469 1485 3525 in
1508 3467 1757 3525 tenebras

172 3577 435 3622 aeternas:
462 3563 594 3633 justi
617 3576 745 3619 vero
766 3561 1027 3631 increpati
1055 3575 1151 3631 per
1186 3559 1333 3615 illum
1371 3560 1552 3631 ignem
1578 3569 1757 3615 trans-

177 3657 348 3710 ibunt.

245 3748 377 3804 item
400 3746 557 3818 ponit
576 3759 797 3801 causam
819 3741 1179 3798 damnationis
1206 3756 1394 3797 eorum
1422 3738 1757 3796 commixtim

172 3846 228 3895 et
251 3839 683 3901 damnationem;
708 3834 864 3903 quasi
884 3832 1089 3888 diceret
1116 3849 1129 3885 :
1162 3831 1287 3887 Ideo
1312 3846 1417 3887 non
1438 3831 1756 3899 subsistent,

173 3933 296 4002 quia
329 3929 555 4002 linguosi
586 3933 732 3991 sunt,
760 3934 817 3982 et
838 3946 857 3978 ‹
882 3923 970 3983 vir
992 3924 1293 3995 linguosus,
1323 3943 1343 3976 ι
1370 3922 1423 3977 id
1444 3930 1529 3979 est
1554 3923 1647 3995 qui
1666 3922 1755 3978 in-

174 4023 516 4079 considerate
537 4020 795 4089 loquitur,
821 4032 929 4072 non
954 4015 1237 4071 attendens
1260 4014 1388 4084 quid
1412 4014 1576 4081 dicat,
1599 4034 1617 4067 ι
1645 4030 1753 4072 non

173 4114 436 4183 dirigetur
461 4134 482 4167 ι
514 4113 583 4171 ad
609 4114 747 4168 bona
782 4125 977 4180 opera;
1008 4109 1148 4164 unde
1194 4107 1446 4164 Salomon
1490 4109 1544 4162 in
1585 4108 1753 4164 Para-

174 4208 310 4263 bolis
342 4225 357 4261 :
390 4225 408 4258 ι
436 4206 494 4261 In
518 4204 855 4274 multiloquio
899 4218 1007 4258 non
1046 4201 1219 4258 deerit
1258 4210 1540 4271 peccatum
1568 4198 1750 4273 (Prov.

172 4298 263 4369 x);
304 4318 321 4348 ι
359 4316 378 4348 ‹
411 4298 463 4352 in
492 4304 658 4361 terra,
695 4315 712 4347 ι
743 4295 795 4349 id
825 4302 907 4348 est
930 4295 982 4348 in
1013 4294 1115 4346 hac
1139 4291 1270 4356 vita,
1300 4291 1487 4346 saltem
1521 4309 1540 4344 ι
1576 4291 1756 4346 virum

174 4390 431 4458 injustam
457 4388 597 4444 mala
628 4386 840 4456 capient
866 4386 921 4440 in
949 4384 1191 4450 interitu,
1225 4402 1243 4434 ι
1278 4383 1333 4439 id
1360 4391 1445 4439 est
1469 4383 1524 4439 in
1554 4382 1681 4439 ﬁne.

244 4483 386 4538 Bene
427 4482 550 4539 dico
592 4480 738 4550 quod
780 4478 921 4534 mala
962 4477 1177 4548 capient
1205 4489 1331 4539 eos,
1360 4476 1614 4544 quoniam
1653 4488 1753 4547 ego

1932 3385 2062 3439 Dico
2098 3403 2116 3435 ι
2152 3380 2415 3444 clamavi,
2450 3400 2469 3432 ι
2497 3388 2552 3435 et
2574 3388 2653 3445 tu,
2685 3398 2702 3430 ι
2739 3378 2984 3443 Domine,
3021 3394 3043 3429 π
3073 3376 3318 3447 placatus
3344 3389 3443 3444 per

1861 3478 2003 3533 hanc
2028 3474 2385 3531 elevationem
2433 3486 2712 3535 manuum,
2756 3487 2775 3521 ι
2826 3483 2965 3539 pone
3009 3465 3306 3523 custodiam
3357 3463 3441 3519 ori

1859 3588 2003 3637 meo,
2042 3591 2062 3622 ι
2093 3572 2146 3626 id
2186 3576 2269 3626 est
2313 3568 2461 3625 cordi
2492 3582 2646 3632 meo,
2677 3578 2743 3621 ne
2773 3565 2913 3620 male
2941 3563 3188 3634 cogitem.
3218 3559 3292 3616 Os
3321 3560 3443 3615 ideo

1858 3680 1954 3722 cor
1976 3664 2192 3731 dicitur,
2215 3663 2340 3734 quia
2369 3661 2509 3716 sicut
2537 3674 2598 3713 os
2619 3660 2733 3713 hiat
2756 3657 2821 3711 ad
2853 3655 3221 3717 refectionem,
3251 3652 3323 3706 ita
3347 3664 3444 3706 cor

1858 3754 2032 3811 inhiat
2068 3762 2120 3808 et
2157 3752 2429 3807 desiderat
2458 3748 2605 3805 reﬁci
2638 3748 2816 3802 divina
2853 3745 3057 3816 gratia;
3096 3762 3115 3794 ε
3161 3750 3216 3797 et
3243 3742 3439 3797 ostium

1858 3846 2302 3910 circumstantiae,
2352 3864 2370 3895 ι
2416 3841 2559 3914 quod
2604 3840 2951 3907 circumstet,
3003 3835 3146 3906 quod
3200 3834 3443 3888 obstruat

1857 3939 2001 3996 labia
2024 3953 2090 3994 ne
2123 3936 2321 3992 malum
2352 3935 2658 4005 loquantur,
2682 3945 2821 4002 pone
2856 3949 2873 3980 ι
2905 3925 3059 3981 labiis
3083 3924 3238 3980 meis.
3274 3943 3292 3975 ι

1928 4032 1996 4087 Ει
2045 4029 2256 4087 etiamsi
2297 4032 2654 4099 prorumpunt
2701 4022 2865 4076 verba
2904 4020 3085 4074 illicita
3129 4016 3436 4087 aliquando,

1861 4138 1880 4173 ι
1908 4134 2015 4174 non
2043 4118 2279 4175 declines
2300 4133 2394 4173 cor
2420 4130 2595 4170 meum
2621 4113 2675 4168 in
2695 4112 2856 4167 verba
2879 4109 3126 4174 malitiae;
3159 4126 3177 4159 ι
3201 4114 3257 4162 et
3275 4119 3439 4176 quam

1855 4214 2116 4271 malitiam
2165 4211 2459 4283 intelligat,
2491 4207 2842 4271 determinat,
2889 4204 3095 4261 scilicet
3126 4221 3145 4254 ι
3181 4202 3249 4258 ad
3276 4215 3439 4257 excu-

1855 4308 2094 4363 sationes
2130 4326 2146 4355 ι
2184 4303 2455 4359 faciendas
2482 4320 2501 4352 ι
2538 4301 2591 4355 in
2622 4296 2857 4371 peccatis
2890 4315 2907 4347 ι
2939 4304 2998 4350 ιιι
3028 4302 3245 4365 peccata
3275 4307 3437 4347 excu-

1855 4411 1968 4452 sem
1994 4414 2007 4450 :
2029 4403 2087 4451 ct
2124 4395 2250 4466 quia
2279 4409 2419 4477 saepe
2450 4391 2598 4447 videt
2633 4386 2953 4460 multiplices
2981 4386 3097 4441 dari
3135 4382 3413 4440 excusatio

1856 4503 1976 4554 nes,
2006 4487 2173 4553 addit,
2199 4504 2217 4538 ι
2250 4486 2317 4541 ad
2337 4474 2675 4540 excusandas
2703 4501 2722 4534 ι
2754 4479 3151 4536 excusationes.
3183 4474 3240 4531 in
3264 4474 3437 4530 veteri

172 4589 270 4643 per
289 4571 547 4642 Spiritum
569 4578 812 4627 sanctum
832 4588 853 4620 ι
873 4566 1094 4637 cognovi
1116 4585 1133 4617 ι
1154 4564 1295 4635 quod
1316 4564 1575 4620 Dominus
1591 4563 1749 4625 faciet

173 4667 187 4677 -
250 4668 280 4680 μ
321 4667 332 4678 ι
497 4665 545 4680 ο.
624 4671 662 4680 _.
712 4659 1194 4680 -_-____--__..-___.
1233 4656 1369 4680 gn-.-
1410 4656 1604 4680 :._.a:-:..
1653 4672 1746 4680 ---Α

1863 4582 1969 4654 lege
2013 4580 2213 4636 ﬁebant
2251 4579 2514 4633 matutina
2561 4584 2617 4630 et
2654 4573 2957 4645 vespertina
2999 4569 3296 4633 sacriﬁcia,
3339 4564 3435 4633 sed

165 4667 451 4735 judicium,
496 4665 549 4719 id
585 4671 670 4720 est
711 4659 1198 4717 renumerationem
1227 4656 1373 4726 justo
1404 4656 1609 4726 judicio
1653 4672 1749 4715 suo

1863 4672 2160 4743 vespertina
2203 4669 2518 4725 dicebantur
2565 4665 2738 4738 magis
2778 4665 2887 4719 Deo
2932 4662 3164 4733 placere,
3209 4658 3435 4729 mystice

178 4777 198 4810 ι
231 4758 424 4825 inopis,
448 4775 468 4808 ι
487 4753 623 4820 veri,
646 4772 663 4805 ι
692 4760 749 4808 et
775 4771 795 4803 ›
822 4748 983 4805 faciet
1012 4767 1030 4801 ι
1056 4748 1348 4803 vindictam
1378 4762 1695 4817 pauperum,
1726 4765 1744 4798 ι

170 4849 301 4919 quia
340 4845 617 4903 damnabit
643 4858 737 4899 eos
770 4841 863 4910 qui
888 4855 1014 4895 suos
1041 4852 1303 4910 pauperes
1330 4846 1746 4909 persequuntur.

248 4939 371 4995 Mali
400 4939 453 4993 in
480 4939 580 4994 hac
604 4937 714 4991 vita
746 4942 1142 5007 persequuntur
1165 4945 1447 5002 pauperes,
1485 4950 1503 4981 ι
1540 4944 1747 4985 verum-

176 5042 361 5087 tamen
397 5050 417 5087 ι
447 5044 545 5100 per
564 5028 772 5083 medias
802 5041 988 5082 eorum
1019 5023 1391 5079 tribulationes
1422 5040 1441 5073 ι
1461 5020 1593 5089 justi
1624 5034 1751 5075 con-

174 5122 472 5178 ﬁtebuntur
496 5118 701 5175 nomini
746 5126 838 5173 tuo
859 5158 874 5181 ,
906 5136 924 5167 ι
955 5115 1007 5170 id
1030 5125 1112 5170 est
1140 5112 1434 5168 laudabunt
1473 5120 1550 5177 te,
1584 5130 1602 5162 ι
1639 5119 1693 5167 et
1725 5127 1744 5161 ι

176 5215 301 5270 ideo
329 5213 429 5282 ipsi
456 5230 474 5262 ι
508 5209 640 5266 recti
663 5208 979 5263 habitabunt
1007 5226 1026 5260 ι
1055 5204 1383 5261 aeternaliter
1405 5221 1424 5254 ι
1460 5217 1582 5257 cum
1605 5199 1749 5255 vultu

178 5315 294 5369 tuo,
330 5324 350 5356 ι
382 5304 437 5359 id
478 5311 565 5359 est
596 5302 651 5358 in
692 5300 975 5370 praesentia
1004 5307 1111 5365 tua,
1144 5298 1387 5354 videntes
1437 5304 1490 5349 te
1524 5292 1661 5348 facie
1686 5293 1753 5348 ad

178 5396 397 5463 faciem,
428 5403 483 5451 et
508 5399 889 5465 cognoscentes
917 5391 1057 5447 sicut
1083 5398 1139 5445 et
1170 5387 1368 5460 cogniti
1399 5393 1541 5443 sunt.

651 5541 717 5598 IN
752 5538 1079 5597 PSALMUM
1115 5536 1271 5595 CXL.

570 5656 805 5713 Tt'ruws
831 5666 844 5706 :
876 5649 1121 5705 Psalmus
1171 5647 1360 5703 David.

254 5810 272 5843 ‹
308 5789 551 5855 Domine,
582 5786 829 5843 clamavi.
858 5804 879 5838 ο
906 5783 965 5841 In
1003 5783 1107 5839 hoc
1134 5796 1347 5853 quoque
1384 5778 1590 5852 psalmo
1626 5792 1750 5849 pro-

178 5886 341 5958 pheta
372 5881 458 5937 vel
485 5880 622 5936 alius
643 5878 820 5949 justus
848 5878 916 5934 de
942 5891 1004 5934 se
1041 5883 1097 5933 et
1134 5873 1257 5932 aliis
1285 5872 1451 5946 justis
1488 5871 1749 5947 loquitur,

1854 4773 2032 4818 tamen
2070 4774 2243 4814 :nam
2291 4775 2390 4829 per
2434 4756 2757 4812 matutinum
2810 4751 3145 4824 signiﬁcatur
3186 4758 3433 4805 nostrum

1853 4852 2214 4917 sacriﬁcium,
2263 4849 2465 4904 factum
2504 4848 2558 4902 in
2589 4847 2816 4900 adventu
2844 4841 3043 4899 Christi
3074 4858 3087 4894 :
3120 4846 3217 4911 per
3245 4838 3438 4894 immo-

1852 4943 2108 4999 lationem
2151 4941 2274 5012 agni
2314 4940 2378 4993 ad
2410 4951 2713 5009 vesperam,
2743 4933 3076 5006 signiﬁcatur
3108 4931 3309 4986 Christi
3335 4931 3434 4983 im-

1853 5035 2072 5092 molatio
2095 5034 2147 5088 in
2174 5032 2281 5087 ﬁne
2303 5039 2621 5100 temporum.
2648 5026 2848 5082 Eodem
2870 5024 3027 5079 modo
3052 5024 3164 5077 hazc
3185 5021 3434 5075 dicuntur

1855 5125 2118 5182 matutina
2150 5121 2449 5187 sacriﬁcia,
2480 5119 2532 5176 id
2568 5126 2651 5173 est
2689 5120 2830 5174 bona
2862 5128 3026 5184 opera
3065 5113 3119 5166 in
3153 5110 3432 5181 juventute

1856 5222 1996 5279 facta
2030 5239 2042 5275 :
2075 5218 2379 5292 vespertina
2403 5231 2553 5284 vero,
2585 5214 2727 5270 bona
2754 5225 2917 5282 opera
2947 5206 3000 5263 in
3027 5207 3150 5262 ﬁne.

1926 5313 2077 5382 Quod
2106 5312 2149 5366 si
2177 5312 2283 5367 hoc
2312 5310 2510 5375 fecero,
2537 5322 2632 5363 ero
2662 5325 2680 5357 ι
2712 5317 2836 5360 cum
2863 5299 3170 5355 hominibus
3207 5312 3433 5368 operan-

1860 5407 2000 5463 tibus
2022 5405 2381 5476 iniquitatem,
2415 5422 2434 5455 ι
2468 5400 2630 5457 idest
2651 5409 2793 5452 unus
2820 5395 2886 5450 de
2917 5392 3021 5448 illis
3047 5392 3137 5461 qui
3171 5397 3432 5446 excusant

1854 5505 2075 5571 peccata
2094 5511 2190 5553 sua
2214 5512 2227 5550 :
2251 5515 2269 5547 ‹
2298 5494 2406 5552 Sed
2429 5488 2779 5549 combinabor
2808 5505 2828 5538 ι
2856 5484 3008 5554 ponit
3034 5482 3391 5561 Hieronymus
3415 5496 3428 5533 :

1857 5591 1950 5647 sed
1994 5606 2100 5645 non
2129 5586 2541 5646 communicabo
2583 5596 2711 5638 cum
2737 5577 3048 5635 hominibus
3082 5571 3430 5644 operantibus

1857 5685 2188 5756 iniquitatem
2222 5700 2237 5739 :
2265 5690 2320 5738 et
2344 5697 2451 5736 non
2474 5687 2683 5734 tantum
2708 5689 2833 5732 cum
2863 5670 3180 5734 minoribus,
3207 5686 3225 5718 ι
3263 5666 3355 5722 sed
3376 5674 3433 5721 et

1856 5792 1962 5832 non
1990 5773 2399 5832 communicabo
2427 5784 2549 5825 cum
2572 5764 2759 5823 electis
2791 5777 3003 5828 eorum,
3038 5780 3055 5812 ι
3091 5759 3143 5814 id
3189 5767 3266 5815 est
3307 5773 3427 5812 cum

1854 5867 2247 5943 potentioribus
2276 5872 2332 5921 et
2364 5858 2603 5939 praelatis
2647 5856 2704 5915 in
2748 5852 2971 5922 malitia,
3012 5862 3074 5908 ut
3115 5865 3214 5923 per
3242 5863 3426 5907 eorum
