3898 6448
499 448 599 504 671

956 428 1308 489 HAYMONIS
1344 425 1822 483 HALBERSTAT.
1865 421 2075 479 EPISC.
2115 415 2264 474 OPP.
2305 415 2484 471 PARS
2519 416 2561 469 l.
2601 445 2669 454 ——
2705 412 3060 470 COMMENT.
3103 414 3280 470 BIBL.

3655 417 3744 474 εις

501 555 833 618 consortium
888 562 1140 606 excusem
1191 551 1412 616 peccata
1467 556 1618 606 mea,
1672 539 1812 595 sicut
1861 546 1914 593 et
1966 532 2068 606 ipsi
2095 529 2481 599 Aspeluncam
2512 529 2833 599 ﬁguramus,
2882 529 3010 601 quia
3043 531 3198 601 quasi
3230 531 3447 603 indigna
3491 532 3745 592 habitatio

501 651 724 707 faciunt.

572 759 596 796 ι
619 738 886 807 Corripiet
916 749 1022 791 me.
1049 753 1066 786 ι
1083 732 1214 787 Pars
1240 731 1495 786 secunda.
1518 728 1634 784 Non
1661 726 2070 783 communicabo

498 849 624 891 cum
651 832 774 898 illis,
800 830 892 886 sed
922 827 1099 897 potius
1131 845 1149 876 ‹
1181 823 1437 893 corripiet
1465 836 1550 876 me
1592 819 1786 890 justus,
1813 828 1869 875 et
1893 819 2070 874 incre-

499 925 650 997 pabit
667 939 770 978 me.
808 941 826 972 ι
861 919 1162 986 Corripere,
1195 925 1454 984 quantum
1483 912 1549 967 ad
1578 912 1681 967 hoc
1705 911 1848 981 quod
1880 909 2070 964 leviter

499 1017 763 1073 desistet:
795 1014 1104 1080 increpare,
1144 1016 1405 1078 quantum
1452 1005 1522 1059 ad
1566 1005 1670 1059 hoc
1711 1003 1856 1073 quod
1888 1001 2070 1057 multis

497 1105 1002 1165 comminationibus
1029 1118 1164 1173 opus
1189 1099 1474 1156 estzUnde
1501 1095 1820 1167 Apostolus:
1843 1115 1861 1146 (
1892 1094 2070 1166 Argue

494 1210 826 1272 opportune,
865 1198 1170 1267 importune
1217 1193 1280 1265 (Ι
1330 1192 1465 1246 Tim.
1509 1191 1603 1262 1v).
1657 1209 1676 1241 ι
1722 1189 1788 1244 Ει
1823 1189 2064 1244 iterum:

501 1312 520 1345 ι
552 1292 750 1362 Argue,
788 1291 1028 1359 increpa,
1057 1289 1299 1342 obsecra.
1338 1305 1356 1336 ι
1382 1285 1603 1354 Increpa
1624 1284 1742 1338 dico
1769 1301 1787 1334 ι
1824 1283 1878 1336 in
1909 1283 2070 1338 mise-

495 1384 728 1439 ricordia
749 1423 765 1448 ,
797 1402 815 1433 ›
847 1382 936 1451 pia
963 1378 1274 1443 aﬂ'ectione,
1303 1386 1364 1431 ut
1391 1384 1666 1431 removeat
1710 1391 1740 1428 a
1777 1373 1918 1429 malo
1944 1388 2070 1445 pro-

494 1475 670 1546 posito
699 1492 712 1527 :
741 1472 918 1542 justus
945 1471 1219 1540 corripiet,
1244 1487 1262 1519 ‹
1289 1468 1466 1522 oleum
1489 1476 1669 1521 autem
1693 1465 2011 1534 peccatoris,
2043 1482 2063 1516 ι

497 1569 549 1623 id
578 1579 661 1623 est
691 1567 926 1622 adulatio
946 1565 1029 1620 vel
1049 1564 1336 1628 blanditiae,
1367 1578 1487 1634 qua:
1515 1561 1750 1616 mulcent
1777 1569 1830 1615 et
1863 1567 2070 1631 ungunt

495 1659 636 1713 sicut
662 1658 870 1721 oleum,
905 1675 924 1708 ‹
958 1670 1063 1710 non
1096 1654 1393 1723 impinguet
1429 1660 1590 1722 caput
1623 1667 1821 1718 meum,
1856 1670 1873 1704 ι
1908 1651 1962 1706 id
1987 1658 2071 1706 est

495 1763 600 1804 non
635 1748 796 1803 faciet
819 1745 1052 1817 aliquam
1075 1744 1364 1800 elationem
1395 1745 1449 1798 in
1476 1751 1655 1798 mente
1678 1758 1816 1798 mea.

562 1839 684 1894 Ideo
713 1853 846 1908 opus
868 1846 950 1891 est
985 1844 1046 1890 ut
1076 1833 1252 1904 justus
1298 1834 1588 1904 corripiat,
1634 1844 1691 1888 et
1734 1833 1912 1888 oleum
1957 1847 2066 1887 non

2170 620 2476 676 Divinitatis
2501 629 2646 688 erat,
2676 629 2735 676 ut
2761 622 2830 676 ab
2851 622 3079 678 historia
3121 638 3222 680 nos
3259 633 3578 692 removeat,
3607 629 3742 697 ponit

2170 712 2521 769 intellectum.
2545 714 2624 770 Ac
2642 715 2687 769 si
2714 714 2953 770 diceret:
2984 715 3234 774 Psalmus
3260 718 3362 774 iste
3391 719 3604 775 dicitur
3630 741 3649 773 ι
3672 723 3741 778 ἱιι-

2169 807 2432 873 tellectus,
2471 828 2489 861 ι
2511 809 2565 864 id
2593 818 2695 876 εει,
2729 811 2998 880 quoddam
3027 823 3294 870 secretum
3328 816 3620 872 continens
3651 819 3738 874 sei-

2169 898 2294 956 licet
2321 916 2427 956 non
2465 901 2532 956 de
2556 902 2783 958 historia
2818 918 3010 972 agens,
3055 907 3149 961 sed
3186 907 3254 964 de
3293 909 3626 979 signiﬁcato.
3654 912 3735 978 Qui

2167 992 2406 1063 psalmus
2443 992 2612 1048 David
2656 1003 2741 1049 est
2787 996 2992 1062 oratio,
3043 997 3096 1052 id
3134 1007 3248 1064 est,
3301 999 3476 1069 ipsius
3502 1001 3732 1058 Christi:

2167 1085 2342 1139 oratio
2369 1085 2489 1139 dico
2512 1086 2698 1140 habita
2719 1128 2734 1152 ,
2765 1103 2888 1142 cum
2914 1089 3029 1158 ipse
3063 1089 3310 1146 Christus
3349 1104 3505 1148 esset
3553 1095 3603 1148 in
3639 1112 3731 1166 spe-

2167 1173 2359 1242 lunca,
2393 1175 2446 1231 id
2471 1184 2586 1244 est,
2634 1178 2690 1232 in
2741 1194 2906 1234 carne
2934 1180 3166 1234 mortali.
3215 1181 3315 1236 Hic
3356 1183 3612 1252 psalmus
3637 1185 3728 1240 ideo

2168 1267 2368 1323 dicitur
2400 1288 2418 1321 ι
2455 1269 2660 1334 oratio,
2692 1289 2710 1323 ι
2739 1271 2864 1340 quia
2883 1267 3161 1341 ‘quidquid
3206 1274 3480 1340 continet,
3510 1276 3596 1331 vel
3634 1293 3726 1331 ora-

2167 1358 2244 1414 tio
2287 1368 2400 1426 est,
2445 1360 2530 1414 vel
2574 1376 2736 1417 causa
2765 1363 3028 1418 orationis
3065 1365 3360 1431 inducitur,
3393 1375 3456 1422 et
3493 1384 3590 1437 per
3615 1370 3722 1424 hunc

2167 1451 2432 1522 psalmum
2449 1453 2517 1508 ad
2531 1453 2793 1508 orandum
2812 1454 3183 1510 informamur.
3209 1456 3448 1512 Materia
3487 1470 3572 1515 est
3609 1460 3722 1516 Chri-

2169 1552 2307 1624 stus,
2347 1558 2508 1600 orans
2552 1544 2608 1598 in
2641 1554 2881 1616 tempore
2929 1547 3240 1618 fragilitatis
3287 1565 3428 1604 suae.
3482 1550 3542 1604 In
3583 1555 3714 1622 prima

2167 1645 2322 1706 parte
2363 1638 2516 1707 ponit
2543 1639 2845 1693 orationem
2866 1680 2880 1704 ,
2925 1651 2979 1695 et
3009 1640 3139 1695 illud
3183 1651 3379 1696 contra
3421 1645 3564 1712 quod
3591 1656 3704 1712 erat,

2167 1729 2376 1784 scilicet
2395 1730 2546 1786 dolos
2571 1729 2899 1787 Judaaorum.
2940 1733 2998 1788 In
3033 1736 3268 1790 secunda
3289 1776 3307 1803 ,
3358 1752 3497 1806 quae
3527 1739 3697 1809 incipit:

2175 1837 2193 1870 ι
2229 1819 2469 1876 Clamavi
2511 1822 2579 1876 ad
2625 1831 2710 1889 te,
2742 1823 2989 1890 Domine,
3026 1844 3042 1876 ι
3089 1827 3244 1895 ponit
3263 1826 3399 1882 item
3459 1830 3699 1884 cntionem

493 1902 820 1999 impingunt,
849 1926 974 1995 quia
1001 1902 1178 1979 adhuc
1205 1924 1377 1980 habeo
1401 1902 1468 1979 de
1491 1932 1713 1993 peccato
1746 1923 1979 1992 aliquid;
2011 1930 2066 1978 et
2093 1902 2142 1962 Β
2169 1925 2321 1964 suam
2343 1911 2410 1964 ad
2441 1910 2482 1965 Ρ
2486 1920 2653 1967 auem
2672 1953 2688 1978 ν
2719 1924 2775 1968 θῖ
2818 1915 2953 1984 Dem
2991 1924 3052 1969 ιιι
3091 1917 3270 1971 anima
3321 1933 3426 1972 sua
3458 1919 3530 1974 ab
3551 1920 3705 1975 inferno

490 2019 595 2075 hoc
617 2029 743 2093 est:
783 2035 801 2069 ‹
834 2016 1090 2087 quoniam
1124 2023 1178 2070 et
1222 2015 1398 2071 adhuc
1430 2017 1604 2070 oratio
1638 2030 1756 2070 mea
1799 2017 1854 2070 in
1899 2016 2064 2071 bene-

491 2111 704 2180 placitis
747 2124 933 2165 eorum
967 2131 984 2163 ›
1038 2117 1421 2180 peccatorum,
1465 2108 1591 2178 quia
1637 2109 1811 2163 adhuc
1853 2108 2065 2178 placent

490 2204 654 2269 mihi,
685 2219 802 2272 qua:
831 2203 995 2258 etiam
1023 2203 1156 2273 ipsis
1180 2202 1424 2273 placent,
1455 2201 1594 2256 sicut
1638 2201 1753 2256 haec
1797 2211 2012 2256 terrena
2044 2217 2060 2256 :

490 2294 609 2349 ideo
637 2293 758 2348 dico
790 2311 810 2345 ‹
843 2293 1020 2348 oleum
1041 2301 1387 2364 peccatorum
1414 2307 1520 2347 non
1544 2292 1858 2361 impinguet,
1890 2311 1907 2341 ι
1934 2288 2062 2359 quia

494 2405 510 2436 ι
540 2383 749 2452 judices
797 2397 986 2439 eorum
1035 2403 1052 2436 ι
1105 2391 1478 2454 peccatorum,
1525 2384 1579 2438 id
1632 2371 1744 2446 est,
1793 2382 2062 2452 sapientes

493 2495 510 2526 ι
547 2476 717 2544 juncti
739 2483 937 2546 petrae,
971 2494 990 2526 ι
1022 2476 1076 2530 id
1111 2483 1226 2540 est,
1257 2473 1508 2539 Christo,
1550 2483 1605 2529 et
1649 2473 1854 2528 fundati
1899 2487 2062 2542 super

486 2583 608 2624 eum
628 2608 643 2633 ,
675 2582 782 2622 non
827 2576 888 2621 ut
932 2574 1137 2622 rectam
1180 2566 1341 2621 ﬁdem
1371 2565 1606 2621 habeant
1639 2583 1650 2618 :
1685 2566 1777 2619 sed
1803 2564 2062 2633 quodam-

485 2659 645 2712 modo
681 2657 866 2712 dicunt
893 2655 1092 2712 bonum
1137 2657 1203 2711 de
1247 2657 1392 2727 ipso,
1439 2671 1545 2710 non
1573 2665 1631 2711 ut
1656 2655 1879 2726 diligant
1901 2671 2058 2724 eum,

486 2750 581 2805 sed
619 2757 674 2802 ut
700 2749 832 2803 alios
854 2748 1152 2818 decipiant,
1185 2749 1324 2804 sicut
1349 2749 1604 2805 haeretici.
1634 2749 1753 2804 Alia
1782 2749 2062 2806 translatio

483 2839 672 2903 habet,
715 2857 732 2890 ι
763 2839 918 2909 juxta
943 2847 1184 2910 petram,
1213 2848 1268 2894 et
1297 2840 1352 2894 hi
1385 2841 1516 2895 tales
1562 2840 1803 2910 absorpti
1835 2849 1994 2907 sunt,
2033 2860 2052 2894 ι

486 2931 538 2986 id
564 2940 680 2996 εει,
711 2933 874 3001 positi
897 2933 953 2986 in
980 2933 1125 2987 vitiis
1151 2932 1606 3002 profundissimis.

555 3025 744 3079 Oleum
789 3039 980 3081 eorum
1022 3042 1131 3081 non
1179 3026 1475 3096 impinguet
1519 3035 1677 3096 caput
1718 3042 1933 3094 meum,
1966 3030 2061 3084 sed

485 3119 585 3188 ipsi
613 3119 792 3187 potius
821 3137 840 3170 ‹
872 3119 1092 3173 audient
1129 3120 1290 3174 verba
1337 3133 1488 3184 mea,
1525 3140 1542 3170 ι
1575 3121 1627 3174 id
1658 3129 1770 3185 est,
1804 3123 2061 3191 praedica-

485 3211 685 3267 tionem
725 3225 902 3265 meam
931 3227 944 3264 :
973 3225 1094 3279 qua:
1134 3219 1258 3264 sunt
1295 3210 1591 3276 audienda,
1629 3231 1646 3261 ‹
1680 3213 1932 3281 quoniam
1963 3229 2059 3283 po-

482 3311 731 3367 tuerunt,
763 3319 783 3354 ›
811 3301 865 3357 id
890 3309 1001 3367 est,
1030 3315 1157 3356 vera
1175 3311 1330 3367 sunt;
1352 3302 1446 3356 sed
1470 3303 1717 3372 quamvis
1751 3304 2056 3374 audierunt,

481 3402 663 3448 tamen
686 3392 818 3446 nihil
836 3391 1037 3462 profuit
1055 3392 1180 3459 illis,
1200 3393 1326 3464 quia
1357 3413 1374 3446 (
1403 3394 1541 3448 sicut
1569 3395 1874 3451 crassitudo
1903 3405 2061 3453 terrae

481 3491 670 3554 erupta
692 3492 774 3538 est
800 3499 961 3553 super
983 3491 1213 3550 terram,
1255 3504 1273 3535 ι
1309 3484 1365 3538 id
1393 3492 1506 3551 est,
1537 3486 1838 3540 crassitudo
1871 3488 2059 3544 exiens

482 3575 548 3630 de
577 3584 721 3629 terra
754 3576 1048 3646 corrumpit
1075 3591 1276 3642 aerem,
1303 3586 1357 3632 et
1381 3577 1625 3632 immittit
1649 3579 1857 3634 cladem
1887 3580 2061 3636 homi-

480 3667 667 3733 nibus,
696 3667 774 3722 sic
815 3685 835 3718 ι
868 3666 1124 3737 dissipata
1151 3676 1276 3722 sunt
1314 3683 1438 3723 ossa
1479 3677 1664 3724 nostra
1691 3688 1709 3720 ι
1743 3671 1810 3724 ab
1839 3669 1976 3739 illis,
2004 3673 2060 3728 id

479 3767 593 3826 est,
622 3758 870 3814 fortiores
905 3759 969 3815 de
992 3758 1261 3824 Ecclesia,
1292 3759 1529 3826 scilicet,
1576 3769 1859 3831 martyres.
1891 3779 1911 3812 ‹
1940 3762 2060 3817 Dis-

480 3851 652 3920 sipata
681 3871 699 3903 ›
727 3852 879 3918 dico,
910 3871 928 3902 ι
965 3867 1122 3907 secus
1146 3850 1417 3909 infernum
1435 3891 1452 3918 ,
1482 3871 1500 3902 ι
1531 3852 1585 3907 id
1610 3861 1725 3919 est,
1753 3853 1820 3907 ad
1841 3853 2058 3908 modum

478 3957 669 3998 eorum
701 3945 794 4013 qui
836 3951 1154 4014 reputantur
1182 3944 1329 4012 digni
1357 3942 1596 4008 inferno,
1629 3945 1722 3998 sed
1751 3963 1769 3995 ‹
1821 3945 1946 4014 quia
1991 3946 2057 4001 ad

481 4041 554 4097 te,
583 4033 808 4087 Domine
828 4073 842 4098 ,
875 4032 1118 4098 Domine,
1143 4032 1284 4087 oculi
1326 4033 1430 4087 mei
1459 4052 1476 4084 ι
1505 4042 1630 4087 sunt
1659 4049 1674 4087 :
1706 4042 1762 4087 et
1791 4036 1917 4103 quia
1949 4055 1967 4086 ‹
2002 4035 2057 4090 in

483 4133 534 4179 te
573 4125 818 4194 speravi,
857 4144 876 4176 ι
920 4125 1040 4178 ideo
1076 4142 1094 4174 ι
1134 4140 1242 4179 non
1285 4124 1500 4180 auferas
1537 4144 1557 4178 ι
1589 4141 1620 4180 a
1650 4140 1735 4181 me
1766 4145 1785 4177 ι
1821 4127 2056 4182 animam

481 4228 657 4269 meam
677 4255 692 4280 ,
727 4233 746 4264 ι
778 4213 834 4267 id
857 4222 939 4268 est
957 4253 972 4280 ,
1002 4213 1261 4284 quidquid
1288 4215 1360 4270 sit
1381 4215 1448 4270 de
1474 4230 1733 4286 corpore,
1755 4231 1822 4271 ne
1842 4218 2058 4287 permit-

480 4312 567 4358 tas
585 4301 786 4358 auferri
808 4304 878 4359 ab
905 4304 985 4360 eis
1014 4303 1250 4358 animam
1284 4319 1479 4359 meam.

554 4391 660 4447 Sed
715 4393 893 4464 potius
942 4413 959 4442 ι
1011 4394 1218 4449 custodi
1277 4410 1364 4449 me
1420 4411 1451 4449 a
1509 4395 1728 4466 laqueo,
1770 4416 1788 4447 ι
1841 4396 1895 4451 id
1935 4405 2051 4465 est,

2164 1999 2446 2069 eripiatur,
2474 2001 2530 2054 in
2558 2017 2666 2071 quo
2693 2003 2891 2072 pendet
2917 2005 3094 2060 omnis
3126 2009 3477 2076 exspectatio
3501 2010 3703 2064 ﬁdelium.

2163 2086 2392 2145 Intentio
2413 2097 2529 2154 est,
2553 2106 2653 2146 nos
2673 2094 2920 2161 exemplo
2943 2093 3026 2147 sui
3049 2093 3344 2151 informare
3371 2098 3450 2152 ad
3472 2100 3697 2153 orandum

2233 2178 2397 2246 Quasi
2422 2180 2627 2237 diceret
2649 2181 2898 2238 Christus
2928 2185 3022 2254 qui
3060 2184 3152 2240 hic
3185 2186 3436 2256 loquitur
3463 2207 3479 2241 :
3508 2190 3701 2254 Fratres,

2164 2273 2304 2327 inter
2328 2274 2467 2327 mala
2494 2272 2657 2343 hujus
2678 2275 2804 2328 vita:
2829 2276 3022 2345 positi,
3065 2277 3232 2332 nolite
3265 2293 3505 2336 cessare
3547 2283 3606 2337 ab
3626 2299 3703 2337 or:-

2164 2364 2308 2419 tione
2328 2405 2343 2430 ,
2370 2364 2616 2435 exemplo
2650 2366 2756 2421 mei
2782 2367 3161 2439 instructi,qui
3181 2369 3392 2438 positus
3413 2372 3481 2424 in
3512 2373 3702 2442 spelum

2162 2452 2368 2526 fragilis
2396 2456 2605 2521 carnis,
2642 2476 2659 2506 ι
2689 2456 2915 2512 clamavi
2941 2459 3010 2512 ad
3040 2478 3057 2510 ι
3085 2458 3300 2516 Patrem
3332 2481 3354 2514 ι
3381 2464 3699 2530 Dominum,»

2162 2551 2216 2599 et
2259 2545 2362 2600 hoc
2417 2564 2434 2596 ‹
2467 2560 2601 2601 voce
2649 2561 2800 2613 mea,
2837 2568 2857 2600 ι
2901 2550 3027 2620 quia
3065 2566 3171 2606 non
3214 2552 3557 2609 dissentiunt
3592 2572 3704 2627 open

2162 2650 2282 2690 mea
2311 2636 2377 2690 ab
2403 2638 2649 2692 oratione
2677 2657 2688 2691 :
2722 2639 2846 2708 quia
2876 2641 3020 2710 quod
3043 2656 3175 2697 voce
3207 2653 3396 2714 τοφι,
3437 2647 3704 2717 comprobat

2161 2745 2325 2799 opere
2347 2731 2567 2801 dignum
2604 2747 2725 2787 esse
2752 2741 2811 2787 ut
2835 2733 2938 2788 sibi
2968 2733 3080 2790 fiat.
3113 2734 3245 2792 Dico
3279 2756 3296 2788 ι
3335 2737 3598 2803 clamavi,
3625 2760 3639 2792 ι
3670 2749 3703 2794 et

2162 2836 2271 2876 non
2295 2823 2362 2877 ad
2388 2823 2607 2889 horam,
2633 2825 2728 2880 sed
2751 2824 2818 2879 ad
2845 2825 3128 2881 Dominum
3160 2847 3179 2880 ι
3207 2829 3534 2899 deprecatum
3558 2849 3700 2896 suum

2161 2911 2216 2966 id
2245 2922 2330 2967 est
2352 2953 2366 2978 ,
2397 2913 2611 2969 assidue
2640 2930 2771 2980 oro,
2801 2922 2855 2970 et
2885 2915 2988 2971 hoc
3023 2935 3042 2968 ‹
3087 2932 3217 2972 voce
3255 2934 3400 2974 mea.
3439 2941 3461 2974 ι
3486 2969 3504 2996 κ

2233 3004 2362 3060 Dico
2394 3024 2410 3055 ι
2441 3005 2688 3071 clamavi,
2714 3027 2732 3058 ›
2752 3015 2806 3062 ει
2828 3008 3005 3063 adhuc
3039 3027 3058 3060 ‹
3087 3008 3326 3075 effunde,
3357 3033 3375 3063 ι
3407 3014 3464 3068 id
3491 3024 3583 3076 εει,
3614 3031 3704 3070 cum

2163 3109 2356 3166 magna
2387 3097 2542 3166 copia
2582 3096 2829 3166 profero,
2861 3117 2879 3149 ι
2917 3101 3221 3156 orationem
3265 3118 3443 3158 meam
3479 3125 3498 3156 ι
3525 3121 3703 3160 mansn-

2163 3200 2278 3240 ram
2309 3205 2326 3236 ‹
2361 3189 2417 3242 in
2447 3200 2739 3259 conspectu
2766 3190 2900 3260 ejus,
2928 3212 2944 3241 ι
2974 3191 3025 3245 id
3056 3204 3158 3257 est,
3208 3194 3264 3248 in
3310 3196 3622 3266 beneplacito
3646 3199 3703 3265 ip-

2085 3257 2130 3318 Ο
2163 3278 2275 3333 sius
2323 3297 2342 3330 ι
2374 3289 2428 3335 ει
2457 3300 2475 3331 ι
2527 3282 2692 3336 etiam
2748 3301 2766 3332 ‹
2812 3283 3213 3338 tribulationem
3270 3303 3444 3342 meam
3495 3303 3696 3357 prorum-

2163 3371 2266 3436 tio,
2306 3391 2323 3422 ι
2355 3372 2434 3426 ita
2480 3374 2625 3443 quod
2655 3375 2724 3428 sit
2758 3392 2776 3424 ‹
2817 3384 2944 3430 ante
2969 3375 3150 3445 ipsum
3183 3397 3202 3429 ι
3251 3377 3442 3442 Deum,
3479 3379 3524 3431 id
3546 3385 3616 3431 est
3635 3376 3683 3430 in

2160 3462 2499 3532 beneplacito
2527 3466 2712 3535 ipsius.

2233 3557 2362 3612 Dico
2415 3577 2433 3610 ‹
2467 3557 2682 3614 effundo
2719 3561 3053 3628 orationem,
3103 3582 3121 3615 ι
3169 3571 3224 3619 ει
3272 3567 3378 3621 hoc
3416 3581 3532 3621 cum
3583 3563 3698 3619 omni

2162 3649 2500 3705 humilitate:
2532 3651 2635 3706 hoc
2664 3652 2792 3706 dicit
2827 3672 2846 3703 ι
2870 3654 2924 3706 in
2955 3653 3307 3721 deiicienda,»
3339 3658 3522 3724 idest,
3561 3658 3610 3710 in
3635 3657 3695 3709 de

2162 3738 2511 3809 relinquendo
2541 3759 2559 3792 ι
2614 3741 2864 3811 spiritum
2910 3759 3124 3810 meum,
3164 3767 3182 3799 ι
3228 3763 3330 3801 non
3376 3745 3493 3800 dico
3539 3763 3571 3800 a
3617 3745 3711 3800 Deo

2161 3831 2380 3898 datum,
2425 3832 2535 3886 imo
2561 3831 2653 3902 qui
2689 3853 2706 3884 ι
2749 3848 2818 3887 ει
2852 3823 2992 3888 me";
3027 3845 3113 3890 εει
3137 3877 3151 3900 ,
3187 3836 3238 3889 id
3275 3845 3380 3898 est,
3413 3849 3473 3886 ex
3520 3844 3714 3889 natura

2161 3922 2542 3989 humanitatis,
2580 3925 2671 3993 qui
2719 3939 2993 3994 nunquam
3034 3927 3205 3982 bonus
3234 3934 3344 3991 est,
3379 3927 3465 3982 sed
3493 3940 3720 3997 semper

2160 4016 2392 4086 aliquam
2436 4029 2616 4074 movet
2658 4019 2943 4075 elationem
2980 4040 2993 4076 :
3046 4024 3141 4078 sed
3189 4024 3311 4093 quia
3342 4023 3418 4079 sic
3455 4023 3718 4095 dereliqui

2157 4110 2406 4178 spiritum
2432 4110 2615 4177 illum,
2644 4111 2766 4168 ideo
2805 4131 2823 4165 ι
2859 4121 2938 4180 ιιι,
2977 4134 2998 4167 ι
3027 4103 3274 4184 Domine,
3303 4138 3322 4169 ι
3356 4119 3714 4189 cognovisti,»

2157 4200 2211 4255 id
2241 4212 2352 4266 est,
2385 4205 2692 4272 approbasti
2729 4221 2750 4257 ι
2785 4207 3008 4263 semitas
3032 4223 3182 4264 meas
3201 4250 3216 4276 ,
3247 4229 3267 4263 ι
3306 4211 3361 4265 id
3388 4219 3474 4266 est
3495 4250 3515 4278 ,
3545 4226 3719 4281 opera~

2157 4293 2331 4349 tiones
2360 4309 2528 4351 meas.

2224 4385 2405 4442 Posita
2428 4389 2702 4457 oratione,
2729 4390 2882 4460 ponit
2925 4390 3054 4448 illud
3093 4401 3286 4449 contra
3331 4395 3480 4465 quod
3522 4393 3719 4456 orabat;

481 4481 784 4537 adulatione
804 4523 818 4548 ,
866 4493 921 4538 et
950 4483 1069 4538 aliis
1111 4484 1335 4540 occultis
1379 4485 1620 4552 insidiis,
1663 4507 1682 4539 ε
1732 4501 1892 4557 quem
1927 4508 1946 4539 ι
1977 4487 2053 4541 la-
2154 4482 2310 4552 quasi
2339 4483 2483 4538 dicat
2511 4502 2524 4537 :
2555 4483 2668 4554 Ego
2698 4484 2778 4539 sic
2807 4485 2992 4552 oravi,
3017 4495 3072 4541 et
3102 4487 3158 4540 in
3201 4495 3354 4541 tanta
3396 4487 3722 4547 humilitate.

481 4591 677 4647 qucum
708 4577 807 4647 ipsi
847 4597 866 4629 ι
913 4577 1046 4632 mihi
1072 4585 1377 4632 statuerunt
1407 4599 1428 4660 ι
1463 4589 1525 4633 ιιι
1552 4594 1638 4633 me
1664 4579 2048 4650 illaquearent,
2078 4611 2132 4674 Β
2156 4581 2211 4627 ει
2240 4592 2258 4624 ε
2313 4573 2369 4628 in
2414 4576 2516 4630 hac
2561 4574 2647 4628 Via
2677 4576 2730 4628 in
2761 4591 2866 4645 qua
2910 4575 3281 4642 ambulabam,
3334 4578 3724 4674 absconderant

487 4685 504 4716 ι
536 4675 591 4720 ει
618 4667 686 4721 ab
710 4668 994 4735 scandalis,
1031 4688 1051 4722 ι
1087 4669 1140 4725 id
1169 4677 1272 4735 est,
1297 4685 1326 4722 a
1349 4653 1650 4724 manifestis
1671 4673 2055 4740 persecutioni-

479 4758 579 4812 bus
601 4798 614 4822 ,
651 4777 669 4810 ε
707 4760 1039 4835 operantium
1067 4761 1423 4832 iniquitatem.
1460 4783 1477 4813 ι

549 4850 634 4906 Με
655 4853 872 4922 quidem
897 4857 1167 4912 custodies
1187 4898 1200 4923 ,
1237 4877 1255 4908 ι
1289 4865 1603 4928 peccatores
1644 4877 1663 4910 ι
1698 4867 1877 4913 autem
1913 4875 1932 4909 ι
1964 4873 2054 4914 ca-

477 4940 607 4997 dent
652 4942 707 4996 in
752 4944 1011 5000 retiaculo
1052 4945 1170 5016 ejus
1203 4966 1222 4997 »
1257 4947 1556 5018 iniquitatis
1583 4989 1598 5014 ,
1635 4949 1726 5018 qui
1758 4964 1856 5018 per
1898 4963 2051 5004 suam

480 5029 815 5101 iniquitatem
848 5034 1229 5105 illaqueantur,
1275 5045 1331 5091 et
1368 5037 1561 5092 irretiti
1598 5048 1789 5106 erunt,
1828 5057 1846 5090 ι
1884 5053 1984 5110 ego
2025 5059 2045 5094 ι

479 5132 657 5177 autem
688 5142 708 5175 ε
746 5127 1093 5198 singulariter
1116 5143 1232 5183 sum
1255 5169 1269 5194 ,
1301 5149 1320 5181 ι
1367 5129 1421 5183 id
1470 5139 1583 5196 est,
1614 5131 2046 5200 incombinatus,

2160 4663 2411 4733 superbi,
2467 4684 2485 4716 ›
2532 4665 2736 4719 scilicet
2783 4664 2983 4730 Judaei,
3037 4686 3054 4717 ι
3092 4666 3346 4736 laqueum
3401 4669 3581 4733 mihi,
3634 4687 3650 4718 ι
3687 4666 3726 4717 id

2159 4763 2273 4819 est,
2300 4750 2565 4810 occultam
2596 4767 2847 4823 mortem,
2882 4765 2937 4813 et
2963 4741 3300 4828 qumcunque
3331 4761 3562 4814 occulta
3592 4758 3728 4814 mala.

2228 4847 2331 4917 Ipsi
2361 4849 2689 4918 quaesierunt
2715 4850 2844 4904 mihi
2875 4859 3102 4906 mortem
3132 4849 3366 4917 inferre,
3401 4865 3468 4908 et
3496 4862 3627 4908 tunc
3653 4867 3730 4922 ego

2165 4957 2183 4989 ‹
2213 4938 2621 4994 considerabam
2652 4941 2718 4994 ad
2744 4941 3050 5008 dexteram,
3091 4962 3110 4994 ι
3143 4941 3196 4996 id
3221 4953 3339 5007 est,
3381 4944 3448 4997 in
3483 4946 3732 5015 patior-em

2157 5040 2394 5101 partem,
2439 5031 2646 5086 scilicet
2674 5032 3088 5102 discipulorum,
3138 5053 3155 5086 ‹
3199 5042 3254 5089 ει
3305 5034 3581 5091 videbam
3614 5057 3632 5087 ι
3662 5048 3736 5090 ets

2160 5142 2178 5172 ι
2207 5131 2261 5177 ει
2303 5137 2409 5176 non
2441 5130 2561 5176 erat
2594 5142 2611 5173 ι
2648 5123 2790 5178 inter
2840 5139 2963 5189 eos,
3007 5142 3026 5175 ‹
3063 5124 3155 5194 qui
3205 5137 3590 5195 cognosceret
3619 5140 3735 5181 me:

2153 5218 2319 5272 Deum
2351 5232 2502 5283 esse,
2544 5233 2665 5272 cum
2695 5218 2844 5287 prius
2869 5218 3092 5274 dixisset
3139 5218 3187 5271 ei
3231 5217 3442 5275 Petrus
3479 5240 3492 5274 :
3538 5241 3559 5270 ι
3602 5221 3745 5274 Tues

2152 5307 2400 5363 Christus
2425 5308 2593 5363 Filius
2619 5309 2713 5364 Dei
2733 5311 2838 5363 vivi
2864 5308 3250 5381 (Matth.xvr).t
3271 5309 3412 5364 Item
3437 5328 3456 5366 :
3482 5333 3505 5364 ι
3532 5313 3593 5368 Si
3609 5327 3750 5383 Opor-

2150 5399 2313 5453 tuerit
2339 5415 2424 5455 me
2450 5400 2586 5454 mori
2604 5409 2802 5466 tecum,
2823 5415 2926 5456 non
2946 5411 2997 5456 te
3012 5403 3218 5472 negabo
3235 5401 3472 5473 (Matth.
3505 5406 3698 5470 xxvi);
3731 5424 3744 5452 ι

2154 5501 2207 5548 ει
2235 5492 2504 5562 signiﬁcat
2530 5493 2619 5546 hic
2647 5501 2855 5562 tempus
2883 5492 3011 5548 illud
3045 5509 3154 5548 suae
3181 5495 3468 5564 passionis
3488 5539 3507 5564 ,
3543 5495 3756 5568 quando

2155 5583 2380 5652 apostoli
2406 5583 2653 5637 abierunt
2682 5591 2856 5648 retro,
2889 5583 3077 5638 relicto
3101 5599 3166 5639 eo
3193 5582 3408 5654 (Ibid.).

2223 5681 2304 5736 Illi
2327 5697 2434 5737 non
2461 5692 2826 5752 cognoverunt
2847 5698 2968 5749 mer,
2997 5684 3091 5739 sed
3129 5683 3407 5754 fugierunt
3446 5706 3467 5736 ε
3522 5703 3560 5742 a
3592 5703 3711 5748 me,
3741 5704 3755 5734 ›

2156 5789 2304 5829 vero.
2340 5794 2357 5825 ε
2393 5773 2731 5845 Periitfuga,
2762 5794 2778 5825 ι
2807 5773 2861 5828 id
2881 5781 2988 5841 est,
3009 5790 3115 5830 non
3134 5773 3377 5845 fugi,sed
3406 5779 3626 5846 potius
3645 5792 3764 5847 prec

2158 5868 2272 5924 misi
2305 5883 2389 5922 me
2421 5868 2471 5921 in
2514 5875 2740 5923 mortem
2783 5867 2899 5923 dari
2939 5882 3038 5938 pro
3082 5868 3400 5924 liberatione
3465 5871 3765 5927 aliorum:

479 5229 584 5268 non
611 5214 924 5284 coniunctus
947 5217 1052 5272 illis
1075 5258 1090 5283 ,
1122 5217 1293 5274 donec
1319 5227 1592 5276 transeam
1622 5221 1687 5276 de
1715 5221 1818 5276 hac
1843 5222 1974 5276 vita.

933 5355 998 5409 IN
1037 5354 1364 5411 PSALMUM
1403 5355 1580 5412 CXLI.

481 5468 719 5525 TITULUS
765 5488 776 5523 :
818 5467 1118 5524 Intellectus
1157 5469 1326 5553 David
1354 5487 1472 5525 cum
1499 5479 1627 5525 esset
1667 5472 1724 5526 in
1763 5471 2046 5542 spelunca,

1174 5553 1361 5596 oratio.

559 5679 728 5734 «Voce
752 5693 890 5733 mea.
924 5699 941 5731 ι
967 5679 1046 5734 Ex
1072 5679 1298 5734 historia
1320 5679 1484 5734 mittit
1505 5692 1603 5732 nos
1629 5678 1694 5732 ad
1717 5678 2044 5752 allegoriam,

483 5772 688 5828 scilicet
714 5774 853 5844 quod
881 5774 1019 5829 sicut
1042 5774 1210 5828 David
1234 5771 1444 5844 fug‘iens
1470 5771 1600 5828 Saul
1618 5813 1633 5838 ,
1665 5771 1837 5828 latens
1857 5774 1909 5830 in
1937 5790 2050 5845 spe-

483 5868 659 5926 lunca.
713 5867 885 5922 oravit
935 5865 986 5934 (1
1021 5865 1141 5935 Reg.
1177 5867 1354 5935 χειν),
1384 5882 1603 5923 carnem
1643 5865 1924 5924 mortalem
1953 5883 2049 5937 per
