3898 6510
176 507 298 562 675

1360 497 1793 556 EXPLANATIO
1829 496 1895 554 IN
1933 497 2266 557 PSALMOS.

3325 509 3428 565 δτι

181 637 203 670 ι
248 625 308 672 ει
333 630 443 673 non
479 624 563 672 εει
595 634 614 668 ι
650 622 777 671 tunc
820 616 1067 670 inventus
1107 613 1300 683 aliquis
1335 632 1353 664 ι
1383 613 1475 682 qui
1521 613 1762 683 requirat
1787 614 1838 675 Α
1865 611 2094 669 ﬁetsibi.
2115 615 2289 670 Etbic
2313 614 2554 686 psalmus
2576 624 2659 671 est
2679 630 2820 672 unus
2841 615 2909 671 de
2931 625 3136 687 septem
3158 620 3431 688 paeniten-

173 710 429 764 animam
449 723 658 783 meam,
690 728 708 760 ι
735 707 788 763 id
815 715 930 774 est,
955 707 1046 778 qui
1075 707 1234 762 vellet
1259 705 1561 784 passionem
1585 721 1759 762 meam

172 799 412 854 imitari.

259 908 280 941 ι
312 888 554 946 Clamavi
575 890 643 946 ad
665 897 747 954 te,
774 889 1019 946 Domine.
1051 910 1068 940 ι
1099 890 1234 946 Pars
1254 890 1507 946 secunda.
1535 891 1616 946 Ab
1639 890 1758 945 aliis

169 980 443 1036 auxilium
492 997 598 1037 non
648 983 846 1049 habui,
893 982 987 1038 sed
1035 998 1362 1055 cognoscens
1419 991 1473 1040 te
1538 983 1755 1039 unicum

170 1091 366 1130 meum
397 1075 661 1145 refugium
682 1117 695 1142 ,
733 1095 753 1127 ‹
791 1076 1020 1132 clamavi
1049 1077 1116 1132 ad
1157 1088 1239 1143 te,
1272 1077 1494 1132 Domine
1525 1096 1543 1128 ι
1576 1076 1752 1143 Pater,

168 1168 331 1222 omni
361 1168 663 1224 devotione.
691 1168 845 1234 Dixi,
871 1169 950 1224 Tu
981 1184 1040 1225 es
1063 1184 1186 1239 spes
1212 1184 1352 1235 mea,
1388 1189 1407 1222 ι
1443 1168 1604 1224 veluti
1632 1184 1754 1224 cum

169 1257 232 1312 in
268 1274 438 1314 cruce
470 1259 608 1314 dixit
641 1277 652 1312 :
695 1278 714 1310 ‹
743 1258 921 1324 Pater,
959 1259 1014 1314 in
1047 1275 1238 1314 manus
1279 1271 1400 1314 tuas
1440 1259 1754 1314 commendo

171 1349 436 1420 spiritum
466 1364 644 1404 meum
675 1349 850 1420 (Luc.,
877 1350 1054 1422 xxiii).
1092 1369 1109 1399 ι
1144 1349 1393 1421 Magnam
1421 1351 1576 1406 nobis
1600 1366 1750 1406 com-

168 1440 401 1494 mendat
435 1438 685 1494 Christus
729 1455 881 1495 suam
927 1440 1286 1496 humilitatem
1315 1442 1406 1510 qui
1435 1456 1648 1511 semper
1685 1443 1753 1498 ad

169 1530 350 1585 Deum
376 1532 589 1594 Patrem
615 1531 867 1588 clamavit
901 1550 913 1585 :
942 1534 992 1587 ei
1023 1548 1179 1588 suum
1215 1533 1554 1589 commendat
1588 1533 1748 1604 spiri-

167 1625 290 1673 tum
309 1660 324 1685 ,
353 1635 477 1674 cum
503 1621 604 1676 sibi
639 1619 866 1676 haberet
888 1624 1136 1677 eamdem
1160 1621 1365 1675 unitam
1393 1621 1744 1692 divinitatem,

167 1712 241 1766 ad
257 1728 425 1783 quam
447 1714 725 1780 clamaret,
749 1715 836 1770 cui
854 1715 1100 1784 spiritum
1123 1723 1306 1784 posset
1330 1721 1706 1772 commendare
1730 1735 1763 1771 ε,

165 1811 226 1857 ει
258 1803 316 1857 in
346 1804 448 1858 hac
493 1804 799 1859 humilitate
826 1820 925 1860 nos
952 1806 1119 1860 voluit
1149 1805 1251 1862 sibi
1293 1808 1662 1875 conformare,
1688 1816 1749 1864 ut

166 1894 310 1947 nihil
340 1894 396 1948 in
423 1895 580 1949 nobis
611 1895 942 1950 conﬁdamus
962 1938 976 1961 ,
1003 1899 1096 1952 sed
1124 1898 1304 1952 omnia
1341 1914 1371 1952 a
1412 1899 1522 1954 Deo
1557 1913 1746 1970 exspe-

1862 706 2100 772 tialibus,
2115 707 2207 776 qui
2222 721 2480 762 numerus
2493 708 2694 778 aliquid
2707 709 2862 764 nobis
2879 717 3048 765 notat:
3064 712 3157 766 sed
3170 713 3292 781 quia
3308 727 3432 768 cum

1861 796 1970 853 sint
1997 806 2201 869 septem
2219 797 2357 862 dies,
2378 812 2476 868 per
2499 813 2636 868 quos
2657 799 2968 855 universum
2991 807 3202 870 tempus
3232 802 3434 873 agitur,

1859 889 1937 944 sic
1962 897 2168 959 septem
2189 888 2381 957 psalmi
2402 889 2807 958 poenitentiales
2826 906 2923 960 per
2941 891 3181 962 singulos
3206 892 3320 948 dies
3340 908 3437 948 no-

1856 980 1941 1036 bis
1960 981 2324 1038 necessariam
2351 996 2473 1036 esse
2484 984 2861 1051 paenitentiam
2877 987 3185 1042 ostendunt.
3201 986 3432 1043 Intentio

1857 1079 1940 1127 est
1985 1086 2085 1126 nos
2123 1071 2190 1126 ad
2241 1071 2613 1144 paenitentiam
2658 1073 2889 1129 invitare
2933 1076 3180 1146 exemplo
3218 1078 3320 1132 sui.

1925 1163 2090 1230 Quasi
2115 1163 2353 1219 diceret:
2378 1163 2516 1219 Dum
2546 1167 2808 1235 superbus
2835 1166 2910 1221 fui
2929 1208 2942 1233 ,
2967 1176 3020 1222 et
3044 1182 3269 1238 peccare
3296 1169 3429 1226 mihi

1853 1255 2075 1327 placuit,
2118 1271 2226 1310 non
2270 1255 2370 1310 fuit
2397 1254 2600 1324 justum
2638 1267 2700 1312 ut
2725 1274 2813 1314 me
2841 1259 3145 1326 exaudires,
3183 1261 3278 1317 sed
3306 1261 3432 1332 quia

1845 1344 1962 1416 jam
2015 1345 2171 1402 doleo
2205 1345 2272 1400 de
2319 1345 2575 1416 peccatis,
2625 1354 2681 1400 et
2723 1347 2916 1402 deinde
2956 1363 3170 1404 cessare
3217 1351 3430 1417 studeo,

1851 1435 1998 1504 ideo,
2030 1455 2048 1486 ι
2079 1435 2326 1502 Domine,
2370 1437 2568 1493 exaudi
2615 1438 2916 1494 orationem
2959 1455 3136 1495 meam
3178 1450 3233 1497 et
3277 1444 3432 1498 obse-

1851 1528 2149 1583 crationem
2197 1544 2394 1595 meam,
2425 1549 2444 1581 ι
2498 1529 2552 1584 id
2577 1538 2681 1596 est,
2727 1531 3156 1588 obsecrationem
3185 1549 3279 1604 per
3305 1551 3430 1590 cru-

1848 1634 1988 1684 cem,
2025 1628 2080 1674 et
2100 1635 2197 1690 per
2219 1620 2573 1688 nativitatem,
2602 1628 2655 1676 et
2685 1620 2909 1685 similia,
2939 1637 3059 1691 quae
3088 1623 3302 1692 quidem
3347 1624 3429 1679 fa—

1846 1709 2036 1764 cienda
2079 1718 2182 1775 est,
2217 1709 2307 1764 ubi
2355 1725 2543 1781 magna
2593 1710 2856 1766 incumbit
2897 1713 3194 1768 necessitas
3234 1731 3246 1766 :
3287 1713 3432 1769 illam

1846 1799 2308 1866 misericordiam,
2360 1801 2790 1857 obsecrationem
2833 1815 2945 1856 non
2993 1803 3165 1858 dicam
3213 1803 3429 1870 exaudi,

1845 1890 1943 1945 sed
1978 1909 1996 1942 ‹
2029 1890 2250 1946 auribus
2275 1892 2515 1962 percipe,
2554 1912 2572 1944 ι
2627 1892 2680 1946 id
2722 1900 2825 1959 εει,
2869 1892 3156 1964 diligenter
3183 1895 3430 1950 attende:

168 1990 405 2038 olemus.
431 1983 573 2050 Dixi,
601 1983 679 2038 Tu
705 1999 763 2039 es
795 1999 918 2054 spes
937 2000 1076 2052 mea,
1103 1997 1157 2041 et
1182 1988 1310 2053 dixi,
1330 1987 1408 2042 Tu
1439 2003 1497 2044 es
1531 2007 1549 2039 ι
1569 1990 1745 2059 portio
1771 1985 1820 2044 B
1845 1992 1901 2039 et
1920 1983 2020 2039 hoc
2049 2004 2066 2036 ί
2095 1985 2150 2038 in
2174 1984 2400 2042 veritate
2424 1993 2535 2050 tua,
2569 2005 2586 2036 i
2613 1985 2669 2040 id
2688 1994 2790 2052 est,
2821 1993 2881 2040 ut
2904 2001 3063 2042 verus
3087 2003 3349 2058 appareas
3377 1990 3433 2044 in

167 2086 298 2126 mea
340 2073 393 2127 in
425 2083 570 2129 terra
606 2076 931 2141 viventium,
968 2094 988 2128 ι
1040 2079 1194 2147 quasi
1228 2095 1368 2135 unus
1406 2096 1589 2150 quer
1634 2099 1752 2140 esse

165 2163 236 2217 de
264 2163 373 2218 illis
407 2165 500 2234 qui
536 2154 799 2220 vivent'in
832 2166 1039 2222 caelesti
1065 2176 1228 2224 terra.

239 2252 399 2320 Dixi,
437 2252 517 2308 Tu
543 2270 602 2310 es
650 2271 772 2326 spes
802 2271 950 2322 mea,
981 2265 1035 2312 et
1075 2265 1164 2324 tu,
1215 2259 1467 2328 Domine,
1499 2263 1552 2316 in
1592 2280 1751 2334 quem

159 2361 363 2416 spero,
397 2365 417 2399 ι
461 2347 679 2404 intende
707 2349 774 2403 ad
801 2349 1231 2419 deprecationem
1273 2370 1478 2422 meam,
1519 2375 1536 2407 ι
1580 2358 1646 2411 de
1669 2372 1752 2411 re-

161 2437 411 2493 motione
455 2439 720 2494 malorum
765 2439 995 2508 factam,
1050 2460 1069 2492 ‹
1107 2443 1233 2512 quia
1279 2446 1590 2502 humiliatus
1631 2465 1748 2503 sum

168 2530 361 2595 nimis,
398 2550 417 2581 ›
448 2531 576 2601 quia
596 2531 867 2587 exinanivi
896 2532 1157 2604 meipsum
1176 2575 1191 2601 ,
1226 2534 1451 2592 formam
1484 2540 1624 2594 servi
1654 2556 1745 2595 ac-

159 2621 376 2692 cipiens
400 2621 620 2695 (Philip.
650 2626 733 2696 il).

239 2711 334 2768 Sie
357 2713 572 2782 quidem
604 2715 824 2772 intende
842 2756 858 2783 ,
894 2736 912 2769 ‹
941 2717 1109 2774 libera
1135 2734 1222 2774 me
1243 2735 1274 2772 a
1300 2723 1746 2790 persequentibus

166 2818 278 2870 me,
322 2823 340 2856 ι
369 2812 424 2859 ει
449 2820 584 2876 opus
607 2814 691 2861 est
723 2825 741 2858 ι
780 2809 906 2878 quia
934 2809 1221 2866 confortati
1247 2821 1373 2866 sunt
1400 2828 1560 2883 super
1587 2830 1695 2880 me,
1721 2834 1739 2864 ι

162 2902 430 2962 quantum
452 2895 520 2949 ad
547 2910 773 2966 corpus,
807 2900 951 2967 quod
989 2900 1317 2971 permissum
1345 2911 1430 2959 est
1469 2903 1549 2960 eis
1575 2921 1605 2959 a
1634 2906 1744 2960 Deo

161 2982 220 3038 in
249 2994 481 3040 mortem
507 2986 653 3042 dare.

235 3077 346 3142 lta,
381 3077 530 3144 dico,
579 3099 597 3130 ‹
625 3079 794 3136 libera
824 3097 935 3148 me,
974 3103 992 3134 ι
1039 3084 1246 3140 scilicet
1281 3105 1299 3137 ‹
1334 3086 1472 3143 educ
1501 3088 1737 3144 animam

158 3185 344 3224 meam
372 3169 438 3225 de
473 3172 744 3239 custodia,
777 3192 794 3226 ι
835 3175 890 3228 id
915 3184 1026 3240 εει,
1063 3175 1128 3230 de
1156 3175 1396 3242 inferno,
1432 3178 1521 3233 ubi
1547 3181 1740 3235 anima:

157 3261 377 3316 illorum
402 3261 639 3319 ﬁdelium
660 3281 690 3319 a
711 3265 924 3321 diabolo
944 3268 1248 3324 retinentur
1267 3279 1322 3324 et
1339 3273 1733 3327 custodiuntur.

1852 2073 2154 2142 promissis,
2187 2075 2312 2144 quia
2339 2075 2635 2145 promisisti
2663 2076 3042 2132 exauditurum
3073 2078 3224 2132 illum
3256 2080 3348 2150 qui
3375 2094 3434 2134 se

1852 2165 2234 2232 humiliaverit,
2291 2168 2511 2222 dicens:
2559 2167 2945 2224 Convertimini
2991 2169 3060 2224 ad
3099 2186 3204 2237 me,
3234 2180 3290 2225 et
3333 2187 3432 2242 ego

1852 2269 2138 2312 convertar
2185 2259 2253 2313 ad
2299 2274 2396 2314 vos
2425 2257 2608 2330 (Zach.
2651 2259 2723 2329 1);
2777 2269 2831 2313 et
2878 2261 2982 2316 hoc
3022 2269 3146 2316 est:
3179 2279 3196 2312 ι
3223 2261 3431 2316 Exaudi

1851 2364 1939 2403 me
1983 2349 2037 2402 in
2065 2356 2157 2405 tua
2181 2348 2412 2416 justitia,
2446 2370 2464 2401 ι
2520 2349 2574 2403 id
2600 2358 2701 2416 est,
2734 2351 2838 2406 hoc
2879 2350 3047 2421 exigit
3093 2360 3183 2405 tua
3224 2352 3433 2421 justitia

1850 2444 1910 2492 ut
1935 2438 2197 2507 promissa
2229 2447 2320 2492 tua
2347 2439 2653 2509 compleas:
2680 2439 2817 2493 bene
2851 2439 2981 2494 dicit
3014 2457 3033 2490 ‹
3066 2440 3120 2494 in
3150 2447 3241 2493 tua
3275 2439 3432 2508 justi-

1850 2529 1942 2594 tia,
1983 2548 2002 2579 ι
2032 2529 2157 2598 quia
2187 2529 2437 2601 intelligit
2464 2528 2732 2598 justitiam
2761 2529 2856 2584 Dei
2887 2545 3099 2601 semper
3129 2531 3184 2584 in
3216 2530 3432 2586 miseri-

1846 2621 2031 2676 cordia
2060 2635 2199 2677 esse.

1917 2711 2048 2767 Dico
2104 2733 2122 2764 ‹
2153 2713 2370 2780 exaudi,
2436 2721 2490 2770 et
2544 2725 2652 2770 n‘on
2705 2715 2876 2770 intres
2911 2715 2968 2770 in
3014 2715 3276 2786 judicium
3306 2732 3428 2771 cum

1838 2813 2002 2856 "servo
2030 2810 2144 2867 tuo,
2185 2821 2203 2852 ι
2238 2802 2292 2857 id
2317 2810 2484 2868 est,ut
2514 2803 2807 2858 secundum
2829 2805 3022 2858 merita
3047 2819 3134 2858 me
3159 2819 3267 2859 non
3282 2804 3430 2874 judi-

1844 2907 1955 2958 ces,
1989 2910 2007 2943 ‹
2036 2893 2161 2962 quia
2193 2909 2300 2948 non
2321 2893 2706 2964 justiﬁcabitur
2732 2894 2786 2948 in
2811 2903 3102 2965 conspectu
3131 2902 3223 2950 tuo
3251 2894 3428 2950 omnis

1843 2982 2049 3049 vivens,
2091 3001 2109 3034 ι
2144 2985 2268 3051 quia
2302 2993 2551 3054 respectu
2595 2985 2672 3038 tui
2707 2985 2892 3040 nullus
2938 2985 3208 3040 invenitur
3228 2985 3427 3055 justus,

1841 3086 2016 3141 neque
2060 3074 2353 3144 pr0pheta,
2405 3088 2580 3143 neque
2629 3074 2934 3144 apostolus,
2983 3089 3158 3146 neque
3206 3074 3430 3145 angelus

1840 3162 2027 3216 etiam.

1908 3251 2034 3306 ldeo
2056 3267 2249 3321 precor
2273 3261 2333 3307 ut
2360 3267 2468 3308 non
2499 3253 2666 3310 intres
2701 3254 2756 3308 in
2777 3255 3065 3324 judicium,
3105 3275 3123 3306 ‹
3160 3257 3286 3327 quia
3319 3258 3425 3313 ini-

164 3375 183 3405 ε
226 3355 375 3410 Educ
406 3375 424 3406 ,
466 3357 614 3424 dico,
651 3378 668 3407 ε
709 3358 776 3411 ad
819 3359 1184 3414 conmendum
1233 3362 1440 3416 nomini
1479 3372 1600 3428 tuo,
1637 3384 1655 3416 ,
1685 3365 1738 3420 id
1766 3345 1810 3408 C
1841 3346 2033 3412 micus,
2068 3365 2086 3396 ι
2124 3347 2176 3399 id
2210 3355 2314 3412 εει,
2344 3347 2486 3402 ﬁlius
2518 3362 2691 3413 meus,
2725 3347 2929 3403 scilicet
2964 3349 3200 3404 carnalis
3225 3360 3426 3418 motus,

158 3453 272 3510 est,
301 3444 370 3501 de
397 3461 516 3500 mea
548 3447 832 3502 eductione
878 3449 1124 3505 laudetur
1166 3466 1364 3507 nomen
1395 3461 1577 3520 tuum,
1609 3464 1666 3510 et
1705 3470 1736 3508 a

158 3553 249 3592 me
275 3538 420 3592 etab
449 3538 569 3593 aliis
614 3540 859 3596 liberatis
885 3558 982 3611 per
1025 3559 1111 3598 me
1149 3562 1160 3596 :
1194 3554 1248 3599 et
1286 3561 1506 3602 necesse
1551 3557 1635 3603 est
1679 3556 1739 3603 ut

160 3627 394 3694 educas,
435 3630 690 3698 quoniam
733 3649 751 3680 ι
788 3647 874 3686 me
916 3643 1232 3702 exspectant
1261 3634 1394 3704 justi
1432 3658 1450 3688 ι
1481 3639 1735 3695 liberato-

164 3729 277 3769 rem
304 3732 492 3784 suum,
531 3738 549 3771 ι
589 3719 760 3775 donec
795 3723 1062 3777 retribuas
1102 3725 1268 3793 mihi,
1300 3745 1319 3777 ι
1350 3727 1528 3784 dando
1556 3746 1737 3785 resur-

160 3807 452 3864 rectionem
472 3824 570 3879 pro
593 3827 711 3866 mea
738 3812 1063 3869 obedientia.
1089 3815 1207 3870 Alia
1240 3817 1521 3875 translatio
1553 3820 1731 3888 habet,

166 3916 182 3946 ι
221 3896 353 3954 educ
384 3901 449 3954 de
475 3916 717 3958 carcere.
758 3923 776 3955 ι

602 4033 670 4088 ΙΝ
707 4033 1036 4093 PSALMUM
1085 4037 1282 4094 CXLII.

228 4145 462 4203 TtrULus
491 4165 506 4202 :
540 4146 786 4227 Psalmus
813 4151 982 4206 David
999 4193 1017 4227 ,_
1041 4171 1161 4227 cum
1183 4158 1585 4227 persequebatur
1611 4177 1727 4215 eum

659 4220 801 4288 filius
830 4240 956 4276 suus
983 4220 1234 4280 Absaloh.

235 4367 252 4399 ι
299 4348 556 4416 Domine,
606 4353 798 4409 exaudi
850 4355 1150 4412 orationem
1199 4375 1395 4416 meam.
1429 4382 1446 4412 ι
1483 4363 1733 4422 Psalmus

160 4442 260 4496 iste
289 4443 538 4498 convenit
585 4444 752 4500 David
773 4486 788 4510 ,
831 4447 886 4500 id
915 4457 1000 4503 est
1031 4450 1224 4520 cuique
1254 4467 1382 4508 vero
1411 4458 1727 4523 poenitenti;

161 4537 327 4594 factus
367 4540 580 4610 quando
608 4540 749 4596 ﬁlius
782 4539 930 4610 ejus,
965 4543 1019 4598 id
1058 4554 1142 4600 est
1173 4547 1406 4602 carnalis
1442 4558 1650 4616 motus,
1676 4560 1731 4607 et

163 4633 292 4689 alius
316 4634 538 4704 quilibet
565 4634 739 4690 malus
763 4644 947 4702 actus,
969 4653 1106 4706 quos
1133 4639 1235 4693 sibi
1263 4640 1422 4696 homo
1450 4656 1549 4710 per
1573 4659 1725 4698 suam

1844 3455 1864 3488 ι
1917 3446 2000 3492 εει
2042 3447 2394 3506 persecutus,
2428 3458 2446 3490 ι
2496 3454 2662 3510 prave
2712 3441 3077 3512 suggerendo,
3136 3460 3154 3492 ι
3187 3443 3422 3498 animam

1836 3542 2034 3593 meam,
2071 3546 2090 3579 ›
2126 3528 2180 3583 id
2205 3538 2304 3595 εει,
2338 3530 2602 3585 rationem
2665 3546 2860 3598 meam,
2891 3540 2948 3588 et
2996 3551 3014 3582 ‹
3045 3533 3366 3602 humiliavit,
3399 3553 3418 3587 ι

1837 3617 1892 3671 id
1916 3627 2014 3681 est,
2057 3618 2344 3689 depressit,
2399 3641 2416 3672 ‹
2456 3620 2626 3675 vitam
2667 3636 2843 3676 meam
2884 3623 2940 3678 in
2977 3632 3141 3691 terra,
3179 3645 3196 3676 ι
3238 3625 3290 3680 id
3321 3635 3422 3692 est,

1837 3715 1897 3761 ut
1924 3709 2154 3764 terrenis
2197 3710 2311 3780 ipsa
2343 3711 2523 3765 anima
2554 3711 2892 3767 adhaereret:
2917 3721 2972 3768 et
2998 3715 3159 3768 etiam
3199 3733 3216 3765 ι
3254 3715 3422 3770 collo»

1835 3801 1978 3855 cavit
2005 3816 2091 3856 me
2125 3802 2177 3856 in
2203 3802 2470 3868 obscuris,
2510 3823 2528 3855 ι
2563 3803 2616 3858 id
2650 3811 2756 3870 est,
2799 3803 2854 3858 in
2878 3804 3242 3874 profunditate
3267 3806 3426 3862 vitio-

1835 3908 1976 3958 rum,
2012 3912 2029 3943 ι
2065 3894 2203 3949 sicut
2250 3903 2491 3950 mortuos
2521 3896 2723 3962 smeuli,
2762 3916 2780 3947 ›
2810 3897 2864 3951 id
2889 3905 2991 3962 est,
3022 3897 3289 3966 quoslibet
3327 3898 3411 3952 in—

1835 3980 2019 4037 ﬁdeles
2043 4023 2057 4050 ,
2107 3998 2240 4052 quos
2295 3985 2533 4055 peccatis
2595 3986 2834 4041 irretitos
2879 4002 3102 4057 prorsus
3161 3989 3418 4044 saeculum

1832 4073 2107 4144 possidet:
2159 4093 2178 4125 ι
2205 4083 2302 4129 ει»
2355 4075 2475 4131 ideo
2524 4094 2544 4128 ‹
2577 4077 2802 4147 spiritus
2845 4091 2998 4133 meus
3040 4078 3290 4135 anxiatus
3341 4088 3426 4135 εει

1833 4179 1997 4235 super
2026 4179 2136 4232 me,
2168 4183 2187 4216 ι
2230 4165 2284 4220 id
2312 4175 2418 4232 est,
2447 4168 2513 4222 de
2548 4183 2659 4235 me,
2687 4169 2790 4224 hoc
2819 4175 2924 4236 est,
2955 4171 3421 4240 compunctionem

1831 4263 1888 4310 et
1913 4254 2151 4311 dolorem
2178 4257 2342 4312 habui
2370 4258 2436 4314 de
2460 4259 2698 4329 peccatis
2727 4261 2884 4326 meis,
2916 4267 2970 4315 et
3005 4279 3023 4312 ‹
3044 4277 3138 4316 cor
3159 4277 3364 4328 meum,
3395 4281 3414 4314 ι

1833 4344 1887 4399 id
1912 4353 2018 4412 est,
2045 4347 2182 4400 ratio
2216 4361 2361 4414 mea,
2417 4366 2436 4398 ι
2462 4350 2843 4404 conturbatum
2866 4359 2950 4406 est
2985 4351 3040 4406 in
3078 4369 3186 4421 me,
3219 4373 3236 4406 ι
3291 4357 3417 4425 quia

1833 4450 1901 4490 ex
1943 4450 2030 4491 me
2062 4437 2369 4493 nesciebam
2421 4441 2691 4509 quomodo
2720 4441 2786 4497 de
2813 4441 2916 4497 hac
2941 4445 3254 4513 captivitate
3293 4461 3420 4517 pos-

1833 4540 1949 4582 sem
1978 4543 2148 4584 extre.

1901 4627 1969 4682 Et
1997 4629 2053 4682 in
2080 4629 2184 4684 hac
2235 4629 2545 4686 turbatione
2600 4649 2619 4682 ‹
2648 4647 2857 4688 memor
2904 4633 2982 4690 fui
3033 4635 3241 4691 dierum
3277 4641 3416 4694 anti-

163 4725 364 4794 culpam
393 4727 579 4799 genuit
597 4767 612 4793 ,
642 4728 1071 4798 persequebatur
1096 4745 1216 4784 eum
1237 4774 1252 4796 ,
1295 4732 1348 4786 id
1387 4741 1498 4798 est,
1528 4733 1726 4807 aﬁlige.
1756 4715 1807 4774 D
1831 4733 2080 4789 quorum,
2110 4740 2129 4771 ›
2162 4722 2214 4777 id
2241 4730 2344 4787 est,
2378 4723 2434 4777 in
2460 4722 2660 4794 quibus
2684 4724 2804 4781 aliis
2837 4727 3222 4795 paenitentibus
3252 4731 3416 4787 mise-

164 4817 251 4872 bat
275 4816 456 4872 multis
487 4818 750 4889 angustiis
769 4860 784 4885 ,
822 4827 879 4873 et
909 4818 1157 4888 ejiciebat
1183 4836 1306 4875 eum
1337 4824 1403 4876 de
1439 4839 1606 4894 regno
1628 4867 1643 4892 ,
1674 4827 1728 4883 id

163 4917 245 4963 est
272 4908 334 4962 de
356 4908 442 4963 illa
476 4901 735 4979 dignitate
763 4909 820 4963 in
849 4925 954 4979 qua
999 4909 1159 4964 homo
1196 4922 1409 4968 creatus
1437 4925 1520 4969 est
1542 4957 1555 4983 ,
1590 4917 1729 4972 sicut

165 4999 382 5055 Absalon
407 5009 719 5072 persecutus
762 5011 973 5072 patrem
1017 5019 1172 5058 suum
1213 5003 1350 5073 fuit,
1385 5016 1440 5062 et
1467 5009 1534 5063 de
1563 5026 1727 5082 regno

165 5092 332 5164 ejecit.
365 5091 588 5148 Materia
632 5101 720 5148 est
760 5094 847 5148 hic
887 5110 1048 5150 verus
1075 5097 1345 5166 paenitens
1373 5115 1386 5152 :
1414 5107 1470 5153 et
1504 5101 1645 5156 sicut
1669 5102 1724 5155 in

167 5183 279 5239 aliis
299 5185 754 5255 puenitentialibus
770 5227 786 5254 ,
824 5186 898 5242 ita
925 5187 1091 5243 etiam
1119 5189 1208 5245 hic
1233 5191 1430 5247 bonum
1453 5192 1616 5250 ﬁnem
1639 5210 1728 5251 os-

171 5273 326 5330 tendit
365 5277 696 5345 pmnitentis.
736 5277 794 5332 ln
824 5279 999 5348 prima
1041 5290 1194 5351 parte
1236 5284 1389 5354 ponit
1425 5285 1726 5340 orationem

143 5369 517 5444 concessivam
535 5411 550 5436 ,
584 5385 691 5426 non
731 5373 1041 5428 excusando
1065 5373 1279 5444 culpam
1303 5391 1457 5431 suam
1477 5417 1491 5442 ,
1522 5381 1726 5446 etjnar—

171 5470 248 5516 rat
287 5478 408 5518 suas
454 5463 736 5532 miserias,
784 5474 846 5520 ut
878 5466 1115 5538 judicem
1167 5468 1235 5522 ad
1299 5471 1725 5529 misericordiam

173 5565 508 5610 commoveat.
549 5555 795 5612 Ostendit
833 5558 996 5612 etiam
1027 5574 1084 5613 se
1112 5559 1247 5615 bene
1287 5559 1354 5614 ad
1383 5563 1555 5632 ipsum
1577 5562 1724 5632 judi-

175 5659 279 5700 cem
303 5660 617 5701 conversum
637 5687 650 5710 ,
680 5655 739 5700 ut
762 5647 840 5703 sic
866 5648 1058 5720 dignus
1085 5649 1350 5717 videatur,
1379 5668 1540 5722 super
1561 5669 1721 5725 quem

170 5734 318 5805 judex
350 5737 435 5806 pia
459 5734 743 5793 aﬁ‘ectione
771 5747 1068 5794 moveatur.
1104 5739 1160 5794 lu
1205 5743 1469 5808 secunda,
1496 5759 1616 5814 quae
1644 5746 1724 5800 in-

176 5827 327 5897 cipit:
357 5847 376 5880 ‹
413 5828 678 5885 Velociter
713 5830 905 5886 exaudi
928 5847 1042 5898 me,
1083 5851 1102 5884 ›
1138 5842 1391 5902 precatur
1419 5836 1526 5892 cito
1554 5852 1722 5892 exau-

178 5919 286 5982 diri.
317 5930 368 5975 et
395 5923 447 5977 in
477 5922 619 5979 viam
644 5929 850 5979 rectam
887 5921 1100 5985 deduci.
1130 5931 1184 5980 et
1225 5923 1452 5982 aﬁirmat
1479 5929 1616 5998 quod
1647 5929 1724 5984 sic

1839 4809 2140 4866 ricordiam
2171 4813 2482 4879 exhibuisti,
2537 4835 2555 4867 ι
2595 4816 2885 4873 meditatus
2919 4834 3038 4874 sum
3084 4820 3138 4876 in
3167 4823 3418 4883 omnibus

1844 4903 2098 4973 operibus
2129 4906 2255 4971 tuis,
2297 4925 2314 4958 ι
2348 4906 2400 4961 id
2423 4915 2528 4973 est,
2564 4908 2744 4964 omnia
2788 4925 2949 4982 opera
2995 4920 3088 4967 tua
3127 4915 3316 4969 reduxi
3363 4915 3414 4968 in

1841 4994 2264 5061 meditationem,
2300 5005 2359 5051 ut
2388 5012 2452 5052 ex
2474 4998 2554 5054 eis
2580 4999 2712 5055 mihi
2741 5016 2989 5070 pararem
3019 5003 3252 5073 aliquam
3282 5019 3412 5058 cou-

1837 5082 2182 5152 solatiouem,
2222 5105 2240 5137 ς
2269 5094 2324 5141 ει
2352 5087 2405 5141 in
2432 5088 2588 5146 factis
2615 5109 2633 5143 ι
2665 5107 2785 5161 qua:
2809 5093 3084 5157 dicuntur,
3117 5113 3135 5144 ί
3158 5109 3412 5149 manuum

1831 5182 2066 5244 tuarum,
2103 5198 2122 5230 ι
2167 5178 2393 5247 scilicet,
2423 5181 2474 5235 in
2501 5182 2662 5239 factis
2684 5200 2804 5254 quae
2828 5185 3251 5242 misericorditer
3280 5187 3411 5242 feci-

1841 5269 1909 5323 sti
1942 5270 2199 5341 antiquis,
2226 5271 2457 5329 Abrahae
2501 5282 2557 5330 et
2600 5275 2896 5333 Israelitico
2944 5279 3159 5349 populo,
3187 5289 3243 5335 et
3289 5280 3410 5335 aliis

1821 5357 2006 5428 iustis,
2054 5360 2257 5420 faciens
2295 5373 2350 5422 et
2393 5367 2550 5434 mihi,
2589 5383 2711 5424 cum
2763 5384 2850 5424 me
2890 5364 2987 5426 tib'i
3038 5371 3407 5440 humiliarem,

1828 5458 1884 5506 et
1910 5452 1966 5507 in
1991 5451 2298 5523 hujusmodi
2332 5457 2513 5525 factis,
2548 5479 2566 5511 ‹
2601 5459 2924 5516 meditabar.
2963 5483 2980 5514 ι

1900 5562 1967 5617 Ει
2013 5579 2121 5620 non
2171 5572 2378 5623 tantum
2435 5589 2452 5621 ι
2487 5567 2806 5638 meditabar,
2842 5590 2862 5622 ι
2913 5571 3008 5626 sed
3051 5571 3213 5627 etiam
3265 5592 3284 5624 ‹
3313 5588 3408 5629 ex-

1827 5656 2009 5727 pandi,
2046 5678 2066 5711 »
2103 5659 2156 5715 id
2187 5670 2286 5724 est,
2318 5661 2548 5730 elevavi,
2574 5680 2593 5714 ‹
2629 5678 2824 5720 manus
2847 5677 3014 5731 meas,
3045 5684 3064 5718 ι
3095 5664 3148 5720 id
3173 5673 3255 5721 est
3281 5679 3406 5736 ope-

1829 5747 2064 5831 rationes
2099 5765 2267 5818 meas,
2301 5768 2408 5808 non
2435 5752 2501 5807 ad
2527 5752 2700 5809 visum
2747 5754 3048 5820 hominum,
3082 5755 3133 5810 id
3163 5765 3268 5823 est,
3298 5770 3404 5810 non

1828 5841 1895 5896 ad
1922 5840 2160 5898 favorem
2188 5844 2389 5915 populi,
2419 5848 2513 5901 sed
2568 5864 2586 5898 ι
2618 5848 2684 5903 ad
2712 5855 2774 5902 te
2799 5839 3218 5904 i'oblinendum.
3267 5844 3405 5916 Quid

1827 5930 2014 6004 plura?
2070 5956 2086 5987 ι
2126 5935 2318 5990 Anima
2369 5951 2487 5992 mea
2524 5937 2662 5994 sicut
2708 5945 2852 5995 terra
2895 5926 3189 6010 sine'aqua
3227 5935 3342 6003 tibi,
3381 5945 3400 5986 ι
