3898 6504
505 507 609 568 6Ὶῦ

974 506 1324 568 HAYMONIS
1364 507 1834 565 HALBERSTAT.
1873 503 2086 563 EPISC.
2127 499 2278 560 OPP.
2317 499 2496 556 PARS
2532 497 2572 556 1.
2615 531 2681 542 -
2717 499 3071 558 COMMENT.
3107 496 3277 554 BIBL.

3697 493 3808 547 616

490 624 614 692 quia
644 624 786 679 sicut
811 632 957 681 terra
987 626 1102 682 sine
1129 641 1267 696 aqua
1296 625 1428 689 hiat,
1461 630 1516 678 et
1538 623 1805 677 desiderat
1842 620 2064 676 infusio—
2091 624 2139 684 Α
2166 633 2328 688 quam
2373 617 2500 671 fecit
2518 616 2766 672 Christus
2794 617 2859 672 de
2885 615 3118 681 diabolo,
3146 630 3245 685 per
3269 625 3441 683 quam
3472 609 3803 666 victorian

496 732 620 771 nem
651 733 824 788 aquae,
855 721 926 774 ita
953 721 1129 774 anima
1172 717 1495 773 inlusionem
1525 714 1819 785 spiritualis
1846 715 2061 786 gratia):

491 814 545 862 et
578 823 674 877 per
704 810 807 865 hoc
835 810 1070 866 ostendit
1099 824 1157 864 se
1189 809 1407 880 dignum
1430 807 1517 862 cui
1541 813 1727 876 parcat
1749 804 1931 875 judex.

567 916 586 948 ι
624 898 903 954 Velociter.
933 918 952 951 ι
987 898 1120 953 Pars
1149 899 1401 954 secunda.
1431 897 1568 966 Quia
1594 897 1667 951 ita
1693 896 1861 952 sitivit
1885 895 2064 949 anima

497 1001 637 1053 mea,
666 995 719 1040 et
741 989 864 1056 quia
896 989 974 1043 sic
1002 989 1257 1058 expendi,
1284 988 1426 1054 ideo,
1471 1003 1507 1043 0
1540 1007 1557 1039 ι
1589 987 1836 1052 Domine,
1867 986 2065 1042 veloci-

493 1089 574 1136 ter
611 1081 803 1136 exaudi
847 1096 966 1136 mc:
1002 1101 1020 1134 ι
1070 1092 1125 1136 et
1174 1081 1338 1137 debes
1386 1081 1589 1147 facere,
1637 1080 1762 1150 quia
1819 1097 1837 1132 ‹
1871 1079 2068 1135 defecit

492 1171 709 1240 spiritus
738 1187 910 1237 meus,
950 1193 970 1225 ι
1025 1173 1235 1228 scilicet
1263 1173 1351 1228 ille
1379 1174 1600 1244 spiritus
1628 1173 1719 1243 qui
1747 1188 1815 1229 ex
1849 1173 2066 1228 homine

489 1271 590 1329 est,
625 1264 831 1320 sciliwt
860 1265 1083 1334 spiritus
1112 1267 1400 1336 superbiae.

560 1355 628 1409 Et
666 1357 790 1426 quia
839 1355 1040 1412 defecit
1086 1359 1310 1429 spiritus
1357 1358 1812 1429 praesumptionis,
1863 1357 2069 1413 scilicet

492 1445 618 1514 quia
644 1461 730 1501 me
757 1447 982 1502 humilio
1011 1447 1128 1513 tibi,
1159 1449 1280 1504 ideo
1315 1469 1332 1500 ‹
1367 1465 1433 1504 ne
1464 1444 1677 1503 avertas
1702 1447 1893 1502 faciem
1920 1457 2067 1501 tuam

488 1552 520 1590 a
548 1553 662 1602 me,
700 1556 718 1590 I
784 1539 836 1592 id
871 1548 986 1605 est,
1023 1541 1382 1611 cognitionem
1430 1550 1575 1596 tuam
1634 1551 1796 1612 atque
1834 1555 2068 1610 praesen-

488 1628 744 1684 tiam:et
791 1631 836 1684 si
885 1631 1149 1686 averteris
1193 1631 1405 1698 faciem,
1463 1632 1608 1686 nulla
1660 1631 1915 1686 distantia
1963 1630 2070 1684 erit

489 1718 632 1774 inter
657 1735 743 1776 me
774 1721 1052 1789 humilem,
1087 1741 1106 1774 ‹
1135 1732 1188 1779 et
1219 1744 1236 1777 ι
1272 1725 1406 1780 alios
1453 1724 1712 1795 superbos
1739 1743 1750 1778 :
1776 1725 1869 1779 sed
1889 1725 2070 1794 potius

496 1831 513 1864 ι
543 1829 638 1871 ero
665 1809 857 1870 Similis
885 1835 903 1868 ι
939 1815 1045 1873 illis
1082 1818 1328 1888 superbis
1369 1838 1386 1870 ‹
1421 1817 1873 1874 descendentibus
1908 1818 1961 1872 in
1991 1815 2068 1870 la-

491 1921 632 1972 cum,
667 1925 684 1958 ι
719 1906 773 1961 id
799 1916 898 1973 est,
933 1908 987 1962 in
1014 1907 1336 1978 profundum
1369 1907 1586 1964 inferni.

2167 719 2350 766 sancta
2395 709 2634 765 Ecclesia
2685 711 2751 766 de
2800 718 3065 780 potestate
3115 709 3322 763 inimici
3374 705 3646 775 eripitur
3685 721 3701 758 :
3743 717 3796 760 et

2164 806 2303 860 hanc
2347 803 2547 859 Christi
2590 803 2872 858 victoriam
2927 801 3177 871 intelligit
3230 798 3550 870 signiﬁcari
3616 796 3792 850 David

2167 914 2194 953 a
2225 913 2320 953 sua
2359 897 2611 962 victoria,
2640 912 2800 966 quam
2833 898 2948 968 ipse
2975 895 3164 950 habuit
3205 894 3275 948 de
3302 892 3496 946 Golia.
3542 888 3782 944 Materia

2165 1003 2247 1048 est
2275 993 2390 1063 ipsa
2415 991 2616 1047 Christi
2642 991 2892 1057 victoria,
2927 1003 3024 1060 per
3054 1003 3215 1060 quam
3255 985 3411 1040 facta
3441 991 3538 1039 est
3569 985 3700 1053 ipsa
3731 983 3784 1035 li—

2164 1084 2376 1139 beratio
2414 1091 2622 1138 nostra.
2668 1081 2727 1135 ln
2765 1081 2938 1152 prima
2974 1089 3128 1150 parte
3170 1077 3383 1149 gratias
3429 1075 3555 1146 agit
3589 1074 3663 1127 de
3689 1089 3774 1128 sua

2163 1172 2404 1237 victoria,
2435 1187 2597 1242 quam
2636 1179 2814 1226 tamen
2850 1169 3056 1224 inducit
3093 1168 3268 1238 gratia
3307 1164 3664 1236 signiﬁcate
3701 1164 3771 1215 vi-

2165 1265 2350 1321 ctoriae
2373 1264 2593 1326 Christi,
2634 1270 2689 1318 et
2723 1263 2856 1333 petit
2894 1269 2953 1316 ut
2987 1262 3301 1316 incarnetur
3341 1268 3406 1313 et
3451 1256 3655 1310 veniat
3695 1255 3763 1306 ille

2167 1357 2258 1426 qui
2284 1345 2530 1412 devincet
2555 1338 2763 1410 Goliam
2791 1362 2845 1410 et
2869 1369 2967 1409 nos
2998 1353 3064 1407 de
3089 1359 3365 1423 potestate
3393 1348 3586 1418 ipsius
3615 1345 3763 1401 Gell:

2166 1446 2379 1501 liberet.
2414 1445 2474 1500 In
2501 1445 2757 1509 secunda,
2790 1458 2910 1515 qua:
2932 1443 3159 1512 incipit:
3218 1461 3235 1492 ι
3265 1441 3441 1500 Deus,
3499 1436 3755 1491 canticum

2168 1553 2366 1593 novum
2396 1519 2628 1592 cantabo
2669 1535 2817 1600 tibi,»
2851 1535 2979 1589 dicit
3006 1534 3276 1604 Propheta
3308 1529 3516 1586 tamin
3547 1543 3755 1598 persona

2169 1631 2274 1696 sui,
2298 1644 2460 1700 quam
2489 1629 2544 1682 in
2559 1642 2788 1699 persona
2809 1627 3049 1681 omnium
3070 1625 3460 1684 liberatarum,
3485 1619 3635 1689 quod
3659 1621 3749 1689 ipse

2169 1724 2410 1780 cantabit
2432 1724 2662 1779 Domino
2685 1731 2741 1778 et
2774 1722 2828 1776 in
2847 1720 2996 1776 Novo
3018 1729 3073 1775 et
3102 1721 3154 1773 in
3175 1717 3366 1772 Veteri
3391 1715 3738 1771 Testamento.

2170 1830 2268 1885 pro
2298 1814 2620 1870 liberatione
2649 1828 2809 1883 quam
2842 1812 2970 1866 fecit
2995 1812 3051 1866 'ei
3083 1810 3348 1864 Dominus
3395 1816 3461 1862 et
3494 1809 3601 1861 suis

2170 1906 2312 1961 libus
2340 1907 2404 1962 de
2431 1906 2647 1962 diabolo
2683 1915 2740 1961 et
2772 1905 2928 1960 malis
2965 1903 3294 1968 hominibus,
3325 1911 3389 1958 et
3432 1900 3634 1954 multam
3655 1899 3730 1951 de-

561 1998 674 2054 Non
712 2009 945 2067 avertas,
975 2000 1116 2066 dico,
1151 2003 1244 2055 sed
1271 2003 1450 2072 potius
1503 2020 1522 2052 ‹
1553 2001 1640 2057 fac
1669 2001 1802 2056 mihi
1829 2000 2068 2056 auditam
2097 1980 2144 2041 Β
2172 1997 2362 2054 scribit
2411 2012 2598 2053 eorum
2647 1997 2934 2052 malitiam.
2992 1995 3224 2050 lntendit
3270 2009 3375 2048 nos
3433 1993 3657 2047 invitare
3691 1997 3732 2043 at

489 2089 912 2143 misericordiam
965 2098 1133 2155 tuam,
1170 2110 1188 2142 ι
1227 2091 1276 2144 id
1325 2100 1407 2146 est
1437 2091 1523 2161 pie
1573 2090 1810 2145 auditam
1856 2100 2070 2147 senten-

492 2179 622 2233 tiam
689 2187 834 2233 tuam
898 2180 965 2235 de
1031 2180 1350 2237 remissione
1411 2191 1786 2252 peccatorum,
1854 2190 1908 2237 et
1971 2184 2073 2238 hoc

499 2292 515 2323 ε
550 2287 726 2337 mane,
767 2293 784 2323 ι
829 2272 882 2327 id
925 2282 1025 2340 est,
1077 2274 1130 2328 in
1175 2274 1440 2345 principio
1482 2291 1614 2330 mea:
1665 2274 2073 2330 illuminationis

491 2369 546 2416 et
582 2362 1050 2430 compunctionis:
1095 2364 1319 2417 audiunt
1357 2365 1577 2433 quidam
1621 2363 2068 2430 miscricordiam,

495 2458 636 2512 sicut
688 2457 859 2512 David
910 2473 1006 2528 per
1049 2457 1261 2512 Nathan
1311 2459 1630 2530 prophetam
1687 2459 1752 2513 de
1812 2457 2074 2513 adulterio

493 2546 799 2602 condonato
828 2546 912 2618 (ΙΙ
943 2547 1066 2618 Reg.
1101 2548 1239 2619 xu):
1268 2549 1358 2603 alii
1402 2564 1503 2620 per
1544 2547 1814 2620 angelum,
1864 2547 1952 2602 alii
1979 2563 2075 2618 per

493 2637 779 2706 puritatem
815 2653 924 2692 suae
961 2639 1327 2704 conscientiae,
1378 2654 1436 2693 se
1475 2653 1696 2694 suorum
1728 2646 2074 2708 peccatorum

491 2727 694 2783 habere
738 2729 1111 2784 remissionem
1158 2728 1649 2801 intelliguntzideo
1699 2729 1934 2785 auditam
1987 2729 2076 2786 fac

491 2817 939 2885 misericordiam,
983 2839 1001 2871 ί
1028 2821 1154 2890 quia
1192 2821 1243 2874 in
1275 2828 1324 2876 te
1351 2819 1582 2890 speravi.
1621 2839 1641 2871 ι

565 2911 631 2967 Et
671 2927 767 2983 per
809 2913 1046 2968 auditam
1097 2914 1524 2969 misericordiam
1562 2931 1581 2964 ι
1617 2920 1801 2968 notam
1830 2909 1916 2968 fac
1943 2911 2078 2967 mihi

491 3003 632 3059 viam
665 3004 718 3058 in
746 3019 850 3074 qua
886 3004 1178 3071 ambulem,
1228 3005 1353 3075 quia
1403 3005 1471 3059 ad
1513 3013 1564 3060 te
1610 3003 1786 3059 levavi
1838 3004 2077 3059 animam

500 3110 694 3149 meam.
735 3114 753 3145 )

569 3187 639 3240 Et
688 3202 808 3240 cum
856 3186 908 3240 in
952 3185 1040 3239 via
1115 3184 1462 3240 ambulavero
1490 3225 1504 3249 ,
1563 3183 1608 3238 si
1655 3183 1820 3253 aliqui
1874 3181 2079 3238 inimici

497 3278 777 3345 venerint,
820 3278 910 3348 qui
956 3293 1043 3332 me
1090 3276 1257 3332 velint
1297 3275 1575 3347 impedire,
1620 3283 1709 3341 tu,
1769 3293 1787 3324 ι
1826 3265 2072 3340 Domine,

494 3374 643 3441 eripe
672 3387 759 3426 me
787 3371 851 3426 de
881 3369 1114 3424 inimicis
1159 3369 1313 3435 meis,
1351 3387 1369 3419 ι
1421 3368 1548 3437 quia
1593 3383 1692 3438 ego
1751 3386 1768 3417 ι
1807 3365 2020 3436 confugi
2048 3384 2067 3417 ι

498 3484 604 3522 non
643 3467 710 3521 ad
753 3465 972 3535 aliquod
1017 3464 1311 3518 humanum
1364 3460 1650 3532 refugium,
1686 3459 1780 3515 sed
1814 3477 1833 3510 «
1869 3459 1936 3513 ad
1965 3466 2018 3513 te
2049 3477 2069 3510 ι

497 3559 619 3614 ideo
670 3575 687 3609 ‹
736 3557 869 3612 doce
907 3572 993 3611 me
1039 3555 1218 3610 facere
1261 3553 1591 3609 voluntatem
1642 3560 1822 3618 tuam,
1864 3571 1881 3603 ›
1933 3549 2076 3621 quod

497 3651 657 3706 debes
688 3649 886 3715 facere,
943 3667 961 3700 ι
993 3648 1121 3719 quia
1151 3647 1292 3702 Deus
1323 3661 1475 3700 meus
1504 3660 1564 3700 es
1589 3653 1667 3710 tu,
1704 3663 1721 3695 ι
1789 3644 1875 3699 cui
1921 3641 2077 3696 fami-

495 3740 683 3795 liarem
715 3753 802 3794 me
833 3739 988 3794 facio.

563 3832 693 3888 Dico
747 3849 766 3885 ι
799 3834 968 3902 eripe,
999 3839 1184 3887 notam
1232 3831 1320 3886 fac
1362 3831 1525 3894 viam,
1561 3849 1579 3880 ι
1634 3835 1689 3883 et
1734 3827 1923 3893 facies,
1949 3826 2075 3896 quia

501 3942 518 3973 α
551 3922 772 3992 spiritus
805 3929 926 3976 tuus
956 3921 1129 3976 bonus
1157 3921 1387 3976 deducet
1414 3934 1519 3985 me,
1552 3938 1569 3970 ι
1619 3933 1718 3989 per
1742 3918 1964 3971 semitas
1988 3916 2075 3986 ju-

493 4015 678 4079 stitiaa,
735 4032 751 4062 ι
788 4014 838 4067 in
872 4021 1072 4068 terram
1106 4021 1330 4075 rectam,
1365 4030 1383 4062 ›
1439 4009 1490 4064 id
1540 4019 1644 4073 est,
1694 4009 1747 4062 in
1768 4015 1968 4062 terram
1996 4009 2078 4061 vi-

493 4107 754 4170 ventium,
805 4119 964 4173 quam
1013 4105 1112 4158 soli
1157 4103 1288 4157 recti
1332 4099 1711 4171 possidebunt;
1761 4108 1814 4153 et
1860 4099 2076 4154 interim

501 4217 518 4246 ‹
555 4193 853 4250 viviﬁcabis
882 4209 966 4248 me
996 4213 1013 4244 ι
1067 4195 1132 4248 ad
1163 4193 1425 4262 explenda
1464 4193 1717 4246 mandata
1755 4199 1844 4245 tua
1901 4209 1919 4241 ι
1951 4205 2076 4261 pro-

495 4294 615 4354 pter
666 4297 860 4339 nomen
902 4293 1072 4350 tuum,
1095 4283 1339 4349 Domine,
1371 4301 1389 4334 ι
1445 4283 1569 4352 quia
1595 4282 1752 4338 Jesus
1781 4281 1993 4347 diceris,
2023 4280 2074 4336 id

497 4382 602 4441 est,
630 4375 898 4441 salutaris,
947 4375 1070 4445 quia
1120 4390 1224 4429 non
1257 4390 1354 4445 pro
1385 4375 1620 4440 meritis,
1653 4374 1746 4429 sed
1774 4390 1871 4444 pro
1910 4373 2073 4427 mise-

501 4467 730 4523 ricordia
763 4475 891 4522 tua:
919 4477 972 4523 et
1001 4469 1102 4522 hoc
1155 4488 1170 4519 ι
1215 4468 1269 4521 in
1307 4467 1562 4536 aequitate
1605 4473 1693 4520 tua
1728 4485 1745 4516 ι
1796 4465 1920 4534 quia
1971 4467 2073 4522 hoc

497 4559 662 4628 exigit
693 4559 920 4627 aequitas
961 4567 1088 4623 tua,
1131 4568 1191 4612 ut
1229 4557 1469 4613 viviﬁces
1517 4565 1570 4612 et
1621 4557 1852 4611 deducas
1899 4556 2072 4625 illum,

496 4651 586 4720 qui
616 4665 674 4706 se
709 4649 802 4705 tibi
843 4649 1108 4704 humiliat.

567 4739 878 4795 Viviﬁcabis
929 4753 1036 4804 me,
1099 4748 1153 4794 et
1202 4759 1218 4790 ι
1249 4738 1447 4795 educes
1495 4740 1731 4794 animam
1790 4757 1964 4797 meam
2007 4743 2072 4800 de

498 4831 859 4896 tribulatione,
897 4851 915 4882 ι
956 4830 1008 4885 id
1037 4837 1139 4894 est,
1185 4831 1252 4884 de
1307 4831 1648 4902 suggestione
1700 4840 2068 4902 peccatorum,

500 4945 518 4975 ι
548 4932 602 4981 et
631 4926 684 4979 in
711 4925 1076 4980 misericordia
1116 4932 1204 4978 tua
1231 4923 1507 4993 disperdes
1540 4943 1557 4974 ι
1594 4937 1781 4979 omnes
1836 4943 1853 4974 ι
1892 4925 2073 4980 inimi-

495 5035 588 5075 cos
623 5033 788 5086 meos,
826 5039 842 5070 ι
887 5017 939 5074 id
986 5028 1086 5086 est,
1122 5017 1337 5074 illicitos
1376 5025 1573 5085 motus,
1616 5017 1708 5087 qui
1755 5018 1808 5072 in
1860 5031 1945 5073 me
1985 5019 2068 5072 in-

497 5121 743 5184 surgunt.

570 5221 589 5254 i
637 5201 937 5273 Disperdes,
975 5224 992 5255 ι
1052 5211 1107 5257 ut
1141 5201 1252 5270 jam
1291 5209 1479 5256 contra
1513 5216 1601 5256 me
1630 5217 1734 5255 non
1767 5201 2067 5271 iusurgant,

500 5316 518 5348 ι
565 5305 619 5352 et
666 5311 853 5351 onmes
896 5297 984 5366 qui
1037 5294 1293 5349 tribulant
1360 5294 1596 5348 animam
1663 5307 1855 5355 meam,
1896 5313 1912 5344 ι
1962 5303 2069 5347 tam

495 5388 664 5444 malos
688 5387 953 5452 homines,
980 5403 1141 5457 quam
1172 5385 1461 5452 daemones,
1499 5405 1516 5435 ε
1550 5387 1739 5456 perdes
1774 5405 1790 5436 ι
1830 5386 2067 5453 tandem,

503 5499 519 5532 ι
547 5481 798 5550 quoniam
825 5494 924 5550 ego
951 5493 1137 5533 servus
1168 5487 1290 5533 tuus
1317 5493 1457 5532 sum.
1497 5497 1515 5529 ›

934 5562 1000 5624 ΙΝ
1036 5568 1364 5626 PSALMUM
1401 5568 1623 5623 CXLIII.

634 5662 870 5717 Tt'ruws
905 5679 917 5713 :
946 5660 1190 5716 Psalmua
1219 5660 1386 5715 David
1419 5660 1665 5714 adversus
1689 5658 1916 5713 Goliam.

567 5771 585 5803 ι
615 5753 952 5808 Benedictus.
986 5772 1005 5804 ι
1039 5751 1285 5807 Psalmus
1330 5755 1433 5808 iste
1471 5750 1720 5806 convenit
1746 5750 1912 5806 David
1937 5767 2064 5822 pro.

492 5844 685 5915 phetae,
714 5846 805 5916 qui
849 5847 937 5901 hic
976 5845 1230 5915 loquitur,
1278 5846 1492 5900 habitus
1535 5844 1794 5898 adversus
1829 5843 2058 5911 Goliam,

493 5935 545 5991 id
571 5947 655 5992 est
679 5938 965 5993 diabolum.
1019 5938 1278 6005 Loquitur
1305 5939 1446 5991 enim
1480 5936 1714 6006 psalmus
1742 5938 1807 5993 de
1839 5938 2062 5995 victoria

2173 2091 2404 2146 Domino
2432 2090 2636 2162 gratias
2671 2088 2974 2146 referamus
3015 2089 3081 2142 de
3115 2086 3345 2142 victoria
3378 2092 3598 2139 nostra:
3633 2083 3720 2135 lik-

2177 2183 2424 2248 rationis,
2463 2182 2604 2236 sicut
2641 2181 2755 2252 ipse
2790 2180 3052 2252 propheta
3082 2179 3283 2251 gratias
3313 2178 3462 2248 agit,
3506 2185 3564 2231 et
3591 2175 3722 2228 dces

2173 2273 2392 2342 propria
2433 2271 2660 2326 victoria
2708 2272 2773 2327 de
2814 2269 2986 2336 Golia,
3035 2279 3090 2326 et
3133 2270 3373 2324 maxime
3437 2268 3513 2322 de
3559 2266 3721 2319 victoria

2175 2363 2396 2428 Christi,
2428 2379 2525 2434 per
2549 2378 2710 2432 quam
2757 2362 3014 2433 propheta
3045 2361 3277 2431 seipsum
3305 2371 3443 2413 cum
3473 2354 3724 2422 aliisjasts

2175 2453 2396 2509 liberari
2439 2454 2709 2523 intelligit.
2758 2453 2916 2508 Hunc
2944 2451 3208 2523 psalmum
3239 2449 3512 2504 ultimum
3540 2446 3719 2517 ponitis

2177 2542 2426 2596 omnibus
2464 2541 2569 2596 illis
2608 2543 2660 2596 in
2693 2542 2887 2610 quibus
2913 2555 3011 2612 per
3038 2541 3298 2596 historias
3346 2537 3569 2607 aliquid

2178 2632 2393 2698 ﬁcabat,
2427 2632 2508 2687 vel
2539 2633 2628 2687 ubi
2657 2634 2724 2686 ad
2751 2633 3071 2704 patientiam
3099 2631 3184 2686 vel
3213 2631 3282 2684 ad
3306 2638 3554 2684 caeteras
3579 2626 3722 2681 similes

2181 2725 2408 2780 virtutes
2445 2724 2789 2780 admonebat.
2842 2723 3035 2778 Czeteri
3063 2735 3194 2778 vero
3223 2729 3536 2790 sequentes
3572 2726 3722 2785 septe:

2179 2815 2364 2872 laudes
2392 2817 2562 2872 David
2591 2817 2861 2882 dicuntur,
2892 2817 3014 2872 ideo
3033 2815 3160 2886 quia
3181 2813 3271 2869 hic
3296 2813 3460 2882 ponit
3492 2810 3722 2866 victorian

2178 2917 2378 2964 nostrae
2404 2909 2738 2966 liberationis
2765 2927 2776 2962 :
2820 2924 2917 2978 per
2946 2910 3049 2964 hoc
3095 2909 3349 2973 innuens,
3385 2906 3536 2976 quod
3566 2905 3605 2960 si
3635 2903 3720 2972 quis

2182 3010 2376 3057 caetera
2413 3001 2468 3056 in
2499 3001 2618 3056 aliis
2645 3002 2868 3072 psalmis
2908 3002 3228 3072 praemonita
3265 3000 3408 3053 bene
3434 2997 3720 3054 custodierit.

2182 3093 2236 3147 in
2261 3094 2366 3148 hac
2391 3093 2620 3149 victoria
2648 3092 2870 3159 Christi,
2904 3093 2972 3148 de
2999 3091 3156 3148 Golia
3193 3092 3576 3147 liberationem
3611 3089 3724 3142 inre-

2183 3188 2316 3242 niet.

2252 3278 2330 3334 Ac
2376 3279 2423 3352 si
2472 3278 2606 3334 alios
2642 3278 2913 3345 invitaret,
2960 3279 3183 3334 dicens:
3213 3278 3456 3340 Fratres,
3495 3275 3538 3328 si
3577 3286 3656 3324 vos
3693 3285 3717 3320 ει

2105 3334 2149 3396 C
2183 3347 2402 3429 diabolo
2437 3373 2648 3429 liberati
2687 3373 2838 3438 estis,
2869 3371 3036 3426 nolite
3057 3372 3215 3426 vobis
3254 3371 3524 3426 ascribere,
3556 3363 3638 3416 sed
3658 3362 3705 3414 in

2179 3465 2408 3520 Domino
2435 3465 2636 3536 gratias
2662 3464 2822 3537 agite,
2853 3471 2909 3520 et
2934 3465 3037 3519 hoc
3071 3463 3328 3531 exemplo
3357 3459 3468 3522 mei,
3490 3455 3575 3525 qui
3596 3451 3714 3506 nihil

2179 3571 2278 3627 per
2329 3572 2414 3612 me
2461 3565 2648 3612 contra
2696 3556 2926 3620 Goliam,
2978 3555 3072 3609 sed
3118 3553 3303 3608 omnia
3350 3567 3444 3622 per
3475 3546 3714 3602 Dominum

2180 3650 2289 3720 egi,
2339 3657 2394 3704 et
2437 3650 2561 3705 inde
2611 3650 2682 3706 sit
2731 3667 2751 3702 ι
2783 3648 3098 3704 benedictus
3123 3649 3384 3703 Dominus
3410 3645 3548 3698 Deus
3583 3653 3706 3698 nisls.

2181 3742 2271 3812 qui
2309 3741 2464 3796 docet
2511 3757 2704 3796 manus
2749 3755 2916 3806 meas,
2946 3759 2965 3793 ι
3021 3739 3210 3805 idest,
3238 3742 3588 3809 operationes,
3631 3754 3648 3785 ‹
3677 3732 3725 3786 al

2180 3834 2424 3905 praelium
2461 3853 2480 3886 ι
2508 3853 2520 3887 :
2553 3850 2650 3905 per
2679 3851 2764 3888 me
2791 3833 2934 3888 enim
2989 3832 3270 3886 nescissem
3304 3837 3482 3882 contra
3538 3826 3734 3880 Goliam

2181 3924 2433 3994 praeliari.
2481 3945 2497 3975 ε
2529 3924 2596 3978 Ει
2628 3924 2824 3994 digitos
2853 3937 3004 3978 meos
3024 3963 3038 3988 ,
3072 3942 3092 3974 ›
3139 3921 3186 3975 id
3221 3927 3317 3982 est,
3343 3914 3563 3970 consilia
3594 3928 3736 3978 mea,

2181 4017 2338 4070 docet
2373 4034 2390 4066 ι
2429 4016 2494 4070 ad
2524 4015 2742 4070 bellum.
2779 4035 2797 4067 ι
2833 4015 2958 4070 ldeo
2981 4029 3078 4085 per
3106 4013 3293 4085 digitos
3312 4007 3493 4062 volunt
3518 4003 3734 4074 intelligi

2181 4107 2426 4173 consilia,
2467 4108 2591 4178 quia
2639 4107 2779 4161 sicut
2831 4106 2981 4176 digiti
3027 4105 3092 4160 de
3136 4118 3296 4158 manu
3339 4095 3734 4170 proccdunt,ila

2179 4198 2247 4254 de
2294 4199 2457 4253 corde
2507 4197 2753 4263 consilia,
2805 4197 2960 4266 quasi
3007 4195 3242 4266 quadam
3292 4192 3502 4247 ratione
3541 4195 3727 4243 exeunt.

2180 4291 2373 4344 Docuit
2400 4290 2543 4344 enim
2585 4291 2722 4344 Deus
2767 4287 3048 4343 consilium
3081 4288 3307 4351 bonum,
3355 4282 3523 4339 veluti
3552 4278 3728 4351 quando

2179 4381 2392 4436 eminus
2419 4387 2605 4436 contra
2633 4378 2842 4436 Goliam
2867 4386 3153 4451 pugnaret,
3184 4377 3314 4432 item
3345 4376 3563 4446 quando
3585 4372 3725 4427 docuit

2179 4488 2304 4528 eum
2338 4481 2394 4527 ut
2423 4470 2642 4526 fundam
2686 4486 2868 4527 secum
2898 4478 3163 4540 portaret,
3195 4478 3250 4521 et
3282 4467 3340 4521 in
3385 4467 3496 4521 hoc
3527 4464 3654 4535 quod
3675 4461 3725 4514 la-

2179 4565 2335 4636 pillos
2364 4565 2564 4619 electos
2601 4578 2781 4618 secum
2810 4570 3052 4632 portaret
3081 4560 3136 4614 in
3159 4573 3286 4631 pera
3309 4557 3594 4628 pastorali.

2248 4655 2406 4711 Ponit
2442 4655 2572 4710 item
2622 4654 2722 4708 alia
2765 4655 2860 4708 Dei
2905 4653 3183 4715 beneﬁcia,
3226 4653 3292 4706 ad
3333 4649 3722 4706 cumulationc

2175 4747 2472 4818 gratiarum
2508 4746 2758 4811 actionis,
2785 4745 2940 4815 quasi
2969 4747 3041 4798 ita
3073 4745 3277 4799 diceret
3305 4761 3324 4796 :
3357 4742 3492 4797 Ideo
3519 4743 3588 4797 sit
3612 4741 3728 4794 bem—

2176 4839 2352 4894 dictus
2393 4847 2450 4894 et
2493 4837 2761 4893 exaltatus
2797 4839 2961 4903 Deus,
2998 4837 3125 4906 quia
3181 4854 3198 4886 ι
3247 4835 3408 4890 docet
3467 4845 3724 4888 manuszl

2176 4930 2304 4985 item
2332 4931 2456 5000 quia
2500 4931 2614 5000 ipse
2661 4939 2748 4986 est
2787 4928 3158 4985 misericordia
3203 4942 3355 4990 mea;
3389 4929 3528 4996 quia
3557 4927 3729 4992 longum

2174 5031 2324 5077 esset
2347 5036 2663 5076 enumerare
2686 5022 2866 5076 omnia
2892 5036 3011 5090 quae
3041 5019 3142 5074 sibi
3183 5017 3310 5071 fecit
3331 5057 3345 5082 ,
3373 5017 3575 5086 paucis
3596 5009 3734 5066 verbis

2176 5112 2343 5167 multa
2370 5112 2465 5166 Dei
2494 5112 2754 5168 beneﬁcia
2789 5111 3202 5182 conprehendit,
3234 5108 3351 5163 sic:
3391 5129 3409 5158 ι
3457 5105 3732 5162 misericor-

2175 5204 2263 5259 dia
2291 5219 2430 5270 mea,
2471 5223 2489 5255 ι
2516 5205 2570 5260 id
2597 5213 2680 5260 est
2704 5205 2794 5275 qui
2816 5205 2947 5259 mihi
2969 5204 3097 5259 fecit
3125 5202 3567 5258 misericordiam
3595 5198 3734 5252 :hanr

2175 5296 2292 5350 vult
2315 5295 2538 5366 intelligi
2579 5296 3028 5362 misericordiam,
3065 5293 3192 5366 quia
3223 5293 3390 5364 elegit
3417 5295 3490 5348 de
3519 5290 3734 5348 omnibus

2175 5386 2435 5444 fratribus
2474 5403 2617 5453 eum,
2665 5390 2756 5459 qui
2795 5391 2953 5459 longe
2997 5390 3322 5445 videbantur
3369 5389 3659 5459 digniores,
3694 5389 3736 5435 ei

2175 5479 2304 5536 fecit
2333 5496 2458 5536 eum
2497 5481 2680 5551 inungi
2725 5483 2778 5536 in
2822 5495 3002 5551 regem
3028 5479 3077 5552 (1
3109 5481 3233 5551 Reg.
3267 5485 3407 5549 xvr).
3440 5480 3625 5534 Prima
3662 5489 3738 5528 un-

2172 5570 2281 5626 ctio
2309 5570 2447 5625 facta
2468 5580 2552 5627 est
2575 5573 2627 5626 in
2650 5573 2807 5628 domo
2834 5575 3005 5643 patris
3028 5573 3111 5627 sui
3149 5572 3250 5627 lsai
3285 5587 3314 5624 a
3349 5570 3630 5633 Samuele,
3657 5564 3737 5622 sub

2119 5725 2124 5730 ,
2171 5663 2352 5732 specie
2380 5661 2545 5717 futuri
2577 5664 2727 5734 regni
2755 5681 2768 5718 :
2805 5685 2821 5715 ‹
2859 5673 2915 5718 et
2951 5683 2970 5716 ι
3011 5665 3126 5734 ipse
3155 5663 3298 5719 Deus
3319 5671 3406 5718 est
3439 5680 3459 5713 ι
3493 5659 3738 5730 refugium

2169 5769 2349 5812 meum
2407 5777 2426 5809 ι
2480 5756 2547 5811 ad
2595 5773 2753 5828 quem
2801 5757 2993 5829 refugi,
3037 5758 3309 5828 deponens
3352 5771 3508 5811 arma
3556 5749 3739 5810 omnia.

2169 5848 2364 5916 quibus
2405 5847 2612 5904 fueram
2657 5848 2911 5905 indutus:
2941 5864 3011 5906 ne
3042 5851 3096 5904 in
3135 5863 3428 5921 congressu
3465 5845 3740 5902 suﬁ'ocam

2170 5957 2199 5995 a
2235 5941 2410 6008 Golia,
2440 5953 2498 6000 ut
2533 5953 2681 6001 tanto
2705 5944 2942 6014 pondere
2983 5959 3262 6002 armorum
3301 5957 3544 6016 pressus,
3571 5936 3736 5998 consi-
