3898 6464
170 430 274 489 677

1336 414 1771 475 EXPLANATIO
1807 411 1875 470 IN
1914 411 2249 471 PSALMOS.

3313 409 3418 466 678

166 546 300 600 lium
335 539 491 596 aliter
511 514 783 611 pugnandi
821 534 962 607 apud
996 533 1164 590 Deum
1200 532 1418 587 inveni:
1453 548 1551 602 per
1585 546 1745 601 quem
1775 536 1824 594 Α
1852 527 2016 581 mitus
2041 540 2263 596 magnos
2303 530 2355 579 et
2390 521 2659 595 lacrymas
2680 537 2748 579 ex
2777 522 2901 596 igne
2928 520 3030 593 pia:
3056 522 3424 594 compunctio-

165 651 391 692 securus
415 632 490 687 fui
516 639 703 688 contra
730 627 939 687 Goliam
966 646 979 681 :
1010 646 1028 679 ι
1050 634 1330 696 susceptor
1356 640 1525 690 meus,
1564 642 1581 676 ι
1618 622 1742 694 quia

167 730 281 800 ipse
316 727 460 782 Deus
489 726 540 782 in
569 734 718 781 tanta
752 722 1007 795 dignitate
1036 738 1119 777 me
1146 719 1404 792 suscepit,
1447 717 1591 789 quod
1623 731 1744 772 cum

166 834 341 875 essem
371 827 556 890 pastor
577 812 816 886 quidam,
846 813 1010 869 homo
1049 813 1199 884 parvi
1229 808 1465 885 generis,
1502 806 1630 865 fecit
1662 823 1747 863 me

166 926 423 983 generum
454 907 650 971 Saulis,
681 925 699 958 ι
729 914 785 961 et
810 924 828 957 ι
855 905 1009 976 quasi
1035 920 1220 976 parem
1245 902 1345 977 ipsi
1370 902 1480 973 regi
1511 918 1523 955 :
1562 919 1579 950 ι
1610 900 1746 955 libe-

164 1011 318 1059 rator
349 1014 502 1058 meus
537 1020 556 1054 ι
591 998 716 1071 quia
747 998 815 1055 ab
850 996 998 1055 omni
1043 995 1415 1068 persecutione
1456 991 1633 1049 Saulis
1664 1007 1749 1046 me

166 1089 437 1148 liberavit.

243 1222 260 1254 ι
296 1201 580 1257 Protector
624 1216 800 1268 meus,
852 1221 872 1255 ι
917 1201 1011 1273 qui
1037 1215 1251 1257 omnem
1289 1199 1749 1271 impugnationem

166 1294 336 1367 ipsius
376 1294 554 1351 Saulis
601 1308 818 1350 cessare
857 1292 1006 1359 fecit,
1040 1292 1203 1349 veluti
1242 1295 1297 1347 in
1346 1301 1519 1347 morte
1550 1290 1746 1348 Saulis.

171 1406 191 1440 ι
233 1387 296 1443 Ει
332 1409 351 1440 ι
408 1388 510 1444 hoc
561 1388 681 1444 ideo
733 1385 879 1451 fecit,
914 1385 1039 1455 quia
1084 1403 1102 1435 ι
1140 1384 1195 1438 in
1244 1398 1309 1438 eo
1349 1381 1593 1453 speravi,
1634 1400 1653 1433 ι
1700 1380 1750 1436 id

166 1489 494 1535 est'omuem
520 1494 672 1548 spem
694 1493 869 1532 meam
894 1477 949 1532 in
980 1476 1097 1547 ipso
1132 1474 1409 1541 collocavi,
1448 1494 1465 1524 ι
1499 1473 1592 1543 qui
1620 1473 1751 1529 sub-

167 1570 246 1626 dit
269 1570 522 1641 populum
561 1584 763 1634 meum,
797 1588 817 1620 ι
852 1568 906 1623 id
930 1575 1014 1622 est
1038 1568 1103 1622 de
1127 1582 1235 1637 quo
1272 1580 1372 1637 ego
1405 1580 1544 1621 unus
1578 1579 1751 1631 eram,

167 1663 374 1719 scilicet
417 1662 798 1727 lsraeliticum,
836 1679 855 1711 ι
886 1659 988 1716 sub
1036 1675 1145 1726 me,
1176 1660 1301 1730 quia
1335 1676 1421 1717 me
1451 1675 1634 1733 regem
1657 1676 1750 1718 eo-

170 1768 289 1807 rum
317 1753 620 1810 constituit.

237 1865 487 1921 Ostendit
536 1866 682 1936 quod
721 1865 836 1936 ipse
883 1864 968 1919 his
992 1864 1266 1934 pradictis
1293 1864 1572 1920 beneﬁciis
1614 1866 1751 1920 indi-

169 1973 309 2029 gnus
328 1966 471 2024 erat,
500 1968 557 2013 et
581 1958 784 2029 pariter
811 1958 986 2014 omnis
1013 1958 1175 2013 homo
1219 1958 1557 2023 liberatione,
1588 1974 1751 2030 quam

167 2050 322 2118 ponit
372 2049 570 2105 factam
596 2066 667 2106 ex
690 2050 913 2107 victoria
942 2049 1166 2106 Christi.
1199 2050 1547 2107 Continuatio
1575 2071 1587 2106 :
1627 2052 1753 2107 Haec

166 2142 350 2198 omnia
394 2142 653 2199 beneﬁcia
696 2143 831 2199 mihi
880 2142 1081 2209 fecisti,
1128 2145 1223 2199 sed
1250 2158 1350 2215 ego
1395 2145 1481 2199 his
1502 2146 1753 2200 onmibus

165 2252 317 2293 eram
343 2238 596 2310 indignus
628 2256 643 2291 :
683 2246 760 2304 et,
806 2254 839 2294 ο
873 2256 893 2289 ι
929 2238 1174 2304 Domine,
1215 2238 1344 2308 quid
1376 2249 1479 2302 est,
1534 2258 1554 2291 ι
1587 2239 1642 2293 id
1672 2248 1753 2294 est

164 2344 330 2399 quam
355 2328 477 2383 vilis
505 2336 587 2384 est
605 2343 694 2384 res
724 2348 742 2380 ι
783 2330 945 2385 homo
988 2349 1007 2381 ι
1049 2330 1134 2383 cui
1176 2338 1284 2384 tam
1326 2330 1573 2384 mirabile
1610 2332 1750 2400 quod

168 2418 366 2484 fecisti,
402 2436 422 2470 ι
457 2419 584 2489 quia
610 2419 893 2474 innotuisti
931 2419 983 2474 ei
1027 2437 1040 2473 :
1096 2439 1114 2471 ι
1148 2420 1384 2475 innotuit
1409 2422 1553 2476 Deus
1575 2422 1741 2476 homi-

168 2509 329 2565 nibus
356 2524 452 2579 per
477 2510 751 2580 propriam
778 2509 1120 2580 pnesentiam
1159 2510 1214 2564 in
1244 2510 1475 2565 adventu
1502 2512 1704 2567 Christi
1736 2531 1748 2567 :

168 2601 401 2657 innotuit
422 2602 573 2670 prius
597 2602 765 2657 David
796 2603 1008 2658 interna
1043 2604 1382 2673 praevisione,
1407 2606 1557 2674 quid,
1583 2606 1637 2661 id
1670 2614 1756 2663 est

166 2707 332 2763 quam
358 2694 524 2749 chara
570 2702 628 2750 et
666 2694 901 2763 pretiosa
942 2709 1030 2750 res
1056 2703 1142 2749 est
1170 2694 1369 2751 homo:
1397 2706 1450 2751 et
1474 2697 1575 2752 hoc
1608 2696 1751 2764 ideo,

166 2786 294 2857 quia
324 2786 607 2841 innotuisti
636 2786 687 2840 ei
718 2801 815 2856 per
839 2794 1172 2857 assumptum
1218 2788 1633 2855 humanitatem,
1661 2790 1754 2859 qui

166 2892 267 2948 per
300 2892 360 2933 se
398 2877 695 2933 vilissimus
740 2885 862 2932 erat
886 2894 903 2931 :
930 2876 1054 2932 dico
1091 2877 1222 2948 quid
1249 2887 1333 2934 est
1378 2880 1559 2947 homo,
1594 2898 1612 2931 ι
1661 2887 1757 2935 aut

165 2968 343 3025 Filius
365 2969 621 3036 hominis,
641 2988 661 3021 ι
692 2969 745 3024 id
775 2977 863 3025 est
890 2978 1105 3038 quanta;
1134 2970 1430 3041 dignitatis,
1457 2973 1549 3041 qui
1570 2987 1667 3042 per
1695 2987 1755 3028 se

167 3060 303 3116 nihil
334 3060 547 3130 penitus
590 3077 607 3116 :
650 3068 704 3116 et
748 3061 851 3116 hoc
894 3060 1056 3116 ideo:
1088 3079 1107 3110 ι
1135 3061 1260 3129 quia
1288 3069 1506 3131 reputas
1542 3077 1688 3127 eum,
1728 3081 1746 3113 ι

168 3154 231 3213 ἱιι,
276 3162 360 3209 est
409 3155 586 3226 magni
635 3154 795 3225 pretii
851 3152 1015 3216 facis,
1066 3153 1190 3222 quia
1244 3154 1562 3223 participem
1622 3153 1753 3209 facis

167 3254 387 3301 aeterna:
413 3247 781 3345 beatitudinis.
811 3244 944 3345 Cum
982 3245 1123 3345 dicit
1151 3247 1334 3310 homo,
1369 3246 1618 3345 intelligit
1645 3248 1753 3315 pri-
1783 3264 1828 3325 ρ
1856 3244 1915 3331 ’el
1944 3272 2262 3345 sanguine“,

167 3351 319 3390 mum
352 3344 649 3406 parentem,
694 3337 994 3399 hominem,
1034 3337 1125 3403 qui
1178 3350 1289 3390 non
1324 3335 1529 3389 carnali
1560 3352 1757 3390 concu-

168 3427 438 3497 piscentia
466 3434 682 3481 creatus
718 3425 839 3490 fuit,
878 3425 1002 3494 quia
1040 3425 1183 3480 Deus
1201 3426 1267 3480 de
1300 3424 1428 3480 limo
1456 3435 1759 3482 temecum

171 3515 427 3572 formavit
455 3513 609 3584 (Gen.
654 3517 716 3586 ι).
750 3514 883 3570 Cum
921 3524 1101 3570 autem
1133 3515 1284 3580 dicit,
1339 3534 1358 3567 ι
1391 3515 1560 3571 Filius
1587 3516 1760 3572 homi-

173 3607 284 3671 nis,
332 3624 352 3657 ι
394 3606 659 3661 vilitatem
691 3606 868 3661 omnis
904 3608 1271 3675 generationis
1306 3609 1574 3674 ostendit;
1611 3624 1675 3664 ac
1714 3609 1760 3664 si

174 3694 382 3755 diceret
420 3714 434 3752 :
478 3697 879 3767 Qualiscunque
919 3705 1064 3755 esset
1107 3699 1289 3765 homo,
1324 3699 1411 3755 vel
1459 3700 1512 3754 in
1556 3700 1759 3755 carnali

175 3788 612 3858 concupiscentia
638 3796 821 3855 natus,
846 3790 928 3845 vel
959 3806 1087 3855 non,
1109 3804 1206 3859 per
1230 3805 1289 3845 se
1316 3790 1447 3845 nihil
1476 3799 1612 3845 erat.

246 3897 373 3954 Ideo
408 3900 529 3955 dico
554 3900 685 3969 quid
712 3909 795 3955 est
831 3918 850 3950 ι
886 3901 1049 3956 homo
1082 3919 1101 3951 ι
1147 3900 1274 3969 quia
1302 3914 1323 3951 ι
1361 3900 1558 3955 similis
1588 3900 1759 3955 factus

174 3998 258 4046 est
279 3991 533 4059 vanitati,
573 4010 591 4043 ι
628 3991 684 4047 id
706 4000 790 4047 est
825 3992 951 4058 levi,
998 4007 1174 4057 vanae,
1205 4001 1260 4046 et
1290 3991 1401 4047 cito
1432 3993 1761 4047 transitoria:

175 4076 499 4137 reizfactus
546 4082 667 4137 ideo
713 4081 865 4148 dicit,
919 4082 1046 4153 quia
1086 4091 1302 4137 creatus
1347 4080 1447 4135 fuit
1486 4082 1537 4135 in
1585 4082 1761 4152 perfe-

174 4170 356 4226 ctione
387 4176 444 4226 et
475 4169 792 4236 stabilitate,
841 4172 935 4227 sed
972 4171 1086 4242 ipse
1123 4170 1332 4226 violans
1376 4171 1755 4235 obedientiam,

176 4261 308 4319 fecit
326 4262 567 4334 seipsum
592 4278 810 4329 vanum,
850 4264 1131 4320 mortalem
1175 4273 1229 4319 et
1270 4263 1664 4328 transitorium,
1705 4271 1761 4318 et

178 4355 247 4411 de
285 4356 446 4411 malis
489 4357 605 4412 suis
649 4372 756 4412 non
803 4357 1014 4413 incusat
1062 4364 1361 4412 creatorem
1403 4375 1416 4410 :
1453 4359 1591 4412 bene
1639 4357 1760 4412 dico

185 4465 204 4501 ι
248 4448 492 4514 vanitati,
536 4468 556 4502 ι
588 4450 715 4520 quia
754 4450 960 4505 umbrze
990 4451 1182 4505 similis
1225 4449 1399 4505 factus
1429 4459 1545 4515 est;
1570 4459 1625 4505 et
1657 4451 1760 4505 hoc

179 4540 313 4596 dicit
339 4560 352 4594 :
383 4557 403 4592 ι
433 4542 550 4597 dies
572 4542 689 4611 ejus
714 4541 861 4597 sicut
886 4542 1075 4595 umbra
1102 4549 1449 4609 praetereunt.
1497 4559 1517 4591 ι

1846 614 1932 673 nis
1958 616 2225 671 emittent.

1918 704 2049 761 Dico
2074 724 2093 757 ι
2126 703 2411 769 descende,
2450 722 2469 755 ι
2502 712 2557 759 et
2577 703 2742 759 etiam
2776 721 2796 755 ι
2830 704 3285 775 coruscationem,
3320 722 3342 759 ιι
3367 706 3424 763 id

1848 808 1951 866 est,
1981 798 2122 855 dicta
2165 799 2572 869 prophetarum,
2621 806 2675 853 et
2717 795 2877 851 aliam
2919 794 3156 852 divinam
3185 797 3428 869 Scriptu-

1846 904 1988 957 ram,
2022 905 2141 960 qua:
2167 888 2221 945 in
2238 890 2410 959 seipsa
2434 899 2518 945 est
2531 890 2715 945 lucens
2732 898 2786 944 et
2807 902 3099 945 coruscans
3127 889 3378 963 «fulgura
3401 911 3421 944 ι

1849 983 1934 1040 vel
1972 981 2199 1054 fulgora,
2248 990 2537 1051 utrumque
2580 982 2722 1036 enim
2766 980 2985 1047 dicitur,
3029 982 3083 1037 id
3120 990 3225 1047 est,
3258 982 3432 1038 mani-

1850 1073 2009 1139 festa,
2053 1092 2071 1124 ι
2114 1079 2168 1127 et
2208 1091 2226 1123 ι
2274 1087 2371 1141 per
2407 1072 2509 1128 hoc
2551 1092 2568 1123 ι
2605 1087 2719 1136 eos,
2759 1091 2776 1123 ι
2826 1070 2880 1128 id
2910 1081 3013 1139 est,
3052 1083 3263 1130 montes
3290 1089 3432 1145 pree-

1851 1166 2025 1222 dictos
2059 1185 2077 1217 ι
2116 1163 2424 1235 dissipabis,
2475 1184 2494 1216 ι
2551 1164 2604 1220 id
2642 1173 2753 1229 est,
2802 1181 2833 1220 a
2871 1180 3051 1221 massa
3099 1167 3433 1237 perditorum

1851 1257 2146 1329 separabis,
2171 1255 2299 1326 quia
2334 1254 2500 1326 aliqui
2529 1269 2596 1310 ex
2638 1256 2743 1312 illis
2775 1255 3145 1313 salvabuntur.
3180 1276 3200 1312 ι
3232 1257 3431 1315 Emitte

1853 1353 2078 1424 sagittas
2107 1358 2250 1415 tuas,
2287 1368 2304 1401 ι
2343 1349 2394 1404 id
2426 1359 2511 1403 est
2543 1349 2815 1419 apostolos
2845 1357 2984 1415 tuos,
3025 1350 3116 1421 qui
3146 1353 3309 1407 corda
3336 1351 3434 1408 ho-

1852 1442 2057 1496 minum
2088 1438 2415 1508 transfigunt
2442 1452 2627 1493 amore
2642 1438 2757 1505 Dei,
2794 1459 2812 1491 ι
2843 1446 2897 1493 et
2920 1440 3266 1497 conturbabis
3291 1456 3384 1497 eos
3411 1460 3429 1493 ι

1852 1542 2064 1588 montes
2091 1532 2159 1587 ad
2204 1531 2429 1598 bonum,
2476 1530 2603 1600 quia
2650 1533 3012 1586 movebuntur
3056 1532 3125 1588 ad
3168 1533 3437 1604 poeniten-

1852 1626 2004 1681 tiam.

1923 1716 2201 1772 Convertit
2250 1728 2307 1771 se
2354 1714 2419 1769 ad
2461 1715 2699 1772 Patrem.
2731 1713 2835 1780 Tu,
2883 1700 3110 1769 Domine
3156 1712 3281 1780 Fili,
3315 1713 3437 1772 dico

1864 1825 1882 1859 ι
1916 1808 2201 1871 descende,
2242 1825 2261 1858 ι
2293 1812 2349 1860 et
2387 1813 2466 1871 tu,
2495 1805 2722 1860 Domine
2762 1801 2925 1859 Pater
2955 1824 2973 1856 ι
3008 1804 3197 1859 emitte
3218 1820 3436 1861 manum

1783 1906 1826 1965 Β
1856 1911 2025 1966 tuam,
2060 1919 2077 1951 ι
2108 1898 2159 1954 id
2188 1906 2272 1953 est
2296 1896 2491 1953 Filium
2525 1907 2693 1962 tuum,
2717 1912 2813 1969 per
2837 1911 2997 1968 quem
3030 1906 3085 1951 tu
3108 1899 3290 1954 omnia
3316 1915 3440 1970 ope-

1853 1992 2012 2057 raris,
2048 2009 2066 2041 ι
2109 1989 2176 2045 de
2203 1989 2331 2055 alto,
2369 2009 2387 2041 ι
2424 1988 2478 2043 id
2508 1996 2591 2044 est
2615 1989 2683 2044 de
2714 1987 3045 2043 sublimitate
3074 1987 3125 2042 in
3156 2004 3261 2061 qua
3283 2005 3361 2057 es,
3386 2000 3442 2047 ct

1857 2099 1876 2132 ι
1909 2079 2060 2149 eripe
2089 2093 2173 2132 me
2207 2098 2224 2130 ι
2260 2078 2327 2134 de
2354 2085 2621 2147 potestate
2667 2077 2888 2144 diaboli,
2931 2096 2949 2130 ι
2978 2087 3036 2134 et
3059 2078 3227 2135 libera
3260 2097 3345 2137 me
3374 2082 3441 2138 de

1854 2173 2009 2242 aquis
2040 2172 2240 2237 multis,
2285 2191 2303 2222 ι
2337 2171 2390 2226 id
2443 2179 2526 2227 est
2567 2173 2632 2227 de
2657 2170 2976 2228 inundantia
3017 2172 3301 2242 malorum,
3339 2194 3357 2226 ι
3388 2183 3443 2231 et

1854 2265 1920 2319 de
1959 2278 2144 2329 manu,
2184 2281 2203 2313 ι
2255 2262 2309 2316 id
2348 2268 2433 2318 est
2482 2262 2548 2317 de
2590 2271 2858 2333 potestate
2899 2281 2919 2314 ι
2962 2262 3259 2319 alienorum
3308 2265 3444 2321 [ilio-

1856 2374 1973 2414 rum
2022 2371 2037 2411 :
2092 2377 2110 2410 ι
2147 2355 2307 2412 alieni
2353 2357 2608 2412 dicuntur
2652 2371 2683 2410 a
2718 2355 2874 2412 nobis
2909 2356 3001 2412 filii
3048 2356 3269 2413 diaboli.
3317 2358 3442 2414 Ideo

1851 2464 1987 2519 opus
2007 2454 2091 2503 est
2112 2456 2171 2503 ut
2193 2447 2395 2518 eripias
2418 2446 2486 2504 ab
2513 2446 2613 2514 eis,
2642 2447 2898 2517 quoniam
2930 2446 3030 2518 ipsi
3067 2454 3216 2513 sunt,
3252 2467 3271 2500 ι
3309 2464 3443 2519 quo-

1853 2557 1973 2596 rnm
2012 2557 2075 2597 os
2101 2540 2337 2595 locutum
2364 2549 2453 2595 est
2507 2540 2826 2605 vanitatem,
2864 2559 2882 2592 ι
2914 2538 3122 2596 scilicet
3150 2540 3445 2613 quamlibet

1856 2640 2044 2688 contra
2075 2632 2313 2688 divinam
2351 2631 2677 2687 sententiam
2716 2650 2728 2685 :
2768 2651 2785 2683 ι
2823 2639 2879 2687 et
2920 2632 3142 2687 dextera
3164 2647 3372 2700 eorum,
3418 2652 3438 2687 ι

1857 2726 1909 2781 id
1938 2735 2017 2782 est
2070 2725 2313 2797 Operatio
2346 2739 2558 2788 eorum,
2598 2739 2718 2795 quae
2756 2722 2948 2781 melior
2991 2726 3206 2781 videtur
3233 2727 3333 2793 eis,
3364 2736 3447 2783 cst

1862 2838 1881 2869 ι
1917 2818 2138 2873 dextera
2172 2818 2493 2887 iniquitatis.
2526 2837 2545 2868 ι

1932 2928 1952 2961 ι
1988 2908 2151 2972 Deus,
2201 2909 2473 2964 canticum
2507 2924 2724 2964 novum.
2766 2928 2785 2961 ι
2816 2906 2951 2965 Pars
3000 2912 3258 2967 secunda.
3314 2911 3445 2968 Dico

1863 3019 1881 3050 ι
1914 3000 2084 3070 eripe,
2139 3018 2155 3050 ι
2195 3007 2250 3053 et
2299 3000 2345 3055 si
2391 2999 2495 3056 hoc
2548 2999 2767 3065 feceris,
2822 3020 2840 3051 ι
2874 3001 3112 3056 cantabo
3152 3000 3247 3056 tibi
3277 3004 3448 3058 canti-

1854 3108 1979 3148 cum
2028 3107 2261 3157 novum,
2316 3111 2335 3145 ι
2378 3091 2432 3146 id
2480 3100 2564 3147 est
2607 3092 2938 3149 annuntiabo
2978 3107 3076 3163 per
3116 3094 3447 3164 baptismum

1856 3192 2077 3254 peccata
2120 3184 2343 3246 remitti,
2374 3197 2666 3254 veramque
2707 3199 2827 3240 esse
2859 3182 3212 3242 refectionem
3249 3204 3446 3260 corpus

2309 3272 2531 3339 Christi,
2579 3283 2633 3327 ct
2680 3282 2874 3328 caetera
2909 3291 3029 3345 qua:
3074 3278 3349 3347 pertinent
3377 3282 3445 3335 ad

1862 3364 2067 3419 Novum
2097 3363 2503 3420 Testamentum
2537 3380 2552 3418 :
2586 3372 2641 3420 et
2663 3366 2824 3420 etiam
2873 3385 2890 3417 ι
2921 3368 3147 3437 psallam
3180 3370 3296 3437 tibi,
3338 3390 3358 3424 ι
3394 3371 3449 3426 id

1860 3466 1945 3512 est
1971 3457 2115 3512 bene
2155 3456 2420 3526 operabor
2451 3476 2470 3510 ι
2527 3455 2580 3511 iu
2612 3457 2891 3528 psalterio,
2932 3479 2950 3511 ι
2986 3459 3040 3515 id
3082 3460 3245 3517 estin
3284 3463 3447 3533 spiri-

1863 3546 1993 3601 tuali
2029 3547 2343 3616 operatione
2388 3545 2453 3602 de
2496 3549 2866 3617 superioribus
2914 3562 3201 3609 resonante
3239 3573 3253 3609 :
3298 3554 3451 3611 Psal-

1865 3639 2001 3694 terio
2060 3639 2181 3693 dico
2234 3656 2253 3690 ι
2308 3639 2666 3706 decachordo,
2734 3661 2751 3692 ι
2806 3642 2858 3696 id
2915 3653 2998 3698 est
3045 3647 3230 3701 decem
3285 3648 3447 3704 chor-

1863 3728 1946 3785 di's
1996 3738 2319 3794 resonante,
2379 3731 2563 3787 decem
2615 3731 2820 3788 scilicet
2870 3745 3139 3806 praecepta
3181 3737 3314 3809 legis
3345 3741 3443 3796 ad-

1863 3821 2139 3892 implente.

1932 3911 2050 3967 Tibi
2088 3912 2228 3978 dico,
2257 3933 2275 3964 ι
2312 3912 2403 3983 qui
2429 3910 2526 3968 das
2548 3910 2777 3968 salutem
2809 3915 3050 3984 regibus,
3087 3936 3104 3967 ι
3137 3914 3190 3973 id
3224 3928 3326 3985 est,
3358 3936 3446 3975 re-

1861 4001 2173 4056 missionem
2222 4011 2589 4073 peccatorum,
2624 4001 2832 4058 scilicet
2880 4003 3149 4071 ﬁdelibus,
3186 4008 3275 4079 qui
3313 4010 3448 4068 bene

1860 4101 2051 4163 regunt
2093 4093 2300 4163 seipsos
2334 4111 2346 4146 :
2379 4099 2433 4147 tu
2466 4093 2609 4158 dico,
2657 4111 2675 4144 ι
2723 4093 2815 4163 qui
2851 4114 2870 4146 ι
2926 4094 3068 4150 inter
3112 4096 3248 4153 alios
3294 4117 3449 4173 reges

1864 4204 1883 4236 ι
1919 4186 2189 4241 redemisti
2227 4206 2244 4237 ι
2299 4201 2384 4240 me
2437 4205 2455 4236 ι
2495 4186 2661 4241 David
2701 4201 2920 4243 servum
2969 4196 3116 4243 tuum
3171 4188 3237 4246 de
3272 4191 3448 4261 gladio

1860 4276 2115 4347 maligno,
2154 4296 2172 4328 ι
2202 4277 2256 4331 id
2302 4285 2387 4331 est
2416 4276 2482 4331 de
2518 4286 2786 4347 potestate
2826 4279 3042 4346 diaboli,
3074 4280 3158 4337 vel
3188 4282 3253 4337 de
3279 4285 3449 4341 lucre-

1862 4368 1966 4422 tica
2017 4369 2385 4437 persuasione.
2441 4366 2538 4422 Vel
2593 4382 2691 4437 per
2744 4369 2913 4423 David
2950 4368 3122 4439 ipsum
3172 4372 3447 4430 Christum

1859 4474 2147 4531 possumus
2195 4460 2439 4529 accipere
2482 4479 2493 4512 :
2541 4460 2632 4529 qui
2683 4460 2916 4529 pretium
2969 4465 3245 4534 sanguinis
3290 4468 3370 4521 sui
3415 4484 3445 4521 a

1863 4555 2197 4609 mortalitate
2223 4564 2381 4625 atque
2412 4553 2769 4625 passibilitate
2798 4556 3104 4628 redemptus
3144 4569 3226 4615 est
3256 4576 3269 4615 :
3302 4570 3355 4615 et
3392 4570 3448 4618 tu

254 4651 411 4707 Modo
448 4651 684 4707 ostendit
712 4652 981 4722 quomodo
1010 4652 1172 4717 Deus,
1199 4652 1290 4721 qui
1325 4662 1445 4706 erat
1478 4658 1644 4705 tanta:
1687 4651 1766 4706 di-
1795 4631 1845 4689 Π
1868 4648 1958 4717 qui
2004 4648 2234 4717 pretium
2264 4645 2458 4701 dedisti
2497 4662 2596 4715 pro
2624 4646 2797 4710 nobis,
2831 4665 2849 4697 ι
2900 4650 3046 4720 eripe
3083 4666 3169 4705 me
3213 4671 3230 4703 ι
3267 4652 3330 4706 de
3362 4652 3451 4707 illo

182 4742 433 4815 gnitatis,
456 4742 715 4808 innotuit,
737 4744 864 4813 quia
886 4743 1182 4807 descendit,
1200 4750 1255 4797 et
1277 4757 1495 4798 carnem
1521 4750 1763 4797 nostram

182 4834 495 4904 assumpsit.
533 4833 881 4891 Continuatio
925 4854 937 4890 :
979 4835 1151 4890 Homo
1198 4834 1424 4889 vanitati
1454 4834 1646 4890 similis
1687 4835 1766 4889 fa-

182 4933 305 4981 ctus
331 4934 434 4990 est,
461 4922 556 4981 sed
578 4933 655 4992 tu,
686 4946 703 4977 ι
728 4924 972 4990 Domine,
1003 4945 1022 4978 ι
1055 4928 1298 4992 verbum,
1337 4946 1353 4977 ι
1376 4927 1573 4982 inclina
1597 4926 1764 4984 caelos

185 5025 329 5083 tuos,
367 5034 386 5067 ι
424 5012 477 5070 id
506 5024 590 5071 est
631 5017 853 5073 humilia
892 5016 1154 5083 caelestia,
1186 5018 1350 5075 veluti
1393 5018 1615 5091 angelos
1638 5034 1764 5075 san-

184 5112 323 5173 ctos,
362 5121 496 5176 quos
524 5107 666 5162 Deus
713 5108 1035 5174 humiliavit,
1078 5124 1201 5164 cum
1241 5108 1634 5165 humanitatem
1673 5124 1766 5166 no-

186 5206 357 5253 stram
384 5197 464 5253 eis
490 5197 751 5267 praefecit,
781 5208 836 5253 et
863 5214 955 5254 eos
997 5198 1087 5269 qui
1130 5200 1281 5269 prius
1305 5208 1463 5255 erant
1492 5199 1633 5255 soliti
1666 5201 1763 5255 ad-

185 5288 332 5344 orari
363 5288 430 5345 ab
451 5290 783 5355 hominibus,
807 5289 935 5345 fecit
962 5291 1255 5346 servitores
1282 5291 1559 5347 hominum
1587 5308 1601 5344 :
1633 5310 1652 5342 ι
1688 5291 1767 5345 in-

183 5381 329 5437 clina
357 5399 377 5434 ι
405 5382 550 5447 dico,
575 5399 594 5433 ι
622 5391 678 5437 et
701 5380 989 5447 descende,
1022 5402 1039 5435 ι
1072 5383 1127 5438 id
1153 5392 1252 5449 est,
1280 5398 1496 5439 carnem
1522 5391 1765 5439 nostram

187 5471 286 5529 tibi
307 5473 541 5545 adiunge
570 5489 585 5526 :
617 5474 683 5528 de
712 5486 819 5543 quo
847 5474 1106 5529 descensu
1127 5473 1414 5544 Apostolus
1434 5473 1509 5529 ait
1536 5493 1548 5527 .‘
1577 5492 1596 5526 ι
1630 5473 1765 5530 Cum

185 5564 245 5621 in
270 5563 445 5622 forma
474 5565 571 5621 Dei
614 5575 778 5631 esset,
800 5564 1094 5620 exhianivit
1121 5564 1495 5635 semetipsum,
1536 5564 1768 5621 formam

186 5658 334 5715 servi
363 5658 632 5729 accipiens
677 5656 896 5729 (Philip.
928 5655 991 5727 ιι)
1023 5673 1035 5711 :
1076 5675 1095 5709 ι
1132 5655 1409 5712 Descende
1439 5657 1577 5721 dico,
1607 5666 1662 5712 et
1691 5656 1770 5711 sic

193 5770 212 5802 ι
254 5759 412 5821 tange
438 5760 663 5815 montes,
708 5770 726 5802 ι
760 5750 813 5805 id
850 5758 934 5805 est
958 5757 1204 5820 potentes
1233 5757 1288 5803 et
1326 5749 1588 5819 superbos
1612 5746 1770 5817 hujus

193 5842 346 5908 vita};
387 5843 559 5914 aspira
590 5844 837 5908 interius,
875 5862 894 5894 ι
925 5851 981 5897 et
1006 5841 1366 5911 fumigabunt,
1405 5863 1423 5893 ι
1461 5842 1514 5897 id
1552 5851 1653 5905 est,
1679 5856 1766 5911 ge-

1866 4737 2055 4794 eodem
2098 4738 2275 4809 gladio
2312 4738 2563 4807 maligno,
2612 4738 2663 4792 id
2712 4745 2792 4791 est
2827 4739 2891 4793 de
2927 4749 3191 4809 potestate
3228 4742 3447 4811 diaboli,

1866 4830 1957 4901 qui
1984 4829 2181 4885 dicitur
2209 4830 2435 4901 gladius,
2478 4830 2604 4900 quia
2648 4832 2816 4886 malos
2839 4847 2867 4885 a
2900 4831 3163 4891 bonorum
3194 4836 3452 4893 societate

1866 4924 2144 4980 discernit.

1943 5035 1961 5067 ι
1996 5014 2065 5069 Ει
2090 5030 2220 5069 erue
2268 5028 2353 5068 me
2399 5012 2464 5068 de
2495 5028 2657 5069 manu
2685 5015 2916 5073 ﬁliorum
2948 5019 3267 5085 alienorum,
3309 5033 3442 5089 quo-

1869 5122 1989 5161 rum
2028 5122 2089 5161 os
2140 5107 2377 5161 locutum
2425 5114 2509 5161 est
2559 5108 2871 5174 vanitatem,
2914 5119 2968 5165 ct
2998 5109 3217 5165 dextera
3262 5124 3450 5166 eorum

1868 5198 2092 5253 dextera
2117 5197 2439 5268 iniquitatis.
2470 5218 2487 5250 ι

1946 5308 1964 5341 ι
2003 5287 2239 5356 Quorum
2285 5287 2398 5343 filii.
2446 5310 2462 5341 ι
2509 5288 2608 5346 llic
2651 5290 2910 5346 describit
2951 5288 3212 5345 malitiam
3240 5307 3448 5359 eorum,

1869 5398 2100 5453 quorum
2148 5382 2202 5436 in
2251 5382 2355 5437 hoc
2404 5401 2422 5433 ι
2474 5383 2697 5437 dextera
2745 5398 2952 5447 eorum,
3000 5384 3219 5438 dextera
3262 5382 3453 5453 iniqui-

1871 5476 2017 5540 tatis,
2054 5493 2071 5526 ι
2106 5473 2229 5544 quia
2259 5473 2406 5527 illum
2430 5473 2603 5528 solum
2625 5472 2871 5543 judicant
2900 5475 3139 5539 beatum,
3169 5473 3259 5544 qui
3284 5473 3454 5528 abun-

1872 5565 1965 5619 dat
2002 5564 2085 5618 his
2128 5563 2284 5618 bonis
2335 5562 2741 5631 temporalibus.
2795 5562 3091 5620 Possumus
3144 5573 3323 5619 tamen
3376 5564 3454 5619 sic

1873 5653 2160 5724 allegorice
2199 5652 2375 5724 legere
2406 5671 2418 5705 :
2454 5672 2471 5703 ι
2504 5651 2625 5706 Filii
2654 5668 2903 5724 quorum,
2938 5674 2956 5707 ι
2992 5653 3046 5709 id
3073 5662 3160 5709 est
3182 5652 3449 5724 discipuli,

1873 5758 1998 5804 sunt
2023 5766 2040 5798 ι
2077 5749 2215 5803 sicut
2260 5747 2646 5818 plantationes,
2685 5768 2702 5800 ι
2739 5749 2862 5818 quia
2912 5747 3137 5803 firmiter
3174 5748 3455 5806 adhzenent

1873 5839 2157 5896 sententiis
2189 5839 2567 5909 magistrorum
2600 5858 2611 5892 :
2653 5859 2670 5891 ι
2706 5839 2926 5896 novellae
2961 5859 2978 5893 ι
3015 5840 3137 5911 quia
3168 5856 3275 5896 non
3321 5842 3457 5898 reci-
