3898 6476
527 454 632 510 679

986 451 1339 510 HAYMONIS
1376 449 1855 506 HALBERSTAT.
1897 447 2113 506 EPISC.
2151 447 2300 506 OPP.
2343 445 2523 502 PARS
2558 445 2600 501 I.
2638 473 2710 488 -
2741 443 3098 502 COMMENT.
3138 443 3308 500 BIBL.
3385 473 3421 498 ι.
3708 453 3771 506 632i

523 571 679 639 piunt
712 569 870 625 ﬁdem
899 570 1329 640 patriarcharum
1361 578 1417 625 et
1456 571 1874 641 prophetarum,
1911 570 2006 625 sed
2037 568 2092 622 in
2119 571 2174 631 Α
2197 565 2398 622 Christi
2427 573 2512 620 est
2536 563 2780 618 materia.
2822 562 3008 617 Modus
3035 580 3046 615 :
3077 560 3136 616 In
3163 561 3348 632 prima
3381 569 3570 630 parte
3598 561 3712 617 dicit
3737 582 3768 621 εξ

523 660 635 715 suis
683 660 981 715 haeresibus
1018 659 1256 715 novellas
1305 668 1604 731 sequuntur
1647 669 1842 724 sectas,
1898 667 1953 715 et
1997 659 2098 730 ipsi

523 751 658 807 tales
684 766 898 822 semper
922 760 1266 824 perseverant
1296 770 1313 802 ε
1353 753 1406 806 in
1439 751 1721 820 iuventute
1754 766 1876 818 sua,
1907 769 1928 802 ι
1973 750 2098 820 quia

524 845 591 898 ad
620 844 994 914 antiquitatem
1028 843 1275 899 veritatis
1303 844 1545 913 priorum
1581 850 1795 913 patrum
1825 856 2098 912 nunquam

527 937 772 1003 redeunt,
803 937 894 992 sed
929 952 1141 1008 semper
1163 952 1331 992 novas
1359 945 1537 993 sectas
1577 944 1901 1006 sequuntur,
1933 943 1987 990 et
2018 935 2099 990 in-

525 1028 744 1084 veniunt
764 1027 898 1082 alias
926 1042 1114 1084 novas.

599 1137 619 1170 ‹
665 1117 813 1174 Filia:
847 1133 1056 1184 eorum,
1095 1138 1112 1170 ι
1148 1119 1202 1173 id
1244 1128 1328 1174 est
1364 1119 1720 1192 cogitationes
1757 1127 1811 1174 et
1841 1119 2100 1190 pradica—

524 1208 697 1264 tiones
743 1224 953 1275 eorum,
996 1225 1132 1280 quas
1158 1225 1225 1264 ex
1265 1210 1456 1278 seipsis
1482 1219 1744 1280 generant
1773 1229 1785 1263 :
1819 1225 1954 1278 quas
1982 1209 2100 1264 ideo

523 1307 678 1355 vocat
705 1300 868 1366 ﬁlias,
906 1301 1032 1371 quia
1057 1309 1183 1356 sunt
1228 1301 1530 1366 instabiles,
1574 1316 1674 1356 nec
1718 1301 1921 1356 habent
1955 1301 2100 1355 radi-

523 1407 640 1447 cem
676 1393 962 1448 veritatis:
999 1393 1083 1447 hae
1107 1392 1242 1448 tales
1263 1392 1386 1447 ﬁliae
1415 1402 1540 1448 sunt
1571 1413 1590 1445 ι
1627 1391 1956 1462 compositae,
1995 1409 2013 1441 ι
2049 1390 2101 1444 id

523 1489 626 1546 est,
653 1481 943 1537 artiﬁciose
966 1482 1198 1537 inventa
1219 1491 1273 1537 et
1300 1482 1454 1537 factae
1484 1500 1495 1536 :
1545 1491 1601 1537 et
1622 1484 1782 1537 etiam
1817 1500 1837 1531 ‹
1871 1481 2101 1536 circum-

522 1581 726 1626 ornatae
781 1592 799 1623 ›
853 1572 982 1643 quia
1028 1573 1266 1642 undique
1314 1573 1600 1629 rhetoricis
1644 1572 1916 1628 coloribus
1978 1580 2103 1625 sunt

524 1661 753 1734 stipatae,
782 1671 838 1718 et
861 1662 983 1717 aliis
1013 1663 1240 1729 artibus,
1272 1682 1290 1714 ι
1325 1672 1385 1718 ut
1406 1663 1700 1719 similitudo
1728 1661 1932 1732 templi,
1975 1682 1993 1713 ι
2042 1668 2102 1714 ut

525 1752 633 1808 sint
669 1754 871 1811 similes
910 1755 1130 1826 templo,
1161 1756 1214 1810 id
1243 1765 1326 1812 est
1369 1755 1690 1811 habitationi
1714 1755 1808 1809 Dei
1843 1769 1856 1806 :
1899 1753 2101 1809 similes

525 1845 646 1902 ideo
675 1848 810 1902 bene
831 1848 977 1914 dicit,
1011 1849 1135 1919 quia
1160 1849 1262 1919 ipsi
1285 1865 1391 1904 non
1417 1857 1544 1904 sunt
1569 1848 1834 1903 habitatio
1857 1847 1971 1902 Dei.

600 1958 618 1989 ι
656 1938 1031 2010 Promptuaria
1062 1955 1272 2006 eorum,
1320 1960 1337 1990 ι
1391 1941 1444 1994 id
1474 1948 1558 1994 est
1595 1939 1760 1994 corda
1788 1953 1995 2001 eorum,
2039 1937 2104 1992 de
2134 1921 2181 1980 Β
2208 1931 2456 1986 nedicam
2500 1932 2705 1987 nomini
2741 1943 2850 1998 tuo,
2890 1952 2908 1984 ι
2960 1933 3014 1988 id
3060 1942 3141 1988 est
3179 1935 3562 2004 magniﬁcabo

522 2029 718 2098 quibus
739 2029 841 2098 ipsi
866 2040 1121 2099 promunt
1140 2029 1312 2083 malas
1337 2029 1651 2094 sententias,
1678 2034 1804 2082 sunt
1830 2046 1848 2077 ‹
1874 2026 2052 2095 plena,
2077 2046 2095 2077 ι

524 2122 576 2175 id
627 2131 710 2176 est
748 2123 1099 2178 redundantia
1135 2122 1316 2177 multis
1362 2123 1518 2178 malis
1557 2122 1786 2188 artibus,
1835 2144 1853 2174 ί
1901 2131 1956 2176 et
1982 2137 2104 2177 eru-

522 2212 746 2278 ctantia,
790 2233 809 2264 ι
836 2213 964 2282 quia
989 2227 1052 2267 ex
1095 2213 1260 2267 nimia
1290 2214 1623 2282 plenitudine
1657 2213 1942 2284 proferunt
1975 2229 2099 2269 seu-

524 2303 755 2367 tentias;
790 2303 882 2356 sed
914 2302 1017 2356 illae
1044 2313 1169 2358 sunt
1210 2304 1508 2370 instabiles,
1539 2304 1666 2374 quia
1706 2305 1751 2360 si
1783 2304 2102 2375 impuguen—

521 2400 607 2445 tur
633 2392 699 2446 ab
722 2390 922 2462 aliquo,
950 2392 1025 2447 illi
1054 2393 1267 2464 fugiunt
1302 2415 1319 2447 ‹
1349 2411 1415 2450 ex
1441 2397 1545 2451 hoc
1580 2397 1636 2451 in
1671 2395 1822 2462 illud,
1857 2416 1876 2449 ι
1909 2396 1963 2451 id
1995 2405 2097 2463 est,

518 2499 584 2539 ex
615 2485 717 2540 ista
743 2485 952 2541 ratione
998 2487 1066 2541 ad
1096 2488 1283 2554 aliam,
1337 2499 1392 2544 et
1420 2490 1550 2544 item
1596 2489 1653 2544 in
1697 2489 1882 2557 aliam,
1929 2497 1984 2544 et
2023 2490 2102 2545 sic
2135 2495 2139 2500 '

520 2576 844 2632 instabiliter
871 2593 967 2649 per
1010 2580 1207 2636 multas
1237 2580 1442 2636 faciunt
1478 2582 1796 2637 diverticula
1837 2583 2096 2639 rationes.

589 2668 657 2723 Et
681 2685 814 2740 opus
848 2679 933 2726 est
958 2679 1017 2725 ut
1036 2687 1122 2727 me
1148 2672 1346 2728 liberes
1366 2675 1433 2728 ab
1454 2675 1554 2740 eis,
1585 2675 1725 2741 ideo,
1758 2677 1882 2746 quia
1918 2696 1936 2726 ‹
1971 2691 2099 2731 oves

518 2777 725 2827 eorum,
768 2783 787 2815 ι
822 2761 878 2817 id
905 2772 1004 2829 est,
1042 2763 1325 2822 inferiores
1361 2775 1414 2822 et
1443 2768 1621 2822 minus
1653 2769 1945 2839 sapientes,
1976 2777 2102 2824 sunt

522 2871 540 2902 ‹
579 2851 781 2925 fetosge,
835 2873 853 2904 ι
905 2856 1029 2924 quia
1063 2856 1258 2912 multos
1304 2859 1489 2912 statim
1520 2859 1723 2913 habent
1770 2859 2089 2929 discipulos,

517 2945 641 3012 quia
681 2945 860 3001 nullus
895 2947 1030 3002 adeo
1056 2947 1304 3004 inﬁrmus
1332 2949 1474 3004 inter
1511 2966 1626 3017 eos,
1654 2951 1743 3020 qui
1777 2966 1885 3006 non
1915 2953 2094 3006 statim

517 3033 740 3089 haberet
763 3035 961 3091 multos
998 3052 1259 3106 sequaces
1287 3055 1299 3090 :
1333 3039 1426 3093 sed
1458 3039 1533 3093 illi
1562 3039 1695 3094 tales
1721 3047 1847 3095 sunt
1881 3061 1898 3092 ι
1936 3042 2096 3096 abun-

517 3125 707 3180 dantes
736 3125 790 3179 in
837 3126 1144 3196 egressibus
1190 3129 1321 3194 suis,
1360 3149 1378 3181 I
1434 3130 1558 3198 quia
1603 3140 1804 3200 quanto
1840 3131 2011 3203 magis
2039 3133 2092 3187 in

516 3217 811 3273 haeresibus
857 3219 970 3274 suis
1013 3219 1473 3290 multiplicantur,
1541 3233 1690 3278 tanto
1738 3240 1769 3277 a
1817 3226 2089 3281 consortio

514 3320 713 3365 sancta:
755 3310 1011 3366 Ecclesiae
1056 3322 1403 3368 semoventur
1447 3334 1465 3365 ‹
1521 3314 1686 3371 boves
1730 3331 1939 3383 eorum,
1986 3337 2004 3369 ι
2037 3317 2090 3373 id

513 3410 597 3455 est
622 3401 871 3458 fortiores
900 3412 956 3458 et
982 3404 1225 3474 magistri
1252 3404 1502 3473 aliorum,
1532 3414 1660 3462 sunt
1693 3425 1711 3458 ‹
1748 3423 1946 3463 crassa:
1980 3429 1998 3459 ι
2035 3408 2089 3463 id

514 3501 618 3558 est,
647 3493 1031 3564 temporalibus
1057 3496 1336 3552 desideriis
1367 3497 1732 3570 impinguataa.

590 3603 608 3636 ς
640 3585 904 3651 Macerim,
937 3607 954 3638 ι
987 3588 1190 3644 scilicet
1216 3589 1441 3659 alicujus
1466 3593 1621 3658 artis,
1654 3592 1737 3647 vel
1777 3594 2091 3650 munitionis

513 3693 696 3734 eorum
739 3698 758 3730 ‹
811 3697 914 3737 non
965 3690 1047 3737 est
1100 3683 1255 3738 ruina
1290 3703 1308 3734 ι
1355 3695 1619 3754 quantum
1664 3686 1732 3742 ad
1781 3688 2090 3757 opinionem

511 3784 718 3835 eorum,
764 3771 854 3842 qui
892 3787 998 3827 non
1039 3775 1328 3842 aestimant,
1377 3785 1437 3830 ut
1479 3778 1656 3848 aliquo
1700 3780 1860 3835 modo
1901 3798 2088 3836 eorum

513 3862 782 3916 rationum
811 3864 987 3919 valeat
1024 3864 1252 3920 ﬁrmitas
1288 3865 1612 3939 impugnari,
1647 3889 1662 3919 ι
1704 3886 1878 3941 neque
1905 3880 2087 3928 trans-

517 3950 626 4006 itus
670 3971 687 4002 ›
735 3953 932 4008 iterum
971 3963 1230 4023 quantum
1278 3959 1347 4011 ad
1387 3974 1481 4014 eos
1529 3977 1548 4010 ς
1597 3976 1771 4030 neque
1811 3962 2017 4018 clamor
2065 3985 2084 4016 ι

511 4044 659 4098 verbi
688 4043 784 4099 Dei
811 4053 896 4099 est
926 4065 944 4096 ι
978 4045 1037 4099 in
1062 4046 1275 4115 plateis,
1304 4067 1321 4098 ι
1357 4049 1410 4104 id
1438 4059 1520 4105 est
1559 4051 1613 4125 in
1644 4052 1766 4108 latis
1806 4053 2090 4113 desideriis

520 4151 536 4181 ι
577 4148 783 4188 eorum.
823 4153 843 4184 ι

585 4223 718 4289 Quia
741 4223 883 4279 enim
908 4241 1006 4296 per
1035 4225 1200 4283 latum
1232 4228 1392 4299 hujus
1425 4232 1610 4286 saeculi
1639 4233 1971 4291 desiderium
1993 4238 2087 4294 de—

515 4315 706 4380 ﬂuunt,
754 4331 860 4371 non
901 4328 1121 4374 resonat
1161 4321 1300 4375 inter
1338 4337 1431 4378 eos
1451 4323 1675 4380 verbum
1703 4325 1964 4395 divinum,
1992 4332 2089 4386 sed

513 4406 691 4478 potius
739 4427 758 4458 ‹
803 4409 1055 4466 dixerunt
1097 4413 1311 4468 beatum
1358 4417 1615 4486 populum
1645 4421 1728 4474 cui
1758 4420 1872 4476 hate
1905 4435 2030 4478 sunt
2061 4443 2081 4477 ι

513 4513 631 4568 quae
677 4499 931 4569 praedicta
976 4511 1119 4567 sunt,
1161 4505 1366 4561 scilicet
1402 4509 1768 4577 quae,habent
1813 4513 1950 4569 tales
1992 4513 2086 4568 ﬁlii

2197 655 2538 711 laudaturum
2562 652 2751 708 Deum.
2784 652 2842 706 In
2879 651 3114 708 secunda
3151 653 3305 722 ponit
3336 666 3574 706 novem
3611 657 3751 710 modus

2197 748 2392 817 quibus
2414 746 2597 802 laudet
2626 759 2770 810 eum,
2805 760 2926 814 qua:
2962 744 3153 815 incipit
3178 763 3191 797 :
3231 763 3250 796 ‹
3279 743 3617 800 Generatio
3641 746 3760 802 laud}

2196 840 2275 895 bit
2295 854 2456 910 opera
2479 847 2591 893 tua.
2623 856 2642 890 ›
2666 837 2727 892 In
2752 826 2935 902 tertia,
2971 851 3092 906 quae
3123 835 3348 905 incipit:
3382 856 3404 888 ι
3436 835 3708 893 Miserator
3730 855 3756 893 ei

2197 933 2507 987 misericors
2530 931 2810 996 Dominus,
2847 951 2865 984 ι
2897 929 3152 1000 explanat
3171 931 3381 987 modos
3420 931 3576 997 illos,
3600 949 3756 1003 ηεροδ

2198 1029 2330 1084 deus
2361 1027 2464 1083 illis
2487 1025 2710 1098 singulis
2741 1026 2917 1082 modis
2958 1025 3153 1081 laudis.
3184 1026 3450 1081 Intendit
3486 1027 3693 1083 invitare
3715 1035 3748 1083 at

2199 1120 2411 1174 laudem
2448 1119 2565 1184 Dei,
2595 1117 2842 1187 exemplo
2871 1117 2974 1172 sui.
3015 1116 3126 1174 Hos
3151 1127 3375 1188 septem
3427 1118 3678 1188 psalmos
3698 1126 3746 1189 φ

2199 1217 2515 1280 sequuntur,
2537 1209 2796 1265 continue
2823 1209 2978 1278 ponit
3005 1208 3070 1263 de
3098 1208 3253 1264 laude
3280 1207 3425 1273 Dei,
3467 1208 3741 1279 illan

2197 1305 2341 1356 hunc
2368 1315 2674 1364 numerum,
2723 1300 2815 1370 qui
2861 1307 2947 1354 est
2974 1314 3074 1368 par
3123 1315 3362 1354 numero
3423 1299 3654 1364 dierum,
3689 1317 3737 1369 te

2200 1406 2337 1461 quos
2367 1398 2536 1446 totum
2578 1397 2788 1460 tempus
2833 1389 3088 1455 volvitur,
3118 1398 3178 1444 ut
3220 1389 3275 1444 in
3321 1389 3576 1460 singulis
3617 1390 3731 1446 dia

2200 1479 2412 1535 laudem
2441 1479 2667 1534 Domino
2699 1479 2962 1534 dicamus.

2270 1569 2432 1636 Quasi
2453 1569 2527 1624 ita
2542 1568 2682 1651 alios
2707 1569 2958 1624 invitaret
2984 1587 2997 1622 :
3027 1569 3269 1625 Laudate
3285 1569 3600 1652 Dominum
3615 1587 3722 1627 cras-

2199 1660 2289 1731 plo
2313 1661 2439 1726 mei,
2468 1644 2595 1730 quia
2629 1676 2729 1732 ego
2766 1680 2784 1712 ‹
2833 1660 3084 1716 exaltabo
3104 1671 3199 1727 ~te,
3228 1660 3391 1716 Deus
3424 1644 3582 1718 mens
3615 1681 3716 1725 rex,»

2202 1753 2493 1809 secundum
2517 1754 2811 1807 essentiam
2833 1753 3163 1808 annuntiabo
3188 1753 3312 1808 aliis
3346 1753 3710 1824 dignitatenm

2201 1841 2467 1907 essentiae,
2493 1841 2549 1895 in
2578 1849 2838 1910 quantum
2862 1851 3050 1913 potero
3078 1857 3198 1897 eam
3219 1843 3546 1909 notiﬁcare,
3579 1865 3592 1894 ι
3617 1848 3708 1899 διξ-

2205 2033 2376 2090 tuum,
2403 2032 2459 2079 et
2484 2024 2585 2079 hoc
2616 2044 2634 2076 ‹
2663 2025 2720 2079 in
2757 2025 3012 2081 saeculum
3041 2046 3059 2078 ι
3094 2042 3376 2096 praesens,
3428 2048 3450 2081 ι
3479 2031 3593 2084 etin
3613 2047 3699 2084 sm-

2202 2116 2315 2172 Ium
2342 2137 2360 2170 ι
2391 2118 2793 2173 subsecutivum
2831 2119 2992 2189 hujus
3023 2139 3042 2171 ‹
3077 2121 3264 2177 saeculi
3309 2141 3329 2174 ι
3391 2122 3454 2177 in
3480 2139 3577 2193 quo

2201 2208 2438 2265 maxime
2461 2211 2629 2264 Deum
2658 2210 2883 2265 laudant
2915 2230 2927 2265 :
2964 2220 3020 2268 et
3053 2212 3196 2268 sicut
3230 2213 3464 2270 monuit
3493 2232 3577 2271 nos
3596 2233 3681 2271 σηςτ.

2209 2308 2398 2354 monet
2433 2309 2490 2355 et
2525 2316 2624 2356 nos
2651 2293 2890 2357 laudarel

2272 2394 2338 2447 Et
2369 2394 2472 2448 hoc
2509 2409 2620 2448 non
2650 2394 2822 2449 semel
2850 2395 2905 2449 in
2933 2397 3064 2463 vita,
3103 2398 3198 2452 sed
3229 2418 3247 2450 ι
3279 2415 3385 2470 per
3411 2403 3664 2474 singulate

2200 2483 2516 2538 benedicam
2556 2484 2654 2538 tibi
2689 2505 2707 2537 ι
2756 2487 3049 2542 secundum
3081 2489 3447 2558 essentiam,i
3481 2504 3534 2550 et
3559 2493 3674 2548 ne»

2199 2591 2396 2632 nomen
2439 2586 2591 2632 tuum
2624 2577 2677 2632 in
2729 2581 3006 2647 saeculum,
3050 2591 3105 2637 et
3140 2583 3195 2638 in
3244 2587 3504 2642 saeculum
3543 2587 3677 2643 ωε

2201 2668 2344 2738 quod
2373 2667 2495 2722 ideo
2521 2668 2827 2724 faciendum
2849 2681 2954 2737 est,
2991 2673 3118 2742 quia
3149 2674 3266 2744 ipse
3303 2694 3323 2726 ‹
3363 2677 3594 2732 Dominus
3618 2687 3688 2728 res

2204 2777 2222 2808 ‹
2255 2774 2484 2829 magnus
2521 2778 2540 2812 ›
2577 2759 2872 2815 secundum
2909 2763 3210 2831 potentiam
3260 2784 3279 2815 ‹
3329 2775 3385 2821 et
3423 2767 3684 2822 laudabilis»

2198 2850 2493 2905 secundum
2538 2865 2703 2922 opera
2749 2860 2805 2908 et
2851 2853 3136 2920 beneﬁcia,
3188 2871 3311 2926 qua:
3362 2857 3480 2914 facit
3515 2858 3690 2913 ﬁdelibus

2198 2947 2311 3002 suis
2344 2966 2356 3000 :
2404 2956 2459 3002 et
2487 2948 2591 3003 hoc
2637 2949 2802 3005 nimis
2849 2951 2976 3020 quia
3017 2952 3197 3006 nullus
3229 2955 3359 3009 satis
3391 2955 3526 3024 digne
3563 2958 3685 3021 potest

2196 3038 2416 3095 laudare
2436 3039 2610 3094 Deum
2641 3058 2652 3094 :
2689 3059 2708 3092 ‹
2743 3050 2798 3096 et
2827 3061 2844 3092 ι
2878 3043 3019 3097 sicut
3047 3042 3226 3100 laudis
3247 3044 3352 3113 ejus
3376 3061 3468 3099 non
3494 3053 3561 3099 est
3577 3043 3680 3104 ﬁnis,

2198 3132 2273 3186 ita
2310 3152 2328 3184 ‹
2374 3132 2492 3201 ejus
2529 3134 2919 3204 magnitudinis
2959 3152 3067 3192 non
3109 3145 3195 3192 est
3228 3137 3324 3191 tinis
3353 3157 3372 3187 ι
3400 3138 3508 3207 quia
3537 3135 3678 3190 nullus

2196 3225 2522 3282 sufﬁcienter
2545 3227 2840 3298 potentiam
2869 3229 2985 3299 ejus
3014 3231 3290 3285 enuntiare
3306 3237 3462 3299 patest.

2273 3338 2291 3369 ‹
2319 3318 2624 3376 Generatio.
2658 3341 2677 3374 ι
2708 3322 2844 3378 Pars
2868 3324 3125 3378 secunda.
3157 3323 3557 3396 Egolantlabomec
3575 3333 3648 3388 ego

2192 3409 2357 3476 solus,
2391 3413 2488 3468 sed
2525 3432 2543 3463 ί
2579 3414 2858 3481 generatio
2889 3433 2907 3465 ι
2939 3413 3277 3482 Judaeorum,
3306 3436 3323 3466 ι
3357 3427 3402 3470 et
3419 3413 3614 3486 generatio
3637 3432 3650 3459 ι

2190 3503 2434 3570 gentium
2464 3523 2482 3554 ‹
2512 3504 2805 3560 laudabunt
2823 3521 2987 3575 opera
3010 3516 3121 3573 tua,
3156 3527 3174 3558 ι
3196 3507 3252 3564 id
3271 3516 3355 3562 est
3379 3509 3673 3577 ipsumma-

2199 3593 2392 3650 dentes
2424 3594 2539 3665 ipsa
2569 3610 2733 3665 opera
2771 3611 2866 3650 sua
2900 3611 2914 3649 :
2947 3608 3003 3652 et
3036 3597 3163 3652 item
3191 3607 3412 3668 propter
3431 3594 3675 3668 potentiam:

2193 3683 2296 3738 hoc
2332 3685 2501 3740 dicit:
2533 3705 2551 3737 ‹
2585 3693 2640 3741 et
2675 3687 2972 3756 potentiam
3001 3697 3147 3743 tuam
3190 3689 3680 3760 pronuntiabunt,tet

2191 3775 2277 3831 hic
2308 3787 2391 3832 est
2420 3777 2556 3833 alius
2584 3779 2773 3834 modus
2809 3778 3062 3836 laudandi
3087 3781 3281 3837 Deum.

2259 3870 2392 3925 Item
2428 3890 2447 3921 ί
2483 3871 2939 3942 magniﬁcentiam
2965 3873 3148 3943 gloria:
3190 3873 3533 3946 loquentur,»
3566 3871 3603 3924 id
3631 3875 3679 3920 est

2190 3961 2415 4032 gloriam
2461 3961 2806 4033 magniﬁcam
2851 3983 2864 4018 :
2910 3972 2964 4019 et
3010 3964 3197 4035 gloria:
3224 3965 3348 4021 dico
3401 3986 3421 4019 ‹
3471 3962 3678 4022 sanctitatis

2191 4058 2313 4116 tuae,
2346 4071 2365 4103 ι
2395 4051 2449 4106 id
2494 4060 2577 4107 est
2611 4053 2808 4109 habitae
2836 4055 2902 4110 de
2939 4062 3028 4109 tua
3075 4057 3372 4112 sanctitate
3417 4073 3434 4111 :

2191 4144 2327 4201 alius
2372 4147 2561 4201 modus
2597 4145 2870 4213 laudandi,
2910 4149 3051 4218 quod
3087 4146 3303 4219 planius
3331 4152 3491 4222 ponit
3510 4149 3678 4213 Hieron)-

2189 4255 2331 4304 mus,
2358 4239 2544 4294 dicens
2575 4258 2588 4294 :
2629 4261 2646 4293 ι
2667 4241 2892 4312 gloriam
2917 4241 3219 4312 majestatis
3244 4251 3350 4299 tua:
3381 4255 3446 4301 et
3473 4240 3679 4300 sanctitate

2190 4343 2295 4390 tua:
2343 4334 2631 4404 loquentur
2657 4377 2672 4402 ,
2717 4344 2772 4392 et
2816 4337 3085 4393 mirabilia
3137 4346 3230 4392 tua
3261 4358 3280 4389 ι
3337 4340 3398 4394 id
3447 4349 3551 4402 est,
3583 4336 3674 4390 mino

2189 4427 2307 4483 cula
2355 4445 2474 4498 qua:
2520 4429 2714 4496 fecisti,
2766 4430 2928 4485 veluti
2958 4431 3010 4484 in
3057 4430 3322 4486 divisione
3366 4433 3539 4489 maris
3569 4424 3668 4483 lim

2201 4541 2217 4570 ι
2258 4521 2575 4588 narrabunt,
2613 4541 2631 4573 ›
2667 4531 2724 4576 et
2749 4521 2837 4576 hic
2866 4530 2952 4578 est
2984 4521 3120 4577 alius
3143 4523 3354 4589 modus,
3392 4535 3459 4580 et
3483 4524 3570 4579 alia
3591 4528 3671 4575 utsi

3475 4065 3521 4112 et
3549 4055 3612 4109 hic
3635 4061 3680 4103 et!

510 4603 716 4654 omnes,
749 4599 854 4646 etc.
880 4590 982 4661 Ipsi
1013 4591 1318 4662 hujusmodi
1344 4597 1597 4666 p0pulum
1625 4600 1810 4655 dicunt
1839 4601 2078 4671 beatum,
2107 4622 2159 4682 D
2187 4612 2462 4668 laudandi.

511 4684 603 4737 sed
646 4697 744 4751 ego
771 4683 863 4752 qui
902 4699 1083 4739 veram
1114 4694 1270 4742 teneo
1314 4691 1654 4755 sententiam,
1706 4693 1826 4749 dico
1868 4710 1934 4750 ex
1963 4712 2081 4752 mea

509 4783 679 4844 parte,
703 4773 828 4842 quia
862 4775 1132 4844 «populus
1171 4797 1188 4828 ›
1225 4777 1314 4834 ille
1347 4788 1429 4834 est
1457 4798 1474 4830 ‹
1517 4781 1730 4848 beatus,
1757 4782 1908 4851 cujus
1945 4804 1965 4836 ι
1998 4794 2084 4840 est

514 4864 826 4920 «.Dominus
869 4883 887 4916 ι
923 4865 1008 4920 ille
1042 4867 1131 4937 qui
1175 4877 1256 4923 est
1299 4889 1316 4920 ‹
1371 4870 1511 4926 Deus
1536 4872 1651 4942 ejus
1689 4893 1706 4925 ι
1753 4874 1804 4928 id
1847 4885 1948 4940 est,
1989 4877 2079 4946 qui

508 4965 810 5010 creatorem
841 4972 995 5012 suum
1043 4957 1204 5040 elegit
1248 4961 1350 5016 sibi
1379 4963 1665 5020 Dominum
1714 4967 1801 5022 cui
1855 4970 2076 5025 serviat.

507 5042 640 5100 Cum
671 5046 800 5102 dicit
830 5047 897 5102 ad
925 5047 1181 5116 litteram,
1227 5067 1354 5108 oves
1399 5069 1586 5109 eorum
1615 5066 1741 5112 sunt
1771 5057 1978 5124 fetosae,
2020 5069 2080 5116 ut

507 5149 693 5188 eorum
714 5143 863 5191 notet
895 5138 1195 5206 stultitiam,
1221 5142 1398 5197 subdit
1423 5161 1436 5197 :
1463 5143 1798 5204 abundantes
1822 5150 1876 5204 in
1900 5165 2079 5222 egres-

507 5225 657 5282 sibus
681 5227 813 5294 suis,
861 5229 913 5284 id
943 5239 1025 5286 est
1054 5247 1162 5287 non
1202 5242 1328 5287 sunt
1351 5235 1570 5291 stabiles
1594 5237 1898 5307 hujusmodi
1927 5257 2072 5308 oves,

507 5317 600 5371 sed
628 5317 734 5373 cito
782 5319 1128 5389 egrediuntur
1172 5323 1237 5378 de
1278 5324 1411 5388 vita,
1451 5325 1504 5380 id
1534 5336 1616 5383 est
1662 5344 1848 5388 omnes
1891 5331 2077 5402 hujus-

507 5407 649 5463 modi
680 5409 877 5465 divitiae
903 5411 1180 5472 instabiles
1209 5425 1355 5470 sunt.

943 5542 1012 5598 IN
1047 5543 1373 5604 PSALMUM
1406 5547 1632 5606 CXLIV.

823 5657 1056 5717 Tt'ruws
1092 5680 1104 5715 :
1149 5659 1406 5717 Laudatio
1433 5665 1532 5734 ipsi
1561 5663 1751 5720 David.

586 5785 602 5814 ι
637 5747 896 5826 Εκαιωιῖο
941 5782 1010 5827 te.
1054 5793 1071 5825 ι
1106 5773 1204 5830 Hic
1235 5775 1482 5832 laudatur
1510 5775 1626 5847 ipse
1652 5779 1840 5847 David,
1888 5783 1941 5839 id
1991 5795 2073 5842 est

510 5855 791 5927 Christus,
844 5880 872 5918 a
914 5863 1178 5936 Propheta
1227 5871 1318 5940 qui
1361 5870 1627 5940 loquitur,
1685 5882 1738 5929 et
1785 5873 1901 5944 ipsa
1950 5876 2068 5938 laus

2261 4724 2278 4756 ί
2308 4704 2374 4759 Et
2395 4704 2651 4761 virtutem
2681 4706 2999 4762 terribilium
3027 4718 3239 4763 tuorum
3267 4708 3480 4777 dicent,
3515 4729 3533 4761 ι
3559 4704 3681 4762 εςὶϋειδί

2183 4792 2329 4847 illam
2365 4803 2510 4848 tuam
2539 4795 2814 4862 virtutem,
2865 4796 2920 4850 in
2962 4812 3065 4866 qua
3093 4807 3149 4851 tu
3193 4799 3469 4856 terribilis
3513 4807 3683 4869 appares.

2181 4885 2345 4940 veluti
2378 4885 2467 4940 illa
2498 4902 2617 4956 quae
2646 4886 2786 4942 facta
2818 4897 2904 4944 est
2938 4889 2992 4942 in
3039 4888 3273 4961 Egypto
3309 4889 3377 4945 de
3403 4891 3686 4948 Pharaoncﬂ

2180 4977 2330 5030 suis:
2371 4985 2424 5030 et
2473 4977 2560 5031 hic
2596 4986 2679 5033 est
2725 4977 2863 5035 alius
2901 4980 3131 5036 modus:
3168 5000 3186 5032 ι
3235 4991 3291 5037 et
3333 4982 3686 5056 magnitudinem

2183 5072 2328 5118 tuam
2367 5083 2384 5115 ι
2413 5065 2466 5118 in
2493 5066 2727 5121 essentia
2772 5088 2789 5119 ‹
2818 5071 3136 5124 narrabunt.
3171 5090 3190 5121 ι

2251 5154 2319 5209 Ει
2347 5156 2434 5211 hic
2471 5166 2555 5212 est
2593 5158 2728 5213 alius
2759 5161 2967 5215 modus.
3021 5181 3038 5211 ί
3074 5161 3384 5219 Memoriam
3416 5162 3688 5224 abundanti:

2179 5246 2464 5302 suavitatis
2495 5255 2598 5303 tuae
2626 5251 2968 5317 eructabunt,
3007 5270 3025 5301 ι
3062 5252 3115 5307 id
3142 5261 3225 5309 est
3250 5271 3524 5315 memores
3543 5257 3689 5313 desua-

2176 5335 2398 5392 vissima
2447 5348 2501 5394 et
2547 5339 2840 5396 abundanti
2869 5341 3153 5400 dulcedine
3201 5354 3312 5413 tua,
3345 5357 3406 5403 ut
3435 5352 3507 5406 de
3541 5357 3690 5416 κριη-

2178 5427 2324 5485 tione
2371 5430 2591 5485 humani
2634 5431 2849 5501 generis
2875 5447 2972 5503 per
3013 5433 3266 5505 gratiam,
3314 5438 3629 5497 eructabunt,
3659 5438 3692 5484 ει

2177 5521 2603 5590 pronuntiabunt
2640 5538 2761 5578 eam
2808 5523 2928 5580 aliis
2973 5539 2987 5578 :
3024 5533 3078 5581 et
3129 5527 3216 5584 hic
3257 5537 3341 5584 est
3384 5529 3523 5586 alius
3554 5525 3691 5584 modus

2184 5629 2202 5661 c
2237 5610 2513 5680 etjustitia
2560 5622 2652 5668 tua
2697 5616 3062 5685 exsultabant,
3104 5639 3122 5673 ι
3155 5619 3207 5675 id
3232 5629 3319 5678 est
3358 5639 3485 5694 eum
3510 5618 3692 5680 exsulu-

2175 5699 2323 5755 tione
2346 5703 2757 5760 annuntiabunt.

2246 5791 2313 5847 Et
2333 5792 2422 5850 hic
2449 5804 2531 5851 est
2551 5795 2687 5852 alius
2716 5799 2924 5856 modus.
2964 5820 2981 5851 ι
3019 5801 3322 5860 Miserator.
3355 5827 3373 5859 ι
3411 5807 3537 5862 Pars
3558 5799 3687 5859 tertii

2174 5881 2242 5938 Et
2288 5888 2561 5957 respondit
2605 5887 2671 5944 ad
2722 5889 2823 5946 hoc
2853 5893 2993 5962 quod
3033 5895 3182 5964 prius
3229 5897 3382 5964 dixit,
3442 5916 3458 5951 ι
3504 5889 3686 5951 laudabit
